4086 6446
371 423 478 488 Ξῦῦ

1383 425 1480 486 DE
1526 427 1760 488 SACRA
1775 431 2030 491 MENTO
2073 435 2633 496 EUCIIARlcﬂ'IE.

3532 445 3632 506 510

371 537 620 594 Nondum
655 535 955 602 orationes,
998 535 1240 590 nondum
1290 536 1504 608 hymni,
1547 542 1788 594 nondum
1840 557 1946 595 σω·
1977 547 2020 602 Α
2055 553 2186 598 runt
2212 545 2328 599 1)ch
2351 549 2538 612 verba,
2571 547 2730 603 nobis
2755 564 2887 603 vero
2917 563 3026 604 non
3055 547 3374 608 sufficiunt?
3403 547 3456 610 Si
3487 559 3633 613 enim
3689 547 3695 552 ’

371 641 482 688 tera
529 643 652 699 quae
701 628 755 684 in
803 629 1035 682 ecclesia
1087 628 1370 690 dicuntur,
1424 633 1726 700 composita
1771 643 1948 688 erant.

369 723 682 792 Cogitemus
710 721 884 782 enim,
919 721 1064 790 quod
1105 721 1221 774 ﬁeri
1256 733 1404 775 certe
1445 725 1644 791 potuit,
1679 724 1796 792 ipso
1827 725 1952 778 l‘as-

373 815 540 870 sionis
571 815 658 868 die
689 821 781 866 aut
814 812 1088 882 sequenti,
1127 813 1351 868 Petrum
1388 815 1472 866 vel
1521 815 1686 867 alium
1717 816 1955 882 quemli-

373 890 463 958 bet
491 919 554 955 ex
590 902 874 970 apostolis,
907 901 961 953 in
996 901 1322 954 memoriam
1348 901 1552 956 Christi
1589 912 1642 954 et
1673 903 1954 957 Passionis

373 997 490 1066 ejus
520 1002 926 1048 sacramentum
959 991 1146 1045 altaris
1179 992 1450 1046 conficere
1479 993 1718 1047 voluisse
1749 1001 1952 1063 (neque

373 1091 516 1142 enim
541 1086 808 1140 credibile
834 1095 938 1144 est,
969 1101 1074 1138 non
1101 1085 1320 1139 assidue
1343 1100 1438 1138 eos
1463 1085 1608 1138 illius
1634 1088 1954 1142 meminisse

377 1181 430 1234 in
472 1181 628 1246 cujus
667 1177 1248 1230 commemorationem
1288 1176 1340 1228 id
1393 1175 1506 1230 ﬁeri
1553 1177 1950 1247 mandaverat).

377 1271 578 1342 quibus
623 1271 744 1325 aliis
779 1270 964 1324 verbis
1019 1269 1072 1322 id
1125 1285 1220 1323 eos
1267 1269 1464 1324 fecisse
1510 1271 1955 1326 existimabimus

376 1363 478 1416 nisi
517 1359 864 1416 Dominicis?
897 1369 950 1414 et
987 1369 1108 1428 post
1147 1374 1384 1420 coenam,
1413 1360 1556 1428 quod
1593 1362 1756 1413 etiam
1791 1361 1956 1429 longo

377 1466 684 1522 temporum
718 1453 1008 1507 intervallo
1035 1452 1384 1506 observatum
1417 1461 1522 1516 est,
1555 1461 1610 1505 et
1643 1467 1822 1506 comm
1837 1453 1956 1506 uni-

379 1549 482 1602 bus
514 1547 762 1601 vestibus
795 1545 1059 1600 indutos?
1105 1545 1172 1599 At
1202 1545 1317 1599 hate
1351 1545 1540 1610 verba,
1575 1545 1780 1614 inquis,
1827 1561 1956 1599 nar-

379 1639 548 1694 rando
575 1639 822 1702 recitata,
849 1653 957 1692 non
980 1645 1205 1707 possunt
1236 1649 1640 1692 sacramentum
1661 1637 1953 1693 conﬁcere.

375 1731 494 1788 Non
533 1743 716 1786 autem
751 1741 1008 1800 tanquam
1048 1732 1127 1786 rei
1159 1741 1324 1802 gesta:
1357 1732 1554 1786 seriem
1590 1749 1842 1796 narrans,
1873 1748 1959 1787 sa-

377 1823 576 1878 cerdos
623 1822 740 1876 haec
777 1823 942 1876 verba
979 1824 1208 1893 profert,
1243 1823 1334 1876 sed
1373 1835 1626 1894 tanquam
1666 1841 1956 1894 personam

377 1911 584 1968 Christi
609 1911 862 1976 indutus,
894 1923 956 1966 ut
979 1913 1050 1966 ita
1079 1929 1140 1968 ea
1165 1913 1472 1983 proferens,
1499 1918 1654 1984 quasi
1689 1919 1958 1974 Dominus

375 2013 525 2060 esset
553 2003 648 2074 qui
699 2004 1041 2074 loqueretur,
1089 2016 1144 2060 et
1178 2021 1297 2060 eam
1333 2008 1539 2062 habens
1571 2008 1956 2072 intentionem,

379 2107 437 2152 ut
471 2100 587 2166 ‘per
629 2097 800 2151 verba
847 2097 960 2162 illa,
999 2099 1153 2168 juxta
1189 2097 1339 2154 illius
1379 2099 1696 2153 mandatum
1745 2101 1838 2170 qui
1886 2101 1958 2154 ita

375 2190 660 2260 praecepit,
714 2205 916 2259 corpus
957 2189 1160 2245 Christi
1205 2192 1636 2262 sanguinemque
1684 2193 1954 2257 conﬁciat,

375 2280 844 2350 quemadmodum
887 2280 976 2334 ille
1027 2281 1172 2346 fecit,
1224 2283 1352 2336 fecit
1397 2293 1578 2337 autem
1611 2291 1708 2353 per
1735 2301 1797 2338 ea
1839 2300 1959 2354 qua:

377 2387 548 2446 supra
577 2372 1004 2426 memoravimus
1037 2373 1224 2428 verba.
1253 2373 1488 2428 Possum
1523 2375 1637 2428 haec
1667 2389 1798 2428 sane
1823 2375 1956 2428 duo-

378 2463 482 2519 bus
511 2465 690 2522 modis
727 2463 898 2533 accipi
931 2473 1069 2520 :aut
1107 2473 1366 2535 tanquam
1394 2465 1463 2520 ab
1498 2465 1827 2535 evangelista
1865 2481 1960 2520 re-

375 2559 512 2624 lata;
563 2567 618 2612 et
686 2567 816 2612 tunc
863 2557 1146 2611 narrative
1195 2557 1566 2625 accipiuntur,
1606 2557 1958 2626 evangelistis

375 2651 590 2706 scilicet
619 2666 680 2704 ea
712 2665 836 2720 quae
877 2647 1136 2704 Christus
1178 2647 1230 2700 in
1265 2647 1355 2701 illa
1395 2647 1694 2704 salutiferae
1737 2649 1958 2705 Passio-

375 2743 462 2798 nis
498 2753 660 2798 nocte
685 2745 815 2812 egit,
853 2741 1247 2807 narrantibus;
1283 2752 1378 2794 aut
1412 2751 1669 2810 tanquam
1718 2757 1747 2796 a
1775 2757 1961 2796 sacer-

374 2837 506 2890 dote
539 2836 772 2904 prolata,
825 2833 1192 2888 intentionem
1227 2833 1484 2898 habente,
1520 2842 1581 2887 ut
1611 2834 1770 2904 juxta
1810 2833 1959 2888 ordi-

373 2943 502 2982 nem
579 2941 611 2980 a
684 2923 966 2978 Salvatore
1034 2921 1296 2977 traditum
1371 2929 1780 2976 sacramentum
1853 2921 1960 2976 hoc

373 3015 655 3079 conficiat,
711 3023 767 3068 et
805 3023 934 3070 tunc
985 3029 1096 3068 non
1153 3013 1454 3079 narrative,
1515 3013 1610 3066 sed
1649 3013 1961 3068 cunctative

375 3109 762 3178 proferuntur,
787 3121 912 3160 cum
944 3105 1252 3159 intentione
1277 3104 1604 3160 conﬁciendi
1637 3105 1959 3176 mysterium

2057 633 2132 688 illi
2179 635 2541 698 suffecerunt,
2573 647 2629 692 et
2676 640 2834 694 nobis
2875 643 3062 709 utique
3106 644 3353 701 sufficere
3409 647 3635 712 debent,

2055 728 2299 791 potentia
2334 727 2500 792 illius,
2531 737 2585 780 et
2623 737 2880 798 tanquam
2917 734 2988 786 ab
3018 733 3110 786 illo
3146 735 3362 788 dicente
3402 738 3631 804 prolata.

2057 813 2212 878 Quod
2246 817 2290 868 si
2333 817 2490 870 nobis
2529 818 3004 886 aliquid'nccesse
3041 833 3124 876 est
3157 824 3387 890 addere,
3433 829 3634 896 imper-

2059 903 2196 958 fecta
2232 916 2361 960 sunt
2403 910 2564 960 verba
2601 909 2768 964 illius.
2805 913 2960 964 Absit
3007 925 3190 968 autem
3240 931 3268 968 a
3299 917 3403 984 piis
3437 921 3634 974 menti—

2057 996 2161 1050 bus
2209 997 2331 1050 talis
2374 999 2662 1066 cogitatio.
2706 999 2880 1064 Quam
2921 1003 3067 1056 enim
3108 1006 3266 1058 aliam
3308 1017 3630 1076 potestatem

2061 1103 2157 1155 per
2178 1091 2644 1143 consecrationem
2671 1093 2946 1159 acei,-iunt
2972 1095 3307 1161 sacerdotes,
3330 1099 3432 1150 nisi
3465 1099 3632 1162 illam,

2057 1177 2262 1232 Christi
2315 1195 2605 1247 personam
2661 1199 2818 1249 posse
2871 1185 3082 1250 subire,
3131 1197 3186 1240 et
3235 1205 3330 1255 pro
3365 1205 3430 1241 eo
3477 1190 3636 1244 nobis

2060 1270 2270 1335 adesse,
2321 1283 2376 1324 et
2431 1273 2896 1341 quemadnmtinm
2949 1277 3036 1330 ilie
3089 1277 3240 1340 fecit,
3293 1293 3494 1348 corpus
3523 1283 3639 1350 ejus

2060 1377 2219 1430 posse
2245 1365 2614 1417 consem‘arc?
2647 1364 2800 1434 Fecit
2845 1379 3024 1420 autem
3067 1367 3152 1420 illa
3187 1385 3280 1438 per
3313 1373 3472 1424 verba
3519 1387 3636 1438 qum

2059 1451 2317 1506 diximus.
2357 1453 2649 1507 Enimvero
2676 1456 2998 1524 simpliciter
3041 1473 3197 1511 orare.
3234 1459 3468 1528 quisque
3507 1477 3633 1528 pos-

2060 1553 2163 1604 set.
2200 1545 2310 1598 imo
2345 1561 2474 1598 vero
2507 1547 2786 1600 efﬁcacius
2817 1563 3194 1617 saepenumero
3224 1561 3448 1604 orarent
3480 1551 3634 1605 multi

2061 1653 2169 1690 non
2215 1640 2532 1692 sacerdotes
2573 1641 2855 1694 nonnullis
2902 1642 3307 1697 sacerdotibus.
3354 1643 3636 1712 Siquidem

2061 1731 2310 1800 plerique
2362 1733 2676 1787 sacerdotes
2729 1733 2802 1787 ita
2851 1735 3068 1799 vivunt;
3109 1745 3168 1790 ut
3199 1752 3306 1788 non
3364 1737 3474 1790 sint
3534 1737 3644 1790 Deo

2065 1824 2274 1893 accepti
2303 1840 2315 1876 :
2347 1825 2568 1894 plurimi
2599 1842 2728 1882 vero
2753 1843 2817 1880 ex
2847 1829 3226 1892 smcularibus,
3257 1832 3326 1882 ita
3357 1831 3426 1882 ob
3450 1845 3640 1884 eorum

2065 1915 2366 1969 bonitatem
2405 1917 2516 1970 Deo
2567 1919 2720 1972 cbari
2765 1929 2893 1974 sunt
2926 1929 2982 1974 et
3012 1921 3176 1988 grati,
3211 1931 3268 1975 ut
3323 1923 3644 1992 plerumque

2063 2009 2345 2064 miraculis
2387 2009 2638 2065 decorari
2697 2023 3038 2067 mercantur.
3078 2013 3132 2068 Si
3186 2016 3352 2083 igitur
3401 2016 3486 2068 vel
3525 2016 3640 2070 sola

2063 2106 2332 2170 oratione,
2369 2109 2454 2161 vel
2492 2122 2552 2160 ea
2589 2106 2862 2174 praecipue
2892 2105 3004 2158 haec
3037 2120 3377 2161 sacramenta
3413 2108 3640 2177 perﬁce-

2063 2207 2276 2264 rentur,
2325 2211 2472 2254 certe
2521 2185 2692 2269 magis
2737 2199 3134 2268 perﬁcerentur
3184 2217 3212 2254 a
3267 2201 3401 2254 viris
3451 2201 3636 2272 justis,

2063 2289 2315 2356 quamvis
2347 2303 2454 2341 non
2514 2289 2917 2354 sacerdotibus,
2949 2305 3113 2358 quam
3171 2289 3240 2344 ab
3278 2291 3521 2360 indignis
3554 2307 3642 2346 sa-

2061 2381 2398 2436 cerdotibus.
2449 2381 2560 2434 lioc
2613 2396 2744 2435 vero
2794 2380 2988 2436 falsum
3043 2389 3146 2436 est.
3205 2382 3439 2438 Perinde
3495 2385 3638 2437 enim

2061 2480 2463 2524 sacramentum
2521 2471 2740 2524 conﬁcit
2795 2472 3089 2536 sacerdos,
3151 2475 3404 2541 quamvis
3464 2475 3640 2528 malus

2061 2567 2226 2630 atque
2271 2576 2582 2629 pervorsus,
2619 2571 2676 2614 ut
2719 2563 2959 2630 Optimus
3012 2573 3176 2632 atque
3229 2567 3636 2621 sanctissimus.

2063 2651 2358 2707 Saecularis
2391 2669 2523 2708 vero
2557 2669 2814 2724 persona,
2843 2656 3087 2726 qualibet
3124 2657 3228 2710 ﬁde
3263 2659 3640 2728 religioneque

2064 2744 2318 2809 excellat,
2357 2745 2494 2798 nihil
2542 2746 2766 2800 omnino
2801 2755 3002 2814 potest,
3045 2747 3170 2816 quia
3219 2749 3422 2802 nullam
3467 2751 3534 2803 ad
3565 2749 3640 2804 fa-

2064 2837 2320 2896 ciendum
2351 2853 2380 2892 a
2417 2837 2646 2892 Domino
2683 2847 3006 2907 potestatem
3037 2839 3268 2908 accepit,
3303 2855 3428 2894 cum
3463 2855 3640 2896 sacer-

2065 2929 2164 2984 dos
2211 2929 2484 3000 acceperit
2536 2930 2848 2983 maximam.
2907 2929 2965 2983 Si
3020 2931 3186 3000 igitur
3240 2947 3346 2985 non
3410 2943 3495 2987 est
3558 2933 3642 2986 vis

2065 3020 2334 3074 orationis
2361 3035 2482 3090 qua
2517 3019 2622 3074 hoc
2663 3020 2790 3074 facit
2832 3023 2998 3089 (esset
3024 3023 3170 3074 enim
3200 3022 3458 3076 omnibus
3493 3039 3642 3076 coma

2069 3111 2294 3182 munis),
2326 3122 2578 3181 superest
2612 3121 2668 3165 ut
2701 3127 2798 3181 pro
2829 3111 3048 3166 Christo
3070 3112 3250 3166 adsint
3282 3114 3438 3168 nobis
3465 3129 3642 3168 sacer-

369 3204 528 3272 juxta
566 3201 934 3255 imitationem
987 3198 1218 3262 Christi,
1260 3207 1315 3253 et
1351 3199 1506 3269 quasi
1543 3199 1660 3268 ipse
1688 3207 1835 3253 esset
1863 3197 1954 3269 qui
1989 3213 2034 3273 ο
2067 3201 2243 3268 dotes,
2298 3203 2546 3274 ejusdem
2597 3203 2651 3256 in
2707 3203 2809 3256 hoc
2862 3203 3172 3270 potestatis,
3220 3205 3314 3274 qui
3366 3213 3419 3258 et
3473 3206 3645 3259 instar

377 3303 432 3349 et
468 3293 684 3348 diceret
716 3303 770 3347 et
819 3293 1044 3346 faceret.
1098 3291 1318 3346 Idcirco
1353 3291 1495 3346 sacri
1532 3292 1786 3345 doctores
1814 3305 1962 3346 asse-

369 3395 532 3454 runt,
565 3387 934 3440 necessariam
969 3385 1025 3438 in
1065 3383 1260 3456 primis
1291 3398 1416 3439 esse
1451 3382 1722 3438 sacerdoti
1755 3391 1960 3437 rectam

375 3480 748 3536 intentionem
780 3487 836 3533 et
879 3461 1225 3548 prepositum
1259 3491 1324 3530 ea
1373 3475 1612 3532 faciendi
1652 3491 1773 3546 qua:
1815 3475 1961 3529 dicta

376 3581 532 3637 sunt,
559 3572 762 3642 quippe
795 3571 914 3625 sine
961 3569 1051 3624 illa
1091 3569 1230 3623 nihil
1275 3568 1504 3623 omnino
1551 3568 1746 3622 conﬁci
1777 3581 1959 3637 posse.

375 3662 855 3732 Quemadmodum
891 3664 934 3716 si
987 3661 1114 3731 quis
1153 3675 1344 3731 regum
1390 3675 1487 3730 per
1528 3659 1764 3730 aliquem
1797 3675 1865 3714 ex
1895 3659 1964 3712 its

377 3756 474 3825 qui
511 3755 658 3825 apud
704 3763 760 3808 Se
792 3755 966 3822 gratia
1001 3763 1056 3808 et
1101 3752 1434 3807 auctoritate
1469 3754 1674 3818 valent,
1709 3751 1964 3806 volunta-

381 3857 492 3901 tem
519 3861 674 3899 suam
703 3847 932 3914 cupiens
963 3843 1204 3898 subditis
1235 3843 1350 3898 suis
1379 3843 1562 3897 facere
1595 3843 1962 3906 manifestam,

379 3951 435 3993 et
465 3939 541 3991 ita
575 3937 627 3990 id
662 3937 806 4006 apud
841 3936 964 3990 illos
996 3935 1202 4000 valere,
1238 3950 1301 3990 ac
1341 3935 1388 3992 si
1420 3950 1479 3989 se
1523 3935 1768 3988 animum
1801 3949 1962 3988 suum

381 4031 784 4102 exprimentem
819 4027 1098 4093 audirent,
1132 4027 1346 4081 sanciat
1373 4033 1435 4081 ut
1465 4026 1541 4080 ita
1584 4026 1675 4080 illa
1715 4025 1876 4080 verba
1908 4025 1962 4079 in

384 4129 560 4194 prima
593 4137 832 4192 persona
868 4120 1090 4189 referat,
1121 4119 1200 4174 uti
1235 4135 1262 4174 a
1309 4135 1369 4174 se
1397 4119 1543 4174 dicta
1587 4129 1738 4182 sunt,
1782 4134 1962 4188 popu-

384 4217 582 4280 lusque
617 4215 689 4267 ita
727 4213 937 4283 prolata
972 4211 1220 4274 audiens,
1267 4219 1526 4280 tanquam
1567 4211 1637 4264 ab
1688 4211 1806 4280 ipso
1837 4225 1964 4280 rege

386 4313 460 4364 dit
481 4311 551 4363 tis
576 4309 940 4377 obtemperet.
969 4305 1316 4360 Manifestum
1341 4313 1426 4358 est
1449 4305 1594 4358 enim
1619 4305 1763 4374 quod
1793 4306 1836 4359 si
1866 4306 1966 4361 hac

387 4405 504 4473 lege
539 4401 688 4465 data,
716 4400 944 4454 veniens
988 4397 1054 4451 ad
1097 4396 1360 4466 populum
1399 4395 1630 4450 nuntius
1659 4397 1732 4449 ita
1767 4395 1915 4450 dicat
1948 4415 1962 4451 :

389 4499 504 4552 Rex
537 4504 737 4550 vestra:
767 4493 960 4548 salutis
984 4493 1241 4562 cupidus,
1273 4500 1630 4560 vestramque
1661 4489 1968 4560 rempubli-

2065 3293 2212 3350 illius
2263 3295 2480 3364 Operari
2533 3293 2783 3364 possint,
2827 3303 2881 3348 et
2916 3297 3246 3350 annuntiare
3293 3297 3495 3364 populo
3527 3312 3648 3366 quae

2063 3383 2156 3440 ille
2195 3385 2472 3455 praecepit.
2527 3384 2638 3438 Hoc
2687 3385 2856 3450 enim,
2913 3383 3110 3455 inquit,
3163 3386 3322 3456 facile
3369 3387 3425 3440 in
3473 3401 3647 3440 meam

2065 3479 2641 3531 commemorationem.
2697 3477 2811 3530 Hoc
2865 3478 3079 3532 scilicet
3133 3477 3280 3540 quod
3341 3479 3456 3546 ipse
3515 3477 3641 3538 feci.

2064 3579 2291 3639 accepto
2325 3585 2468 3638 pane
2514 3579 2568 3623 et
2616 3569 2746 3622 vino
2779 3569 2832 3622 in
2881 3569 3156 3633 manibus,
3211 3569 3556 3638 respiciendo
3588 3569 3644 3624 in

2065 3660 2290 3724 ccelum,
2310 3659 2632 3730 frangendo.
2647 3659 3045 3722 benedicendo,
3070 3657 3272 3726 gratias
3290 3660 3500 3726 agendo
3533 3661 3646 3714 Deo

2066 3751 2239 3816 Patri,
2275 3757 2330 3803 et
2381 3749 2436 3804 in
2474 3765 2674 3820 corpus
2718 3757 2772 3803 et
2823 3751 3146 3818 sanguinem
3199 3764 3296 3818 per
3337 3763 3400 3802 ea
3452 3748 3644 3812 verba,

2066 3845 2177 3901 Hoc
2217 3853 2294 3899 est
2349 3862 2539 3916 corpus
2591 3859 2800 3906 meum;
2831 3853 2906 3906 et,
2946 3844 3045 3896 Hic
3091 3851 3165 3894 est
3209 3843 3426 3908 sanguis
3477 3857 3642 3900 meus,

2068 3937 2505 3995 transmutando.
2550 3935 2662 3988 Hoc
2709 3934 2855 3986 enim
2899 3949 2962 3986 ea
3019 3943 3368 3994 transmutat,
3421 3933 3527 3986 hoc
3576 3948 3644 3987 ea

2067 4034 2280 4103 integre
2315 4029 2554 4100 perﬁcit,
2595 4036 2654 4081 ut
2702 4027 2898 4080 beatus
2936 4023 3360 4098 Cbrysostomus
3389 4029 3484 4082 ait.
3519 4025 3645 4081 Haec

2068 4125 2316 4196 quidem,
2351 4123 2454 4177 nisi
2486 4138 2570 4176 me
2601 4121 2820 4173 animus
2853 4119 3012 4179 fallit,
3051 4103 3184 4172 satis
3219 4133 3494 4187 superque
3519 4133 3644 4174 esse

2069 4217 2328 4271 videntur
2353 4213 2418 4268 ad
2444 4209 2749 4267 obturanda
2792 4211 3036 4262 omnium
3064 4225 3158 4262 ora
3185 4209 3275 4278 qui
3307 4219 3414 4263 tam
3443 4219 3644 4278 aperta:

2069 4319 2120 4363 et
2157 4306 2462 4362 manifesta:
2492 4307 2568 4358 rei
2601 4303 2980 4358 contradicere
3006 4313 3297 4356 conantur.
3343 4303 3644 4358 Audiamus

2075 4407 2278 4461 tamen,
2333 4397 2377 4451 si
2431 4397 2645 4465 placet,
2697 4395 2863 4449 etiam
2921 4393 3242 4464 Gregorium
3311 4395 3642 4464 Nyssenum,

2072 4491 2249 4544 virum
2300 4497 2356 4542 et
2391 4489 2638 4544 doctrina
2680 4497 2733 4541 et
2769 4487 2890 4539 vitae
2925 4487 3216 4539 sanctitate
3257 4487 3640 4542 excellentem.

388 4607 508 4646 eam
561 4591 618 4646 in
663 4589 922 4643 felicitate
973 4601 1036 4642 ac
1069 4585 1224 4652 copia
1265 4584 1512 4639 onmium
1559 4599 1740 4638 rerum
1779 4593 1966 4637 tenere
2001 4559 2044 4613 ί)
2075 4583 2122 4638 is
2154 4583 2206 4637 in
2253 4583 2590 4636 catechetico
2639 4581 2760 4648 ejus
2807 4593 3060 4634 sermone
3111 4579 3178 4632 de
3222 4578 3424 4632 divinis
3458 4593 3644 4634 sacra-

389 4685 738 4749 desideraus,
782 4680 1044 4735 continue
1097 4677 1166 4732 iis
1200 4676 1365 4730 rebus
1397 4675 1664 4745 invigilat,
1715 4685 1772 4728 et
1822 4675 1968 4744 leges

389 4775 602 4840 condit,
635 4790 772 4843 quas
801 4773 868 4826 ad
902 4771 956 4826 id
997 4770 1278 4824 existimat
1310 4769 1475 4822 utiles
1504 4783 1568 4822 ac
1599 4767 1964 4822 necessarias.

393 4869 548 4925 Unde
583 4883 708 4922 cum
750 4867 805 4922 in
839 4865 1022 4919 multis
1046 4863 1276 4918 aliorum
1300 4861 1551 4930 exempla
1578 4871 1823 4922 secutus,
1854 4870 1964 4930 tum

393 4961 755 5029 plurimorum
789 4959 905 5028 ipse
931 4957 1185 5010 inventor
1216 4954 1358 5006 hanc
1383 4955 1554 5022 legem
1582 4953 1760 5006 sancit
1790 4967 1805 5004 :
1833 4951 1966 5006 Volo

393 5053 697 5126 quemlibet
761 5059 1028 5114 vestrum,
1093 5045 1188 5118 qui
1231 5045 1470 5101 conditis
1522 5059 1552 5097 a
1609 5059 1694 5098 me
1755 5043 1968 5110 legibus

394 5145 660 5213 paruerit,
690 5143 952 5198 talentum
983 5141 1100 5194 auri
1127 5153 1194 5192 ex
1217 5138 1413 5191 aerario
1445 5135 1664 5204 publico
1701 5143 1782 5188 tot
1804 5137 1968 5186 annis

395 5237 648 5305 aCcipiat.
685 5233 940 5287 Profecto
973 5245 1078 5286 nec
1109 5231 1384 5283 narrative
1430 5229 1546 5282 huic
1580 5228 1734 5289 dicit,
1767 5225 1861 5278 sed
1891 5227 1968 5278 si-

397 5329 508 5382 mul
549 5339 715 5396 atque
763 5327 908 5379 dicta
953 5333 1100 5387 sunt,
1155 5330 1271 5374 rata
1320 5325 1456 5373 ﬁunt
1504 5335 1625 5388 qua:
1676 5318 1968 5387 jubentur.

395 5417 814 5488 Quamobrem?
858 5416 996 5482 Quia
1045 5429 1136 5466 rex
1177 5414 1249 5466 ita
1298 5413 1497 5465 sanxit.
1553 5409 1756 5462 Eodtm
1809 5407 1972 5461 modo

399 5515 500 5568 hoc
521 5513 928 5580 intelligendum
953 5515 1057 5568 est,
1083 5504 1246 5558 talem
1275 5518 1304 5555 a
1335 5499 1564 5554 Domino
1595 5499 1974 5552 sacerdotibus

399 5606 652 5659 traditam
686 5608 1033 5670 patestatcm,
1059 5604 1118 5650 ut
1146 5594 1264 5664 ejus
1294 5593 1458 5645 verba
1485 5592 1552 5642 ab
1579 5591 1688 5642 illis
1718 5593 1769 5642 in
1793 5591 1970 5658 prima

400 5715 656 5770 persona,
694 5707 747 5750 ct
788 5706 1048 5762 tanquam
1095 5690 1256 5746 simul
1307 5691 1374 5742 ab
1406 5703 1470 5742 eo
1507 5688 1820 5740 dicerentur
1848 5703 1975 5755 pro-

397 5795 528 5858 lata,
562 5801 735 5846 totum
781 5789 1038 5842 efﬁciant.
1071 5788 1180 5840 Aut
1215 5797 1314 5837 cur
1357 5781 1430 5834 iih
1465 5781 1686 5850 quidem
1734 5780 1970 5834 suficie-

463 5916 480 5946 ¹
518 5914 708 5980 lTitu,
749 5921 826 5988 ‘IV,
868 5913 920 5966 5.

2074 4677 2272 4731 mentis
2313 4677 2386 4729 ita
2423 4676 2669 4743 loquitur
2709 4692 2722 4726 :
2761 4674 2926 4727 ltecrc
2963 4672 3128 4740 igitur
3171 4681 3226 4725 et
3257 4687 3406 4726 nunc
3447 4687 3643 4741 panem

2072 4769 2260 4824 divino
2291 4768 2458 4822 verbo
2505 4765 2930 4828 sanctificatum,
2976 4765 3028 4817 in
3077 4780 3278 4834 corpus
3327 4765 3425 4820 Dei
3483 4766 3645 4821 Verbi

2075 4857 2428 4916 transmutari
2458 4857 2758 4912 credimus.
2791 4857 2923 4910 Nam
2960 4864 3010 4908 et
3045 4855 3174 4908 illud
3207 4869 3410 4923 corpus
3456 4855 3644 4923 (intel-

2027 4941 2030 4944 ⁴
2071 4953 2192 5022 ligit
2224 4961 2408 5005 autem
2457 4964 2660 5017 corpus
2707 4957 3048 5015 assumptum
3097 4961 3162 4998 ex
3204 4946 3458 5014 Virgine)
3493 4948 3646 5016 panis

2074 5043 2318 5114 potentia
2363 5049 2519 5105 erat,
2571 5039 2946 5094 sanctiﬁcatus
2991 5053 3122 5090 vero
3161 5035 3266 5090 fuit
3312 5037 3647 5091 habitatione

2077 5137 2241 5190 Verbi
2289 5137 2344 5188 in
2374 5149 2538 5189 carne
2579 5131 2898 5194 habitantis,
2931 5147 2959 5182 a
3003 5145 3114 5197 quo
3163 5129 3236 5182 ita
3279 5128 3436 5197 panis
3467 5128 3558 5196 qui
3595 5129 3648 5180 in

2076 5229 2168 5281 illo
2199 5241 2427 5294 corpore
2452 5233 2591 5288 erat,
2619 5221 3173 5276 trans-:ubsrantiatus
3203 5219 3380 5270 fuitin
3409 5217 3646 5270 divinam

2075 5317 2398 5388 potentiam,
2425 5329 2522 5383 per
2550 5329 2675 5366 eum
2712 5327 2860 5364 nunc
2889 5325 3105 5380 quoque
3147 5309 3432 5376 aequaliter
3463 5309 3520 5359 [it
3547 5324 3562 5371 ;
3594 5317 3648 5360 et

2077 5413 2151 5466 ibi
2197 5411 2342 5464 enim
2377 5407 2551 5477 gratia
2605 5405 2764 5458 Verbi
2807 5414 3053 5456 sanctum
3099 5400 3306 5452 fecerat
3355 5399 3486 5451 illud
3523 5414 3650 5453 cor-

2077 5521 2179 5576 pus
2225 5503 2368 5573 quod
2403 5517 2470 5555 ex
2518 5516 2655 5568 pane
2701 5494 3056 5564 consistebat.
3103 5491 3170 5544 Et
3217 5491 3350 5544 illud
3382 5493 3648 5558 quodam-

2077 5595 2238 5649 modo
2263 5595 2425 5648 etiam
2454 5591 2608 5661 panis
2627 5599 2764 5648 erat,
2793 5600 2846 5640 et
2879 5587 2966 5639 hic
2992 5585 3246 5638 similiter
3268 5584 3425 5652 panis
3453 5600 3650 5652 quema-

2077 5685 2371 5738 admodum
2409 5684 2702 5752 Apostolus
2739 5681 2810 5732 ait
2837 5719 2852 5743 ,
2887 5674 3270 5742 Sanctiﬁcatur
3312 5688 3406 5744 per
3433 5674 3648 5728 uerbum

2082 5779 2176 5832 Dei
2203 5789 2250 5831 et
2285 5778 2579 5831 orationem
2611 5775 2651 5839 ',
2685 5787 2792 5826 non
2821 5767 3237 5834 comestionem,
3272 5765 3339 5818 ad
3377 5769 3475 5820 hoc
3514 5779 3648 5834 pro-5
