4086 6402
405 379 508 447 511

1353 357 1860 422 BESSARIONIS
1901 354 1962 414 S.
2007 353 2076 412 R.
2122 351 2189 412 E.
2233 345 2699 409 CARDINAHS

3545 335 3648 402 512

409 491 629 551 cedens,
676 492 737 539 ut
782 495 982 552 corpus
1015 475 1166 533 verbi
1207 474 1318 540 ﬁat,
1361 471 1456 526 sed
1500 486 1625 525 mox
1662 469 1728 524 ad
1779 480 1977 534 corpus
2011 470 2052 524 Α
2081 462 2245 531 hujus
2288 461 2614 515 sacramenti
2676 456 2994 528 Mysterium
3055 452 3194 518 ﬁeri,
3235 459 3289 505 ct
3337 449 3550 520 accepit
3596 458 3651 503 et

409 598 508 652 per
542 579 770 635 verbum
809 578 1234 630 transmutatur,
1264 561 1726 634 quemadmodum
1759 560 1827 613 ab
1861 559 1978 626 ipso

411 650 590 728 Verbo
619 668 821 724 dictum
849 671 950 724 est,
987 661 1092 714 Hoc
1122 667 1204 712 est.
1227 671 1415 727 corpus
1456 669 1649 708 meum.
1690 650 1829 716 Quid
1864 650 1976 702 cla-

410 766 526 819 rius
550 761 821 816 ccrtiusve
864 756 930 808 iis
959 752 1152 807 audire
1182 745 1498 804 desideras?
1544 744 1734 806 Panis,
1777 740 1979 811 inquit,

421 855 582 909 Verbo
619 852 710 905 Dei
736 846 1126 914 sanctiﬁcatur.
1170 842 1282 897 lloc
1324 841 1378 894 in
1409 838 1599 908 primis
1630 836 1826 905 probat
1865 847 1980 886 ma~

420 944 638 1003 niieste,
662 938 828 993 verbo
851 935 946 989 Dei
973 939 1372 987 sacramentum
1395 928 1501 981 hoc
1527 925 1744 980 conﬁci.
1775 921 1982 976 Deinde

413 1035 609 1089 modus
641 1026 980 1100 probationis
1012 1024 1156 1078 idem
1192 1020 1436 1090 apertius
1462 1019 1722 1072 ostendit.
1747 1015 1980 1081 Corpus,

412 1127 508 1189 ait,
541 1122 785 1193 potentia
819 1119 976 1189 panis
1007 1126 1092 1170 est
1124 1116 1250 1185 quia
1287 1127 1438 1181 pane
1469 1117 1704 1164 constat.
1739 1108 1986 1162 Alimen-

416 1230 524 1271 tum
552 1214 698 1268 enim
728 1211 810 1282 (ut
834 1207 1156 1264 Aristoteles
1190 1204 1374 1272 docet)
1406 1201 1587 1272 primo
1617 1199 1834 1268 quidem
1869 1196 1982 1250 dis-

413 1307 611 1369 simile,
652 1312 837 1373 postea
886 1313 1017 1353 vero
1069 1295 1245 1350 simile
1294 1293 1353 1346 ﬁt
1396 1296 1515 1359 ejus
1549 1290 1703 1359 Cujus
1752 1299 1836 1341 est
1883 1287 1981 1340 ali-

414 1406 680 1451 mentum.
712 1392 926 1460 Corpus
957 1389 1121 1460 igitur
1151 1383 1297 1455 quod
1345 1399 1411 1437 ex
1457 1381 1680 1450 Virgine
1723 1380 1983 1432 Dominus

414 1486 735 1554 assumpsit,
770 1481 1014 1552 potentia
1055 1478 1218 1548 panis
1249 1483 1388 1547 erat.
1430 1474 1499 1526 At
1538 1473 1642 1526 tale
1684 1486 1882 1540 corpus
1914 1486 1981 1524 ex

414 1571 636 1650 Virgine
667 1582 1012 1644 assumptum
1045 1569 1190 1640 quod
1229 1567 1468 1637 potentia
1495 1566 1653 1634 panis
1690 1571 1832 1625 erat,
1874 1577 1981 1616 non

417 1672 609 1726 fuisset
635 1668 795 1722 aliter
827 1663 1254 1722 sanctiﬁcatum,
1291 1659 1392 1713 nisi
1423 1657 1664 1710 Verbum
1696 1653 1828 1707 illud
1863 1669 1957 1707 car

414 1764 542 1816 nem
597 1758 742 1813 illam
797 1754 1183 1810 inbabilasset.
1241 1750 1318 1805 lta
1368 1763 1514 1802 nunc
1561 1747 1718 1813 panis
1759 1760 1980 1814 quoque

2085 551 2330 605 tradidit.
2352 550 2575 618 Accepit
2609 558 2790 603 autem
2833 547 2971 607 hate,
3003 546 3143 615 quod
3174 543 3365 597 scilicet
3400 541 3652 595 Dominus

2080 642 2231 697 Iesus
2252 660 2356 711 qua
2389 652 2534 696 nocte
2561 641 2891 700 tradebatur,
2913 639 3107 709 accepit
3135 651 3348 706 panem,
3375 641 3423 686 et
3452 632 3653 700 gratias

2083 751 2242 804 agens
2274 735 2451 804 fregit,
2500 743 2549 787 et
2584 733 2716 785 dixit
2750 749 2770 786 :
2805 731 3033 798 Accipite
3079 738 3126 781 et
3160 725 3497 780 manducata.
3547 721 3656 774 Hoc

2081 837 2156 881 est
2188 842 2375 896 corpus
2403 841 2573 904 meum
2594 825 2729 893 quod
2755 839 2848 893 pro
2879 822 3018 876 vobis
3052 819 3324 890 frangitur
3343 831 3361 868 :
3389 816 3480 866 hoc
3501 813 3657 882 facite

2081 922 2136 974 in
2187 935 2357 973 meam
2411 915 2981 971 commemorationem.
3038 911 3288 966 Similiter
3341 917 3390 961 et
3436 907 3652 961 calicem

2083 1023 2360 1082 postquam
2411 1010 2653 1070 ccenavit,
2691 1009 2910 1060 dicens:
2942 1005 3036 1059 llic
3077 1003 3218 1058 calix
3260 1018 3449 1054 novum
3488 1008 3653 1053 testa-

2084 1114 2314 1159 mentum
2341 1111 2415 1155 est
2452 1102 2504 1154 in
2539 1116 2649 1153 meo
2685 1099 2943 1167 sanguine
2974 1113 2990 1149 :
3021 1097 3113 1148 hoc
3141 1095 3295 1164 facile
3326 1093 3656 1161 quotiescun-

2085 1213 2184 1267 que
2217 1196 2448 1248 biberitis
2472 1196 2528 1246 in
2564 1209 2731 1245 meam
2764 1189 3312 1242 commemorationem
3343 1184 3386 1238 ⁸.
3417 1183 3486 1236 Ει
3518 1179 3656 1236 nihl

2087 1296 2350 1358 prn'tcrea
2391 1284 2601 1338 addidit
2638 1299 2652 1336 :
2693 1283 2829 1348 Quia
2871 1280 3018 1331 enim
3049 1276 3183 1329 nihil
3227 1272 3462 1342 amplius
3499 1285 3654 1324 acce-

2086 1389 2263 1450 perat.
2311 1378 2450 1431 nihil
2492 1377 2726 1443 amplius
2779 1371 3026 1428 tradidit.
3074 1370 3140 1424 Et
3183 1366 3392 1421 addidit
3432 1365 3651 1418 modum

2091 1470 2521 1529 consecrationis
2555 1467 2725 1522 divini
2771 1463 3021 1534 corporis
3055 1471 3109 1516 ct
3154 1459 3472 1522 sanguinis,
3502 1453 3654 1511 omni

2085 1579 2150 1619 ex
2188 1573 2340 1632 parte
2382 1561 2741 1616 suﬂicicntcm
2775 1566 2937 1625 atque
2978 1553 3305 1623 perfectum,
3331 1548 3479 1620 quali
3521 1561 3655 1600 usus

2087 1656 2478 1719 l'uitChristus,
2516 1651 2735 1723 qualem
2767 1650 2833 1704 ab
2863 1663 2926 1702 co
2959 1648 3076 1717 ipso
3107 1643 3319 1712 accepit
3354 1654 3369 1695 :
3401 1640 3654 1710 accipere

2086 1749 2295 1802 scilicet
2330 1759 2548 1816 panem,
2583 1743 2782 1812 gratias
2821 1755 3004 1809 agere,
3036 1736 3286 1805 frangere
3327 1742 3381 1788 et
3417 1733 3602 1786 dicere
3638 1747 3654 1786 :

413 1852 602 1910 altaris
633 1865 743 1914 ηοη
786 1848 942 1902 am"
977 1858 1139 1914 (ιιιοηι
1172 1857 1268 1913 lier
1297 1841 1522 1896 Verbum
1560 1838 1654 1891 θεῖ
1692 1848 1748 1890 ει
1780 1837 1983 1890 οτίιῑὶο-
2013 1819 2055 1872 Β
2085 1839 2318 1908 Accipite
2343 1846 2392 1892 et
2431 1835 2767 1898 manducate,
2802 1835 2896 1885 hoc
2922 1841 2997 1884 est
3023 1845 3210 1897 corpus
3240 1841 3435 1889 meum,
3466 1829 3521 1878 et
3553 1824 3656 1876 hoc

417 1960 539 2000 nem
574 1940 965 1997 sanctiﬁcatur.
1005 1935 1174 2005 Cujus
1201 1933 1281 1989 rei
1330 1937 1520 1987 testem
1555 1929 1784 1982 Paulum
1814 1927 1979 1996 '._citat.

417 2031 571 2104 Quod
620 2043 805 2090 autem
846 2031 941 2094 ait,
988 2043 1082 2098 per
1114 2025 1430 2082 orationem.
1481 2020 1618 2074 nihil
1665 2017 1984 2072 corroborat

416 2127 859 2186 adversariorum
907 2119 1208 2174 rationem.
1266 2113 1550 2183 Siquidem
1598 2111 1652 2164 in
1698 2111 1872 2180 prima
1915 2107 1982 2161 ad

415 2219 766 2277 Timotheum
795 2212 1036 2285 Epistola
1067 2209 1173 2264 hoc
1202 2208 1270 2263 de
1295 2204 1677 2262 communibus
1730 2202 1867 2256 cibis
1894 2200 1983 2253 di-

417 2318 514 2371 cit.
542 2313 644 2369 llic
676 2325 806 2366 vero
845 2309 1039 2362 doctor
1072 2318 1180 2358 non
1218 2300 1285 2355 de
1313 2296 1695 2353 communibus
1725 2310 1844 2365 quze
1871 2293 1984 2347 illic

418 2409 704 2470 dicuntur,
739 2401 888 2456 illius
919 2413 1053 2453 usus
1102 2402 1184 2452 est
1213 2393 1544 2453 testimonio,
1570 2381 1676 2444 sed
1720 2388 1984 2441 duntaxat

416 2508 682 2575 quantum
713 2496 778 2550 ad
813 2490 1289 2547 conﬁrmationem
1320 2483 1586 2555 propositi
1634 2481 1718 2534 sui
1754 2484 1982 2549 spectat,

420 2567 484 2649 de
515 2586 974 2648 transmutatione
1017 2593 1137 2650 quae
1173 2579 1242 2633 sit
1266 2592 1365 2647 per
1390 2574 1623 2627 verbum
1662 2569 1781 2624 Dei.
1829 2567 1986 2624 Unde

419 2686 578 2754 paulo
605 2689 725 2751 post
752 2674 1104 2735 concludens,
1139 2671 1211 2724 ait
1245 2687 1259 2723 :
1299 2667 1418 2721 Mox
1450 2663 1514 2717 ad
1549 2675 1768 2716 carnem
1807 2668 1987 2711 trans-

417 2749 681 2830 inutattir.
733 2768 800 2822 Et
843 2769 907 2822 ad
949 2765 1112 2834 hujus
1165 2757 1634 2814 conﬁrmationem
1683 2749 1984 2821 subjungit,

418 2856 684 2934 Quoniam
707 2861 826 2928 ipse
849 2859 988 2914 dixit
1015 2875 1028 2909 :
1060 2853 1171 2908 Hoc
1197 2861 1271 2904 est
1298 2862 1483 2919 corpus
1509 2861 1700 2899 meum.
1731 2843 1984 2904 Advertc,

421 2963 631 3033 qureso,
675 2971 797 3012 cum
835 2963 1031 3009 caetera
1064 2945 1271 3008 omnia,
1303 2953 1415 2998 tum
1451 2931 1606 3012 quod
1654 2941 1708 2994 in
1755 2938 1860 2991 ﬁne
1889 2935 1984 2999 ait,

420 3029 565 3124 quod
601 3064 724 3104 mox
756 3062 856 3118 per
886 3043 1114 3098 verbum
1146 3042 1562 3094 transmittatur.
1590 3029 1827 3085 Verbum
1857 3042 1988 3082 vero

2083 1929 2249 1984 modo
2278 1929 2548 1983 conﬁcere
2595 1933 3025 1978 sacramentum.
3059 1918 3226 1985 Quid,
3265 1917 3519 1980 obsecro,
3559 1915 3655 1968 ho-

2083 2035 2205 2074 rum
2263 2027 2548 2073 consecrat
2594 2014 3021 2077 divinissimum,
3059 2009 3192 2065 illud
3231 2007 3474 2063 munus?
3523 2007 3656 2061 Pro-

2085 2113 2228 2168 iecto
2259 2128 2366 2166 non
2399 2112 2647 2182 acceptio
2677 2109 2880 2179 panis;
2921 2108 3023 2161 hoc
3048 2107 3194 2161 enim
3226 2103 3536 2172 subjectum
3572 2107 3658 2154 est

2085 2205 2534 2267 consecrationis,
2583 2203 2730 2272 quod
2775 2203 2828 2256 in
2869 2217 3070 2271 corpus
3105 2197 3322 2254 Domini
3371 2195 3654 2250 transsub-

2085 2297 2333 2353 stantiari
2361 2304 2601 2366 oportet,
2624 2311 2731 2348 non
2758 2293 3055 2364 gratiarum
3085 2292 3251 2354 actio,
3287 2304 3396 2343 non
3434 2288 3649 2352 fractio,

2085 2405 2317 2460 quarum
2352 2389 2522 2443 altera
2565 2387 2631 2440 ad
2667 2385 3241 2440 commemorationem
3287 2381 3648 2436 ineffabilinm

2084 2498 2210 2552 erga
2240 2497 2338 2535 nos
2361 2480 2757 2535 beneﬁciorum
2779 2478 2896 2539 Dei,
2924 2478 3090 2532 altera
3117 2476 3182 2530 ad
3207 2472 3652 2530 distributionem

2086 2574 2394 2629 necessaria
2440 2584 2544 2626 est.
2593 2571 2860 2642 Superest
2894 2572 3060 2641 igitur
3095 2579 3157 2624 ut
3197 2566 3365 2625 verba
3401 2569 3504 2623 ista
3546 2567 3656 2622 sint

2086 2681 2206 2736 quae
2232 2675 2554 2720 consecrent
2586 2682 2598 2717 :
2635 2665 2741 2718 Hoc
2777 2673 2850 2717 est
2883 2681 3068 2734 corpus
3096 2680 3308 2727 meum;
3336 2672 3412 2728 et,
3448 2659 3545 2715 Hic
3579 2670 3656 2714 est

2085 2759 2300 2828 sanguis
2349 2754 2512 2810 meus.
2558 2757 2626 2810 Et
2682 2757 2754 2811 ita
2801 2756 3226 2811 exiSIimamlum
3271 2765 3374 2820 est,
3429 2763 3482 2808 ct
3528 2763 3659 2807 tunc

2087 2847 2255 2904 fuisse
2291 2858 2692 2913 consecratum,
2741 2857 2796 2901 et
2840 2862 2989 2901 nunc
3022 2847 3360 2908 consecrari,
3405 2861 3654 2899 concur-

2089 2940 2338 2995 rentibus
2382 2939 2613 3002 scilicet,
2645 2946 2705 2990 ut
2731 2938 2939 2991 dictum
2980 2944 3086 2996 est.
3134 2944 3190 2991 ct
3233 2936 3414 2996 Patre,
3450 2943 3505 2988 et
3537 2933 3659 3002 Spi-

2089 3028 2195 3086 ritu
2224 3040 2436 3096 saucto,
2466 3045 2590 3083 cum
2611 3028 2792 3084 omnia
2822 3029 2875 3082 in
2908 3039 3158 3083 creatura
3184 3043 3350 3096 opera
3379 3027 3445 3081 iis
3469 3026 3655 3081 tribus
3695 3093 3702 3098 ν

421 3139 599 3210 inquit
633 3153 753 3193 esse
788 3153 801 3190 :
844 3133 953 3188 Hoc
991 3142 1063 3185 est
1089 3145 1274 3198 corpus
1304 3141 1496 3179 meum.
1529 3123 1744 3182 Nonne,
1776 3136 1876 3174 oro
1915 3129 1984 3182 te,
2016 3156 2058 3213 ο
2093 3123 2401 3177 communia
2457 3121 2594 3176 sint.
2655 3117 2855 3174 verum
2913 3119 3181 3177 Salvam“
3237 3118 3460 3187 quidem
3514 3117 3659 3170 haud

423 3234 646 3288 verbum
695 3226 829 3281 illud
879 3239 1020 3284 mox,
1062 3235 1172 3274 non
1213 3216 1473 3286 relinquit
1503 3215 1680 3268 locum
1722 3211 1986 3264 orationi-

424 3319 566 3379 bus?
597 3321 653 3376 Si
683 3320 849 3389 igitur
872 3315 1097 3371 verbum
1123 3310 1254 3366 illud
1291 3326 1306 3363 :
1338 3296 1449 3363 Hoc
1473 3313 1547 3360 est
1573 3321 1760 3375 corpus
1794 3314 1986 3370 meum,

422 3421 546 3471 mox
585 3417 936 3470 transmutat,
971 3404 1322 3459 manifestum
1358 3397 1491 3454 illud
1527 3397 1704 3452 solum
1733 3409 1852 3448 esse
1883 3401 1986 3454 est,

421 3508 566 3580 quod
597 3509 944 3567 transmutat,
979 3497 1139 3552 aliter
1169 3495 1314 3550 enim
1362 3506 1470 3544 non
1500 3502 1647 3548 mox,
1680 3491 1773 3542 sed
1805 3486 1990 3554 aliquo

418 3579 476 3656 et
524 3615 633 3654 non
701 3609 869 3665 parvo
935 3589 1224 3659 interjecto
1288 3596 1535 3652 tempore
1601 3579 1991 3633 transmutatio

424 3695 597 3744 ﬁeret.
632 3685 706 3741 Ita
755 3691 904 3739 certe
939 3680 1082 3734 inter
1117 3693 1176 3733 se
1226 3675 1560 3731 conveniunt
1599 3673 1770 3726 sancti
1804 3670 1992 3723 Patres

417 3790 476 3836 et
505 3781 758 3834 doctores
786 3772 961 3829 nostri
987 3790 1000 3837 ;
1026 3771 1098 3824 ita
1130 3767 1232 3822 sibi
1263 3766 1496 3820 invicem
1521 3761 1872 3818 consentanei
1909 3760 1993 3813 lo—

418 3882 693 3944 quuntur,
716 3870 832 3924 sive
857 3864 1192 3925 Orientales,
1220 3863 1334 3916 sive
1359 3857 1755 3916 Occidentales.
1781 3854 1991 3923 Quippe

423 3957 788 4018 Damascenus
819 3961 876 4011 in
903 3958 1043 4011 libro
1073 3954 1470 4010 Sententiarum
1495 3965 1546 4004 c.
1569 3950 1641 4002 2⁸5
1664 3949 1739 4002 ita
1771 3947 1948 4015 inquit
1974 3962 1989 3999 :

419 4055 539 4112 Non
573 4063 658 4110 est
686 4052 841 4122 panis
876 4051 1045 4120 ﬁgura
1078 4047 1328 4117 corporis
1356 4055 1411 4100 et
1445 4043 1730 4114 sanguinis
1760 4038 1991 4100 Christi,

420 4147 586 4210 absit,
629 4145 725 4198 sed
779 4145 956 4213 ipsum
1015 4154 1216 4208 corpus
1269 4136 1474 4192 Christi
1526 4133 1865 4189 dciﬁcatum.
1923 4131 1994 4186 Et

423 4239 568 4291 unde
622 4236 745 4300 hoc,
784 4232 1127 4287 sanctissime
1173 4226 1404 4284 doctor?
1451 4224 1564 4279 Hoc
1612 4224 1882 4277 habemus
1923 4221 1992 4275 ab

421 4327 562 4399 ipso,
593 4329 792 4396 inquit,
831 4324 1084 4387 Domino,
1112 4320 1347 4381 dicente,
1382 4333 1489 4372 non
1516 4334 1530 4370 :
1563 4315 1679 4370 Hoc
1713 4323 1796 4370 est
1819 4315 1994 4383 ﬁgura

421 4421 689 4490 corporis,
737 4416 829 4472 sed
868 4416 1045 4484 ipsum
1094 4427 1281 4480 corpus
1331 4425 1526 4474 meum,
1564 4417 1619 4463 et
1661 4422 1772 4462 non
1821 4408 1992 4477 ﬁgura

2091 3228 2315 3269 neeesse
2366 3213 2488 3276 fuit,
2533 3211 2745 3266 Patrem
2787 3221 2842 3265 et
2885 3210 3148 3278 Spiritum
3186 3219 3435 3262 sanctum
3483 3209 3658 3275 palam

2092 3305 2158 3360 ad
2193 3305 2294 3359 hoc
2324 3320 2460 3374 opus
2484 3304 2764 3364 invocare,
2796 3319 2920 3354 cum
2953 3317 3096 3356 unus
3133 3301 3388 3369 idemque
3417 3307 3472 3351 et
3495 3299 3660 3352 unius

2092 3413 2214 3452 cum
2242 3371 2704 3450 illis—substantia:
2735 3395 2827 3456 sit,
2859 3402 3082 3462 propter
3115 3391 3261 3461 quod
3297 3371 3564 3459 quidquid
3589 3390 3659 3443 ab

2093 3504 2157 3542 eo
2188 3489 2272 3542 vel
2319 3487 2498 3551 ﬁebat,
2533 3487 2617 3540 vel
2649 3485 2952 3547 dicebatur,
3001 3485 3142 3538 idem
3188 3484 3257 3537 ab
3288 3484 3412 3538 aliis
3443 3499 3661 3551 quoque

2095 3578 2256 3633 ﬁebat
2279 3578 2692 3646 dicebaturque.
2721 3574 2829 3630 Nos
2856 3591 2987 3630 vero
3020 3574 3103 3629 fas
3133 3583 3218 3630 est
3244 3584 3302 3630 et
3334 3573 3660 3628 nominatim

2097 3673 2219 3726 illos
2265 3671 2543 3730 illvm-are.
2580 3680 2634 3724 et
2685 3679 2743 3722 ut
2793 3685 3019 3723 munera
3068 3679 3255 3723 nostra
3297 3667 3661 3726 sanctiﬁcent,

2095 3764 2302 3832 precari
2338 3781 2351 3816 :
2387 3778 2575 3830 verum
2605 3761 2656 3814 id
2685 3777 2791 3814 non
2821 3762 2925 3814 alio
2953 3773 3115 3830 atque
3138 3761 3246 3814 alio
3279 3761 3442 3814 modo
3473 3774 3659 3828 agere,

2094 3871 2196 3912 nec
2228 3855 2334 3908 alio
2371 3868 2536 3924 atque
2569 3854 2674 3908 alio
2723 3863 2988 3922 tempore,
3026 3853 3121 3907 sed
3165 3862 3220 3907 et
3263 3868 3371 3922 quo
3417 3837 3664 3920 tempore

2092 3947 2308 4002 Domini
2361 3945 2780 4014 pronuntiamus
2827 3945 3018 4005 verba.
3061 3952 3117 3997 et
3163 3943 3438 4012 quomodo
3493 3944 3666 3998 verba

2093 4039 2421 4110 signiﬁcant.
2461 4037 2613 4104 Quod
2647 4036 2690 4090 si
2729 4036 2880 4092 illum
2916 4047 3174 4106 tanquam
3207 4037 3484 4091 hominem
3510 4037 3664 4091 dice-

2095 4144 2322 4194 remus,
2375 4134 2503 4184 dum
2557 4129 2759 4199 gratias
2811 4129 3006 4197 agebat
3060 4129 3343 4182 beneﬁciis
3401 4130 3663 4198 acceptis,

2094 4237 2276 4276 orasse
2309 4223 2475 4274 etiam
2523 4221 2686 4274 tacite
2736 4219 2954 4272 Patrem
2987 4229 3043 4274 et
3089 4218 3353 4288 Spiritum
3387 4231 3663 4288 sanctum,

2095 4320 2157 4366 ut
2215 4313 2282 4366 ad
2317 4328 2439 4367 eam
2487 4313 2955 4366 consecrationem
2993 4323 3412 4376 concurrerent,
3465 4313 3668 4369 deinde

2095 4404 2282 4458 verbis
2336 4405 2486 4458 illum
2542 4404 2769 4471 prolatis
2820 4405 3143 4473 mySterium
3197 4408 3497 4475 peregisse,
3556 4423 3665 4460 non

422 4511 725 4580 sanguinis,
753 4507 847 4562 sed
877 4508 993 4577 ipse
1014 4505 1231 4573 sanguis
1253 4518 1418 4556 meus.
1451 4500 1627 4555 Verba
1654 4499 1824 4570 igitur
1855 4501 1947 4554 illa
1973 4517 1986 4553 :
2023 4487 2066 4545 Ι)
2094 4497 2212 4552 siue
2240 4497 2450 4551 ratione
2475 4495 2806 4550 diceremus.
2844 4496 3050 4550 Eodem
3089 4497 3256 4566 igitur
3291 4499 3453 4552 modo
3487 4507 3542 4552 et
3569 4514 3666 4552 nos

423 4603 534 4659 Iloc
563 4611 635 4655 est
661 4615 848 4669 carpas
873 4614 1068 4658 meum,
1103 4597 1267 4650 etiam
1296 4597 1450 4665 juxta
1478 4593 1806 4647 sententiam
1841 4592 1991 4646 illius

421 4693 666 4747 doctoris
713 4690 958 4748 faciunt,
1007 4695 1068 4740 ut
1123 4687 1280 4754 panis
1319 4685 1507 4739 altaris
1544 4701 1733 4738 verum
1783 4684 1991 4739 Christi

425 4795 624 4848 corpus
651 4780 722 4831 sit
753 4779 1137 4844 credaturque.
1173 4775 1278 4830 Sed
1310 4775 1375 4828 iis
1396 4773 1654 4826 omnibus
1679 4789 1800 4842 qme
1824 4787 1993 4842 supra

428 4873 896 4933 tneinoravimus,
946 4867 1103 4936 quasi
1170 4867 1417 4919 ultimam
1471 4881 1693 4917 manum
1760 4865 1993 4933 imponit

425 4961 663 5027 Epistola
693 4961 932 5014 doctoris
971 4959 1217 5027 gentium
1251 4958 1314 5010 ad
1369 4956 1691 5010 Corinthios
1725 4956 1792 5008 de
1828 4957 1993 5021 hujus

419 5053 778 5110 sacratissimi
836 5051 1080 5120 mysterii
1138 5048 1434 5102 traditione
1481 5046 1991 5116 speculantis.~Ego

420 5149 580 5213 enim,
607 5147 804 5214 inquit,
823 5144 999 5212 accepi
1021 5158 1050 5196 a
1076 5141 1304 5195 Domino
1327 5141 1463 5210 quod
1484 5148 1530 5192 at
1559 5140 1756 5193 tradidi
1785 5141 1926 5193 nobis
1946 5139 1990 5195 ‘.

421 5241 630 5296 Deinde
662 5246 949 5292 enumerat
969 5251 1090 5304 qua:
1115 5237 1348 5303 accepit.
1379 5233 1563 5286 Primo
1591 5232 1775 5302 itaque
1801 5234 1989 5287 videa-

420 5346 563 5394 mus,
601 5332 648 5385 si
681 5331 840 5394 libet,
876 5342 944 5380 an
993 5325 1334 5380 sufﬁcienter
1378 5323 1684 5378 tradiderit.
1723 5323 1876 5378 Patet
1919 5325 1994 5376 si-

419 5423 642 5494 quidem
672 5422 964 5502 manifeste
991 5433 1116 5472 cum
1146 5417 1472 5470 tradidisse:
1503 5429 1680 5484 neque
1706 5415 1854 5468 enim
1890 5416 1989 5467 iut—

422 5518 662 5586 perfecte
713 5512 946 5581 accepit,
995 5526 1174 5578 neque
1226 5505 1622 5580 tniuus‘quam.
1676 5515 1985 5575 acceperat,

423 5594 668 5669 tradidit,
696 5605 790 5658 sed
812 5600 1078 5673 quidquid
1105 5601 1337 5656 decebat
1369 5609 1423 5654 et
1453 5614 1678 5655 necesse
1701 5609 1818 5653 erat
1839 5602 1985 5656 circa

485 5792 505 5820 ‘
535 5792 554 5843 ι
583 5790 706 5844 Cor.
741 5805 814 5854 ιι,
846 5789 934 5842 23.
1023 5791 1043 5820 '
1069 5789 1201 5843 ibid.
1236 5789 1324 5844 24.

60 6381 941 6397 ψ-ᾼ-ῄ--ῌ--μᾉ

2095 4603 2256 4656 agere
2282 4603 2508 4644 necesse
2539 4599 2644 4652 est,
2676 4590 2926 4643 invocato
2955 4589 3171 4643 scilicet
3201 4589 3382 4652 Patre,
3413 4601 3469 4644 et
3501 4590 3663 4657 Filio,

2091 4687 2147 4732 et
2195 4678 2404 4748 Spiritu
2458 4691 2672 4743 sancto,
2713 4679 3032 4733 nominatim
3067 4689 3139 4743 ,ει
3188 4682 3493 4744 manifeste,
3548 4681 3664 4735 sive

2092 4783 2219 4826 ante
2253 4772 2416 4825 verba
2447 4773 2708 4827 Dominus
2741 4776 2856 4827 sive
2887 4783 3030 4842 post,
3069 4788 3164 4827 seu
3196 4783 3430 4842 utroque
3457 4777 3619 4828 modo
3647 4791 3664 4840 ;

2093 4864 2230 4917 nihil
2261 4863 2406 4917 enim
2450 4863 2700 4926 interest,
2736 4875 2793 4918 ut
2836 4875 3024 4934 postea
3063 4865 3421 4929 disseremus,
3457 4865 3530 4919 ita
3562 4865 3662 4920 de-

2100 4971 2247 5008 mum
2280 4956 2507 5024 prolatis
2554 4955 2770 5008 Domini
2814 4957 3020 5021 verbis,
3064 4971 3278 5012 sacrum
3316 4957 3420 5013 hoc
3463 4971 3669 5030 myste-

2101 5049 2241 5100 rium
2271 5046 2563 5100 conﬁcere.
2593 5048 2669 5099 ita
2706 5049 2918 5117 accepit
2940 5049 3165 5114 Paulus,
3198 5051 3273 5102 ita
3304 5048 3464 5104 nobis
3499 5051 3670 5105 tradi-

2100 5139 2218 5202 dit;
2281 5138 2585 5206 transgredi
2647 5148 2830 5192 autem
2896 5141 3245 5197 traditionem
3305 5145 3427 5210 ejus
3486 5159 3665 5212 neque

2101 5246 2415 5300 possumus,
2454 5245 2634 5299 neque
2674 5231 2961 5295 debemus,
3009 5232 3053 5286 si
3091 5233 3345 5302 discipuli
3376 5235 3523 5302 ejus,
3555 5235 3666 5287 imo

2091 5341 2227 5380 vero
2275 5325 2502 5388 Christi,
2543 5336 2596 5377 et
2639 5339 2758 5378 esse
2792 5333 2849 5377 et
2882 5324 3066 5378 vadari
3103 5327 3379 5396 cupimus.
3429 5327 3666 5380 Abunde

2090 5434 2224 5474 vero
2252 5418 2508 5486 superius
2549 5416 2990 5472 demonstratum
3023 5426 3128 5478 est,
3161 5419 3418 5486 quoniam
3463 5419 3667 5472 Paulus

2093 5513 2235 5567 hanc
2268 5511 2618 5564 traditionem
2662 5523 2767 5562 non
2816 5525 2844 5562 a
2880 5509 3124 5573 Christo,
3158 5511 3253 5563 sed
3302 5511 3370 5564 ab
3399 5510 3664 5578 apostolis

2093 5603 2332 5672 accepit,
2375 5618 2482 5656 non
2525 5601 2684 5656 modo
2718 5602 2888 5658 verbo
2913 5602 3039 5670 hoc,
3065 5601 3162 5656 sed
3200 5617 3365 5672 opere
3392 5603 3557 5657 etiam
3588 5603 3661 5655 ita
