4086 6408
252 420 258 426 '
284 402 386 470 513

1274 400 1367 458 DE
1411 392 1916 456 S.-\flil.-\.\1EN'I‘O
1963 393 2163 451 EUCH
2181 396 2216 449 .-\
2229 391 2431 450 RIS'I‘l

3425 379 3524 441 514

279 514 631 579 facientibus,
659 512 1015 568 manifestum
1044 525 1164 564 esse
1196 523 1304 563 non
1337 508 1460 560 aliis
1495 521 1659 574 quant
1693 503 1851 558 Chri-
1879 503 1923 560 Α
1957 517 2082 553 vero
2130 497 2264 568 ipsa
2297 511 2421 554 sunt
2472 499 2632 551 verba
2681 493 3004 553 Salvatoris,
3048 508 3166 560 quze
3221 492 3362 560 apud
3411 507 3530 542 οιιι.

279 613 347 668 sti
384 609 571 664 verbis
592 607 740 676 ipsos
768 604 933 659 etiam
957 603 1235 672 apostolos
1263 610 1385 670 post
1407 598 1688 653 Christum
1721 611 1853 650 con-

277 714 552 764 secrasse,
582 705 638 752 et
664 695 882 751 caeteris
907 692 1158 747 eumdem
1197 691 1440 762 mysterii
1481 690 1646 744 ritum
1685 688 1855 742 tradi-

278 793 443 846 disse.
477 789 750 842 Prxterea
784 785 890 839 hoc
928 784 1072 837 idem
1119 780 1421 836 ostendunt
1472 780 1658 848 populi
1687 778 1756 831 ad
1789 792 1852 829 ea

283 881 448 935 verba
482 877 895 948 responsiones.
933 873 1230 929 Sacerdote
1259 872 1406 926 enim
1437 868 1600 922 verba
1632 868 1719 921 illa
1745 866 1852 919 alta

279 989 432 1038 voce,
466 982 527 1024 ut
554 986 651 1024 vos
683 968 857 1023 Graeci
892 967 1104 1029 soletis,
1138 965 1555 1036 pronuntiante,
1593 961 1856 1014 assistens

281 1065 522 1133 l-opulus
557 1064 610 1116 in
640 1071 873 1130 utraque
918 1070 1070 1129 parte
1107 1059 1399 1126 respondet
1423 1097 1436 1119 ,
1471 1056 1667 1115 Amen,
1699 1052 1855 1121 quasi

277 1160 441 1219 dicat,
487 1156 624 1209 Vere
674 1154 744 1207 ita
775 1162 882 1215 est,
929 1161 988 1206 ut
1034 1162 1090 1204 tu
1140 1150 1300 1204 dicis.
1347 1151 1512 1203 Amen
1547 1148 1694 1202 enim
1730 1163 1856 1200 cum

278 1247 583 1300 altirmandi
643 1246 784 1312 apud
841 1245 1096 1298 llebneos
1141 1241 1464 1294 adverbium
1511 1239 1618 1304 sit,
1667 1239 1858 1292 Graece

280 1339 420 1392 idem
446 1337 597 1406 quod
629 1354 747 1390 uere
776 1336 1064 1405 significat.
1095 1337 1268 1388 Amen
1306 1333 1473 1403 igitur
1505 1331 1571 1384 ad
1601 1346 1665 1384 ea
1695 1329 1858 1384 verba

281 1429 627 1499 respondens
689 1429 947 1497 populus,
979 1427 1158 1488 Certe,
1191 1425 1389 1492 inquit,
1426 1438 1625 1492 corpus
1657 1432 1713 1477 et
1739 1438 1863 1477 san-

278 1520 629 1589 guisChristi
672 1529 802 1574 sunt
844 1534 1070 1572 munera
1103 1519 1204 1572 ista
1240 1515 1546 1587 proposita,
1581 1515 1651 1570 ita
1680 1514 1860 1568 credi-

279 1629 419 1674 llius,
465 1611 543 1664 ita
589 1612 943 1665 cantitemur.
979 1609 1042 1662 Et
1076 1609 1372 1678 quomodo,
1419 1623 1605 1678 quasso
1635 1617 1706 1671 te,
1753 1607 1873 1661 nou‘

277 1711 422 1755 esset
452 1710 619 1768 turpe
653 1701 957 1768 putandum
988 1714 1083 1752 eos
1114 1698 1207 1768 qui
1237 1698 1517 1752 doctiores
1545 1697 1736 1751 haberi
1767 1712 1860 1749 vo-

277 1793 412 1855 luut,
433 1807 497 1846 ea
534 1795 785 1861 ignorare
818 1807 939 1861 quin
963 1792 1256 1845 saeculares
1282 1801 1338 1843 et
1372 1803 1654 1843 sacrarum
1682 1788 1862 1842 Litte-

281 1900 461 1937 rarum
520 1884 719 1952 ignari,
770 1882 1157 1950 respondendo
1212 1884 1409 1944 Amen,
1461 1879 1750 1935 manifeste
1804 1896 1862 1934 se

283 1979 423 2029 scire
458 1975 814 2044 significant?
851 1974 1016 2040 Quid.
1048 1989 1233 2028 nonne
1275 1972 1540 2027 assistens
1589 1974 1862 2026 sacerdoti

281 2065 553 2117 diaconus
582 2063 742 2132 eique
771 2063 1109 2126 ministrans,
1133 2062 1266 2115 dum
1304 2063 1564 2116 sacerdos
1591 2062 1698 2114 alta
1731 2077 1864 2116 voce.

284 2157 450 2225 (juxta
497 2154 802 2209 Orientalis
850 2154 1106 2208 Ecclesia:
1148 2154 1336 2220 ritum)
1385 2153 1551 2208 verba
1603 2154 1695 2208 illa
1741 2169 1868 2221 pro-

283 2245 529 2306 nuntiat.
568 2244 682 2298 Hoc
721 2254 795 2298 est
828 2261 1014 2313 corpus
1063 2243 1261 2307 meum,
1295 2253 1369 2310 et,
1409 2243 1506 2297 llic
1543 2251 1620 2297 est
1650 2245 1866 2310 sanguis

283 2354 456 2401 utens,
529 2336 646 2406 ipse
699 2337 921 2406 pr0pria
975 2335 1115 2390 stola
1171 2335 1388 2390 duobus
1437 2336 1632 2404 primis
1679 2337 1868 2406 digitis

286 2439 446 2491 tat-ta,
481 2444 684 2498 panem
717 2439 771 2483 et
796 2430 1021 2483 calicem
1056 2427 1332 2483 ostendit?
1378 2429 1513 2483 nihil
1545 2441 1693 2483 certe
1718 2428 1866 2483 aliud

283 2521 626 2589 significans,
662 2521 766 2574 nisi
811 2537 1005 2591 panem
1057 2522 1212 2576 illum
1251 2522 1454 2578 Christi
1487 2510 1610 2577 esse
1642 2537 1865 2592 corpus,

284 2611 517 2680 etquod
551 2612 607 2665 in
638 2612 806 2666 calice
843 2621 950 2675 est,
984 2626 1106 2667 esse
1141 2613 1468 2684 sanguinem
1499 2613 1636 2684 ejus,
1679 2629 1867 2682 quem-

281 2704 583 2758 admodum
614 2704 800 2758 verbis
833 2703 940 2758 illis
962 2703 1250 2759 asseritur.
1293 2705 1356 2760 Et
1381 2705 1497 2760 hmc
1521 2721 1652 2760 sane
1682 2717 1869 2760 osten-

282 2798 414 2852 dens
455 2796 729 2852 diaconus
752 2813 860 2850 non
891 2797 1181 2862 mentitur,
1211 2806 1267 2853 et
1302 2813 1410 2852 non
1440 2798 1712 2852 mentiens
1741 2814 1865 2852 cum

284 2888 347 2943 iis
377 2891 551 2943 sentit
587 2889 681 2957 qui
723 2889 836 2942 sola
870 2887 1086 2943 Domini
1133 2889 1298 2944 verba
1327 2890 1485 2943 aiunt
1517 2889 1620 2945 hoc
1652 2906 1867 2944 sacrum

285 2979 555 3047 perficere
609 2992 1038 3035 sacramentum.
1080 2980 1270 3051 Neque
1305 2981 1453 3034 enim
1495 2980 1703 3035 frustra
1733 2983 1870 3037 tales

285 3075 552 3129 instituta:
581 3085 710 3129 sunt
731 3075 799 3128 ab
821 3075 1066 3130 Ecclesia
1091 3075 1455 3130 caeremoniis.
1485 3074 1618 3128 Illud
1641 3091 1868 3144 quoque

286 3169 425 3223 haud
482 3167 948 3222 contemnendum
984 3168 1224 3231 videtur,
1270 3167 1417 3237 quod
1468 3182 1592 3222 cum
1636 3168 1747 3222 duo
1785 3184 1871 3224 sa-

284 3270 567 3315 cramenta
602 3261 763 3314 nobis
792 3277 821 3314 a
857 3261 1139 3316 Salvatore
1173 3260 1369 3315 tradita
1401 3260 1627 3320 fuerint,
1657 3260 1868 3328 baptis-

288 3369 403 3407 mus
470 3363 530 3406 et
556 3352 929 3418 Eucharistia,
967 3365 1261 3421 utrumque
1295 3353 1478 3408 verbis
1518 3353 1632 3406 suis
1673 3352 1870 3406 confici

281 3447 462 3515 jussit.
523 3447 742 3500 Etenim
796 3445 1138 3514 baptismus,
1185 3445 1654 3516 quemadmodum
1709 3461 1870 3514 supra

287 3539 736 3601 memoravimus,
787 3553 886 3605 per
918 3537 1081 3590 verba
1117 3536 1206 3591 illa
1243 3535 1557 3600 conficitur,
1589 3535 1872 3605 Baptizats

284 3647 368 3684 eos
411 3634 468 3684 in
517 3620 726 3683 nomine
779 3628 984 3693 Patris,
1037 3637 1086 3682 et
1137 3626 1291 3688 Filii,
1320 3637 1368 3682 et
1401 3627 1631 3695 Spiritus
1674 3631 1868 3682 sancti.

284 3720 451 3792 Cujus
506 3722 584 3774 rei
648 3721 1031 3775 testimonium
1082 3729 1204 3786 est,
1257 3721 1405 3789 quod
1438 3720 1634 3775 Patres
1681 3722 1860 3776 nostri

283 3816 454 3867 sancti
493 3813 746 3869 Ecclesia:
772 3815 1028 3868 doctores
1061 3816 1155 3884 qui
1193 3823 1526 3877 statuerunt,
1551 3815 1774 3882 quinam
1805 3830 1871 3868 ex

288 3904 353 3958 iis
381 3904 478 3974 qui
505 3905 574 3959 ab
605 3905 880 3959 haereticis
918 3906 984 3958 ad
1016 3904 1344 3959 catholicam
1378 3914 1732 3958 revertuntur
1768 3903 1871 3959 Ec-

287 3997 536 4061 clesiam,
564 3996 945 4066 rebaptizandi
983 3999 1118 4057 sint,
1147 3996 1240 4065 qui
1277 4012 1386 4050 non
1418 4012 1514 4051 eos
1545 3996 1686 4049 haud
1713 3996 1872 4050 reba-

288 4092 575 4160 ptizandos
613 4106 735 4145 esse
781 4095 1036 4152 censent,
1084 4089 1180 4158 qui
1215 4089 1270 4142 in
1309 4090 1532 4141 nomine
1575 4087 1864 4142 Trinitatis

288 4187 453 4240 semel
486 4186 692 4239 fuerint
724 4183 1002 4252 baptizati.
1023 4181 1181 4248 Quod
1204 4182 1369 4235 etiam
1395 4179 1679 4249 expositor
1705 4197 1866 4251 syno-

291 4280 496 4332 dalium
529 4292 802 4331 canonum
841 4275 984 4343 apud
1018 4276 1239 4330 Graecos
1265 4274 1485 4328 videtur
1517 4273 1867 4327 confirmare.

297 4371 342 4425 ls
389 4372 538 4426 enim
591 4372 646 4424 in
691 4368 1114 4439 quadragesimo
1173 4366 1412 4437 septimo
1485 4366 1867 4433 apostolorum

293 4480 500 4516 canone
549 4463 625 4516 ita
674 4463 852 4530 inquit
885 4461 1062 4514 :Vere
1123 4460 1433 4529 baptizatur
1476 4458 1697 4526 aliquis,
1743 4472 1866 4512 cum

1955 609 2051 648 nes
2103 605 2231 648 sunt
2277 595 2490 653 eadem,
2518 593 2661 659 quod
2709 588 2932 640 minime
2960 586 3165 638 habent
3218 592 3529 637 sanctoru-n

1955 702 2146 755 preces
2194 702 2316 739 cum
2350 685 2517 738 aliter
2551 691 2603 735 et
2634 682 2792 734 aliter
2827 689 2880 733 ct
2910 679 3032 732 aliis
3063 687 3225 746 atque
3257 677 3378 729 aliis
3415 692 3532 727 τιτι·-

1960 780 2044 832 bis
2080 779 2276 832 diversi
2314 777 2647 844 supplicent.
2688 773 2843 826 llunc
2879 771 3100 824 modum
3135 780 3191 822 et
3227 767 3461 836 apostoli
3501 785 3529 819 a

1963 876 2269 933 Salvatore,
2297 881 2352 922 ut
2385 869 2718 923 credendum
2756 877 2862 928 est,
2887 877 2938 920 et
2969 864 3034 916 ab
3065 862 3328 932 apostolis
3354 859 3532 914 sancti

1962 965 2146 1016 l’atrcs
2180 972 2364 1030 postea
2391 969 2688 1020 sumentes,
2720 960 2770 1010 in
2800 955 3026 1025 singulis
3053 952 3312 1006 Ecclesia:
3341 966 3528 1003 sacra-

1964 1055 2190 1114 mentis,
2235 1050 2693 1121 quemadmotbtm
2753 1049 3033 1101 materiam
3089 1047 3363 1113 propriam
3415 1044 3534 1094 sine

1963 1163 2068 1214 qua
2112 1146 2260 1198 nullo
2300 1145 2462 1196 modo
2517 1144 2668 1196 ﬁeret
2701 1142 2844 1208 quod
2881 1139 3226 1208 proponitur,
3266 1138 3336 1188 ita
3370 1137 3534 1188 etiam

1965 1242 2244 1305 propriam
2297 1237 2524 1289 formam
2576 1240 2913 1289 statuerunt.
2957 1232 3071 1285 lloc
3103 1230 3373 1284 catholica
3414 1232 3537 1294 an-

1965 1331 2088 1380 dem
2120 1329 2438 1382 hatinorum
2467 1327 2707 1381 Ecclesia
2743 1339 2912 1392 usque
2941 1324 2994 1376 in
3032 1332 3356 1391 prmsentem
3391 1321 3534 1372 diem

1965 1421 2239 1472 observat.
2272 1419 2340 1471 Et
2370 1419 2534 1471 verba
2573 1418 2685 1474 illa.
2718 1418 2921 1484 quibus
2953 1414 3381 1482 unumquodque
3421 1421 3538 1464 tau-

1965 1527 2126 1578 quam
2171 1526 2268 1579 per
2312 1509 2598 1564 materiam
2635 1509 2937 1578 perficitur,
2975 1507 3107 1560 nulli
3141 1501 3538 1559 nuit-saet-rdo-

1968 1613 2082 1656 ti'm
2118 1604 2261 1670 apud
2294 1619 2389 1656 eos
2433 1602 2718 1656 notissima
2754 1607 2902 1656 suot.
2955 1599 3137 1654 Nostri
3187 1613 3339 1658 vero,
3371 1596 3541 1647 inulta

1969 1697 2071 1748 alia
2103 1711 2225 1763 qua}
2272 1697 2508 1763 primum
2544 1697 2683 1764 ame
2738 1705 2958 1748 nostros
2987 1705 3167 1745 ortum
3203 1690 3542 1748 habuerunt,

1971 1796 2194 1855 propter
2225 1788 2566 1842 calamitates
2599 1796 2908 1860 temporum
2941 1784 3251 1854 perdidere,
3281 1787 3352 1834 ita
3379 1781 3545 1833 etiam

1899 1857 1935 1907 Β
1969 1880 2164 1932 horum
2209 1880 2412 1933 rituum
2447 1889 2578 1934 sunt
2609 1880 2792 1934 obliti.
2836 1857 2989 1944 Quod
3041 1876 3389 1930 manifestum
3428 1876 3540 1934 fiet,

1971 1974 2016 2026 si
2051 1973 2175 2041 quis
2208 1973 2275 2026 ad
2325 1973 2648 2028 chrismatis
2691 1983 3097 2027 sacramentum
3137 1977 3298 2021 menti
3325 1985 3373 2020 ιιι
3407 1983 3544 2020 con-

1974 2065 2218 2121 verterit.
2246 2065 2460 2120 Etenim
2481 2065 2721 2120 secnuda
2745 2064 3086 2118 arcumeuica
3111 2061 3353 2127 synodus
3382 2057 3545 2118 verba

1970 2173 2091 2225 qua:
2126 2171 2342 2211 sacrum
2399 2157 2643 2211 chrisma
2695 2156 3006 2225 perficiunt,
3049 2155 3292 2218 tradens,
3355 2152 3407 2206 in
3463 2167 3552 2204 sc-

1970 2251 2143 2318 pt‘mo
2191 2265 2402 2303 canone
2462 2249 2535 2304 ita
2591 2247 3228 2318 inquit:0bsiguautes,
3287 2245 3390 2297 hoc
3440 2254 3544 2304 est,

1971 2345 2338 2398 sacratissimo
2373 2342 2675 2396 chrismate
2720 2355 2817 2394 eos
2867 2340 3253 2402 chrismantcs,
3310 2335 3550 2388 dicimus

1972 2437 2185 2505 signum
2224 2433 2352 2488 doni
2386 2434 2626 2503 Spiritus
2656 2431 2853 2487 sancti.
2892 2431 2956 2484 Et
2989 2430 3104 2484 haec
3143 2427 3307 2480 verba
3342 2441 3544 2479 secun-

1971 2528 2101 2582 dum
2138 2542 2234 2582 eos
2269 2525 2588 2580 chrismatis
2617 2536 3022 2579 sacramentum
3069 2520 3386 2591 perficiunt.
3433 2517 3549 2572 lloe

1973 2620 2114 2673 idem
2143 2619 2197 2673 in
2225 2619 2440 2673 caneris
2471 2618 2707 2686 diligens
2739 2617 3097 2685 investigator
3125 2613 3390 2668 inveniet.
3419 2611 3551 2678 Qua.

1972 2712 2137 2781 igitur
2166 2711 2233 2764 de
2257 2711 2438 2764 divino
2467 2711 2820 2764 Eucharistim
2847 2717 3192 2762 sacramento
3225 2716 3547 2760 sanctorum

1971 2799 2163 2869 opinio
2196 2799 2286 2864 sit,
2321 2816 2441 2868 quae
2482 2799 2710 2864 Christi,
2742 2815 2864 2867 qua:
2903 2798 3060 2851 Pauli
3101 2797 3326 2851 traditio
3354 2797 3542 2860 fuerit,

1972 2894 2123 2957 satis,
2175 2893 2278 2946 nisi
2319 2908 2403 2946 me
2434 2894 2653 2946 animus
2699 2892 2856 2957 fallit,
2911 2906 3075 2959 supra
3108 2891 3547 2944 demonstratum

1971 2996 2076 3040 est.
2107 2985 2389 3040 Manifeste
2427 2987 2574 3040 enim
2605 2995 2850 3054 apparet,
2893 2984 3200 3040 Orientales
3241 2995 3406 3054 atque
3438 2985 3552 3039 Oc-

1974 3077 2279 3132 cidentales
2304 3093 2497 3132 omnes
2526 3077 2774 3146 ejusdem
2826 3077 2878 3131 in
2917 3077 3019 3131 hoc
3068 3092 3190 3132 esse
3237 3082 3548 3143 sementim,

1977 3179 2036 3224 ut
2067 3169 2279 3224 scilicet
2315 3169 2478 3222 verba
2514 3168 2731 3222 Domini
2776 3169 2908 3233 sint,
2953 3184 3075 3237 qua:
3106 3184 3323 3222 sacrum
3351 3184 3555 3238 corpus

1972 3259 2178 3313 Christi
2235 3261 2671 3329 sanguinemque
2724 3261 3047 3315 conficiant.
3098 3261 3245 3315 Idem
3299 3261 3551 3327 afﬁrmat,

1974 3352 2119 3408 idem
2156 3353 2270 3420 ipse
2313 3353 2579 3406 Dominus
2621 3365 2918 3408 asseverat.
2957 3353 3110 3406 Nunc
3145 3354 3413 3421 reliquum
3469 3366 3559 3408 cst

1974 3454 2036 3499 ut
2066 3447 2284 3499 tertiam
2317 3445 2702 3513 aggrediamur
2737 3455 2972 3514 partem,
3001 3454 3057 3499 et
3093 3446 3404 3502 rationibus
3432 3463 3557 3516 qum

1975 3535 2026 3588 iu
2068 3536 2410 3590 contrarium
2457 3535 2653 3589 adduci
2697 3536 2876 3590 solent
2925 3536 3142 3600 solutis,
3200 3536 3362 3591 finem
3399 3540 3556 3606 Operi

1976 3627 2342 3695 imponamus.
2397 3627 2540 3682 Sunt
2593 3639 2772 3682 autem
2829 3642 2939 3684 tres
2973 3631 3282 3699 pra-cipute,
3330 3647 3437 3684 una
3471 3643 3558 3686 est

1973 3717 2276 3772 auctoritas
2303 3730 2621 3773 sanctorum
2653 3719 2909 3786 Ecclesiae
2943 3723 3257 3785 doctorum,
3293 3721 3556 3775 Clemen—

1976 3809 2067 3873 tis,
2113 3808 2324 3875 Jacobi,
2373 3809 2556 3864 Basilii
2587 3821 2644 3864 et
2676 3810 3076 3881 Chrysoslumi,
3126 3812 3220 3880 qui
3272 3827 3468 3867 omnes
3498 3814 3554 3867 in

1974 3900 2175 3966 missis,
2199 3916 2336 3970 quas
2359 3901 2462 3970 ipsi
2487 3917 2870 3970 composuere,
2899 3914 3022 3971 post
3049 3902 3216 3956 verba
3247 3902 3550 3965 Dominica.

1974 3989 2284 4046 sacerdotis
2329 3992 2610 4059 precibus,
2671 3992 2771 4045 hoc
2822 4003 3234 4047 sacramentum
3277 3994 3555 4048 conficere

1972 4080 2248 4146 videntur,
2284 4080 2558 4149 siquidem
2607 4082 2770 4136 etiam
2810 4092 2931 4150 post
2961 4085 3128 4138 verba
3165 4084 3379 4138 Domini
3423 4101 3560 4154 pro-

1973 4173 2102 4240 lata,
2129 4189 2237 4228 non
2264 4189 2469 4243 corpus
2491 4183 2546 4228 et
2571 4175 2915 4243 sanguinem,
2946 4174 3042 4230 sed
3067 4192 3262 4246 panem
3289 4189 3344 4232 et
3367 4179 3554 4233 vinum

1972 4264 2282 4319 nominant.
2312 4265 2565 4319 Secunda
2597 4281 2728 4320 vero
2753 4276 2838 4320 est
2867 4269 3171 4324 auctoritas
3203 4269 3550 4337 Damasceui,

1975 4358 2211 4413 dicentis
2231 4357 2452 4412 beatum
2498 4359 2760 4415 Basilium
2800 4363 2916 4417 haec
2945 4380 3173 4418 munera
3209 4366 3332 4418 ideo
3374 4369 3558 4438 pradi-

1974 4450 2225 4520 gurativa
2291 4451 2643 4517 nominasse,
2716 4455 2845 4522 quia
2909 4456 3152 4511 nondum
3213 4463 3556 4516 sanctificata

294 4555 596 4608 secundum
634 4568 823 4606 vocem
862 4550 1076 4605 Domini
1117 4552 1285 4604 semel
1323 4551 1656 4619 baptizatur,
1689 4551 1742 4604 in
1774 4567 1869 4604 no-
1901 4552 1948 4607 ι)
1973 4555 2132 4600 erant
2170 4561 2182 4597 :
2214 4544 2286 4598 ita
2330 4560 2464 4600 vero
2512 4562 2575 4601 ea
2631 4549 2946 4603 nominasse
2993 4551 3165 4606 multo
3213 4564 3335 4622 post
3388 4557 3554 4610 verba

295 4647 436 4699 mine
470 4645 663 4710 Patris,
699 4654 756 4699 et
805 4645 951 4708 Filii,
982 4653 1038 4697 et
1084 4641 1324 4711 Spiritus
1357 4641 1558 4706 sancti,
1609 4651 1866 4709 tanquam

295 4738 740 4803 pronuntiatione
771 4735 1058 4789 Trinitatis
1097 4744 1152 4789 et
1184 4733 1310 4788 fidei
1357 4736 1412 4788 in
1471 4750 1555 4797 ea,
1586 4735 1739 4802 juxta
1770 4730 1873 4783 Du-

298 4829 552 4883 minieam
610 4828 987 4891 traditionem,
1046 4828 1366 4896 perficiatur
1429 4826 1760 4895 baptismus.
1815 4822 1869 4876 Si

298 4918 462 4988 igitur
492 4921 611 4974 ha'c
652 4919 762 4973 duo
794 4921 909 4974 sola
955 4929 1296 4974 sacramenta
1328 4918 1380 4972 in
1411 4917 1724 4988 Evangeliis
1757 4933 1872 4969 ina-

295 5013 489 5067 nifeste
533 5011 734 5066 tradita
769 5012 1002 5081 legimus
1035 5030 1048 5066 :
1078 5012 1315 5064 alterum
1359 5026 1488 5064 vero
1523 5025 1738 5073 eorum,
1772 5009 1874 5061 hoc

293 5114 372 5155 est
400 5103 726 5171 bsptismus,
755 5101 1050 5155 Dominicis
1075 5101 1356 5168 perficitur
1385 5097 1597 5163 verbis,
1633 5099 1875 5166 profccw

295 5206 347 5247 et
373 5195 504 5248 illud
534 5210 775 5262 quoque,
811 5194 913 5247 hoc
946 5201 1030 5245 est
1065 5191 1491 5254 Eucharistiam,
1527 5191 1731 5245 divinis
1767 5193 1876 5247 illis

297 5296 349 5338 et
382 5304 410 5339 a
455 5287 564 5340 Deo
608 5285 823 5338 traditis
847 5285 1028 5338 verbis
1063 5283 1260 5338 coutici
1294 5283 1724 5338 existimandum
1760 5295 1868 5340 est.

298 5379 572 5451 Siquidem
598 5383 650 5434 in
673 5379 826 5434 omni
850 5394 1051 5450 genere
1075 5393 1258 5432 rerum
1281 5387 1522 5446 quatuor
1538 5393 1658 5432 esse
1679 5393 1877 5432 causas

297 5482 506 5539 oportet
533 5490 544 5523 :
571 5470 901 5532 efl'ectivam,
926 5467 1234 5529 formalem,
1263 5467 1480 5520 finalem
1533 5477 1586 5521 et
1617 5469 1872 5540 materia-

299 5563 422 5616 lem.
464 5563 663 5617 Forma
716 5571 901 5614 autem
955 5559 1116 5626 hujus
1166 5558 1498 5613 sacramenti
1532 5558 1697 5612 verba
1743 5572 1876 5614 sunt

302 5653 599 5716 Dominica.
624 5664 680 5708 et
709 5653 847 5706 nihil
869 5651 1044 5706 aliud.
1073 5652 1304 5719 PrOpter
1329 5650 1476 5719 quod
1508 5666 1676 5704 unum
1705 5651 1876 5705 idem-

297 5762 400 5814 que
427 5765 546 5803 esse
592 5748 747 5800 decet
803 5743 1254 5812 unumquodque,
1284 5757 1411 5796 cum
1456 5755 1512 5796 et
1554 5741 1725 5795 forma
1766 5759 1875 5797 una

301 5841 390 5908 sit,
423 5853 642 5912 propter
667 5857 830 5909 quam
860 5837 1112 5907 estquod
1141 5844 1226 5889 est
1252 5845 1306 5888 et
1335 5850 1456 5890 csse
1483 5835 1712 5892 dicitur.
1747 5836 1872 5892 Ηιιξε

621 5940 902 6001 Parum.
943 5937 987 5996 Ci
1002 5954 1063 5995 tt.
1113 5934 1200 5994 CL
1213 5933 1318 5993 X1.

1977 4639 2281 4693 Dominica.
2315 4638 2503 4694 Tertia
2553 4645 2693 4696 ratio
2733 4651 2817 4696 est
2851 4645 3041 4712 opinio
3071 4647 3405 4704 sanctissimi
3454 4652 3558 4704 viri

1977 4731 2220 4804 Dionysii
2273 4732 2636 4802 Areopagitae,
2682 4735 2774 4802 qui
2810 4746 2998 4804 aperte
3045 4740 3255 4795 sentire
3312 4743 3554 4806 videtur,

1978 4835 2100 4892 post
2133 4824 2299 4878 verba
2336 4825 2548 4878 Domini
2586 4827 2689 4880 hoc
2719 4841 3123 4884 sacramentum
3159 4829 3376 4888 conﬁci.
3406 4836 3476 4891 Iis
3504 4837 3557 4891 in

1979 4917 2270 4984 prarsentia
2306 4918 2613 4972 rationibus
2643 4934 2673 4971 ιι
2709 4921 2869 4974 nobis
2906 4924 3349 4990 respondendum
3381 4939 3489 4983 est.

2049 5007 2106 5061 In
2140 5007 2329 5074 primis
2355 5017 2536 5062 autem
2574 5023 2758 5062 veruts
2784 5022 3103 5066 sanctorum
3147 5015 3435 5071 doctorum
3465 5024 3581 5088 qui‘

1979 5101 2173 5154 missas
2203 5109 2674 5167 composuerunt,
2711 5102 2868 5155 unica
2908 5105 3046 5157 ratio
3091 5107 3379 5162 satisfecit.
3423 5109 3558 5164 Cum

1979 5194 2080 5261 ipsi
2107 5201 2342 5262 quatuor
2369 5193 2558 5247 Patres
2587 5193 2728 5248 idem
2764 5195 2924 5262 plane
2949 5197 3153 5261 dicant,
3178 5214 3370 5252 eorum
3395 5203 3559 5255 verba

1978 5295 2104 5338 ante
2126 5285 2310 5338 omnia
2341 5285 2652 5338 audiamus.
2681 5284 2936 5342 Clemens
2959 5289 3144 5357 itaque
3172 5293 3405 5360 primus,
3434 5311 3558 5347 cum

1981 5378 2243 5431 miracula
2277 5378 2488 5430 Domini
2527 5389 2582 5431 ct
2633 5394 2720 5432 res
2753 5390 2935 5449 gestas
2965 5382 3108 5451 ejus,
3152 5398 3218 5437 ac
3250 5399 3564 5442 sacramen-

1983 5479 2162 5522 torum
2199 5485 2227 5521 a
2255 5469 2486 5522 Domino
2515 5469 2868 5525 traditionem
2898 5485 3413 5540 commemorasset,
3435 5488 3563 5547 post

1978 5576 2040 5611 ea
2080 5558 2298 5627 inquit:
2351 5558 2620 5612 Memores
2655 5559 2842 5627 itaque
2871 5577 2970 5615 nos
3022 5562 3317 5629 passionis.
3371 5573 3564 5621 mortis

1980 5662 2034 5702 ct
2066 5647 2495 5703 resurrectionis
2520 5649 2662 5717 ejus,
2709 5658 2844 5711 etc.,
2878 5649 3168 5704 offerimus
3201 5651 3301 5706 tibi
3346 5653 3476 5723 [legi
3507 5666 3564 5709 et

1983 5741 2094 5794 Deo
2131 5742 2437 5794 secundum
2470 5741 2590 5810 ejus
2614 5751 2909 5810 praecepta,
2933 5753 3040 5798 etc.
3078 5741 3358 5813 Rogamus
3411 5757 3461 5799 te
3505 5761 3566 5800 ιιι

1981 5836 2282 5890 clementer
2314 5833 2576 5905 inSpicias
2627 5835 2742 5890 haec
2784 5837 3069 5906 proposita
3110 5853 3300 5896 coram
3349 5847 3400 5894 te
3448 5855 3565 5897 mu-

3062 5931 3127 5996 17
