4086 6424
436 388 541 447 515

1394 383 1906 444 BESSARIONIS
1949 386 2006 445 S.
2053 388 2118 447 ll.
2166 386 2226 449 Ε.
2268 388 2741 449 CARDlNALlS

3610 393 3716 461 F16

440 517 595 562 nera,
634 510 689 554 ttt
720 498 923 552 nuliins
960 496 1208 567 indigens
1240 497 1403 563 Deus,
1430 508 1483 551 et
1511 498 1566 551 in
1601 496 1680 551 eis
1704 496 1843 551 bene
1875 513 2017 552 eom-
2044 500 2092 558 Α
2121 514 2244 553 cum
2279 500 2501 555 Christo
2550 492 2817 571 corporis
2850 502 3187 559 efﬁciuntur.
3225 505 3287 558 Et
3335 504 3441 560 hoc
3486 509 3710 577 quidem

442 594 683 663 placeas,
717 592 781 645 ad
836 591 1104 645 honorem
1134 588 1340 645 Christi
1372 590 1473 655 tui,
1531 598 1585 645 et
1624 590 1809 644 mittas
1846 589 2023 660 Spiri-

445 699 557 739 tum
589 693 837 738 sanctum
873 692 1049 745 tuum,
1081 690 1274 736 testem
1301 680 1574 750 passionis
1600 682 1817 736 Domini
1850 684 2022 738 nostri

438 779 590 841 Jesu,
623 790 788 843 super
819 774 923 829 hoc
957 773 1255 839 sacriﬁcio,
1288 774 1382 844 qui
1420 774 1567 828 hunc
1602 789 1795 844 panem
1822 789 2024 843 corpus

438 870 641 925 ChriSti
677 869 777 933 tui,
806 878 861 923 et
900 868 1057 922 hunc
1086 867 1311 921 calicem
1347 866 1670 936 sanguinem
1705 867 1907 923 Christi
1944 868 2021 923 tui

437 963 657 1018 efﬁciat.
692 962 847 1016 Licet
875 961 1023 1016 enim
1061 960 1176 1014 hrec
1197 958 1500 1014 Clemen‘tis
1532 960 1696 1015 verba
1731 960 1875 1015 inter
1897 976 2026 1028 apo-

438 1054 675 1125 cryphas
734 1051 1039 1120 scripturas
1080 1049 1506 1113 commemorari
1562 1050 1795 1115 soleant,
1849 1050 2026 1118 placet

421 1154 623 1196 uamen
672 1141 753 1195 eis
786 1140 1283 1208 impraiseutiarum
1336 1148 1596 1209 tanquam
1644 1139 1788 1194 veris
1834 1155 2023 1194 assen-

441 1237 666 1290 tiamur.
699 1233 936 1290 Jacobus
965 1247 1187 1302 quoque
1243 1231 1419 1285 multo
1449 1240 1573 1302 post
1601 1231 1767 1286 verba
1810 1231 2022 1290 Domini

441 1327 721 1390 obsecrat,
751 1325 1080 1379 utmittatur
1100 1323 1350 1395 Spiritus
1376 1332 1624 1379 sanctus.
1662 1323 1734 1379 De
1762 1340 1871 1393 quo
1898 1339 2022 1379 cum

443 1421 613 1474 multa
642 1418 893 1479 dixisset,
920 1416 1202 1486 subjungit
1226 1433 1241 1470 :
1268 1413 1344 1469 Ut
1365 1415 1668 1471 adveniens
1693 1416 2020 1481 sanctiﬁcet,

415 1522 497 1567 ~et
524 1510 862 1566 faciatJiuuc
888 1509 1111 1578 quidem
1142 1523 1335 1577 panem
1364 1522 1569 1576 corpus
1594 1507 1807 1563 Christi
1836 1509 1942 1571 tui,
1962 1518 2023 1563 et

446 1607 595 1659 hunc
626 1603 851 1657 calicem
906 1601 1207 1670 pretiosum
1241 1602 1561 1671 sanguinem
1584 1599 1791 1655 Christi
1830 1601 1929 1654 tui.
1955 1602 2023 1655 At

418 1712 677 1767 magnus
718 1693 953 1749 Basilius
981 1692 1236 1747 similiter
1263 1701 1384 1761 post
1416 1690 1584 1747 verba
1615 1691 2023 1747 Salvatorisin-

441 1798 602 1845 vocat
635 1796 884 1844 sanctum
914 1784 1201 1854 Spiritum,
1227 1793 1288 1839 ut
1313 1784 1378 1839 ad
1412 1783 1687 1855 proposita
1724 1783 2022 1840 descendat

2131 597 2315 659 petere
2347 595 2714 657 sacerdotem,
2746 609 2870 649 cum
2908 604 3085 665 rogat,
3129 606 3187 651 ut
3213 595 3555 653 descendens
3586 600 3718 671 Spl-

2129 682 2268 737 ritus
2318 692 2580 745 sanctus,
2638 700 2831 754 panem
2873 685 3095 755 quidem
3156 688 3461 756 pretiosum
3516 705 3717 759 corpus

2126 772 2352 838 Christi,
2386 775 2611 829 calicem
2640 791 2771 830 vero
2802 778 3105 846 pretiosum
3131 779 3460 849 sanguinem
3507 780 3669 836 faciat
3700 826 3713 845 ,

2132 864 2236 918 hoc
2292 874 2400 927 est,
2448 876 2509 919 ut
2558 866 2771 921 ﬁdelem
2846 868 3111 938 populum
3163 873 3455 942 mysticum
3514 890 3719 943 corpus

2126 954 2329 1010 Christi
2374 957 2809 1028 sanguinemque
2843 957 3028 1023 faciat,
3069 976 3178 1031 quo
3211 964 3455 1018 membra
3483 976 3539 1020 et
3585 982 3715 1035 par-

2129 1052 2210 1099 tes
2237 1061 2546 1117 corpusque
2576 1048 2695 1118 ejus
2726 1048 2933 1117 effecti,
2959 1057 3017 1106 et
3050 1053 3153 1107 sibi
3197 1054 3335 1122 ipsis
3360 1053 3627 1111 charitate
3660 1065 3717 1109 et

2127 1136 2351 1192 Christo
2383 1138 2544 1204 uniti,
2586 1139 2774 1196 vivant
2807 1156 2932 1197 cum
2980 1156 3049 1198 eo
3084 1143 3253 1197 vitam
3302 1154 3565 1201 aeternam
3593 1188 3607 1207 ,
3659 1156 3718 1198 ιιι

2131 1228 2262 1284 ﬁant
2285 1230 2460 1297 ipsius
2488 1231 2823 1288 coharrcdes.
2866 1234 2977 1289 Nos
3008 1249 3139 1289 vero
3176 1245 3372 1305 praeter
3424 1238 3539 1291 hzee
3581 1238 3715 1291 illud

2129 1321 2311 1390 potius
2357 1322 2651 1378 dicendum
2693 1325 3091 1389 existimamus.
3121 1330 3264 1396 quod
3295 1343 3421 1383 cum
3464 1330 3715 1384 divinum

2127 1412 2231 1468 hoc
2281 1426 2683 1469 sacramentum
2737 1416 2812 1470 sit
2864 1432 3173 1484 commune,
3225 1419 3299 1474 sit
3359 1435 3495 1491 Opus
3545 1423 3717 1475 ιοιίυς⁵

2128 1503 2433 1571 Trinitatis,
2484 1520 2709 1562 necesse
2740 1518 2825 1562 est
2867 1524 2986 1573 nos,
3032 1510 3499 1580 quemadmodum
3528 1526 3712 1579 .supra

2127 1596 2388 1661 diximus,
2417 1607 2471 1651 et
2492 1598 2708 1653 Patrem
2751 1607 2807 1654 ct
2841 1599 3109 1670 Spiritum
3138 1611 3388 1655 sanctum
3420 1617 3545 1656 eum
3576 1601 3717 1657 Filio

2130 1689 2405 1754 invocare,
2443 1700 2502 1745 ut
2540 1691 2819 1761 proposita
2866 1708 3093 1747 munera
3126 1693 3434 1763 perﬁciant.
3463 1693 3617 1761 Quod
3658 1704 3715 1749 ct

2128 1782 2332 1852 passim
2374 1799 2485 1853 -per
2537 1793 2704 1839 totam
2756 1786 2977 1841 missam
3035 1786 3285 1853 facimus,
3339 1797 3396 1843 et
3443 1804 3551 1843 non
3587 1799 3715 1843 ante

445 1895 697 1947 munera,
744 1888 797 1934 et
834 1877 1141 1933 sanctiﬁcet
1164 1917 1179 1940 ,
1222 1886 1279 1933 et
1325 1876 1489 1931 faciat
1548 1891 1744 1948 panem
1793 1876 2015 1945 quidem
2051 1864 2099 1926 Β
2129 1876 2296 1931 verba
2325 1874 2644 1943 Salvatoris,
2677 1878 2771 1933 sed
2804 1878 2969 1933 etiam
3003 1888 3124 1949 post
3153 1881 3339 1936 multis
3368 1896 3494 1935 cum
3531 1883 3714 1951 preci-

444 1974 742 2045 pretiosum
779 1985 980 2040 corpus
1008 1968 1224 2025 Domini
1260 1967 1352 2023 Dei
1384 1979 1439 2023 et
1469 1968 1771 2023 Salvatoris
1805 1968 2019 2023 Domini

418 2070 617 2123 nostri
672 2066 796 2121 Jesn
825 2062 1050 2118 Christi
1076 2102 1091 2126 ,
1124 2061 1435 2116 et‘ealicem
1466 2060 1771 2130 pretiosum
1801 2059 2022 2130 sangui-

416 2177 567 2216 nem
598 2158 803 2215 Christi
838 2156 1013 2211 nostri
1043 2154 1136 2226 qui
1168 2153 1375 2209 etl'usus
1404 2160 1487 2209 est
1516 2168 1618 2223 pro
1659 2152 1851 2208 mundi
1887 2154 2018 2207 vita.

417 2253 525 2306 IAd
560 2255 675 2306 inec
703 2249 1148 2318 Cbrysostomus,
1172 2255 1295 2314 post
1318 2242 1485 2298 verba
1509 2242 1723 2298 Domini
1758 2250 1814 2299 et
1836 2257 2021 2298 rerum

447 2362 541 2412 rer
572 2358 698 2399 eum
732 2352 1008 2413 gestarum
1041 2337 1438 2401 narrationem,
1482 2334 1669 2391 subdit
1700 2352 1714 2390 :
1746 2334 2023 2405 Rogamus

417 2450 518 2501 'te,
565 2435 755 2490 emitte
787 2433 1053 2504 Spiritum
1086 2438 1242 2484 tuum
1292 2437 1546 2507 sanctum
1590 2443 1759 2498 super
1801 2442 1923 2494 nos,
1967 2437 2024 2481 et

427 2546 605 2600 super
635 2531 752 2584 haec
788 2527 1071 2597 proposita
1123 2539 1378 2592 munera,
1413 2532 1468 2579 et
1496 2522 1581 2578 fac
1620 2521 1770 2577 hunc
1798 2521 2021 2592 quidem

424 2625 745 2695 pretiosum
780 2635 980 2689 corpus
1033 2617 1236 2673 Christi
1290 2617 1408 2680 tui,
1458 2615 1603 2686 quod
1638 2631 1771 2670 vero
1817 2616 1871 2669 in
1917 2613 2023 2669 hoc

443 2717 753 2777 calice-est,
786 2712 1091 2783 pretiosqu
1133 2707 1458 2779 sanguinem
1497 2706 1706 2762 Christi
1756 2706 1859 2760 tui.
1892 2706 2023 2760 Post

445 2811 559 2864 hate
587 2807 904 2878 subjungit:
927 2804 1325 2859 Transmutans
1353 2814 1417 2855 ea
1446 2798 1653 2869 Spiritu
1690 2809 1882 2854 sancto
1902 2806 2018 2852 tuo.

440 2904 520 2958 Ex
560 2901 764 2971 quibus
810 2896 1069 2953 omnibus
1094 2893 1256 2949 facile
1309 2901 1456 2948 esset
1500 2891 1679 2946 cuivis
1729 2906 2021 2960 argumen-

443 2992 548 3046 tari
590 3006 605 3043 :
648 2990 703 3045 Si
758 2986 940 3042 verbis
990 2985 1103 3041 illis
1157 2982 1486 3047 Dominicis,
1536 2982 1648 3037 Hoc
1704 2991 1779 3037 est
1828 2999 2018 3052 corpus

446 3101 640 3148 meum,
672 3090 748 3146 et,
800 3080 898 3134 Hic
927 3087 1000 3134 est
1045 3080 1262 3150 sanguis
1312 3093 1477 3143 meus,
1506 3091 1721 3131 sacrum
1757 3074 2022 3130 Euchari-

442 3177 562 3231 stize
593 3173 885 3229 conﬁcitur
909 3172 1241 3227 sacramenti
1268 3170 1612 3243 mysterium,
1636 3167 1811 3221 sancti
1836 3165 2024 3221 Eccle-

444 3268 539 3323 sia:
564 3267 819 3321 doctores
848 3264 1075 3319 minime
1100 3272 1225 3335 post
1246 3277 1311 3317 ea
1341 3262 1508 3317 verba
1537 3260 1590 3315 id
1622 3258 1863 3329 propriis
1891 3271 2020 3326 sup-

442 3357 832 3430 plicationibus
869 3357 1090 3412 efﬁcere
1127 3363 1480 3417 conarentur,
1535 3368 1636 3408 nec
1671 3351 1871 3406 deinde
1923 3365 2020 3419 pa.

443 3468 567 3508 nem
602 3460 658 3506 et
680 3450 866 3503 vinum
900 3448 1265 3503 nominarent.
1292 3447 1431 3502 Cum
1458 3460 1589 3502 vero
1620 3445 1669 3498 id
1703 3451 1887 3514 agant,
1916 3455 2021 3496 nec

443 3546 641 3599 Frustra
684 3551 905 3597 sanctos
936 3540 1093 3607 ,viros
1124 3541 1196 3595 sit
1224 3538 1681 3604 existimandum,
1732 3534 1909 3606 palam
1961 3534 2019 3587 fit

439 3634 587 3706 quod
615 3634 719 3689 hoc
751 3648 969 3688 sacrum
1006 3631 1328 3703 mysterium
1373 3630 1679 3684 Dominicis
1708 3628 1892 3682 verbis
1921 3642 2019 3681 nc-

437 3742 713 3798 quaquam
750 3724 944 3781 conﬁci
978 3723 1388 3780 existimabant.
1438 3722 1580 3777 lluic
1635 3720 1804 3791 igitur
1853 3734 2017 3788 argu-

439 3827 625 3873 mento
654 3816 986 3886 respondere
1013 3813 1281 3878 volentes,
1312 3812 1491 3880 primo
1519 3810 1740 3881 quidem
1775 3809 1827 3863 id
1863 3823 2017 3878 repe-

440 3912 608 3964 timus
637 3908 781 3978 quod
809 3922 975 3977 supra
1008 3907 1297 3977 probatum
1322 3916 1440 3967 .eSt,
1467 3917 1660 3959 omnes
1687 3910 1793 3956 tam
1824 3900 2018 3956 Orien-

422 3999 572 4055 tales
595 4014 759 4068 quam
787 3996 1174 4054 Occidentales
1196 3995 1451 4051 doctores
1478 3996 1531 4051 in
1562 3995 1671 4050 hoc
1695 3991 2011 4054 convenire,

420 4100 496 4149 ut
528 4090 897 4146 sacrosanctis
936 4088 1153 4145 Domini
1184 4088 1366 4143 verbis
1408 4085 1774 4141 Eucharistize
1815 4091 2015 4154 myste-

434 4186 577 4237 rium
614 4183 960 4239 conficiatur.
1010 4175 1219 4237 Deinde
1267 4181 1540 4245 audimus,
1591 4192 1700 4233 non
1745 4190 1866 4231 esse
1899 4176 2013 4228 haec

431 4291 554 4344 qua:
589 4274 752 4329 modo
784 4274 1094 4340 retulimus,
1128 4271 1515 4342 superioribus
1554 4268 1665 4324 illis
1713 4267 2011 4330 contraria,

436 4384 538 4422 nec
572 4368 721 4422 aliud
780 4366 887 4431 hic,
924 4365 1071 4420 aliud
1122 4364 1231 4418 illic
1265 4373 1486 4419 sanctos
1520 4359 1669 4414 viros
1700 4359 1789 4413 rvel
1829 4356 2013 4412 dicere

440 4462 523 4513 \el
556 4460 784 4522 sentire,
818 4472 920 4512 nec
975 4471 1097 4512 esse
1120 4453 1557 4511 Occidentalium
1584 4450 1910 4506 sententiam
1941 4446 2010 4501 ab

2125 1968 2229 2024 bus
2258 1969 2600 2035 invocantes,
2636 1971 3120 2042 supplicantesque
3155 1983 3217 2028 ut
3265 1973 3417 2043 digni
3472 1975 3711 2029 ministri

2126 2072 2289 2118 tanta:
2318 2064 2393 2118 rei
2423 2061 2744 2131 efﬁciamur,
2769 2081 2878 2135 quo
2907 2067 3179 2135 possimus
3216 2067 3306 2122 illa
3334 2082 3559 2122 munera
3586 2083 3715 2137 pcr-

2124 2154 2311 2221 ﬁcere,
2340 2166 2399 2210 ut
2425 2168 2648 2227 accepta
2671 2159 2752 2213 eis
2786 2157 2936 2217 ﬁant.
2968 2166 3025 2213 et
3054 2159 3229 2229 gratia
3255 2158 3496 2230 Spiritus
3526 2162 3707 2216 sancti

2122 2262 2289 2318 super
2318 2264 2384 2305 ea
2431 2249 2753 2306 descendat.
2787 2250 2919 2317 Qua:
2963 2252 3147 2306 omnia
3184 2267 3292 2306 non
3326 2259 3434 2306 tam
3468 2254 3709 2322 agimus,

2125 2349 2186 2395 ut
2218 2340 2321 2410 ipsi
2358 2355 2417 2395 ea
2448 2340 2734 2407 faciamus,
2785 2358 2947 2413 quam
2994 2354 3053 2398 ut
3104 2344 3304 2413 populo
3351 2345 3709 2400 ostendamus

2124 2433 2434 2488 communia
2460 2448 2581 2488 esse
2620 2435 2676 2489 in
2704 2446 2950 2490 creatura
2979 2452 3145 2506 opera
3174 2435 3482 2493 Trinitatis.
3509 2439 3711 2503 Quem-
3760 2418 3773 2425 ’

2123 2525 2421 2581 admodum
2477 2528 2624 2581 enim
2683 2527 3031 2598 beneplacito
3088 2529 3288 2595 Patris,
3349 2540 3405 2585 et
3471 2531 3711 2600 Spiritus

2124 2618 2299 2672 sancti
2346 2619 2652 2683 voluntate,
2703 2636 2845 2675 unus
2877 2623 2929 2675 in
2961 2620 3232 2677 Trinitate
3268 2632 3461 2678 natura
3506 2624 3600 2679 Dei
3652 2636 3711 2680 et

2125 2711 2302 2765 Patris
2351 2711 2543 2778 Filius,
2579 2727 2642 2767 ex
2697 2713 2907 2769 sanctis
2956 2722 3012 2769 et
3059 2714 3426 2771 immaculatis
3468 2716 3713 2785 Virginis

2125 2803 2485 2874 sanguinibus
2537 2820 2738 2875 corpus
2784 2807 3101 2877 assumpsit,
3154 2809 3227 2863 ita
3283 2818 3339 2862 et
3375 2809 3478 2864 hoc
3506 2827 3710 2882 corpus

2124 2893 2313 2949 altaris
2371 2894 2485 2964 ipsa
2531 2895 2773 2951 Trinitas
2821 2907 2995 2966 creat,
3038 2901 3152 2969 ipse
3190 2900 3430 2970 Spiritus
3482 2916 3713 2960 sanctus

2128 2985 2368 3054 potentia
2404 3002 2500 3041 sua
2527 3002 2594 3043 ex
2621 2990 2926 3044 substantia
2956 2991 3010 3045 in
3047 2991 3434 3059 substantiam,
3464 2994 3568 3050 hoc
3599 3008 3706 3059 est.

2124 3093 2189 3134 ex
2231 3095 2369 3149 pane
2418 3080 2472 3135 in
2504 3096 2706 3151 corpus
2757 3091 3107 3139 transmutat.
3137 3083 3271 3150 Quae
3324 3102 3412 3142 res
3459 3096 3535 3142 ιιι·
3564 3088 3711 3144 ﬁdeli

2122 3172 2328 3240 populo
2350 3172 2531 3242 palam
2568 3172 2677 3241 ﬁat,
2710 3175 2858 3230 illius
2886 3176 3050 3245 etiam
3100 3190 3203 3232 nos
3250 3178 3563 3237 meminisse
3608 3197 3708 3237 ne-

2125 3275 2278 3316 cesse
2305 3272 2409 3317 est.
2442 3261 2507 3316 Et
2536 3264 2642 3319 hoc
2681 3265 2817 3319 velle
2870 3265 2992 3320 illos
3023 3265 3278 3323 doctores
3328 3269 3421 3338 qui
3473 3285 3571 3339 per
3608 3270 3709 3324 ad-

2124 3362 2344 3407 ventum
2378 3353 2618 3424 Spiritus
2650 3360 2821 3412 sancti
2855 3367 3262 3413 sacramentum
3301 3361 3405 3415 hoc
3454 3360 3571 3416 ﬁeri
3623 3364 3708 3417 di-

2123 3454 2277 3501 cunt.
2307 3445 2446 3501 Sunt
2475 3462 2603 3502 vero
2645 3446 2809 3502 iidem
2847 3448 3029 3518 plane,
3063 3450 3159 3521 qui
3203 3466 3271 3507 ex
3306 3453 3440 3508 solis
3488 3455 3706 3509 Domini

2123 3538 2308 3593 verbis
2332 3538 2690 3594 Eueharlstiae
2711 3549 3119 3596 sacramentum
3149 3543 3466 3598 existimant
3489 3545 3711 3601 confici.

2121 3629 2269 3685 Idem
2292 3631 2438 3685 enim
2471 3640 2764 3701 utrumque
2787 3632 2997 3697 dicunt,
3026 3648 3132 3687 non
3154 3637 3453 3702 contraria,
3480 3648 3575 3692 aut
3599 3639 3709 3693 sibi

2119 3721 2353 3777 invicem
2386 3724 2742 3808 repugnantia
2769 3764 2783 3787 ,
2816 3726 2912 3779 sed
2949 3726 3139 3779 eadem
3173 3725 3359 3781 dicere
3388 3729 3710 3784 existiman-

2123 3820 2204 3866 tes
2238 3829 2251 3863 :
2297 3818 2591 3881 utrumque
2626 3813 2773 3867 enim
2810 3829 3003 3868 verum
3037 3825 3143 3870 est.
3194 3816 3261 3871 Et
3294 3832 3416 3871 cum
3450 3834 3622 3873 unum
3654 3830 3709 3873 ct

2122 3904 2264 3961 idem
2306 3903 2470 3958 ambo
2516 3905 2648 3967 sint,
2682 3921 2852 3960 unum
2900 3906 3156 3977 idemque
3201 3907 3467 3976 efﬁciunt,
3502 3920 3558 3963 ct
3599 3926 3709 3965 uno

2118 4004 2282 4064 atque
2304 3994 2497 4050 eodem
2522 4005 2784 4067 tempore.
2801 3998 2860 4052 In
2881 3998 3108 4054 instanti
3136 4002 3284 4055 enim
3312 3988 3576 4069 temporis
3598 4016 3707 4056 non

2117 4088 2277 4142 aliter
2307 4095 2472 4158 atque
2499 4088 2682 4153 aliter,
2714 4105 2894 4160 neque
2941 4092 3050 4146 alio
3080 4101 3246 4162 atque
3269 4094 3376 4148 alio
3404 4104 3705 4156 momento,

2117 4179 2213 4234 sed
2244 4178 2437 4234 eodem
2474 4190 2771 4245 momento,
2807 4192 2883 4247 et,
2920 4184 2962 4237 si
3000 4184 3188 4240 dicere
3232 4185 3312 4240 fas
3361 4194 3465 4248 est,
3510 4185 3705 4240 eodem

2117 4285 2282 4331 nunc,
2319 4280 2614 4340 utrumque
2645 4272 2787 4327 idem
2820 4273 3085 4341 eﬂiciunt,
3116 4291 3239 4331 cum
3276 4284 3331 4331 et
3363 4277 3562 4331 divinae
3586 4276 3708 4329 Tri-

2117 4360 2305 4414 nitatis
2330 4376 2596 4430 personae,
2622 4377 2760 4431 quas
2791 4363 3134 4427 invommus,
3169 4382 3336 4421 unum
3363 4376 3526 4437 atque
3556 4368 3702 4421 idem

2116 4451 2419 4506 substantia
2472 4461 2528 4507 et
2570 4454 2966 4523 iuseparabiles
3027 4458 3156 4510 sint.
3210 4457 3365 4524 Quod
3414 4458 3461 4511 si
3516 4475 3699 4512 rerum

414 4553 795 4607 Orientalium
850 4548 1112 4619 Opinione
1147 4547 1443 4602 diversam.
1494 4543 1601 4597 Nec
1636 4542 1785 4598 enim
1836 4541 1883 4594 si
1938 4540 2009 4593 iza
2045 4553 2088 4609 ι)
2118 4553 2313 4598 natura
2346 4545 2452 4599 tale
2482 4546 2703 4615 aliquod
2735 4548 2965 4601 verbum
3016 4550 3124 4616 pati
3161 4559 3365 4617 posset,
3396 4551 3540 4617 quod
3574 4568 3698 4605 lli0.\'

418 4650 596 4711 foret,
624 4660 768 4699 unus
792 4653 847 4699 et
870 4642 1016 4697 idem
1051 4639 1276 4694 divinus
1305 4636 1566 4707 Spiritus,
1604 4635 1700 4689 sed
1731 4632 2005 4695 diversus,

436 4754 535 4793 nec
575 4737 849 4800 veritatis,
890 4735 983 4789 sed
1036 4730 1306 4787 mendacii
1354 4730 1538 4800 potius
1590 4736 1756 4796 atque
1803 4727 2009 4780 erroris

435 4832 664 4901 spiritus
701 4831 756 4885 in
790 4829 857 4883 iis
883 4828 1100 4882 locutus
1127 4823 1323 4879 fuisset
1354 4840 1367 4877 :
1401 4819 1551 4891 quod
1579 4819 1746 4876 etiam
1768 4818 2009 4888 cogitare

429 4927 639 4993 absque
674 4921 959 4992 impietate
1002 4932 1112 4972 non
1142 4914 1289 4969 licet.
1350 4912 1586 4968 Necesse
1620 4921 1705 4965 est
1746 4909 1913 4980 igitur
1950 4914 2011 4960 ut

433 5018 526 5070 illa
560 5030 687 5069 vera
721 5014 854 5077 sint,
887 5019 942 5065 et
963 5008 1079 5063 haec
1106 5022 1204 5078 per
1229 5014 1431 5060 rectam
1462 5004 1866 5074 expositionem
1903 5001 2009 5054 illis

432 5112 799 5160 consentanea
831 5115 951 5155 esse
982 5101 1370 5154 ostendantur.
1422 5096 1617 5150 Dicere
1669 5096 1854 5163 itaque
1896 5108 2007 5145 non

433 5198 551 5251 sine
589 5194 801 5249 ratione
833 5192 1063 5248 fortasse
1105 5189 1376 5259 quispiam
1430 5194 1637 5257 posset,
1687 5184 1834 5254 quod
1881 5198 2005 5237 cum

430 5301 633 5356 corpus
666 5282 883 5343 Domini
918 5281 1119 5352 duplex
1154 5280 1228 5335 sit
1264 5276 1748 5349 tquemadmodum
1797 5277 1849 5329 in
1893 5275 2007 5345 pri-

430 5378 643 5432 mordio
673 5374 849 5431 nostri
872 5372 1144 5429 sermonis
1167 5368 1553 5437 ostendimus),
1578 5382 1767 5422 verum
1799 5366 2009 5423 scilicet

421 5481 482 5526 et
511 5472 821 5544 mysticum,
858 5466 989 5523 illud
1018 5464 1239 5537 quidem
1268 5462 1448 5533 ipsius
1470 5460 1682 5515 Domini
1707 5461 1889 5514 verbis
1913 5475 2008 5513 cu-

420 5567 511 5636 jus
544 5579 743 5633 corpus
769 5570 874 5629 est,
914 5554 1133 5625 confici,
1166 5560 1269 5612 hoc
1301 5572 1455 5621 vero,
1487 5554 1633 5625 quod
1661 5553 1763 5625 ipsi
1792 5569 2004 5614 sumus,

424 5656 598 5711 sacris
628 5654 975 5729 sacerdotum
1006 5650 1283 5723 precibus,
1308 5658 1364 5705 et
1386 5647 1553 5718 justis
1584 5646 1921 5709 actionibus,
1952 5655 2007 5699 et

426 5750 552 5801 vitae
584 5763 647 5800 ac
677 5760 889 5801 morum
920 5744 1204 5799 honestate
1236 5738 1523 5810 compleri,
1562 5752 1685 5791 cum
1714 5732 1877 5806 digne
1908 5737 2008 5790 ho-

424 5838 603 5893 mines
643 5852 853 5893 sacram
917 5832 1315 5890 Each-aristiam
1363 5831 1610 5902 capiunt,
1659 5839 1713 5885 et
1761 5828 2003 5901 ejusdem

2112 4645 2167 4689 et
2210 4637 2330 4691 sine
2373 4636 2608 4708 alicujus
2663 4640 2926 4708 temporis
2979 4639 3270 4693 intervallo
3326 4654 3441 4693 rem
3481 4654 3699 4693 onmem

2112 4727 2470 4798 exprimeret,
2504 4730 2751 4799 profecto
2781 4746 2879 4784 nos
2923 4730 3085 4784 simul
3124 4739 3178 4784 et
3206 4730 3398 4784 eodem
3452 4740 3698 4799 tempore

2114 4835 2238 4874 cum
2281 4821 2469 4877 verbis
2498 4820 2714 4876 Domini
2746 4831 2942 4876 caetera
2972 4822 3157 4875 omnia
3194 4820 3699 4891 pronuntiaremus.

2112 4912 2205 4969 illa
2232 4912 2455 4982 quidem
2478 4912 2743 4968 duntaxat
2776 4912 3104 4969 sacramenti
3140 4913 3431 4968 eihcientia
3468 4915 3703 4970 creden-

2115 5016 2217 5070 tes,
2246 5014 2303 5059 et
2331 5014 2512 5059 tamen
2544 5004 2723 5059 Patris
2748 5015 2805 5060 et
2836 5004 3079 5075 Spiritus
3112 5006 3286 5061 sancti
3309 5008 3541 5077 gratiam
3586 5023 3697 5061 nou

2113 5093 2429 5149 dubitantes
2457 5094 2674 5160 adesse,
2702 5105 2759 5151 et
2792 5096 2897 5150 hoc
2929 5097 3180 5153 oratione
3206 5106 3263 5153 et
3294 5099 3549 5167 precibus
3584 5114 3699 5151 ma-

2115 5185 2453 5243 nifestautes.
2498 5188 2712 5245 Adsunt
2759 5188 2965 5244 etenim
3020 5189 3094 5244 illi
3145 5205 3365 5260 quoque
3409 5205 3531 5245 cum
3577 5190 3698 5246 istis

2114 5278 2332 5333 Domini
2364 5278 2571 5344 verbis,
2599 5279 2766 5334 etiam
2794 5279 2958 5336 nobis
2989 5281 3239 5336 nonnihil
3271 5281 3411 5336 ultra
3442 5281 3693 5351 flagitan-

2114 5370 2281 5426 tibus.
2313 5368 2420 5425 Sed
2464 5386 2590 5425 cum
2638 5370 2899 5426 desiderii
2932 5373 3105 5427 nostri
3154 5387 3495 5443 nequeamus
3533 5374 3695 5426 ardo-

2114 5477 2229 5516 rem
2255 5462 2561 5530 continere,
2592 5463 2922 5519 nominatim
2950 5479 3169 5534 quoque
3194 5480 3323 5520 eum
3350 5466 3691 5524 invocamus,

2110 5564 2167 5608 et
2215 5557 2560 5624 praesentiam
2613 5557 2731 5625 ejus
2787 5556 3006 5626 populis
3060 5557 3360 5626 aperimus.
3421 5553 3691 5610 Ctetet‘um

2112 5648 2369 5716 quoniam
2404 5659 2600 5702 natura
2633 5663 2818 5703 rerum
2844 5648 2898 5703 id
2928 5659 3097 5713 vetat,
3125 5663 3458 5718 necesseque
3484 5659 3567 5703 est
3597 5664 3694 5717 per

2113 5738 2399 5793 intervalla
2434 5740 2694 5809 temporis
2726 5756 2894 5795 unum
2955 5750 3077 5809 post
3123 5739 3268 5793 aliud
3306 5740 3529 5793 verbum
3570 5753 3694 5807 prn-

2114 5829 2387 5897 uuntiare,
2419 5842 2583 5901 atque
2617 5830 2690 5886 ita
2723 5841 2889 5887 totam
2924 5832 3207 5886 historiam
3239 5832 3564 5885 sacramenti
3608 5844 3692 5883 re-
