4086 6470
321 463 414 528 5.7
833 406 846 418 ’
1302 447 1399 509 ne
1444 436 1959 504 SACliAMENTO
2002 426 2576 493 iacenti-nstra.
3463 406 3569 474 εις

321 583 520 646 peiore,
562 568 759 624 deinde
801 567 1018 623 Patrem
1063 576 1115 619 et
1159 563 1420 633 Spiritum
1453 569 1704 613 sanctum
1737 553 1889 605 invo-
1921 561 1963 615 Α
1995 559 2186 614 prccrs
2231 542 2388 603 illas,
2443 541 2648 609 quibus
2689 532 2937 588 nonnulli
2988 526 3309 582 existimant
3349 538 3565 576 sacrum

1840 642 1851 646 _
1995 637 2032 646 ..
2112 636 2124 646 .
2218 635 2228 646 .
2272 635 2301 646 Α.
2514 641 2524 646 -
2601 630 2610 639 -
2644 643 2707 646 η--
2748 641 2783 646 μ
2812 623 2932 646 -12-:
2995 621 3151 646 n.....t
3188 618 3229 646 οε
3272 617 3336 646 ιιι.
3372 615 3565 646 η-ἶηνὶ,

323 615 520 646 rw“,
564 615 757 624 _-..._-
801 615 1018 623 ____-___
1171 615 1299 633 ,τίη
1342 615 1347 616 γ

322 681 458 729 care,
485 663 686 717 idcirco
713 661 782 714 iis
810 661 904 730 qui
939 674 1046 712 non
1089 659 1226 712 bene
1256 669 1369 709 rem
1397 648 1765 706 considerant,
1803 642 1887 695 vi-
1995 635 2354 690 Eucharistiie
2392 630 2712 702 mysterium
2741 623 2958 680 Confici.
2995 621 3152 685 Quod
3187 618 3232 670 si
3272 617 3340 670 iis
3372 615 3540 683 priori
3556 643 3586 670 ο,

321 757 430 812 deri
461 756 597 810 solet
629 755 780 808 aliud
807 764 928 807 esse
951 749 1098 821 quod
1120 758 1310 819 postea
1335 745 1682 798 invocatione
1711 733 1887 790 sancti
1996 731 2097 784 bus
2127 727 2309 781 verbis
2343 736 2399 779 ct
2435 726 2534 777 bac
2563 717 2940 790 Cbrysostomi
2976 713 3228 768 Oratione
3261 723 3577 761 sacramen—

2397 817 2419 821 ..
2463 815 2472 821 .
2727 809 2745 821 ι-
2815 819 2821 821 _
2981 820 2990 821 κ
3037 820 3044 821 ,
3071 820 3080 821 κ
3127 799 3424 821 .--ε---ει---..
3457 813 3553 821 κη..

322 849 550 918 Spiritus
600 846 825 908 dicitur,
858 799 1024 912 ωειῖιε
1068 799 1413 895 εοῖιηηπηοάο
1458 834 1669 900 absque
1703 825 1890 881 verbis
1995 829 2110 872 tum
2142 834 2247 872 non
2280 815 2592 872 coniicitur,
2621 809 2867 879 profecto
2899 820 2998 859 nec
3023 799 3427 871 posterioribus
3457 813 3580 866 pcr-

2020 917 2024 918 ,
2069 913 2080 918 -
2592 905 2664 918 -..-
2758 916 2800 918 __
2831 900 2932 918 ιη..
2992 903 3114 918 -.....
3152 909 3164 918 .
3194 891 3383 918 mula...
3433 887 3579 918 ηηῖηι

325 887 550 918 ,ηπ-...ω
602 887 825 908 ...-.....,
858 887 1023 912 .-νη
1068 887 1403 895 πωπω-η
1579 887 1594 900 _

325 940 528 995 Domini
553 946 959 994 sacramentum
987 931 1283 988 conficere.
1317 925 1475 994 Quod
1507 930 1656 977 certe
1688 937 1714 972 a
1749 918 1893 972 veri-
1999 913 2235 972 Iicietur,
2262 925 2383 978 quae
2411 921 2535 960 cum
2592 905 2699 955 illis
2745 900 2936 953 eadem
2991 903 3120 948 sunt
3152 909 3166 944 :
3193 891 3399 944 eadem
3432 887 3579 941 cnim

322 1043 425 1088 tate
465 1029 786 1100 longissime
833 1026 1011 1080 abest.
1047 1022 1279 1092 Oportet
1312 1019 1457 1071 enim
1509 1015 1626 1068 haec
1678 1011 1894 1078 aliaque
1998 1003 2322 1059 eorumdem
2355 1007 2482 1051 sunt
2512 991 2827 1049 ellicientia.
2857 987 3145 1043 Pcrficitur
3187 994 3367 1037 autem
3396 981 3583 1034 verbis

2003 1095 2079 1100 ”“’
2301 1093 2313 1100 ⁸
2524 1097 2533 1100 -
2811 1098 2822 1100 Α
2853 1083 2911 1100 ν-
2984 1077 3216 1100 --ι---ἶ--ςι-
3262 1071 3583 1100 ---ἶ-ιηῖ.η.1ἶ..

325 1071 424 1088 ...υ
465 1071 785 1100 .ν..,,.........ν
834 1071 1011 1080 um---
1058 1071 1237 1092 ,τμη
1806 1071 1819 1078 _

324 1122 650 1195 bujusmodi,
681 1135 788 1173 non
819 1128 1076 1186 tanquam
1104 1116 1166 1168 in.
1188 1121 1439 1180 tempore
1465 1108 1522 1162 in
1555 1119 1667 1175 quo
1701 1101 1898 1157 dicun-
2002 1095 2113 1150 illis
2144 1107 2265 1163 qua:
2301 1093 2444 1146 inter
2482 1097 2710 1154 utraque
2745 1083 2942 1139 media,
2984 1077 3218 1130 maxime
3262 1071 3584 1144 principalia

1823 1193 1832 1195 -
2188 1187 2198 1195 -
2383 1190 2393 1195 -
2433 1181 2470 1195 τι
2572 1179 2582 1189 ·
2635 1177 2727 1195 κλ-
2770 1173 2949 1195 ---_t.:-
3014 1169 3136 1195 tt-.-
3173 1175 3296 1195 οη...
3337 1180 3455 1195 ηυιιι
3507 1172 3584 1195 ι..-

325 1230 428 1280 tur,
466 1216 560 1270 sed
595 1225 854 1282 tanquam
889 1212 942 1264 in
970 1219 1215 1276 tempore
1240 1219 1336 1274 pro
1365 1215 1474 1272 quo
1505 1199 1791 1257 dicuntur,
1819 1193 1896 1247 ita
2002 1195 2154 1249 sunt,
2188 1187 2289 1238 hoc
2317 1190 2402 1249 est
2433 1177 2732 1234 Dominicis
2770 1173 2974 1226 verbis.
3014 1169 3136 1222 ll.cc
3173 1175 3303 1219 sunt
3336 1180 3456 1232 qua:
3507 1172 3590 1214 to-

2190 1275 2234 1282 _
2276 1275 2288 1282 .
2444 1273 2456 1282 .
2657 1271 2667 1282 .
2965 1280 2975 1282 _
3005 1264 3046 1282 τ,
3089 1257 3369 1282 _.,_r.-.......l..
3421 1263 3541 1282 μη...

327 1257 428 1280 ιιι-ι
466 1257 560 1270 vv“
597 1257 854 1282 '--"|------
891 1257 942 1264 ---
972 1257 1099 1276 --ν--ι
1127 1257 1134 1260 -
1160 1257 1172 1260 -
1193 1257 1209 1260 ν
1241 1257 1260 1274 τ
1383 1257 1396 1272 ι

327 1307 642 1375 intelligere,
676 1319 740 1356 ac
784 1303 829 1356 si
861 1311 1076 1368 tempus
1119 1295 1252 1351 illud
1285 1297 1531 1346 maneret
1563 1286 1898 1350 minimeque
2006 1289 2120 1332 tum
2151 1275 2416 1332 efficiunt,
2444 1273 2560 1325 haec
2604 1271 2668 1322 ad
2703 1283 2822 1336 quae
2869 1264 3052 1315 omnia
3089 1257 3372 1314 referenda
3421 1263 3546 1308 Sllltl
3574 1294 3590 1313 ,

2039 1374 2046 1375 κ
2401 1369 2410 1375 .
2637 1373 2644 1375 Α
2767 1361 2798 1375 ί·
2916 1368 2926 1375 .
2976 1371 3000 1375 _.
3057 1354 3169 1375 ΙΙ--
3216 1353 3393 1375 2η......ι
3439 1363 3568 1375 ..ηλι-

327 1353 642 1375 """"v“'v
680 1353 735 1356 τ-
788 1353 828 1356 ν
977 1353 990 1368 Ι

327 1397 610 1456 deflueret,
647 1393 743 1447 sed
773 1392 826 1444 in
863 1405 971 1443 uno
1001 1386 1306 1454 eodemque
1335 1395 1484 1436 nunc
1526 1378 1619 1432 illa
1651 1376 1902 1430 diceren-
2006 1374 2336 1449 sive_antea,
2368 1369 2484 1422 sive
2532 1373 2717 1433 po-atca
2747 1361 3020 1414 dicantur.
3057 1354 3172 1408 lloc
3216 1353 3394 1419 ipsum
3439 1363 3592 1416 aper-

330 1498 448 1541 tur:
481 1484 728 1555 profecto
754 1482 900 1537 enim
942 1481 1013 1534 ita
1061 1477 1402 1536 dicerentur,
1433 1471 1478 1526 si
1516 1467 1634 1523 fieri
1672 1472 1900 1535 posset,
2010 1441 2311 1519 tius'etiam
2342 1475 2410 1514 ex
2443 1457 2626 1512 Basilii
2661 1453 2842 1507 verbis
2886 1450 2938 1503 in
2973 1446 3164 1501 eodem
3217 1445 3337 1497 loco
3387 1439 3593 1508 percipi

2280 1553 2292 1555 _
2469 1551 2478 1555 -
3101 1540 3110 1555 ι
3139 1538 3149 1555 I
3192 1536 3392 1555 .ε,--,---
3441 1550 3452 1555 -
3497 1531 3569 1555 ΙιΑ.

439 1531 447 1536 .
481 1531 723 1555 .-η----η
1389 1531 1398 1536 .
1673 1531 1686 1535 -

326 1587 378 1630 et
426 1591 610 1629 rerum
667 1583 864 1627 natura
917 1569 1142 1624 minime
1191 1570 1538 1634 repugnaret.
1567 1559 1703 1613 Cum
1739 1555 1904 1625 igitur
2015 1565 2213 1627 potest.
2247 1553 2365 1607 Mox
2391 1551 2540 1604 enim
2567 1559 2689 1618 post
2725 1556 3014 1597 numerum
3061 1536 3394 1590 oblationem
3441 1550 3454 1585 :
3497 1531 3600 1584 lli-—

331 1686 423 1736 pro
465 1679 712 1737 tempore
747 1666 801 1719 in
846 1678 958 1732 quo
991 1662 1080 1715 illa
1110 1657 1394 1712 Dominica
1423 1653 1587 1708 verba
1621 1649 1902 1706 dicuntur,
2015 1646 2185 1713 spicc,
2219 1640 2416 1708 inquit.
2449 1653 2616 1706 super
2665 1650 2783 1697 nos,
2824 1634 2985 1692 licus,
3019 1638 3072 1681 et
3107 1642 3268 1694 super
3309 1624 3447 1675 hanc
3499 1637 3599 1674 no-

332 1715 420 1736 ,..-
466 1715 710 1737 --__-r__-
854 1715 917 1732 τ

331 1759 706 1815 invocationes
727 1755 895 1811 etiam
933 1751 1264 1822 posteriores
1297 1747 1448 1807 fiant,
1477 1752 1534 1797 et
1553 1741 1620 1796 ad
1654 1738 1790 1794 illud
1821 1753 1909 1791 re-
2015 1749 2186 1789 stram
2229 1732 2462 1793 latriam,
2501 1738 2556 1782 ct
2597 1735 2878 1794 acceptam
2913 1719 3294 1780 catuliabeas,
3332 1715 3596 1785 quemad-

331 1852 580 1905 ferantur
619 1859 855 1918 tempus,
893 1844 1136 1915 profecto
1161 1851 1217 1896 et
1241 1839 1433 1893 eodem
1466 1837 1582 1890 haec
1616 1835 1732 1903 ipsa
1760 1831 1908 1885 dicta
2020 1828 2241 1880 modum
2275 1834 2496 1892 accepta
2531 1819 2775 1874 habuisti
2814 1829 3044 1870 munera
3076 1813 3245 1876 Abel,
3279 1808 3604 1863 immolatio-

333 1959 448 1999 esse
479 1929 731 2011 tempere
764 1936 1131 1995 existimanda
1160 1941 1311 1994 sunt,
1344 1929 1492 2000 quod
1523 1935 1670 1980 certe
1702 1923 1904 1978 factum
1943 1925 1980 1976 Β
2015 1935 2111 1972 nes
2140 1917 2442 1979 Abraham,
2467 1911 2636 1981 Moysi
2664 1922 2720 1964 et
2740 1909 2920 1964 Aaron
2961 1904 3352 1960 sacerdotium,
3379 1901 3617 1955 Sumne.

334 2035 549 2100 fuisset,
579 2038 625 2089 sl
656 2043 849 2086 natura
880 2043 1063 2084 rerum
1102 2037 1402 2094 pateretur.
1425 2019 1636 2074 Etenim
1657 2012 1921 2086 quemad-

340 2128 562 2183 modum
589 2125 635 2179 si
669 2123 793 2194 quis
821 2134 1132 2177 sermonem
1169 2115 1401 2184 alicujus
1443 2109 1671 2165 moleste
1719 2107 1918 2169 ferens,

337 2230 388 2273 et
420 2218 614 2272 audire
659 2217 839 2285 ipsum
891 2225 1178 2273 recusans,
1208 2209 1442 2267 diceret,
1475 2202 1660 2258 Clausi
1693 2199 1790 2252 tibi
1822 2212 1920 2249 au-

341 2327 447 2374 res,
500 2324 630 2363 cum
685 2317 863 2360 tamen
911 2301 1155 2358 nondum
1207 2299 1528 2361 clausisset;
1574 2293 1663 2347 vel
1715 2287 1924 2359 aliquid

339 2405 437 2459 sibi
472 2400 770 2455 molestum
805 2396 995 2450 videre
1022 2395 1240 2457 nolens,
1265 2390 1516 2444 diceret:
1547 2383 1765 2441 Obduxi
1796 2395 1927 2436 ocu-

341 2496 439 2559 los,
474 2507 606 2547 cum
640 2490 693 2544 id
727 2487 996 2548 nondum,
1030 2494 1086 2538 et
1141 2483 1245 2535 alia
1290 2482 1359 2534 iis
1412 2477 1647 2541 similia;
1697 2474 1769 2528 ita
1821 2473 1927 2525 tale

345 2595 532 2650 nescio
553 2591 684 2663 quid
711 2590 767 2643 in
794 2588 861 2642 iis
888 2582 1104 2640 Domini
1123 2578 1308 2632 verbis
1329 2567 1693 2629 animadverti
1723 2572 1925 2635 potest.

341 2691 476 2746 Cum
515 2657 664 2742 enim
717 2685 791 2738 ita
831 2680 983 2750 loqui
1051 2674 1356 2731 debuisset,
1408 2669 1598 2722 dicens
1640 2657 1931 2728 discipulis

345 2784 479 2849 suis,
521 2779 748 2848 Accipite
789 2784 838 2830 et
869 2772 1206 2830 oranducate,
1252 2766 1346 2818 hoc
1394 2772 1470 2816 est
1515 2772 1702 2827 corpus
1735 2769 1930 2814 meum,

347 2876 531 2942 fregit,
559 2882 614 2926 et
639 2867 794 2924 dedit
834 2865 940 2920 eis.
971 2862 1087 2916 Hoc
1120 2859 1266 2913 enim
1298 2856 1415 2924 ipse
1456 2850 1594 2906 ordo
1621 2861 1804 2903 rerum
1838 2859 1935 2915 po-

349 2970 556 3025 scebat.
597 2962 774 3031 primo
813 2966 1164 3014 consecrare,
1195 2948 1396 3003 deinde
1428 2945 1704 3012 frangere,
1744 2945 1933 3007 postea

351 3029 728 3119 distribuere,[
755 3047 900 3120 quod
953 3059 1054 3100 nos
1108 3043 1162 3096 in
1217 3036 1510 3112 praesentia
1555 3033 1812 3088 facimus.
1843 3029 1936 3082 Ille

353 3165 535 3208 tamen
569 3150 666 3208 ait,
694 3142 896 3211 Fregit,
919 3148 974 3194 et
1010 3136 1182 3199 dedit,
1219 3133 1433 3193 dicens,
1473 3127 1584 3182 Hoc
1631 3131 1709 3178 est
1749 3137 1938 3190 corpus

353 3260 550 3305 meum,
590 3241 821 3310 figurato
873 3244 1131 3288 sermone
1162 3240 1326 3296 quem
1368 3216 1798 3292 hysterologiam
1845 3226 1942 3266 vo-

357 3346 505 3398 cant,
534 3302 687 3386 usus.
712 3326 873 3382 Juxta
905 3321 1035 3376 illud
1071 3327 1264 3387 poetae,
1294 3311 1468 3368 Simul
1498 3305 1694 3363 nutriti
1719 3302 1944 3371 natique

358 3397 606 3485 fuerunt.
645 3423 709 3477 Et
737 3419 890 3480 alibi,
927 3415 1121 3471 Souuit
1149 3409 1380 3465 cadens.
1431 3403 1617 3458 Primo
1671 3397 1822 3454 enim
1852 3409 1947 3448 na-

359 3522 536 3576 scitur
561 3513 784 3584 aliquis,
819 3507 1018 3564 deinde
1049 3501 1311 3564 nutritur,
1359 3504 1414 3553 et
1459 3492 1610 3550 cadit
1635 3491 1758 3561 quis
1787 3495 1946 3541 ante-

360 3627 529 3685 quam
571 3581 764 3665 sonuin
787 3601 973 3656 faciat.
1003 3598 1170 3652 Decet
1200 3593 1368 3672 igitur
1397 3602 1499 3643 nos
1527 3595 1673 3640 recte
1701 3581 1950 3654 judicare

362 3671 639 3762 volentes.
668 3693 882 3766 singula
903 3702 1133 3761 quaeque
1168 3682 1499 3752 intelligere.
1535 3684 1594 3732 ut
1625 3678 1681 3730 in
1713 3671 1952 3746 propriis

365 3799 514 3854 dicta
554 3798 684 3848 sunt
711 3787 870 3849 locis,
901 3798 1002 3838 nec
1043 3782 1095 3834 in
1129 3793 1262 3848 quo,
1302 3774 1397 3828 sed
1428 3785 1530 3842 pro
1560 3783 1674 3838 quo
1701 3777 1952 3834 tempore

368 3889 634 3943 dicuntur
695 3876 1171 3935 animadvertere;
1197 3877 1254 3923 et
1279 3881 1404 3937 qua:
1443 3863 1530 3918 vel
1559 3868 1687 3916 ante
1713 3857 1798 3912 vel
1830 3866 1954 3926 post

370 3982 554 4050 aliqua
593 3976 875 4034 dicuntur,
906 3954 1198 4036 aliquando
1237 3959 1462 4030 quidem
1492 3967 1754 4024 tanquam
1785 3948 1954 4005 simul

371 4045 501 4130 cum
542 4069 673 4132 illis,
723 4062 1020 4132 aliquando
1068 4071 1224 4118 vero,
1262 4053 1348 4107 vel
1401 4061 1460 4105 ut
1506 4045 1786 4118 posterius
1835 4055 1958 4109 quae

375 4163 554 4234 prius,
587 4158 672 4213 vel
703 4165 762 4211 ut
797 4153 948 4224 prius
974 4163 1097 4220 quae
1124 4144 1404 4218 posterius
1428 4139 1585 4195 ‘dicta
1623 4144 1776 4200 sunt,
1812 4133 1958 4188 dicta

375 4231 716 4310 existimare.
750 4243 1033 4315 Siquidem
1089 4241 1204 4310 ipse
1251 4242 1473 4306 quoque
1530 4231 1961 4298 Chrysostomus

380 4346 552 4400 multo
587 4350 712 4395 ante
742 4347 798 4393 et
832 4345 955 4400 post
980 4333 1147 4387 verba
1194 4327 1410 4384 Domini
1457 4325 1513 4378 in
1547 4323 1797 4377 oratione
1838 4329 1962 4386 quae

381 4446 508 4509 post
535 4433 869 4487 oblationem
894 4425 1096 4480 dicitur
1125 4431 1418 4475 munerum
1437 4456 1451 4478 ,
1484 4414 1692 4482 Dignos
1723 4423 1846 4470 nos,
1879 4407 1963 4460 in-

327 4563 330 4566 ~
381 4499 524 4598 quit,
549 4524 654 4586 fac,
683 4521 934 4580 Domine,
960 4523 1018 4569 ut
1045 4526 1232 4567 coram
1259 4520 1311 4563 te
1334 4505 1565 4578 gratiam
1591 4499 1962 4560 inveniamus,

2024 2012 2090 2063 lis
2157 2009 2434 2078 pacificos.
2511 2003 2986 2072 Quemadmodum
3050 1997 3242 2067 cepisti
3313 2012 3342 2050 a
3399 1992 3606 2076 salictis

2023 2101 2286 2173 apostolis
2340 2100 2449 2154 tuis
2498 2113 2687 2153 veram
2742 2097 2880 2150 hanc
2934 2093 3174 2154 latriam,
3230 2091 3304 2143 ita
3355 2104 3383 2142 a
3453 2087 3610 2142 nobis

2028 2194 2429 2266 peccatoribus.
2461 2191 2827 2258 manibusque
2859 2187 3085 2251 nostris,
3119 2183 3307 2252 accipe
3339 2182 3457 2236 haec
3487 2195 3607 2234 mu-

2029 2305 2182 2352 nera,
2213 2287 2459 2342 bonitate
2500 2296 2612 2349 tua,
2654 2283 2902 2338 Domine.
2937 2279 3172 2334 Videsne
3206 2288 3264 2333 ut
3295 2286 3418 2346 post
3440 2276 3608 2330 multi

2027 2396 2150 2450 qua:
2169 2395 2334 2434 orans
2361 2378 2514 2438 dicit,
2539 2383 2663 2445 post
2684 2375 3026 2444 propositum
3059 2370 3389 2425 sacrificium
3415 2369 3610 2422 latrizc.

2031 2475 2176 2540 quod
2211 2470 2311 2526 soli
2347 2471 2458 2523 Dco
2487 2479 2541 2522 et
2593 2467 2726 2522 nulli
2770 2465 2924 2520 alteri
2961 2465 3211 2521 debetur.
3249 2471 3369 2533 post
3401 2476 3611 2530 preces.

2030 2562 2232 2632 quibus
2267 2569 2327 2614 ut
2355 2571 2578 2628 accepta
2617 2559 2725 2612 Deo
2759 2557 2973 2617 ﬁerent,
3011 2555 3171 2609 sicuti
3207 2552 3362 2612 Abel,
3390 2551 3526 2612 Noe,
3561 2559 3615 2600 ct

2032 2665 2228 2711 caetera
2257 2654 2545 2718 sacrilicia,
2573 2663 2754 2705 tamen
2782 2665 2848 2704 ne
2867 2648 3066 2718 aliquis
3091 2643 3430 2702 contentioni
3449 2642 3614 2696 relin-

2032 2756 2302 2818 queretur
2333 2746 2510 2809 locus,
2550 2743 2834 2813 subjunxit
2869 2759 2884 2795 :
2920 2737 3396 2807 Quernadmodmn
3425 2751 3456 2790 e
3501 2750 3614 2786 ma-

2035 2842 2199 2896 nibus
2227 2849 2542 2895 sanctorum
2580 2834 2959 2906 apostolorum
2992 2845 3206 2887 tuorum
3252 2832 3393 2884 hanc
3429 2844 3616 2882 veram

2036 2933 2250 2988 latriam
2284 2932 2572 3000 accepisti,
2610 2931 2685 2982 ita
2718 2945 2748 2984 e
2791 2928 3047 2982 manibus
3095 2927 3300 2981 nostris
3349 2927 3460 2976 Lare
3497 2937 3623 2975 mu-

2037 3041 2167 3081 nera
2197 3025 2432 3092 accipe?
2460 3023 2599 3088 Quid
2635 3039 2764 3092 ergo
2801 3016 3262 3090 tergiversantur?
3316 3016 3428 3070 Hoc.
3463 3013 3627 3068 modo

2037 3133 2091 3174 et
2123 3117 2290 3173 verba
2320 3118 2435 3172 haec
2458 3119 2592 3171 satis
2615 3132 2734 3170 esse
2759 3115 2825 3169 ad
2849 3111 3322 3169 consecrationem
3357 3110 3627 3165 dicemus,

2044 3224 2169 3265 cum
2200 3209 2347 3264 dicat
2381 3208 2673 3263 Basilius:
2724 3206 2807 3261 Ita
2861 3221 2892 3260 e
2945 3205 3200 3260 manibus
3258 3201 3464 3256 nostris
3518 3201 3634 3253 haec

2050 3319 2279 3360 munera
2337 3305 2545 3372 accipe,
2598 3299 3064 3371 quemadmodum
3120 3314 3148 3350 a
3213 3296 3321 3351 tuis
3371 3296 3636 3364 apostolis

2049 3399 2191 3453 hanc
2222 3411 2406 3451 veram
2435 3396 2651 3450 latriam
2675 3393 2956 3461 accepisti.
2997 3391 3050 3446 Si
3084 3392 3229 3446 enim
3266 3391 3638 3459 apostolorum

2049 3489 2303 3544 manibus
2354 3502 2545 3540 verum
2573 3484 2782 3540 Christi
2823 3499 3025 3552 corpus
3057 3493 3438 3536 censeci-atum
3494 3480 3637 3542 luit,

2049 3581 2214 3652 idque
2242 3593 2390 3634 nunc
2417 3579 2472 3633 in
2495 3577 2754 3633 manibus
2785 3576 2902 3630 suis
2930 3575 3047 3630 fieri
3079 3584 3230 3644 rugat
3254 3574 3508 3631 Basilius.
3541 3588 3642 3626 cur

2050 3690 2162 3730 non
2195 3673 2282 3728 his
2299 3673 2483 3728 verbis
2499 3671 2683 3726 subito
2711 3669 2993 3740 perficitur
3015 3675 3426 3721 sacramentum
3449 3665 3472 3717 ?
3494 3664 3640 3717 Nihil

2053 3765 2198 3822 enim
2225 3765 2342 3819 haec
2372 3764 2636 3818 differunt
2655 3778 2682 3816 a
2714 3759 3116 3831 posterioribus
3136 3758 3416 3827 precibus,
3439 3756 3642 3825 quibus

2056 3856 2309 3912 nonnulli
2339 3864 2535 3926 putant
2584 3853 2775 3924 perlici
2835 3867 3051 3906 sacrum
3101 3848 3444 3920 mysterium.
3499 3847 3639 3899 Auiti

2055 3955 2202 4006 enim
2238 3949 2372 4018 quid
2401 3951 2566 4007 dicat.
2624 3947 2900 4015 Rogamus
2929 3953 2981 3997 te
3012 3952 3070 3997 ut
3089 3940 3386 3996 descendat
3408 3939 3646 4008 Spiritus

2059 4052 2285 4096 sanctus
2321 4049 2449 4093 tuus
2483 4052 2650 4106 super
2673 4036 2788 4089 haec
2811 4033 3085 4104 proposita
3105 4047 3355 4094 munera,
3387 4041 3444 4084 et
3481 4031 3647 4084 faciat

2061 4147 2256 4202 pattcm
2290 4145 2514 4200 corpus.
2554 4127 2783 4183 ealiccm
2815 4141 2946 4181 vero
2997 4124 3343 4194 sanguinem.
3390 4123 3444 4176 Si
3483 4123 3648 4193 igitur

2065 4227 2256 4294 primis
2280 4224 2389 4279 illis
2407 4221 2774 4284 orationibus,
2793 4234 2915 4288 qum
2932 4218 3224 4272 simillimae
3248 4215 3648 4284 posterioribus

2065 4327 2214 4382 sunt,
2234 4331 2341 4370 non
2365 4316 2648 4385 perficitur
2674 4327 2889 4366 sacrum
2911 4310 3254 4375 mysterium,
3276 4308 3518 4377 profectu
3550 4325 3652 4361 nec

2067 4409 2363 4480 postremis
2394 4404 2730 4474 perficietur.
2750 4402 3056 4458 Siniillimze
3077 4401 3222 4455 enim
3248 4414 3440 4468 preces
3477 4400 3649 4453 simil-

2071 4507 2231 4559 limus
2274 4510 2529 4570 parerent
2577 4497 2830 4554 effectus.
2881 4495 3146 4562 Superest
3195 4493 3359 4564 igitur
3421 4504 3481 4546 ut
3533 4508 3657 4546 ver-

382 4633 440 4678 et
467 4627 758 4688 acceptum
794 4612 893 4668 tibi
925 4612 1016 4664 fiat
1046 4603 1378 4662 sacrificiqu
1413 4607 1686 4657 nostrum,
1717 4602 1776 4648 et
1802 4591 1963 4645 inba-
1999 4613 2042 4668 ο
2072 4599 2154 4652 his
2202 4595 2503 4649 salvatoris
2540 4592 2716 4646 nostri
2767 4592 2881 4645 haec
2913 4589 2998 4643 vis
3037 4586 3328 4641 tribuenda
3362 4586 3468 4648 εει,
3500 4595 3556 4638 ρι
3588 4590 3655 4637 3.;

386 4716 524 4768 bitet
552 4708 791 4780 Spiritus
823 4704 1012 4774 gratim
1034 4709 1140 4754 tum
1170 4697 1350 4750 bonus
1375 4706 1541 4760 super
1564 4702 1688 4753 nos,
1716 4694 1772 4740 et
1799 4697 1967 4752 super

391 4809 506 4860 haec
539 4799 818 4871 proposita
851 4807 1107 4850 munera.
1153 4788 1254 4844 Ubi
1309 4781 1778 4840 considerandum
1833 4774 1964 4844 quid

392 4899 506 4951 haec
526 4893 716 4954 verba,
745 4889 947 4958 Dignos
976 4899 1076 4939 nos
1104 4881 1210 4942 fac,
1241 4888 1300 4930 ut
1325 4874 1567 4944 Spiritus
1591 4879 1817 4925 sanctus
1840 4876 1969 4920 tuus

394 4987 662 5042 inhabitet
688 4997 853 5052 super
884 4980 1000 5033 haec
1029 4972 1309 5046 proposita
1353 4980 1603 5022 munera.
1631 4961 1776 5018 Nihil
1807 4958 1970 5014 dilIe-
2011 5031 2021 5041 '

394 5091 522 5135 runt
543 5096 571 5132 a
611 5075 792 5130 verbis
825 5071 932 5126 illis
957 5065 1278 5124 Clementis,
1315 5060 1399 5114 vel
1429 5056 1620 5112 Jacobi
1650 5094 1665 5118 ,
1697 5053 1783 5108 vel
1819 5052 1970 5106 Basi—

399 5175 477 5239 lii,
509 5172 594 5226 vel
625 5183 748 5238 qua:
796 5176 965 5234 supra
1013 5157 1304 5212 retulimus
1345 5152 1518 5221 ipsius
1546 5145 1924 5216 Chrysostomi
1957 5184 1971 5208 ,

395 5266 598 5335 quibus
626 5257 853 5315 uonnuli
878 5251 1198 5309 existimant
1232 5252 1336 5300 hoc
1381 5250 1788 5298 sacramentum
1841 5252 1974 5292 con-

402 5328 506 5412 tici.
535 5352 750 5409 Etenim
787 5348 865 5408 illi
895 5343 1118 5415 quidem
1154 5339 1324 5393 Deum
1357 5341 1674 5404 precantur,
1701 5337 1762 5382 ut
1789 5328 1972 5382 mittat

403 5448 664 5516 Spiritum
695 5451 966 5501 sanctum,
998 5433 1092 5505 qui
1119 5427 1421 5486 adveniens
1443 5423 1771 5484 sanctiﬁcet,
1801 5429 1856 5474 ct
1887 5436 1980 5488 1³³⁸

404 5513 526 5592 nem
565 5536 766 5592 efﬁciat
802 5529 1107 5602 pretiosum
1139 5521 1345 5578 Christi
1382 5531 1585 5583 corpus
1631 5533 1644 5566 :
1683 5513 1773 5567 hic
1823 5524 1977 5574 vero,

410 5631 639 5699 Dignos,
679 5598 875 5694 inquit.
912 5619 1102 5682 facias,
1140 5623 1202 5668 ut
1246 5598 1520 5664 inhabitet.
1558 5607 1798 5674 Spiritus
1852 5617 1980 5656 sau-

409 5730 527 5773 ctus
557 5732 683 5772 tuus
722 5693 886 5782 super
917 5712 1034 5765 hare
1059 5703 1360 5777 proposita.
1401 5697 1536 5765 Quir.
1572 5696 1740 5750 verba
1774 5693 1978 5746 nullam

411 5826 535 5865 sane
565 5814 707 5863 inter
726 5801 790 5861 ~se
808 5803 1185 5859 diversitatem
1214 5793 1438 5849 habent.
1463 5789 1577 5844 Hoc
1604 5797 1785 5841 tamen
1812 5785 1984 5854 Chry-

414 5906 635 5960 sostomi
664 5912 789 5957 ante
824 5895 1037 5953 Domini
1070 5894 1234 5946 verba
1262 5888 1542 5946 dicuntur,
1577 5891 1630 5935 et
1666 5881 1828 5949 longe
1856 5869 1982 5930 ante

2073 4704 2139 4744 ea
2169 4695 2363 4741 extera
2386 4683 2671 4739 referenda
2696 4692 2824 4734 sunt
2853 4679 3060 4740 omnia,
3093 4693 3284 4744 quaere
3311 4686 3436 4729 ante
3469 4690 3624 4744 quzcv
3648 4695 3659 4708 ι

2079 4792 2265 4850 postea
2299 4778 2556 4831 dicuntur
2580 4813 2596 4838 ,
2627 4785 2683 4828 et
2706 4790 2805 4843 pro
2846 4788 2913 4826 eo
2945 4781 3189 4838 tempore
3220 4784 3330 4838 quo
3370 4767 3460 4820 illa
3493 4767 3659 4821 verba

2077 4872 2362 4930 dicuntur,
2401 4867 2506 4921 hoc
2540 4881 2759 4935 quoque
2788 4864 2898 4918 dici
2947 4862 3396 4916 existimandum.
3448 4859 3667 4914 Diutius-

2080 4973 2262 5016 autem
2283 4959 2338 5012 in
2373 4958 2474 5011 hac
2497 4967 2648 5025 parte
2676 4955 2860 5010 dedita
2897 4969 3062 5024 opera
3085 4953 3409 5007 commorati
3438 4968 3663 5005 sumus:

2083 5065 2196 5109 tum
2225 5050 2371 5120 quod
2403 5049 2469 5103 ad
2506 5048 2879 5117 cognitionem
2912 5059 3104 5098 eorum
3147 5060 3271 5114 qua:
3311 5059 3472 5112 supra
3519 5045 3665 5098 dicm

2082 5154 2230 5210 sunt,
2285 5134 2392 5197 non
2444 5156 2663 5208 parvam
2719 5137 2918 5192 afferre
2969 5135 3260 5190 utilitatem
3310 5135 3668 5197 videbantur,

2085 5250 2199 5294 tum
2234 5235 2379 5305 quod
2420 5230 2730 5286 necessaria
2755 5239 2912 5283 erant
2943 5227 3009 5281 ad
3052 5243 3114 5281 ea
3165 5227 3424 5281 solvenda
3451 5242 3572 5295 qua!
3605 5243 3668 5282 ex

2086 5331 2272 5386 divino
2321 5323 2579 5395 Dionysio
2625 5331 2682 5376 et
2729 5323 3068 5376 Damasccno
3099 5320 3300 5388 opponi
3335 5319 3533 5373 solent.
3576 5318 3674 5373 HIS

2089 5420 2215 5475 addi
2249 5419 2407 5474 tertia
2438 5427 2660 5486 quoque
2696 5412 2862 5473 ratio,
2898 5412 3032 5465 nulli
3067 5410 3294 5464 fortasse
3322 5413 3671 5478 superiorum

2090 5510 2338 5569 inferior,
2373 5513 2553 5575 posset
2597 5519 2611 5556 :
2641 5501 3011 5564 hierarcbam,
3055 5509 3227 5553 tntum
3266 5499 3375 5553 Deo
3407 5501 3674 5570 repletum

2093 5605 2389 5670 divinoque
2416 5613 2602 5651 amore
2635 5597 2788 5665 juxta
2824 5593 3140 5663 Dionysium
3174 5593 3247 5644 De
3285 5593 3474 5647 divinis
3506 5596 3681 5648 nosti-

2095 5695 2242 5746 nibus
2297 5697 2551 5760 captum,
2602 5685 2767 5740 veluti
2809 5683 3050 5737 exstasiu
3101 5685 3416 5751 quamdam,
3451 5697 3506 5739 et
3535 5686 3680 5739 divi-

2097 5798 2226 5838 num
2266 5783 2374 5850 pati
2411 5779 2626 5840 zelum;
2665 5774 2736 5826 ob
2770 5775 2871 5826 hoc
2907 5785 3286 5839 smpenumero
3313 5789 3464 5828 crura
3503 5792 3559 5830 se
3586 5792 3668 5844 po-

2098 5877 2281 5934 situm,
2310 5882 2364 5926 et
2398 5879 2570 5924 totum
2605 5866 2682 5922 rei
2717 5873 2910 5920 amatae
2943 5865 3265 5930 haerentem,
3290 5865 3408 5921 zelo
3443 5869 3686 5936 quodam
