4086 6400
453 398 559 462 H9

1407 398 1904 464 BESSAIHONLS
1948 402 2004 465 S.
2055 406 2122 464 li.
2170 402 2237 462 E.
2280 398 2750 463 CARDINALIS

3607 405 3707 467 δέ]

450 524 505 569 et
534 513 750 575 timore,
782 526 850 565 ne
886 510 936 564 id
976 509 1120 580 quod
1168 507 1442 565 desiderat
1494 527 1602 567 non
1655 526 1977 584 assequatur
2002 553 2017 575 ,
2050 516 2094 574 Α
2123 523 2353 582 posntus,
2384 523 2527 568 totus
2565 513 2641 567 rei
2676 522 2863 565 omnia;
2906 510 3132 575 luerent,
3181 510 3453 567 eteadem
3482 514 3706 584 sepius.

452 604 650 674 saepius
674 602 864 657 eadem
903 617 969 656 ex
1013 615 1142 656 vero
1177 617 1241 656 ac
1276 617 1417 670 pene
1464 605 1777 660 incredibili
1820 607 2018 660 mentis

451 692 965 760 desideriopetere,
993 706 1098 746 nec
1125 693 1378 763 ignorare
1406 694 1628 763 quidem
1656 711 1713 750 se
1733 696 1844 766 jam
1880 694 2049 766 quod’

455 784 740 853 quierebat
781 784 1062 853 adeptum,
1101 785 1195 839 sed
1230 786 1520 841 insatiabili
1548 787 1788 856 quodam
1841 804 2027 842 amore

451 877 645 929 iterum
679 887 842 946 atque
884 876 1084 931 iterum
1122 878 1312 933 eadem
1344 887 1617 948 repetere,
1657 889 1719 933 ut
1761 882 1927 935 etiam
1971 881 2026 934 iu

449 966 778 1036 quibusdam
829 968 1095 1038 symbolis
1146 970 1303 1039 quasi
1350 970 1781 1026 evidentissimis
1831 972 2025 1042 signis,

447 1056 542 1124 qui
579 1054 801 1119 adsunt,
837 1057 1145 1127 intelligere
1174 1058 1364 1128 possit,
1404 1067 1580 1115 totum
1618 1060 1732 1116 Deo
1767 1070 1986 1131 captum
2010 1103 2025 1127 ,

449 1156 623 1201 totum
671 1148 783 1218 jam
824 1148 1071 1203 divinum
1106 1149 1397 1216 effectum,
1439 1167 1505 1207 ac
1550 1168 1650 1222 per
1698 1154 1802 1208 hoc
1851 1154 2031 1209 imita-

449 1237 602 1291 tione
648 1239 765 1308 ejus
815 1238 881 1291 ad
933 1238 1194 1295 virtutem
1232 1243 1465 1313 vitaque
1499 1242 1865 1313 integritatem
1913 1244 2031 1299 alli-

448 1331 687 1394 ciantur,
716 1340 793 1391 et.
834 1341 890 1384 ut
920 1331 1096 1397 aiunt,
1125 1333 1281 1401 quasi
1309 1334 1628 1389 manuducti
1665 1344 1939 1404 ponantur
1971 1335 2045 1392 itL

448 1422 615 1477 viam.
649 1421 762 1476 lloc
794 1437 1045 1477 summus
1077 1422 1167 1476 ille
1216 1424 1481 1494 propheta
1529 1423 1696 1478 David
1755 1424 2029 1494 plerisque

449 1514 502 1566 in
536 1512 672 1567 locis
698 1512 843 1568 facit.
878 1512 1012 1568 Nam
1052 1528 1175 1569 cum
1221 1515 1495 1581 dixisset,
1529 1515 1663 1570 Cum
1694 1516 1988 1570 invocarem
2012 1555 2026 1579 ,

446 1606 711 1660 eaaudivit
750 1622 830 1659 me
881 1605 1016 1660 Deus
1041 1607 1273 1678 justitite
1326 1622 1477 1672 mete,
1506 1606 1667 1676 paulo
1698 1616 1821 1676 post
1850 1606 1906 1662 in
1938 1622 2031 1661 eo-

447 1698 571 1752 dem
611 1697 820 1767 psalmo
843 1697 1144 1769 subjungit,
1178 1697 1431 1754 Miserere
1454 1698 1576 1764 mei,
1606 1707 1657 1753 et
1692 1698 1886 1753 exaudi
1905 1714 2029 1753 ora-

446 1791 643 1843 tionem
675 1805 847 1843 meum
880 1794 921 1844 ι.
955 1788 1129 1856 Quem
1165 1789 1344 1845 locum
1382 1789 1759 1846 Theodoretus
1788 1805 1855 1845 ex
1899 1804 2028 1846 sen-

2126 605 2283 675 quasi
2336 604 2525 659 divino
2581 602 2816 673 quodam
2869 602 3051 655 furore
3117 612 3406 671 correptus
3458 615 3707 672 repetat,

2127 696 2589 764 quemadmodum
2624 696 2677 749 in
2712 695 2969 749 terrenis,
2994 695 3113 749 istis
3168 695 3453 749 amoribus
3486 697 3704 762 accidit,

2131 798 2190 841 ut
2216 802 2408 841 amans
2442 778 2512 841 ab
2536 797 2717 840 amato
2744 785 3126 854 inseparabilis
3184 787 3277 849 sit,
3318 785 3569 856 profecto
3592 802 3706 839 non

2128 893 2295 947 parva
2320 887 2374 932 et
2412 878 2833 942 contemnenda,
2864 877 2958 931 sed
2989 891 3181 947 magna
3215 885 3272 930 et
3299 879 3526 946 mystica
3568 879 3709 930 ratio

2127 978 2233 1024 est.
2259 968 2416 1035 Quod
2453 984 2585 1023 vero
2607 968 2789 1038 justus
2823 981 2931 1022 non
2961 967 3190 1022 satietur
3220 968 3588 1030 orationibus.
3610 969 3705 1022 sed
3770 1034 3775 1038 ⁸

2129 1076 2250 1130 qua:
2280 1060 2629 1115 desiderabat
2653 1060 2764 1129 jam
2797 1067 3125 1113 consecutus
3168 1057 3348 1112 adhuc
3373 1070 3705 1127 perseveret,

2129 1154 2319 1210 eadem
2351 1160 2564 1223 petens,
2621 1150 2899 1205 desiderio
2949 1158 3101 1205 certe
3137 1164 3202 1205 ac
3245 1149 3526 1204 devotioni
3583 1151 3706 1205 talis

2131 1242 2377 1310 tantique
2403 1241 2728 1295 sacramenti
2755 1247 3183 1294 consentaneum
3211 1248 3316 1294 est.
3341 1239 3548 1293 Deinde
3571 1253 3706 1291 vero

2138 1332 2414 1402 tingamus
2447 1333 2888 1387 adversariorum
2943 1331 3104 1386 istam
3172 1331 3439 1387 rationem
3470 1331 3702 1385 validam

2130 1440 2273 1491 esse,
2308 1440 2409 1479 nec
2437 1425 2631 1495 quovis
2664 1426 2825 1478 mulo
2861 1424 3086 1478 refutari
3127 1423 3349 1479 debere.
3379 1424 3572 1478 Nonne
3604 1436 3707 1491 pro

2132 1515 2289 1571 nobis
2323 1516 2494 1586 magis
2523 1514 2698 1570 facit?
2726 1516 2836 1569 imo
2866 1530 2996 1570 vero
3036 1530 3217 1569 nonne
3247 1532 3276 1570 a
3303 1515 3543 1569 nobisin
3578 1527 3709 1566 cott—

2131 1607 2498 1662 firmationem
2556 1608 2844 1662 sententize
2881 1617 3089 1663 nostra
3150 1608 3384 1661 adducta
3416 1606 3540 1660 est?
3594 1605 3709 1659 Hoc

2131 1707 2213 1753 est
2241 1699 2411 1763 enim,
2443 1698 2589 1767 quod
2620 1698 2675 1752 in
2704 1699 2978 1768 principio
3019 1699 3134 1754 fere
3163 1698 3327 1770 hujus
3376 1699 3707 1767 disputatio-

2134 1790 2220 1844 nis
2246 1789 2503 1852 diximus,
2533 1789 2734 1860 duplex
2762 1804 2884 1844 esse
2931 1789 3136 1845 Christi
3170 1804 3391 1859 corpus,
3425 1804 3617 1842 verum
3650 1800 3707 1843 et

427 1879 643 1942 .teutia,
685 1880 789 1934 nisi
821 1854 1001 1947 fallor,
1041 1879 1419 1952 Chrysostomi
1446 1882 1647 1951 (neque
1671 1881 1818 1937 enim
1855 1881 2025 1953 Cltry-
2060 1854 2102 1911 Β
2130 1884 2440 1953 mysticum.
2476 1882 2542 1937 Et
2576 1883 2692 1939 haec
2726 1881 2972 1952 quidem,
3019 1883 3127 1937 nisi
3179 1896 3265 1934 me
3296 1882 3512 1936 animus
3547 1881 3704 1945 fallit,

432 1980 749 2026 Δτεοειυιιιιιιιι
782 1972 926 2043 apud
956 1988 1057 2029 nos
1105 1973 1160 2029 in
1205 1977 1494 2044 praesentia
1531 1975 1819 2044 habemus)
1854 1991 2025 2047 expo-

440 2073 604 2123 nens,
655 2059 772 2113 Non
804 2060 1058 2127 satiatur,
1098 2061 1300 2132 inquit,
1331 2062 1421 2119 hic
1446 2064 1624 2135 justus
1652 2064 1881 2129 orando,
1924 2066 2023 2121 sed

445 2149 758 2218 supplicans
783 2164 839 2206 et
882 2152 1202 2222 impetrans.
1231 2163 1288 2210 et
1320 2155 1533 2212 fluctus
1561 2157 1829 2213 orationis
1859 2158 2023 2213 colli.

444 2253 597 2307 gens,
630 2240 813 2295 adhuc
844 2242 1052 2297 orando
1077 2257 1142 2297 ac
1165 2244 1523 2314 supplicando
1555 2255 1867 2316 perseverat
1889 2246 2025 2313 ;scit

420 2330 591 2383 ιειιίιιι
634 2333 856 2401 quando
904 2333 1030 2388 inde
1063 2345 1327 2405 sequatur
1359 2336 1587 2392 utilitas.
1614 2336 1760 2394 Alibi
1805 2352 2025 2410 quoque

445 2422 813 2490 idcmDavid,
850 2423 1147 2496 Dirigatur,
1181 2428 1395 2496 inquit.
1429 2428 1602 2482 oratio
1626 2444 1745 2483 mea
1772 2431 1909 2483 sicut
1940 2430 2023 2483 in-

424 2532 660 2570 censum
703 2517 760 2571 in
809 2526 1091 2588 conspectu
1118 2525 1207 2572 tuo
1233 2519 1276 2574 '.
1304 2516 1468 2585 Quid,
1498 2533 1686 2589 quaeso
1716 2528 1791 2585 te,
1825 2519 2024 2576 clamat

446 2611 610 2666 David
648 2620 708 2667 ut
751 2627 851 2668 sua
911 2613 1238 2669 exaudiatur
1278 2613 1500 2670 oratio?
1532 2614 1592 2670 Si
1635 2615 1786 2670 enim
1835 2616 2023 2687 iniqua

410 2718 415 2723 ο
441 2711 496 2755 et
522 2710 721 2772 praeter
754 2702 1024 2760 rationem
1047 2711 1187 2771 erat,
1219 2718 1499 2774 nunquam
1524 2704 1593 2759 ad
1614 2704 1803 2774 IDeum
1831 2720 2025 2762 ascen-

441 2795 632 2859 disset,
666 2795 1080 2864 quomodolibet
1104 2809 1172 2851 eo
1204 2805 1432 2867 rogante
1463 2803 1629 2868 atque
1655 2797 2019 2864 obsecrante;

440 2890 587 2957 quod
620 2891 665 2946 si
697 2899 844 2946 recta
869 2900 925 2946 et
944 2890 1198 2947 exaudiri
1225 2891 1411 2964 digna,
1438 2893 1547 2963 jam
1572 2877 1783 2950 directa
1815 2902 1933 2949 erat
1956 2894 2023 2949 ad

443 2985 636 3048 Deum,
660 2981 780 3052 ipso
813 2997 1034 3053 quoque
1059 2983 1326 3053 prepheta
1355 2993 1594 3041 tacente.
1627 2984 1833 3053 Nempe
1858 2985 2023 3057 igitur

443 3074 577 3143 petit
606 3075 749 3144 quod
776 3074 1017 3142 tenebat,
1051 3087 1107 3131 et
1134 3091 1255 3146 qua:
1286 3077 1577 3148 praesentia
1600 3078 1711 3145 iam
1739 3089 1900 3133 erant
1924 3079 2022 3134 de-

440 3165 668 3219 siderat.
702 3163 853 3218 ldem
883 3165 1058 3220 nostri
1091 3181 1312 3237 quoque
1351 3168 1624 3235 doctores,
1659 3168 1755 3239 qui
1788 3170 2015 3225 missam
2044 3189 2088 3248 ο

440 3263 890 3325 composuerunt,
920 3255 1123 3312 fecere.
1159 3256 1375 3313 Etenim
1403 3268 1527 3329 post
1554 3260 1718 3315 verba
1753 3259 1842 3315 illa
1869 3276 1885 3314 :
1913 3260 2019 3316 Fac

441 3349 589 3403 hunc
617 3360 811 3417 panem
842 3361 1042 3416 corpus
1089 3346 1319 3425 Christi,
1349 3362 1406 3406 et
1452 3350 1600 3406 hunc
1631 3352 1864 3407 calicem
1891 3367 2020 3407 san—

438 3441 660 3508 guinem
707 3437 948 3503 Christi.
981 3441 1183 3511 quibus
1237 3444 1373 3499 solis
1415 3443 1664 3498 nonnulli
1705 3444 2020 3499 existimant

439 3532 556 3586 tieri
608 3534 1082 3589 consecrationem
1110 3571 1127 3596 ,
1180 3533 1363 3590 adhuc
1395 3550 1494 3603 pro
1522 3534 1604 3589 eis
1646 3533 1895 3600 adorant,
1924 3544 2021 3590 aut

435 3625 645 3679 frustra
683 3641 915 3695 prorsus
941 3626 996 3681 id
1031 3626 1317 3690 facientes,
1354 3625 1501 3696 quod
1537 3641 1637 3682 nec
1672 3626 2018 3696 cogitandum

412 3725 541 3778 test,
573 3727 671 3771 aut
697 3717 963 3773 vehemen
976 3717 1014 3773 ti
1042 3716 1282 3787 quodam
1303 3715 1582 3772 desiderio
1606 3716 1797 3772 eadem
1822 3717 2021 3787 saepius

422 3815 769 3874 a-epeteutes.
803 3807 1077 3863 Memento
1106 3806 1278 3874 enim,
1315 3807 1593 3876 inquiunt,
1625 3808 1877 3873 Domine,
1918 3810 2020 3864 itu-

433 3899 749 3955 becillitatis
779 3914 936 3965 mete,
967 3907 1025 3953 et
1050 3907 1248 3971 prmsta
1275 3899 1411 3955 mihi
1447 3901 1658 3955 veniam
1692 3901 1873 3956 omnis
1902 3902 2019 3957 sive

434 3989 780 4053 voluntariae,
817 3990 934 4045 sive
965 4005 1077 4045 non
1102 3990 1427 4046 voluntariae
1452 4006 1588 4046 meae
1608 3992 1800 4061 culpae.
1839 4007 2019 4063 neque

434 4087 657 4148 propter
688 4087 915 4149 peccata
948 4093 1069 4134 mea
1112 4078 1363 4135 inhibeas
1410 4079 1648 4151 Spiritus
1683 4082 1858 4137 sancti
1894 4097 2019 4153 gra-

432 4171 559 4226 tiam
590 4170 659 4225 ab
689 4169 776 4227 his
822 4171 1117 4240 propositis
1149 4158 1491 4227 muneribus.
1528 4172 1595 4227 Et
1620 4187 1812 4228 rursus
1857 4174 2020 4243 paulo

431 4272 551 4332 post
572 4263 637 4317 ad
663 4262 923 4333 populum
949 4262 1154 4317 dicitur
1180 4281 1193 4317 :
1222 4262 1329 4321 Pro
1354 4263 1553 4318 oblatis
1571 4264 2021 4334 consecratisque

431 4355 759 4410 munetibus
780 4355 1052 4425 pretiosis
1085 4354 1254 4410 Deum
1288 4370 1564 4423 rogamus.
1614 4354 1696 4411 En
1741 4357 2019 4425 quomodo

423 4456 605 4511 erant,
639 4462 707 4501 ne
734 4462 803 4502 ex
837 4438 1139 4517 propositis
1183 4446 1510 4501 muneribus
1547 4444 1792 4515 Spiritus
1832 4447 2021 4515 gratiae

426 4550 714 4607 arceatur;
745 4555 815 4594 en
844 4538 1122 4609 quomodo
1158 4552 1255 4607 pro
1302 4538 1658 4594 sanetilicatis
1698 4539 2016 4607 prepositis-

330 4678 331 4681 η
428 4647 536 4696 que
569 4632 891 4687 muneribus
923 4630 1217 4685 hortantur
1250 4631 1416 4687 Deum
1460 4631 1673 4703 precari
1702 4672 1718 4697 ,
1754 4632 2013 4700 quamvis

430 4724 604 4775 multo
640 4733 767 4778 ante
812 4723 1148 4777 sanctiﬁcata
1199 4722 1424 4789 fuerint,
1484 4725 1734 4793 quamvis
1773 4722 2015 4793 perfecte

425 4824 772 4879 consecrata,
812 4814 980 4867 etiam
1007 4812 1163 4882 juxta
1195 4828 1386 4869 eorum
1426 4812 1768 4884 opinionem,
1796 4814 1889 4883 qui
1916 4828 2015 4869 no-

408 4904 510 4958 .his
540 4902 818 4957 contraria
854 4912 908 4958 et
936 4901 1243 4972 loquuntur
1269 4911 1326 4958 et
1364 4904 1634 4959 sentiunt.
1666 4903 1810 4969 Quid
1843 4904 2010 4974 igitur

420 4996 671 5048 dicemus
704 4993 810 5049 hoc
838 4994 981 5058 loco,
1033 4992 1231 5049 fratres
1254 4994 1405 5050 ‘lnisi
1452 4995 1600 5065 quod
1634 5012 1702 5052 ex
1739 4997 2013 5053 sententia

402 5086 803 5158 .Chrysostomi
827 5083 1209 5140 Theodoretus
1243 5087 1322 5141 ait
1352 5104 1365 5140 :
1398 5085 1517 5142 Non
1545 5090 1777 5142 satiatur
1803 5088 2012 5144 orando

378 5181 619 5249 -justus,
648 5188 703 5233 et
741 5177 952 5247 reliqua
991 5191 1111 5247 quae
1164 5191 1329 5247 supra
1366 5180 1812 5234 memoravimus.
1848 5177 2003 5246 Quod

415 5271 461 5323 si
491 5270 587 5340 qui
624 5268 855 5324 fortasse
887 5269 1156 5335 dicerent,
1212 5268 1330 5323 Non
1365 5283 1463 5339 pro
1489 5268 1693 5324 divinis
1753 5272 2003 5327 muneri-

414 5362 540 5423 bus,
590 5359 687 5416 sed
719 5373 818 5430 pro
847 5357 1009 5414 nobis
1071 5356 1150 5423 fit,
1180 5359 1325 5428 quod
1381 5357 1728 5429 significant,
1764 5375 2003 5430 quaeram

410 5460 484 5507 an
511 5453 594 5509 eis
645 5451 824 5524 primo
871 5450 1122 5523 quidem,
1174 5465 1275 5504 cur
1335 5460 1523 5505 nostra
1578 5452 1853 5521 expositio
1892 5468 2001 5506 non

410 5543 837 5599 eonvenientior
865 5545 936 5599 sit
970 5554 1135 5614 atque
1167 5541 1427 5599 subtilior
1452 5541 1473 5595 3
1498 5541 1633 5597 Nam
1681 5544 1829 5612 quod
1882 5542 1999 5599 hic.

408 5635 622 5690 rarcha:
649 5636 833 5690 divina
873 5637 1123 5706 quaedam
1178 5649 1389 5706 passio,
1441 5643 1498 5690 et
1538 5635 1705 5690 veluti
1761 5636 1996 5692 exstasis

408 5724 644 5787 accidat,
674 5724 746 5777 ita
781 5735 842 5779 ut
871 5725 1187 5782 vehementi
1245 5724 1485 5795 quodam
1519 5740 1707 5780 amore
1739 5736 1894 5781 extra
1941 5741 2001 5781 se

468 5842 489 5877 ‘
539 5838 689 5899 Psal.
741 5855 815 5909 tv,
849 5841 903 5895 2.
953 5841 971 5870 '
1021 5842 1165 5897 Psal.
1203 5856 1320 5908 cu,
1351 5840 1404 5894 2.
1456 5840 1474 5871 ³
1536 5842 1695 5898 Joan.
1739 5860 1810 5911 ιιι,
1840 5843 1929 5913 55,
1959 5844 2045 5902 56.

2127 1975 2258 2030 satis
2288 1984 2415 2029 sunt
2448 1975 2520 2030 ad
2563 1975 2896 2031 solutionem
2924 1991 2985 2029 ac
3012 1973 3481 2029 conﬁrmationem
3513 1988 3703 2028 eorum

2126 2082 2247 2137 quas
2275 2068 2343 2123 ab
2366 2067 2694 2122 adversariis
2728 2068 2833 2123 dici
2869 2067 3071 2122 solent.
3096 2065 3253 2133 Quod
3298 2081 3426 2120 vero
3456 2066 3703 2119 nonnuiii

2126 2155 2463 2227 subjungunt
2523 2157 2689 2212 etiam
2723 2165 2847 2227 post
2885 2156 3047 2211 verba
3118 2154 3335 2210 Domini
3401 2171 3594 2224 panem
3649 2168 3705 2208 et

2128 2248 2314 2301 vinum
2342 2247 2613 2317 praposita
2649 2262 2876 2302 munera
2927 2264 2958 2303 a
3006 2246 3180 2301 sacris
3235 2246 3345 2300 illis
3378 2246 3704 2300 doctoribus

2125 2336 2422 2400 nominari,
2461 2337 2609 2406 quod
2656 2353 2765 2393 non
2796 2337 3080 2392 videretur
3105 2352 3227 2391 esse
3288 2336 3601 2391 faciendum
3656 2336 3701 2389 si

2121 2425 2233 2496 jam
2264 2438 2582 2483 consecrata
2613 2424 2793 2484 forent
2829 2430 2962 2497 (non
2996 2429 3143 2483 enim
3172 2428 3285 2497 jam
3338 2428 3575 2496 amplius
3610 2443 3705 2497 p1:-

2127 2519 2212 2574 nis
2241 2527 2303 2574 et
2329 2521 2541 2584 vinum,
2566 2519 2662 2576 sed
2683 2535 2884 2590 corpus
2913 2528 2970 2575 et
3002 2521 3226 2590 sanguis
3253 2521 3494 2582 Domini,
3527 2531 3584 2575 et
3613 2536 3704 2574 es-

2126 2620 2251 2667 sent
2314 2621 2373 2666 et
2423 2611 2787 2682 dicerentur),
2819 2612 2995 2667 facilis
3025 2621 3109 2667 est
3159 2612 3227 2668 ad
3292 2627 3357 2667 ca
3394 2613 3698 2683 responsio.

2124 2699 2259 2766 Quis
2281 2702 2429 2755 enim
2465 2713 2626 2773 neget
2677 2717 2873 2758 verum
2905 2698 3113 2758 Christi
3145 2718 3348 2774 corpus
3373 2712 3430 2759 et
3474 2706 3701 2775 sangui-

2125 2810 2273 2862 nem,
2305 2802 2450 2850 recte
2472 2811 2666 2864 panem
2693 2804 2749 2851 et
2772 2796 2959 2851 vinum
2991 2798 3301 2867 nuncupari
3330 2813 3490 2868 posse
3508 2799 3699 2866 mam,

2126 2895 2187 2940 ut
2220 2894 2541 2955 praeteream
2580 2886 2752 2942 multa
2811 2886 3160 2942 diversorum
3212 2887 3498 2943 doctorum
3540 2892 3699 2945 testi-

2125 2978 2329 3045 monia,
2361 2981 2455 3049 qui
2511 2978 2886 3034 indill'erenter
2917 2979 3080 3034 etiam
3136 2990 3262 3049 post
3332 2985 3703 3038 consecratio-

2123 3087 2272 3138 nem,
2302 3072 2465 3128 modo
2492 3088 2694 3142 corpus
2721 3082 2776 3129 et
2807 3075 3127 3145 sanguinem
3160 3076 3384 3144 Christi,
3420 3077 3583 3132 modo
3606 3094 3702 3147 pa-

2125 3179 2246 3218 nem
2276 3173 2332 3219 et
2364 3164 2549 3218 vinum
2584 3165 2874 3219 nominant
2908 3163 3105 3236 (neque
3140 3165 3289 3220 enim
3316 3176 3402 3221 est
3435 3166 3489 3221 in
3527 3182 3586 3223 re
3618 3167 3699 3221 fa-
3762 3157 3773 3164 ’

2120 3255 2212 3309 cili
2242 3256 2452 3310 diutius
2483 3257 2988 3327 commorandum),
3026 3272 3210 3312 nonne
3261 3258 3377 3327 ipse
3415 3258 3695 3325 Dominus,

2120 3362 2229 3416 quo
2259 3347 2445 3401 nullus
2474 3346 2578 3402 ﬁde
2608 3348 2825 3415 dignior
2851 3357 2956 3415 est,
2995 3348 3064 3404 de
3117 3364 3219 3404 suo
3253 3350 3552 3418 praesertim
3581 3365 3702 3404 cor-

2120 3452 2253 3507 pore
2284 3438 2567 3507 loquente,
2610 3438 2987 3495 indiiferenter
3026 3441 3189 3496 modo
3220 3443 3344 3510 hoc,
3380 3444 3543 3507 modo
3568 3447 3697 3500 illud

2121 3530 2408 3585 nominat?
2443 3532 2544 3596 Qui
2583 3532 2886 3598 manducet,
2924 3531 3122 3601 inquit,
3162 3550 3331 3588 meam
3362 3552 3596 3604 carnem,
3649 3547 3700 3592 et

2122 3621 2249 3675 bibit
2283 3637 2456 3675 meum
2505 3624 2845 3694 sanguinem,
2900 3624 3054 3680 habet
3083 3625 3246 3679 vitam
3311 3636 3585 3682 aeternam.
3637 3630 3703 3687 Et

2122 3729 2338 3781 rursus,
2368 3714 2511 3768 Caro
2544 3731 2660 3769 mea
2701 3731 2816 3769 vere
2852 3725 2928 3769 est
2979 3716 3141 3782 cibus,
3199 3726 3253 3771 et
3307 3721 3525 3788 sanguis
3558 3738 3701 3778 meus

2121 3819 2240 3858 vere
2264 3811 2339 3857 est
2364 3814 2538 3873 potus.
2573 3805 2636 3858 Et
2667 3805 2866 3875 iterum
2891 3821 2905 3858 :
2928 3803 3033 3869 Qui
3063 3807 3350 3861 manducat
3381 3825 3553 3862 meam
3577 3826 3700 3862 car-

2121 3911 2240 3949 nem
2274 3906 2323 3949 et
2359 3896 2483 3950 bibit
2517 3912 2692 3950 meum
2723 3899 3057 3965 sanguinem,
3098 3899 3153 3951 in
3184 3915 3266 3952 me
3295 3909 3475 3953 manet
3525 3910 3574 3954 et
3605 3918 3699 3971 ego

2119 3989 2172 4042 in
2207 4003 2266 4041 eo
2294 3987 2315 4018 ³
2347 4025 2365 4043 .
2387 3987 2532 4041 Alibi
2568 4002 2721 4052 vero,
2766 3987 2875 4059 Ego
2937 4005 3053 4044 sum
3087 3992 3241 4060 panis
3296 3993 3438 4059 vitm,
3498 3995 3695 4065 inquit.

2125 4081 2316 4137 Patres
2342 4084 2501 4136 uestri
2533 4066 2993 4139 ntanducaverunt
3035 4101 3236 4140 manna
3265 4087 3323 4140 in
3378 4089 3601 4151 deserto,
3648 4066 3700 4144 et

2123 4175 2317 4228 mortui
2349 4183 2494 4229 sunt.
2533 4172 2638 4228 Hic
2668 4183 2744 4228 est
2775 4177 2931 4244 panis
2966 4180 3058 4246 qui
3080 4177 3145 4229 de
3171 4177 3300 4231 caelo
3331 4178 3613 4249 descendit,
3644 4194 3700 4236 ut

2121 4266 2210 4334 qui
2244 4281 2308 4319 ea:
2335 4282 2394 4320 eo
2422 4269 2679 4333 comedat,
2734 4283 2839 4320 non
2874 4269 3155 4321 moriatur.
3192 4267 3262 4323 Et
3287 4269 3397 4325 alio
3426 4272 3481 4325 in
3520 4273 3638 4328 loco
3682 4295 3696 4330 :

2121 4356 2179 4412 Si
2208 4361 2322 4428 quis
2355 4358 2642 4412 manducet
2675 4374 2738 4413 ea:
2764 4359 2860 4412 hoc
2887 4376 3042 4429 pane,
3075 4361 3209 4415 vivet
3242 4365 3297 4417 in
3328 4372 3601 4419 a-lernum.
3634 4368 3700 4422 Et

2121 4466 2315 4505 rursus
2346 4467 2363 4504 :
2399 4449 2565 4505 Panis
2593 4466 2747 4521 quem
2775 4467 2866 4519 ego
2899 4451 3035 4505 dabo
3054 4495 3068 4519 ,
3102 4469 3230 4507 caro
3258 4469 3374 4507 mea
3407 4466 3502 4522 est,
3538 4474 3701 4527 quant

2048 4523 2092 4578 ί)
2119 4558 2213 4613 ego
2236 4541 2372 4595 dabo
2397 4557 2492 4612 pro
2521 4544 2705 4595 mundi
2735 4544 2841 4596 vita
2879 4542 2923 4595 ⁴.
2974 4542 3318 4598 Manifestum
3367 4556 3452 4600 est
3509 4523 3697 4620 igitur,

2119 4633 2265 4702 quod
2300 4632 2493 4687 iterum
2540 4649 2699 4687 suum
2732 4648 2934 4703 corpus
2976 4649 3173 4703 panem
3231 4637 3481 4693 nominat
3532 4641 3696 4696 etiam

2122 4724 2403 4779 Dominus.
2437 4723 2542 4779 Sed
2579 4724 2647 4781 de
2682 4724 2771 4778 his
2804 4726 2939 4780 satis
2977 4743 2991 4792 ;
3028 4741 3174 4781 nunc
3205 4727 3272 4781 ad
3317 4727 3372 4781 id
3433 4734 3576 4800 quod
3630 4734 3701 4787 de

2118 4814 2455 4869 Damasceno
2492 4816 2810 4884 opponitur,
2853 4819 3123 4873 venimus.

2195 4906 2339 4959 idem
2371 4908 2549 4977 inquit
2585 4906 2844 4961 Basiliutn
2902 4924 3127 4966 munera
3166 4914 3258 4969 illa
3290 4916 3697 4987 prarllgurativzt
3776 4972 3791 4986 ,

2119 4997 2370 5065 corporis
2419 5005 2476 5051 et
2531 4997 2815 5066 sanguinis
2842 4998 3059 5056 Domini
3117 5019 3485 5076 nuucupasse,
3553 5009 3696 5075 quod

2119 5089 2364 5143 nondum
2417 5099 2737 5143 consecrata
2784 5101 2967 5154 erant,
3021 5103 3077 5147 et
3129 5105 3311 5152 tamen
3372 5100 3477 5152 hoc
3531 5102 3699 5153 verbo

2119 5195 2251 5234 usus
2276 5190 2359 5234 est
2387 5178 2621 5235 Basilius
2643 5181 2698 5235 in
2730 5182 3124 5253 compositione
3153 5188 3331 5244 missas
3360 5206 3494 5253 suae,
3526 5194 3697 5245 multo

2117 5277 2239 5336 post
2268 5267 2432 5323 verba
2461 5267 2696 5324 Domini.
2726 5270 2807 5325 Ad
2834 5270 2949 5326 haec
2978 5278 3318 5343 responsuri,
3357 5280 3537 5348 primo
3577 5293 3697 5335 tan-

2113 5374 2277 5428 quam
2342 5358 2435 5414 lilii
2467 5376 2496 5415 a
2560 5370 2714 5431 patre
2755 5364 2969 5419 veniam
3025 5368 3324 5437 poscimus,
3364 5372 3409 5425 si
3480 5374 3697 5433 duobus

2111 5449 2407 5520 propositis
2438 5452 2630 5508 amitis
2659 5454 3019 5523 prteferamus
3047 5459 3355 5514 veritatem.
3387 5457 3593 5516 Dehinc
3615 5466 3699 5516 di-

2109 5543 2288 5619 cimus
2311 5555 2654 5600 sacramenta
2678 5549 2844 5601 etiam
2872 5558 3161 5620 postquam
3186 5563 3508 5608 consecrata
3539 5565 3689 5618 sunt.

2107 5634 2333 5704 figuram
2359 5649 2503 5698 esse,
2522 5645 2578 5689 et
2603 5636 2726 5692 ideo
2752 5641 2915 5693 etiam
2934 5641 3329 5711 prtefigurativa
3357 5645 3466 5714 veri
3494 5660 3692 5715 corpo-

2111 5728 2190 5784 ris
2221 5735 2276 5782 et
2303 5729 2589 5798 sanguinis
2615 5728 2820 5786 Christi
2849 5731 2954 5788 dici
2995 5748 3175 5803 posse,
3215 5734 3366 5803 quod
3402 5735 3566 5789 etiam
3594 5750 3692 5792 suo

2142 5844 2162 5877 ⁸
2198 5844 2331 5901 ibid.
2379 5844 2568 5902 50-52.
