4086 6396
331 401 420 468 ξ’·ἒὶ
1323 405 1418 466 DE
1457 405 1958 468 SACILUIEN'I'U
2003 407 2572 468 EUCIIAlllS'l‘lJi.
3455 409 3580 470 5'33:

317 523 498 587 perius
536 519 895 574 ostendimus.
965 519 1252 574 Scusibilis
1293 525 1438 576 enim
1477 526 1630 588 panis
1673 535 1726 576 et
1769 525 1880 578 vini
1913 527 1961 586 Α
1991 523 2215 576 trarium
2249 523 2518 577 sentiebat
2559 521 2808 584 Basilius,
2841 537 2940 576 nec
2969 521 3182 576 veritus
3229 521 3490 592 Dionysii,
3527 535 3582 576 et

317 615 478 664 etiam
517 619 634 678 post
661 613 1130 666 consecrationem
1167 615 1374 682 species
1413 615 1594 684 ﬁgura:
1637 617 1886 683 quaedam

320 717 370 758 et
403 707 800 773 prwiigurativa
853 706 928 758 uti
987 717 1138 766 sunt.
1171 707 1242 760 ita
1301 707 1464 762 etiam
1498 707 1602 761 dici
1641 719 1890 776 possunt,

323 811 432 850 tum
467 799 706 851 contenti
735 799 836 852 sub
864 799 944 852 eis
963 801 1074 852 veri
1105 799 1372 854 Dominiei
1404 800 1650 868 corporis
1685 809 1738 854 et
1767 817 1892 854 sau-

323 889 524 956 guinis,
559 899 670 942 tum
707 889 922 960 mystici
973 893 1218 958 corporis
1253 901 1310 944 et
1345 891 1730 944 ecclesiasticae
1766 891 1894 944 uni-

323 981 466 1042 tatis,
507 981 681 1048 ipsum
711 997 932 1050 quoque
962 997 1160 1050 corpus
1201 982 1412 1052 tnyslici
1468 981 1718 1050 corporis
1749 999 1894 1050 sym-

325 1071 506 1124 bolum
539 1087 602 1126 ac
623 1071 838 1139 signum
871 1087 1014 1136 esse,
1054 1082 1110 1125 ut
1167 1073 1327 1126 latius
1361 1073 1524 1142 paulo
1551 1081 1674 1125 ante
1723 1071 1900 1124 disse-

327 1161 562 1215 ruimus.
601 1163 766 1220 Decet
822 1171 1028 1226 tamen,
1057 1173 1116 1215 nt
1149 1171 1278 1214 tunc
1331 1179 1546 1230 quoque
1579 1162 1900 1215 memoravi-

321 1269 460 1310 tnus.
507 1253 622 1306 haec
657 1253 854 1307 debito
883 1255 1064 1318 modo,
1095 1263 1150 1308 ct
1183 1271 1291 1306 non
1323 1255 1494 1308 instar
1525 1262 1898 1308 sacramento-

325 1361 440 1397 rum
467 1347 668 1400 veteris
687 1347 842 1414 legis,
874 1363 994 1415 qua:
1020 1355 1226 1399 tantum
1252 1347 1436 1416 ﬁgurae
1464 1347 1896 1415 sunt,accipere.

323 1435 474 1500 Quod
513 1437 676 1492 etiam
719 1437 960 1507 Dionysii
1021 1439 1339 1492 testimonio
1395 1439 1773 1502 conﬁrmatur,
1807 1437 1900 1506 qui

325 1539 738 1581 sacramentum
771 1529 874 1582 hoc
909 1529 1072 1582 etiam
1105 1539 1226 1596 post
1257 1531 1732 1584 consecrationem
1765 1531 1842 1596 (in
1869 1529 1904 1580 3

328 1619 714 1674 lfcclesiastira!
743 1623 1054 1674 hicrarcltia:
1083 1621 1346 1690 capitulo)
1389 1622 1694 1692 symbolum
1727 1623 1900 1674 nomi-

323 1723 433 1765 nat.
467 1713 546 1766 ita
567 1714 710 1766 enim
737 1713 944 1780 inquit:
969 1711 1162 1766 Sacras
1183 1711 1394 1765 divinas
1423 1713 1768 1780 Operationes
1793 1709 1906 1763 hie-

323 1807 524 1858 rarcha
587 1805 842 1866 laudans,
879 1817 1166 1858 consecrat
1223 1804 1674 1867 divinissima,et
1735 1803 1904 1856 mani-

2002 616 2198 676 sancti,
2239 625 2296 667 et
2349 611 2602 684 martyris
2641 613 3048 676 auctoritatem,
3093 613 3188 682 qui
3229 625 3418 668 contra
3461 615 3582 684 ejus

2000 709 2312 775 opinionem
2337 706 2632 776 judicaret,
2691 705 3035 772 diceretque,
3089 705 3154 758 ad
3183 704 3345 758 ﬁdem
3383 723 3448 758 ex
3517 723 3579 759 ea

2003 801 2194 853 haeresi
2265 799 2545 852 venientes
2603 797 2924 864 rebaptizari
2980 797 3213 862 debere,
3259 798 3405 866 quod
3469 815 3578 852 non

2005 901 2150 944 recte
2183 905 2356 960 neque
2395 889 2446 942 in
2481 888 2698 942 nomine
2731 887 2928 948 Patris,
2953 901 3008 941 et
3041 885 3182 952 Filii,
3240 899 3297 942 et
3331 888 3577 956 Spiritus

2005 981 2174 1034 sancti
2207 992 2386 1034 essent
2423 982 2700 1048 baptizati.
2755 981 2820 1034 Et
2859 981 3020 1032 nobis
3071 979 3234 1048 igitur
3267 980 3578 1032 mirandum

2005 1083 2108 1134 est,
2135 1072 2412 1140 quomodo
2447 1073 2646 1124 dixerit
2675 1073 2776 1126 hoc
2807 1071 3193 1124 [ianuascenus.
3223 1070 3326 1124 Sed
3379 1073 3576 1124 memi-

2009 1166 2158 1219 nisse
2189 1171 2430 1233 oportet,
2465 1165 2742 1216 hominem
2779 1178 2908 1215 eum
2939 1163 3134 1225 tuisse,
3170 1163 3418 1230 qttatntis
3445 1167 3582 1216 mira

2009 1258 2300 1311 sanctitate
2339 1258 2651 1326 praeditum.
2683 1267 2734 1310 et
2765 1257 2880 1310 ﬁeri
2909 1256 3200 1325 aliquando
3225 1257 3486 1324 potuisse.
3527 1267 3586 1308 ut

2011 1366 2114 1420 pro
2149 1349 2520 1404 imbecillitate
2551 1348 2774 1402 humani
2807 1347 3005 1416 ingenii
3040 1362 3146 1398 non
3187 1353 3334 1400 recte
3371 1347 3588 1414 aliquid

2010 1443 2280 1504 senserit;
2309 1457 2407 1495 nos
2439 1455 2568 1494 vero
2599 1455 2708 1494 non
2737 1455 2802 1492 ex
2831 1441 2898 1492 iis
2929 1439 3204 1508 velipsum
3239 1439 3322 1492 vel
3361 1439 3496 1492 alios
3523 1440 3590 1490 de

2011 1534 2117 1586 illis
2145 1549 2266 1601 qua!
2303 1533 2476 1602 ralam
2503 1541 2668 1599 atque
2697 1531 3034 1584 unanimiter
3063 1529 3432 1594 tradiderunt,
3495 1531 3588 1580 sed

2015 1623 2197 1692 potius
2235 1638 2302 1676 ex
2364 1623 2434 1676 iis
2465 1624 2580 1676 hinc
2607 1623 2923 1676 discernere
2981 1636 3042 1674 ac
3069 1620 3322 1690 judicare
3363 1619 3586 1674 tlcltcrc.

2015 1715 2283 1769 Fortassis
2315 1727 2524 1780 autem,
2551 1715 2696 1782 quod
2740 1713 3084 1782 impossibile
3109 1729 3214 1766 non
3243 1723 3350 1774 est,
3375 1712 3584 1766 diceret

2015 1809 2308 1876 quispiam.
2361 1807 2524 1861 verba
2576 1807 2666 1860 illa
2699 1805 2911 1869 Basilii,
2946 1805 3149 1875 quibus
3213 1804 3328 1858 haec
3363 1819 3589 1856 munera

322 1899 482 1950 restat
517 1897 872 1964 quzelauilata
899 1905 1048 1956 sunt.
1089 1913 1182 1964 per
1206 1895 1448 1965 symbola
1479 1906 1668 1948 sancte
1693 1909 1892 1964 propo-
1925 1885 1970 1942 Β
2010 1901 2410 1969 pnetigurativa
2451 1899 2777 1960 nominavit.
2803 1911 3048 1968 tempore
3073 1897 3388 1952 Damasceni
3409 1897 3590 1952 locum

317 1993 359 2040 si
387 2007 436 2040 a.
479 1989 544 2041 Et
579 1987 756 2040 infra:
791 1987 996 2054 l‘opnlo
1025 1987 1244 2056 quidem
1271 1987 1454 2040 divina
1517 1987 1694 2040 solum
1737 2002 1880 2056 sym-

321 2079 438 2132 lzo'a
474 2079 746 2131 intuente.
777 2079 838 2131 Et
865 2093 1053 2132 rursus
1080 2096 1092 2131 :
1127 2077 1186 2131 In
1219 2093 1426 2130 sacram
1459 2078 1776 2131 memoriam
1803 2091 1902 2130 nos
1935 2139 1942 2146 ‘

319 2173 466 2224 ducit
505 2171 704 2223 divina}
735 2184 902 2222 emine
935 2210 950 2234 ,
979 2185 1098 2238 qum
1129 2169 1428 2238 principale
1463 2170 1768 2240 symbolum
1801 2169 1904 2224 fuit

321 2278 508 2315 torum
537 2277 656 2330 qua:
687 2261 738 2313 in
766 2261 920 2314 altari
954 2259 1114 2312 ﬁunt.
1141 2259 1292 2314 Unde
1314 2269 1366 2313 et
1395 2259 1506 2329 ipse
1530 2259 1897 2332 symbolorum

325 2365 550 2406 t-reater
582 2355 792 2420 optimo
838 2351 960 2418 jure
1007 2367 1132 2404 eum
1163 2351 1400 2419 repellit,
1457 2353 1549 2420 qui
1609 2368 1719 2405 non
1777 2369 1900 2406 sau-

325 2455 406 2498 cte
443 2459 626 2512 neque
655 2445 820 2498 simili
855 2443 1016 2498 modo
1045 2458 1168 2495 cum
1194 2457 1259 2496 eo
1291 2459 1442 2496 Sacra
1467 2445 1556 2497 illa
1583 2447 1900 2499 cantavcrit.

321 2538 452 2589 tiam
483 2537 656 2606 igitur
683 2550 838 2588 sacra
869 2535 956 2588 illa
991 2547 1220 2586 munera
1255 2535 1418 2588 etiam
1457 2545 1574 2602 post
1608 2551 1904 2588 consecra-

325 2631 530 2682 tionem
592 2627 840 2697 symbola
912 2629 1182 2686 nominet,
1251 2635 1670 2695 creat0remque
1705 2642 1902 2680 eorum

322 2739 438 2788 qua:
499 2737 648 2774 nunc
691 2720 939 2788 qumidie
990 2719 1042 2770 in
1075 2717 1324 2770 ccclesiis
1387 2717 1540 2778 ﬁtmt,
1607 2717 1908 2786 principale

325 2815 660 2884 symbolum,
697 2813 844 2866 illam
875 2816 1326 2866 sacramentalem
1353 2825 1564 2863 ccenam
1599 2825 1906 2863 sacramen-

325 2919 506 2960 torum
551 2906 604 2959 in
659 2921 724 2960 eo
754 2905 1223 2970 distributionem,
1283 2903 1574 2973 ipsumque
1613 2903 1906 2956 Dominum

326 2999 702 3068 symbolorunt
727 3009 1030 3052 creatorem
1071 2999 1332 3068 appellet,
1407 3013 1596 3053 eorum
1653 2999 1910 3052 videlicet

326 3108 442 3160 qua:
473 3101 590 3144 tum
621 3093 848 3156 creavit,
871 3091 982 3144 lnrc
1009 3107 1141 3142 vero
1173 3091 1394 3144 fuerunt
1425 3090 1631 3160 proprii
1661 3091 1910 3160 corporis

329 3184 698 3248 consecratio,
725 3183 1070 3248 distributio,
1103 3184 1346 3246 traditio,
1379 3201 1476 3236 cur
1511 3198 1620 3238 non
1652 3183 1814 3238 etiam
1851 3181 1910 3236 li-

327 3297 517 3346 guram
535 3281 1046 3335 convenientissime
1081 3289 1236 3334 vocet
1253 3279 1274 3332 ?
1291 3279 1452 3348 Atqui
1489 3281 1631 3348 quod
1655 3293 1755 3332 nec
1781 3293 1916 3348 prte-

329 3375 600 3444 ﬁgurativi
633 3373 858 3442 quidem
911 3373 1240 3426 vocabulum
1269 3385 1398 3424 vero
1431 3371 1634 3425 Christi
1683 3369 1900 3439 corpori

334 3467 704 3536 sanguinique
737 3465 1054 3527 conveniat,
1082 3465 1226 3518 idem
1287 3463 1658 3517 Datnascenus
1685 3473 1916 3516 testatur

329 3559 378 3612 iu
409 3557 606 3612 eodeni
628 3555 888 3624 capitulo,
908 3555 980 3608 ita
1006 3555 1196 3610 dicens
1223 3553 1664 3622 :Prmﬁgurattva
1695 3551 1904 3608 futuro-

329 3667 446 3703 rum
477 3649 770 3712 dicantur;
797 3661 985 3700 verum
1005 3659 1205 3714 corpus
1229 3653 1282 3699 et
1301 3645 1520 3714 sanguis
1542 3643 1768 3706 Christi,
1797 3661 1906 3698 non

333 3744 460 3812 quia
489 3757 596 3795 non
635 3741 776 3794 ﬁunt
807 3755 996 3794 verum
1027 3753 1232 3809 corpus
1261 3747 1316 3793 et
1371 3740 1614 3806 sanguis,
1653 3738 1746 3790 sed
1787 3738 1912 3808 quia

339 3851 484 3888 nunc
505 3835 722 3903 quidem
756 3847 854 3902 per
889 3847 950 3886 ea
985 3833 1282 3902 participes
1325 3831 1592 3884 eﬁicimur
1613 3827 1916 3883 divinitatis

339 3927 565 3992 Christi,
609 3936 742 3979 tunc
771 3940 902 3980 vero
927 3939 1024 3994 per
1048 3924 1218 3979 solam
1263 3923 1527 3978 visionem
1557 3921 1914 3988 intelligibili-

339 4029 437 4084 ter.
477 4019 590 4072 Hoc
615 4019 759 4071 idem
793 4017 1039 4087 apertius
1089 4015 1423 4070 confirmare
1453 4015 1670 4068 videtur
1719 4013 1914 4067 beatus

333 4111 650 4180 Gregorius,
684 4111 808 4166 ideo
843 4109 1098 4179 inquiens
1159 4107 1276 4162 inec
1319 4107 1592 4160 nominari
1659 4105 1910 4175 ﬁgurant,

341 4207 466 4274 quia
497 4219 730 4272 corpore
765 4211 821 4257 et
847 4201 1111 4271 sanguine
1167 4199 1378 4252 Domini
1435 4211 1582 4250 nunc
1627 4195 1914 4263 participa-

339 4315 458 4352 mus
487 4299 541 4352 in
568 4297 736 4367 ﬁgura
767 4295 924 4366 panis
987 4303 1044 4348 et
1081 4291 1216 4354 vini,
1255 4299 1386 4346 tunc
1445 4305 1576 4344 vero
1595 4303 1718 4343 eum
1749 4287 1910 4340 talem

337 4391 516 4460 qualis
541 4405 672 4444 vere
713 4397 817 4454 est,
847 4384 1300 4441 manifestissima
1333 4383 1545 4436 visione
1574 4379 1914 4449 contempla-

339 4485 538 4536 bimur.
564 4479 934 4547 Quamobrem
957 4495 1064 4533 non
1100 4475 1267 4531 video
1295 4475 1424 4546 quid
1456 4475 1674 4528 tandem
1718 4472 1912 4526 fortui-

2015 2003 2140 2046 ante
2167 1991 2336 2046 verba
2369 1991 2584 2045 Domini
2621 1989 2676 2044 in
2707 1991 2872 2044 missa
2897 1989 3080 2044 Basilii
3115 1989 3398 2052 habuisse,
3439 1989 3594 2042 ideo-

2017 2100 2124 2154 que
2175 2099 2242 2138 co
2301 2083 2464 2136 modo
2501 2091 2556 2137 et
2611 2091 2760 2136 recte
2789 2082 3108 2152 exposuisse
3157 2081 3592 2136 Damascenum:

2028 2191 2174 2230 nunc
2207 2189 2336 2230 vero
2365 2177 2550 2228 nescio
2576 2173 2851 2243 quomodo
2889 2189 2950 2228 ea
2992 2172 3156 2228 verba
3205 2171 3370 2226 fuisse
3418 2181 3596 2226 trans-

2009 2267 2206 2336 posita.
2285 2263 2450 2319 Multa
2487 2267 2632 2318 enim
2671 2265 2798 2319 huic
2816 2265 3015 2318 similia
3051 2273 3156 2316 tam
3191 2265 3353 2332 longo
3379 2273 3592 2332 tempo-

2015 2373 2136 2410 rum
2167 2359 2452 2412 intervallo
2490 2357 2828 2412 acciderunt.
2849 2357 3132 2426 Siquidem
3165 2357 3306 2425 apud
3351 2359 3592 2422 Aposto-

2011 2451 2122 2502 lum
2185 2449 2270 2502 bis
2346 2449 2432 2502 illa
2486 2448 2650 2502 verba
2717 2448 2888 2518 posita
2940 2457 3070 2502 sunt
3115 2461 3130 2498 :
3169 2447 3276 2500 Hoc
3320 2447 3474 2514 {ai-ite
3535 2448 3590 2497 in

2011 2557 2182 2594 meam
2206 2543 2772 2594 commemorationem.
2797 2539 2943 2592 idem
2979 2551 3098 2607 post
3123 2557 3136 2592 :
3175 2539 3284 2592 Hoc
3305 2547 3378 2592 est
3401 2555 3590 2608 corpus

2012 2631 2291 2687 meum.El
2329 2641 2474 2702 post,
2511 2631 2608 2685 llic
2656 2641 2730 2685 est
2792 2632 3024 2701 sanguis
3065 2647 3228 2684 meus.
3277 2629 3387 2685 Nos
3464 2645 3594 2683 vero

2011 2726 2177 2779 semel
2210 2733 2416 2778 tantum
2456 2725 2508 2777 in
2544 2737 2696 2778 sacra
2730 2723 3147 2778 consecratione
3183 2721 3285 2776 hoc
3333 2721 3590 2776 dicimus.

2015 2815 2278 2868 Prteterea
2310 2830 2494 2868 sacras
2529 2813 2844 2882 particulas,
2879 2813 2982 2866 hoc
3021 2823 3104 2867 est
3135 2828 3284 2866 sacre
3318 2811 3592 2866 dormien-

2015 2907 2148 2960 tium
2179 2906 2516 2968 memoriam,
2551 2905 2722 2958 multo
2765 2912 2889 2959 ante
2933 2903 3145 2957 Domini
3207 2905 3368 2956 veiha
3439 2903 3596 2972 juxta

2013 2999 2268 3054 cumdem
2301 2999 2614 3068 Dionysium
2649 2997 2830 3050 facere
2856 2996 3144 3062 solebant;
3181 3011 3282 3050 nos
3333 3013 3463 3050 vero
3491 2997 3593 3050 hoe

2018 3093 2188 3146 multo
2217 3099 2357 3160 post,
2419 3099 2628 3144 mutato
2651 3091 2837 3143 nescio
2871 3089 3148 3156 quomodo
3173 3087 3386 3152 ordine,
3415 3089 3597 3142 facere

2021 3185 2430 3238 con-novimus.
2490 3181 2710 3236 Minime
2750 3181 2916 3250 igitur
2969 3179 3281 3234 mirandum
3337 3191 3504 3242 esset,
3552 3182 3594 3232 si

1971 3263 1988 3287 ⁹
2021 3277 2132 3330 hoc
2157 3275 2545 3344 praeligurativi
2569 3274 2920 3336 vocabulum,
2961 3271 3276 3326 [Iattiasceni
3352 3280 3596 3340 tempore

2018 3379 2142 3422 ante
2177 3365 2454 3420 Dominica
2493 3365 2656 3420 verba
2681 3367 2941 3429 locatum,
2977 3364 3178 3418 dehinc
3205 3379 3232 3418 a
3275 3365 3596 3417 recentiori-

2019 3461 2120 3513 bus
2151 3475 2216 3513 eo
2244 3473 2352 3527 quo
2375 3473 2522 3512 nunc
2551 3457 2748 3526 legitur
2781 3459 2900 3510 loco
2941 3468 3212 3511 mutatum
3241 3473 3306 3510 ac
3357 3457 3596 3525 positum

2020 3553 2236 3606 fuisset.
2271 3549 2368 3605 His
2395 3551 2466 3604 ita
2489 3549 2776 3620 expositis,
2807 3559 3062 3618 superest
3107 3559 3166 3603 ut
3190 3549 3258 3601 ad
3285 3565 3344 3601 ea
3375 3549 3596 3603 tandem

2018 3659 2140 3712 qua:
2163 3643 2228 3695 de
2263 3649 2452 3696 sancto
2471 3641 2726 3712 Dionysio
2761 3641 2829 3694 ab
2851 3641 3182 3694 adversariis
3203 3639 3366 3708 objici
3393 3641 3592 3694 solent.

2031 3733 2485 3804 respondeamus.
2511 3733 2688 3788 Verba
2719 3733 2840 3802 ejus
2869 3731 2984 3787 hate
3017 3741 3145 3785 sunt
3173 3748 3186 3784 :
3217 3729 3348 3784 lude
3375 3731 3599 3783 divinus

2019 3827 2312 3882 hierarcha
2347 3825 2614 3882 accedens
2667 3827 2732 3879 ad
2761 3839 2975 3878 sacrum
3009 3823 3207 3886 altare,
3243 3823 3429 3875 laudat
3461 3837 3598 3890 pra:—

2020 3915 2195 3968 dictas
2233 3931 2420 3970 sacras
2450 3915 2802 3982 operationes
2841 3913 2958 3977 Dei,
3001 3911 3176 3981 ipsius
3225 3910 3352 3965 Jesu
3405 3911 3585 3978 provi-

2017 4007 2240 4072 dentiae,
2277 4021 2414 4075 quas
2445 4021 2546 4074 pro
2575 4007 2747 4059 salute
2787 4005 3004 4073 generis
3033 4003 3226 4066 nostri,
3255 4001 3596 4070 beneplacito

2015 4099 2344 4152 sanctissimi
2367 4097 2562 4162 Patris,
2583 4097 2636 4150 in
2653 4095 2860 4165 Spiritu
2882 4104 3094 4159 sancto,
3117 4091 3416 4148 secundum
3431 4107 3600 4145 evan—

2015 4191 2186 4261 gelica
2217 4189 2382 4244 verba
2407 4197 2664 4258 operatus
2678 4197 2780 4241 est.
2809 4187 3108 4256 Postquam
3129 4182 3597 4242 autemlaudavit,

2015 4293 2071 4336 et
2105 4281 2469 4336 venerandam
2531 4279 3068 4348 intellectualemque
3131 4275 3593 4346 speculationem

2015 4391 2208 4430 eorum
2243 4371 2704 4428 iutellectualibus
2730 4371 2906 4424 oculis
2951 4370 3249 4439 perspexit,
3276 4367 3340 4420 ad
3381 4367 3601 4437 symbo-

2015 4467 2180 4522 lieam
2212 4481 2406 4521 eorum
2433 4464 2906 4520 consecrationem
2961 4463 3132 4524 venit,
3159 4470 3212 4514 et
3247 4463 3352 4514 hoc
3399 4473 3600 4513 secun-

342 4577 482 4628 dans
507 4573 893 4637 Damascenus,
927 4569 1312 4641 praeﬁgurativi
1348 4567 1676 4622 vocabulum
1721 4581 1918 4620 renue-
1950 4565 1994 4619 D
2025 4561 2156 4614 dum
2216 4557 2568 4612 traditionem
2621 4556 2885 4610 divinam.
2924 4552 3076 4608 Unde
3103 4553 3299 4606 devote
3353 4551 3514 4604 simul
3541 4565 3598 4602 et

345 4669 438 4728 rit,
469 4667 704 4734 ideoque
739 4664 810 4717 ita
844 4677 1120 4732 evponere
1179 4661 1250 4716 sit
1276 4671 1524 4724 conatus,
1557 4673 1681 4713 cum
1731 4657 1912 4728 possi-

347 4759 454 4813 bile
499 4759 588 4818 sit,
623 4765 729 4810 tam
754 4771 818 4810 ex
885 4755 1058 4824 ipsius
1085 4768 1254 4823 quam
1287 4767 1353 4805 ex
1385 4761 1702 4806 cancrorum
1727 4749 1914 4803 docto-

345 4867 462 4905 rum
499 4849 791 4914 sententia,
815 4863 1006 4901 vcrum
1045 4846 1211 4899 etiam
1245 4858 1446 4912 corpus
1479 4853 1535 4897 et
1566 4841 1908 4912 sanguinem,

340 4943 452 4997 sive
483 4943 740 5012 ﬁguram,
793 4941 906 4993 sive
937 4937 1340 5008 prteﬁgurativa
1401 4937 1714 4990 nominare.
1765 4935 1917 4990 Licet

341 5037 505 5102 igitur
545 5031 708 5086 nobis
729 5031 973 5084 hocloco
1001 5029 1209 5092 dicere,
1241 5027 1384 5096 quod
1420 5035 1642 5081 sanctus
1675 5027 1912 5081 Basilius

345 5127 406 5178 ad
431 5123 880 5193 Amphilochium
901 5120 1536 5183 scribensiconieuscm,
1565 5120 1629 5174 de
1657 5119 1915 5189 Dionysio

347 5217 718 5272 Alexandrino
751 5223 984 5285 martyre
1017 5213 1218 5282 inquit.
1259 5213 1394 5268 Nam
1452 5227 1574 5266 eum
1601 5213 1918 5281 loqueretur

349 5310 414 5362 de
441 5309 640 5377 bisqui
675 5306 1054 5376 rebaptizandi
1091 5317 1240 5370 sunt,
1277 5305 1748 5375 Pepusianosque.
1785 5319 1918 5357 con-

353 5411 428 5455 tra
503 5401 746 5471 Dionysii
777 5379 1128 5462 sententiam,
1171 5399 1590 5467 rebaptizandos
1621 5405 1872 5452 censeret
1900 5413 1913 5448 :

355 5493 539 5558 Miror,
581 5495 782 5563 inquit,
819 5491 1098 5562 quomodo
1147 5491 1252 5544 hoc
1293 5491 1516 5545 latuerit
1577 5489 1916 5558 Dionysium,

351 5588 594 5655 quamvis
632 5603 900 5642 canonum
937 5586 1182 5640 omnium
1244 5582 1720 5647 expertissimnm.
1761 5581 1920 5636 Vole-

354 5678 442 5733 bat
473 5695 604 5735 saue
643 5679 958 5748 Dionysius,
988 5691 1296 5748 quanquam
1333 5685 1572 5734 sanctus,
1636 5675 1744 5726 imo
1789 5687 1922 5725 vero

357 5771 516 5824 etiam
555 5781 782 5842 martyr,
819 5783 914 5824 eos
946 5773 1040 5839 qui
1071 5787 1134 5823 ex
1169 5769 1612 5836 Pepnsianurum'
1637 5767 1762 5819 ham
1785 5765 1828 5819 si
1855 5765 1920 5818 ad

359 5859 508 5914 liiiem
557 5863 830 5925 venirent,
871 5875 976 5916 non
1012 5859 1214 5916 debere
1245 5859 1524 5931 baptizari.
1588 5857 1756 5926 Cujus
1785 5871 1918 5911 con-
1957 5905 1964 5910 .

2017 4650 2358 4704 hierarchice
2387 4655 2506 4718 post
2548 4647 2737 4702 laudes
2775 4646 3082 4700 divinarum
3115 4645 3494 4714 operationum
3533 4644 3612 4695 de.

2016 4743 2425 4798 consecratione
2445 4739 2991 4808 eorum,respondet,
3011 4736 3084 4790 Tu
3107 4737 3308 4796 dixisti,
3327 4736 3598 4804 inquiens,

2019 4835 2133 4888 Hoc
2166 4835 2320 4904 facite
2361 4837 2416 4886 in
2463 4847 2632 4887 meam
2671 4833 3240 4885 commemorationem.
3259 4828 3462 4884 Deinde
3501 4843 3599 4896 po—

2017 4929 2228 4982 stulans
2275 4936 2332 4980 ut
2389 4927 2586 4996 (lignus
2651 4924 2744 4979 ﬁat
2794 4924 2898 4978 hac
2952 4925 3390 4984 consecratione,
3431 4933 3486 4974 et
3535 4927 3599 4971 ad

2017 5019 2438 5074 similitudinem
2474 5017 2678 5072 Christi
2725 5017 2840 5071 haec
2863 5016 3044 5069 divina
3087 5016 3352 5084 pellicere
3401 5015 3610 5066 valeat.-

2020 5127 2070 5169 et
2113 5126 2263 5169 caste
2295 5113 2653 5176 distribuere,
2683 5119 2970 5168 consecrat
3003 5109 3368 5168 divinissima,
3407 5114 3464 5159 et
3489 5123 3606 5158 ina-

2023 5208 2246 5262 nii‘estat
2279 5206 2497 5260 laudata
2525 5219 2624 5274 per
2652 5203 2897 5274 symbola
2940 5209 3128 5256 sancte
3179 5199 3485 5270 pr0posita.
3521 5198 3602 5248 Art

2025 5303 2136 5356 haec
2165 5299 2408 5370 Dionysii
2441 5299 2627 5360 verba,
2653 5311 2967 5367 quanquam
2989 5295 3228 5350 diiiicilis
3247 5295 3362 5346 fore
3383 5305 3578 5358 reSpon
3597 5321 3610 5329 -

2023 5397 2106 5447 sio
2139 5393 2417 5456 videatur,
2452 5391 2593 5460 apud
2631 5405 2727 5446 eos
2757 5389 3060 5460 praesertim
3106 5387 3200 5455 qui
3234 5382 3607 5438 contentionis

2025 5485 2340 5554 cupidiores
2364 5492 2494 5538 sunt
2533 5497 2696 5552 quam
2728 5483 2998 5542 veritatis,
3039 5479 3272 5533 dicimus
3303 5485 3483 5530 tamen
3547 5484 3626 5528 et.

2027 5580 2262 5648 ingenue
2294 5583 2656 5638 attestamur,
2690 5575 2832 5644 apud
2875 5573 3076 5642 probas
3109 5580 3166 5626 et.
3194 5571 3416 5625 devotas
3443 5583 3612 5622 aures

2027 5670 2162 5723 nihil
2195 5669 2246 5721 in
2289 5667 2376 5721 his
2408 5682 2527 5722 esse
2563 5665 2708 5736 quod
2745 5665 2812 5718 iis
2847 5681 2969 5734 quae
3007 5679 3173 5733 supra
3227 5661 3468 5716 diximus
3505 5659 3604 5712 ad-

2029 5770 2296 5815 versetur.
2327 5757 2468 5825 Quid
2523 5759 2694 5822 cnitn,
2725 5771 2758 5810 ο
2825 5757 2967 5813 bone
3005 5755 3154 5822 Jesu,
3199 5754 3427 5819 clarius,
3472 5749 3602 5821 quid

2029 5852 2292 5926 apertius,
2331 5852 2460 5923 quid
2517 5849 2857 5906 manifestius
2891 5851 3123 5904 inveniri
3173 5859 3370 5920 potest,
3439 5861 3636 5918 quatas,
