4086 6446
439 456 548 521 523

1402 459 1907 521 BESSARIONIS
1944 461 2001 521 S.
2047 461 2116 521 R.
2164 460 2230 521 Ε.
2274 460 2743 523 CARDINALIS

3579 451 3681 518 [~21

442 566 608 622 verba
638 576 950 622 sanctorum
981 566 1292 635 doctorum,
1326 571 1395 626 de
1427 571 1630 641 quibus
1673 588 1836 642 supra
1867 589 2018 627 men-
2044 577 2088 632 Α
2120 583 2471 642 peccatorum.
2503 572 3065 643 Quamobrem,juxta
3098 571 3263 642 hujus
3290 567 3534 624 doctoris
3559 582 3684 623 sen-

438 660 643 714 tionem
677 658 928 724 fecimus,
964 660 1128 715 verba
1189 662 1402 717 Domini
1454 674 1666 719 mutare
1694 677 1889 735 panem
1946 664 2001 719 in

360 812 365 816 _
434 767 658 819 corpus.
697 751 787 805 illa
819 762 1223 808 sacramentum
1256 755 1463 826 integre
1498 757 1784 825 perlicere.
1832 757 2005 812 verbo

433 839 526 894 Dei
559 856 750 910 panem
780 842 1132 906 sanetilicari,
1188 861 1383 915 panem
1422 848 1475 901 in
1511 863 1710 916 corpus
1741 864 1837 918 per
1884 864 2007 901 ver-

436 933 564 984 bum
600 933 823 997 nmtari,
884 942 1013 987 ante
1044 936 1209 990 verba
1261 952 1457 1006 panem
1504 939 1828 1007 simpliciter
1882 956 2005 996 es~e

434 1039 633 1077 munus
664 1025 807 1092 quod
870 1025 1118 1088 oli‘ertur,
1154 1037 1274 1097 post
1304 1033 1468 1084 verba
1526 1045 1648 1084 mox
1702 1031 1756 1084 in
1807 1047 2006 1100 corpus

434 1112 652 1175 ututari,
694 1113 910 1182 aliaque
944 1114 1296 1185 ltujusmodi?
1349 1120 1394 1172 A
1449 1120 1652 1189 quibus
1706 1121 2003 1190 quomodo,

432 1218 617 1268 qnmso
643 1213 717 1267 te,
750 1204 1069 1262 dissentiret
1097 1208 1737 1280 Dionysitts,tpr:rsertitn
1759 1212 2005 1267 (iOt'll'illa

430 1307 480 1347 ιιι
518 1296 789 1365 sapientia
820 1314 885 1352 ac
931 1300 1058 1355 vita:
1088 1301 1376 1356 sanctitate
1406 1303 1705 1372 aequalibus
1731 1314 1893 1375 atque
1925 1309 2002 1362 si-

427 1389 711 1460 millimis?
734 1391 990 1448 Profecto
1020 1410 1183 1448 nemo
1208 1394 1313 1449 hoc
1337 1396 1534 1451 mentis
1561 1412 1784 1467 compos
1832 1397 2005 1453 fatea-

434 1492 545 1535 tur.
584 1482 678 1535 Est
717 1492 899 1537 autem
936 1486 1083 1553 quod
1122 1486 1414 1557 Dionysius
1442 1489 1641 1557 inquit,
1665 1490 1768 1544 tale
1797 1490 2006 1560 aliquid

431 1573 593 1639 quale
616 1573 872 1642 superius
912 1574 1170 1630 diximus.
1204 1576 1358 1643 Quod
1395 1594 1518 1634 cum
1561 1597 1729 1649 Opera
1764 1582 1816 1635 in
1849 1598 2007 1636 crea~

435 1674 552 1716 tura
592 1664 760 1718 totius
790 1664 1078 1723 Trinitatis
1094 1670 1405 1724 communia
1430 1671 1560 1736 sint,
1600 1684 1656 1726 ut
1693 1674 1795 1728 hoc
1824 1675 2005 1728 omni-
2034 1658 2045 1668 ’

435 1754 538 1807 bus
574 1755 747 1824 palam
772 1755 884 1824 ﬁat,
913 1773 1093 1827 operae
1126 1760 1362 1829 pretium
1393 1771 1479 1815 est
1509 1771 1677 1818 totam
1733 1780 1838 1819 nos
1881 1764 2007 1818 'l‘ri-

436 1844 659 1901 nitatem
707 1849 994 1905 invocare.
1023 1849 1179 1919 Quod
1215 1868 1341 1907 cum
1371 1854 1534 1910 simul
1582 1865 1639 1912 et
1668 1857 1874 1926 absque
1915 1857 2003 1911 in-

437 1938 666 1993 tervallo
693 1942 958 2011 temporis
991 1941 1111 1998 ﬁeri
1156 1961 1265 2000 non
1295 1947 1490 2015 possit,
1523 1963 1646 2002 cum
1703 1948 2003 2017 praesertim

435 2035 688 2095 oporteat
713 2044 928 2104 omnem
965 2031 1184 2088 illorum
1214 2051 1335 2105 qua:
1356 2052 1419 2093 ea
1454 2047 1616 2093 nocte
1667 2047 1816 2108 gesta
1879 2051 2008 2095 sunt

437 2119 728 2176 historiam
788 2138 1071 2185 enarrare.
1130 2124 1357 2183 necesse
1409 2136 1493 2183 est
1559 2145 1659 2184 nos
1689 2145 1856 2185 unum
1882 2137 2011 2202 post

435 2214 608 2277 aliud.
643 2215 944 2271 secundum
975 2217 1082 2271 vim
1117 2227 1171 2272 et
1204 2233 1452 2277 naturam
1509 2234 1709 2280 nostra:
1765 2241 2005 2295 pronun-

436 2304 697 2370 tiationis,
723 2321 1018 2375 exponere.
1064 2308 1141 2363 Ita
1185 2325 1314 2382 ergo
1364 2321 1482 2381 post
1511 2314 1676 2369 verba
1727 2314 2009 2370 Dominica

436 2394 658 2466 (quibus
687 2400 841 2471 juxta
875 2400 1324 2471 Cltrysostomum
1354 2403 1565 2474 integre
1600 2405 1884 2473 perlicitur
1919 2424 2008 2462 sa-

434 2503 773 2547 cramentum
807 2510 870 2549 ac
904 2495 1173 2564 proposita
1211 2505 1669 2561 transmutantur,
1720 2498 2008 2569 quibusve,

438 2597 498 2640 nt
545 2586 1148 2661 GregoriusNyssenus
1179 2602 1279 2653 θαι,
1336 2590 1713 2661 sanctificatur
1748 2593 1925 2662 panis,
1954 2593 2009 2649 iu

435 2696 745 2750 corpusque
781 2682 1127 2754 transfertur)
1162 2680 1381 2738 Patrem
1416 2699 1480 2739 ac
1512 2681 1779 2755 Spiritum
1829 2685 2010 2757 palam

434 2787 599 2844 atque
621 2787 808 2844 aperte
839 2778 1180 2833 invocamus.
1214 2776 1366 2833 lianc
1396 2795 1525 2834 vero
1555 2780 1897 2837 manifestam
1925 2781 2014 2838 in-

436 2866 777 2922 vocationem
839 2878 1094 2938 tanquam
1125 2870 1462 2926 multitudini
1519 2872 1793 2927 notiorem
1851 2874 2016 2931 tradit

439 2961 632 3016 beatus
660 2961 972 3033 Dionysius,
1000 2977 1127 3016 cuni
1152 2964 1495 3019 sacerdotem
1543 2966 1699 3033 dicit,
1727 2974 2014 3037 postquam

442 3069 541 3120 pro
567 3069 626 3109 se
652 3054 968 3123 respondit,
991 3054 1180 3110 dicens
1205 3098 1219 3122 ,
1258 3057 1332 3111 Tu
1375 3058 1578 3124 dixisti,
1616 3059 1726 3113 Hoc
1776 3058 1934 3127 facite
1960 3062 2015 3114 in

442 3161 612 3198 meam
642 3149 1217 3212 commemorationem,

1285 3158 1415 3205 tunc
1440 3151 1659 3207 demum
1698 3151 1765 3206 ad
1824 3169 2018 3210 conse-

2111 665 2362 731 tentiam,
2385 666 2496 734 jam
2526 665 2829 737 perfectum
2854 676 2940 721 est
2969 672 3394 728 sacramentum,
3444 675 3572 716 cum
3601 656 3685 713 di-

2109 756 2287 812 cimus
2372 757 2749 813 remissionem
2820 766 3168 826 peccatorum
3230 752 3393 808 nobis
3466 750 3685 821 praebe.-

2122 850 2193 904 ri.
2230 842 2474 904 Dicimus
2529 857 2710 903 autem
2748 847 2883 903 -boc
2936 847 3120 903 subito
3173 856 3294 917 post
3347 843 3514 900 verba
3571 842 3681 897 Do-

2110 941 2289 1007 mini,
2373 941 2484 997 imo
2559 957 2693 996 vero
2772 942 2827 994 in
2924 939 3093 1008 ipsius
3190 935 3405 993 Domini
3493 934 3679 990 verbs.

2111 1032 2429 1103 Sequuntur
2494 1032 2643 1087 enim
2727 1032 2842 1087 lucc
2904 1031 2991 1085 illa
3078 1028 3292 1084 Domini
3344 1027 3507 1082 verba
3554 1023 3684 1095 qui-

2107 1128 2213 1183 bus
2258 1127 2542 1194 perﬁcitur
2590 1135 3014 1187 sacramentum,
3044 1121 3273 1186 scilicet,
3332 1120 3440 1174 Hoc
3460 1127 3537 1174 est
3566 1133 3683 1171 cor-

2110 1233 2209 1287 pus
2238 1235 2433 1284 nteant,
2456 1199 2533 1285 et,
2562 1217 2660 1271 llic
2683 1224 2760 1270 est
2782 1216 2997 1284 sanguis
3032 1228 3198 1275 meus,
3220 1208 3682 1280 quemadmodum

2110 1324 2200 1364 res
2233 1310 2349 1379 ipsa
2382 1326 2495 1364 rem
2526 1309 2696 1377 ipsam
2728 1306 3000 1375 sequitur,
3035 1304 3138 1359 hoc
3180 1315 3285 1370 est,
3326 1310 3678 1369 peccatorum

2110 1400 2361 1456 remissio
2388 1399 2655 1455 Dominici
2693 1397 2944 1468 corporis
2998 1395 3462 1457 communionem,
3526 1391 3684 1462 cujus

2107 1503 2192 1549 est
2219 1491 2471 1547 elIectus.
2501 1490 2677 1545 Medio
2709 1487 2872 1558 igitur
2905 1487 3004 1542 illo
3035 1493 3301 1555 tempore,
3332 1499 3441 1553 quo
3496 1482 3683 1537 divina

2109 1598 2274 1651 opera
2310 1590 2435 1636 ante
2493 1581 2658 1635 verba
2718 1578 2933 1634 Domini
2986 1576 3301 1641 laudantur,
3347 1584 3401 1631 et
3456 1589 3567 1645 quo
3592 1578 3719 1628 ea-'

2110 1676 2233 1728 dem
2278 1682 2401 1742 post
2432 1673 2518 1727 illa
2551 1672 2719 1727 verba
2750 1670 2951 1741 populo
2978 1668 3268 1723 manifesta
3308 1667 3467 1730 fiunt,
3490 1680 3691 1721 conse—

2109 1768 2285 1821 cratio
2316 1766 2394 1829 lit,
2422 1765 2531 1819 illis
2585 1764 2837 1819 videlicet
2860 1760 3298 1817 Dominiverbis.
3326 1757 3495 1814 Addit
3520 1757 3687 1813 etiam

2111 1866 2296 1926 postea
2334 1855 2477 1909 idem
2507 1870 2663 1910 sacer
2687 1854 3008 1925 Dionysius:
3039 1851 3332 1921 Postquam
3357 1860 3540 1904 autem
3571 1849 3692 1902 lau-

2111 1947 2347 2013 daverit,
2384 1948 2449 2001 cf
2470 1946 2833 2001 venerandam
2859 1945 3404 2012 intellectualemque
3435 1940 3691 2010 speculae

2112 2040 2317 2094 tionem
2345 2054 2535 2093 eorum
2589 2037 3056 2093 intellectualibus
3088 2035 3266 2091 oculis
3319 2032 3690 2104 perspexerit.

2112 2133 2178 2187 ad
2212 2132 2564 2204 symbolicam
2588 2148 2776 2187 eorum
2800 2130 3273 2185 consecrationem
3304 2128 3473 2193 venit,
3507 2125 3694 2181 ethoc

2114 2226 2418 2281 secundum
2454 2226 2694 2281 divinam
2728 2224 3104 2281 traditionem.
3144 2222 3316 2289 Quem
3354 2222 3536 2277 locum
3598 2234 3695 2274 ex-

2115 2335 2324 2388 ponens
2346 2318 2615 2395 Maximus
2642 2317 2754 2372 ait:
2794 2315 3133 2372 Benedicens
3168 2315 3379 2370 scilicet
3410 2328 3606 2384 panem
3637 2320 3727 2384 et_

2111 2411 2336 2466 calicem
2367 2425 2646 2465 sacrorum
2680 2424 2995 2464 munerum.
3055 2406 3195 2478 Ergo
3250 2405 3691 2462 benedictionem

2115 2504 2273 2573 panis
2297 2514 2353 2558 et
2382 2502 2568 2557 calicis
2619 2502 3087 2556 consecrationem
3124 2501 3200 2555 ait
3229 2515 3354 2556 esse
3377 2498 3691 2570 Dionysius,

2114 2611 2348 2665 eamque
2382 2595 2688 2650 secundum
2748 2594 2991 2649 divinam
3052 2594 3426 2650 traditionem.
3456 2592 3693 2647 Benedi-

2102 2688 2224 2742 'ctio
2251 2687 2418 2758 igitur
2460 2686 2616 2758 panis
2678 2698 2735 2741 et
2790 2687 2998 2751 calicis,
3036 2701 3143 2753 qua
3199 2695 3331 2742 tunc
3387 2686 3689 2741 secundum

2117 2780 2439 2852 Dionysium
2459 2778 2776 2835 sacerdotes
2824 2778 3144 2840 utebantur,
3199 2792 3326 2832 cum
3378 2775 3688 2831 dicebant:

2118 2872 2187 2926 Et
2206 2869 2413 2943 gratias
2433 2886 2602 2942 agens
2632 2869 2932 2934 benedixit,
2963 2867 3346 2933 sanctificavit,
3388 2868 3571 2939 fregit,
3604 2869 3699 2924 de-

2116 2966 2308 3036 ditque
2327 2962 2615 3033 discipulis
2643 2964 2758 3018 suis
2785 2962 3004 3018 dicens:
3028 2963 3258 3033 Accipite
3278 2970 3326 3015 et
3359 2967 3695 3028 manducate,

2116 3059 2211 3111 hoc
2233 3058 2309 3112 est
2337 3072 2524 3125 corpus
2558 3072 2731 3110 meum
2755 3071 2775 3111 :
2819 3055 2955 3122 base,
2982 3056 3230 3125 inquam,
3257 3054 3571 3110 benedictio
3597 3069 3697 3125 per

2119 3149 2285 3205 verba
2315 3148 2537 3205 Domini
2570 3146 2784 3218 perﬁcit
2838 3155 3270 3201 sacramentum.
3324 3144 3693 3212 Quamobrem

439 3240 742 3295 crationem
766 3242 1563 3301 accedere.Consecrationem
1589 3244 1737 3301 enim
1771 3247 2087 3308 boclococ
2120 3244 2421 3300 secundum
2473 3242 2717 3298 divinam
2784 3240 3134 3296 traditionem
3182 3241 3288 3295 hoc
3339 3240 3456 3295 ﬁeri
3520 3240 3700 3310 inquit

440 3344 619 3395 vocat,
660 3351 768 3389 non
798 3335 943 3390 illam
973 3352 1093 3406 qua:
1112 3337 1229 3394 sola
1251 3334 1320 3394 et‘
1337 3339 1653 3411 principalis
1677 3341 1781 3407 est,
1811 3349 1868 3397 et
1890 3343 2010 3396 sine

440 3442 548 3492 qua
576 3426 761 3495 perlici
805 3428 1128 3498 mysterium
1176 3443 1284 3484 non
1339 3441 1547 3500 posset,
1581 3432 1677 3486 sed
1723 3448 1843 3488 eam
1891 3449 2014 3505 qua:

447 3519 629 3572 notior
654 3527 738 3573 est
763 3535 826 3574 ac
867 3521 1210 3576 manifestior
1245 3523 1611 3588 multitudini,
1667 3541 1900 3596 qumque
1944 3527 2015 3582 ad

442 3612 673 3681 primam
704 3611 848 3667 illam
876 3623 1041 3684 atque
1093 3614 1422 3685 pracipuam
1445 3632 1568 3686 qua:
1610 3619 1672 3673 lit
1697 3618 1878 3674 verbis
1911 3617 2017 3674 Du-

441 3704 596 3771 mini,
633 3706 890 3774 refertur,
913 3722 1077 3776 quatn
1104 3708 1296 3762 eodem
1324 3709 1585 3779 temporis
1612 3720 1910 3777 momento,
1939 3723 2017 3776 et,
2051 3769 2055 3774 Α

442 3812 500 3855 ιιι
525 3816 689 3870 supra
714 3799 972 3863 diximus,
1026 3801 1218 3856 eodem
1248 3816 1417 3866 nunc,
1460 3818 1587 3857 cum
1626 3804 1809 3860 verbis
1838 3804 2018 3860 Domi-

444 3892 582 3947 nicis
615 3891 1231 3960 protulissetsacerdos,
1264 3894 1308 3951 si
1346 3893 1397 3947 id
1432 3906 1629 3949 natura
1660 3911 1841 3952 rerum
1870 3896 2015 3952 ferre

442 3990 727 4061 potuisset.
761 3991 878 4045 lloc
900 3999 1082 4044 autem
1112 4004 1177 4042 ex
1223 4006 1289 4044 eo
1333 4006 1551 4061 quoque
1574 3992 1633 4047 lit
1654 3993 2013 4059 manifestius,

440 4083 587 4155 quod
604 4083 768 4138 etiam
786 4093 912 4137 ante
940 4081 1055 4137 haec
1071 4080 1236 4136 verba
1255 4083 1552 4152 perfectum
1572 4084 1682 4155 jam
1707 4100 1991 4143 sacramen
2006 4118 2023 4131 ο

444 4190 557 4231 ιυιιι
588 4158 787 4247 ponere
809 4178 1045 4241 videtur,
1063 4191 1187 4232 cum
1204 4178 1340 4233 dicit
1366 4179 1513 4246 quod
1529 4179 1838 4248 bierarcba,
1863 4195 2017 4236 acce-

441 4272 577 4324 dens
620 4270 685 4323 ad
723 4286 940 4325 sacrum
1011 4271 1203 4335 altare,
1273 4270 1787 4341 laudaLprazdictas
1836 4289 2020 4329 sacras

442 4362 812 4432 operatiuttes,
840 4372 895 4418 ct
949 4361 1021 4416 ita
1052 4373 1339 4418 consecrat
1367 4363 1728 4427 divinissima,
1761 4374 1818 4419 et
1844 4367 2021 4421 mani-

445 4467 606 4513 testat
635 4458 878 4515 laudata.
916 4457 1263 4525 tlanil'estarc
1323 4468 1509 4514 autem
1565 4460 1805 4526 laudata,
1867 4463 2019 4530 juxta

441 4551 770 4619 expositoris
820 4551 1146 4606 sententiam
1212 4553 1306 4621 qui
1338 4550 1440 4606 fuit
1467 4552 1551 4607 vir
1576 4555 2021 4625 sapientissimus

442 4643 730 4702 ltlaxitnus.
761 4652 845 4698 est
866 4643 1010 4699 t'lara
1028 4643 1209 4699 facere
1229 4659 1349 4714 quae
1375 4645 1595 4700 laudata
1617 4657 1766 4713 sunt,
1785 4648 1889 4703 boc
1918 4657 2022 4712 est,

444 4733 630 4787 divitia
678 4750 841 4804 opera
875 4735 1102 4803 Cbristi,
1142 4753 1264 4808 qum
1291 4741 1636 4794 enumeravit
1684 4739 1822 4795 facta
1851 4754 1882 4793 a
1908 4738 2026 4795 Sal-

446 4837 637 4879 vatore
669 4828 929 4882 nostrain
959 4830 1335 4886 remissionem
1353 4840 1697 4899 peccatorum
1714 4842 1766 4888 et
1786 4832 1841 4887 in
1862 4832 2024 4887 vitam

446 4930 737 4973 wtcruam.
763 4918 885 4974 lla'c
910 4921 1074 4975 verba
1094 4932 1222 4976 sunt
1246 4922 1486 4985 Maximi,
1517 4925 1626 4979 imo
1641 4922 1807 4979 etiam
1828 4924 2027 4996 Diony-

446 5012 534 5067 sii.
573 5012 789 5067 Nemini
823 5025 1006 5067 autem
1038 5013 1268 5068 dubium
1302 5026 1407 5077 est,
1441 5016 2023 5072 commemorationem

372 5110 379 5114 “
448 5104 759 5159 divinorum
794 5103 1185 5169 beneficiorum
1215 5103 1330 5158 ﬁeri
1367 5115 1492 5161 ante
1530 5106 1697 5161 verba
1719 5105 2025 5161 Dominica.

447 5197 580 5261 Quae
606 5211 736 5250 vero
771 5195 861 5249 illa
893 5194 1021 5257 sint,
1042 5195 1157 5264 ipse
1189 5197 1382 5250 doctor
1415 5206 1721 5256 enumerat.
1750 5195 2029 5263 Quamob-

452 5302 566 5339 rem
592 5294 650 5339 et
711 5296 839 5340 ante
877 5284 1046 5339 verba
1076 5284 1290 5339 Domini
1342 5284 1510 5340 fuisse
1542 5285 1659 5341 haec
1687 5284 2027 5342 manifestis-

453 5397 591 5434 sime
629 5381 827 5434 dot-ere
862 5379 1139 5433 videntur.
1173 5377 1328 5443 Quod
1398 5390 1580 5433 autem
1641 5378 1695 5432 in
1753 5377 2033 5433 remissio-

452 5487 576 5524 ncttt
630 5481 981 5540 peccatorum
1010 5481 1064 5524 et
1094 5468 1262 5532 vitam
1291 5480 1551 5523 aatcrnam
1588 5471 1701 5538 ipsa
1726 5483 1895 5540 Opera
1927 5467 2032 5522 du-

451 5572 598 5622 cant,
628 5576 752 5614 mox
780 5574 876 5629 per
910 5560 1069 5613 verba
1098 5559 1380 5614 Dominica
1435 5561 1708 5630 sequitur,
1747 5562 1855 5614 imo
1904 5575 2033 5614 vero

454 5651 598 5707 inter
630 5650 745 5722 ipsa
780 5651 993 5707 Domini
1028 5651 1193 5707 verba
1224 5655 1557 5706 continetur.
1602 5651 1713 5706 lloc
1750 5651 1898 5707 enim
1931 5660 2031 5715 est,

455 5739 654 5809 inquit,
686 5756 874 5809 conpita
900 5756 1096 5805 meum,
1117 5740 1258 5810 quod
1285 5758 1380 5811 pro
1409 5742 1547 5797 vobis
1572 5741 1839 5812 frangitur
1872 5741 1924 5793 in
1955 5755 2035 5793 re-

458 5832 758 5884 missionem
791 5843 1121 5900 peccatorum
1149 5849 1168 5897 ;
1201 5842 1276 5893 et.
1334 5836 1433 5890 llic
1462 5845 1535 5890 est
1589 5839 1810 5906 sanguis
1870 5852 2033 5898 meus.

463 5922 552 5988 qui
586 5937 680 5989 pro
739 5923 878 5974 vobis
909 5931 956 5975 et
991 5923 1170 5977 multis
1222 5926 1515 5995 eﬂ'undetur
1549 5927 1626 6002 _in
1665 5927 2032 5984 remissionem

2118 3337 2428 3409 Dionysius.
2459 3334 2708 3390 Traditio
2742 3335 2891 3390 enim
2912 3333 3116 3389 Christi
3142 3334 3259 3390 lucc
3290 3334 3415 3399 fuit,
3447 3334 3698 3404 accipere

2119 3445 2340 3501 panem,
2368 3429 2573 3500 gratias
2619 3443 2806 3500 agere,
2862 3427 3216 3494 benedicere,
3265 3437 3322 3482 et
3378 3428 3545 3483 verba
3606 3426 3698 3481 illa

2120 3525 2501 3594 pronuntiare.
2560 3523 2753 3578 Nonne
2802 3521 2969 3591 igitur
3021 3521 3145 3575 luce
3192 3519 3398 3575 clarius
3446 3518 3703 3574 videmus

2118 3617 2285 3671 etiam
2322 3614 2637 3671 testimonio
2671 3612 2942 3684 Dionysii,
2979 3629 3077 3683 per
3131 3611 3298 3667 verba
3325 3611 3540 3666 Domini
3566 3626 3702 3666 con-

2121 3718 2396 3763 secratum
2434 3720 2559 3762 esse
2602 3705 2966 3761 Eucbaristize
3021 3704 3342 3776 mysterium
3365 3702 3703 3757 benedictio-

2129 3818 2198 3856 ne
2249 3797 2631 3870 praacedente?
2662 3798 2957 3869 praesertim
2981 3799 3134 3868 juxta
3161 3796 3475 3853 Graecorum
3513 3797 3701 3861 ritum,

2122 3896 2215 3964 qui
2249 3901 2370 3964 post
2401 3892 2734 3947 oblationem
2776 3905 3063 3945 munerum
3098 3890 3152 3946 in
3186 3890 3369 3956 altari,
3405 3906 3691 3961 nunquam

2122 4002 2210 4053 ea,
2231 4000 2331 4040 nec
2353 3993 2536 4049 antea,
2558 3999 2658 4040 nec
2687 3992 2811 4054 post
2833 3983 3190 4047 benedicunt,
3219 3983 3324 4038 nisi
3347 3993 3554 4039 tantum
3575 3998 3702 4039 cum

2124 4098 2181 4137 sc
2208 4079 2523 4136 existimant
2548 4094 2897 4142 consecrare,
2915 4079 3071 4148 quasi
3109 4077 3546 4134 benedictionem
3569 4068 3708 4132 conl-

2090 4166 2100 4175 ’
2125 4171 2421 4228 secrationi
2462 4169 2833 4232 necessariam
2860 4169 3264 4226 existimantes.
3296 4171 3528 4240 Propter
3555 4170 3708 4240 quod

2125 4276 2182 4321 et
2221 4265 2366 4320 banc
2401 4263 2869 4326 benedictionem,
2923 4278 3091 4333 quam
3127 4261 3422 4334 Dionysius
3448 4273 3506 4318 et
3537 4261 3708 4317 Maxi-

2129 4375 2251 4415 mus
2276 4366 2404 4413 ante
2429 4357 2594 4411 verba
2621 4356 2835 4412 Domini
2871 4355 3171 4413 faciendam
3196 4366 3444 4423 censent,
3475 4365 3707 4427 praeter-
3740 4427 3745 4435 ι

2129 4450 2359 4503 mittunt
2392 4449 2592 4513 nustri,
2646 4463 2754 4502 non
2786 4448 2933 4504 recte
2961 4447 3185 4518 quidem
3235 4448 3515 4503 facientes.
3547 4446 3711 4515 Quod
3740 4446 3747 4497 ἓ

2131 4543 2174 4595 si
2216 4554 2348 4596 tunc
2373 4540 2699 4595 benedicere
2725 4540 2904 4601 decet,
2941 4549 2999 4594 ut
3056 4540 3110 4594 bi
3160 4540 3415 4596 doctores
3445 4542 3709 4605 sentiunt,

2132 4635 2243 4687 into
2285 4646 2415 4686 vero
2451 4639 2511 4684 ut
2552 4631 2815 4686 Dominus
2850 4631 3095 4696 tradidit,
3124 4632 3312 4700 procul
3343 4633 3514 4687 dubio
3580 4640 3709 4687 tum:

2130 4725 2358 4795 prolatis
2390 4722 2598 4780 Domini
2632 4724 2812 4778 verbis
2834 4722 3168 4779 credendum
3186 4735 3269 4780 est
3287 4726 3738 4781 fiericonsecra-.

2132 4820 2361 4875 tionem.
2398 4818 2599 4874 Subdit
2657 4817 2857 4872 deinde
2887 4817 3199 4888 Dionysius,
3233 4821 3379 4887 quod
3428 4820 3714 4890 postulans

2132 4910 2444 4974 bicrarcha,
2502 4920 2563 4964 ut
2592 4909 2791 4980 dignus
2814 4910 2907 4964 liat
2936 4911 3036 4965 bac
3089 4914 3529 4977 consecratione,
3551 4925 3608 4967 et
3638 4912 3710 4968 ad

2130 5002 2554 5057 similitudinem
2585 5000 2796 5056 Christi
2829 5001 2945 5055 lucc
2970 5000 3156 5055 divina
3180 5003 3451 5071 perficiat,
3491 5014 3543 5058 et
3563 5013 3715 5059 caste

2130 5094 2452 5162 distribuat,
2481 5094 3040 5165 participaturosque,
3087 5106 3253 5165 prout
3284 5110 3474 5150 sacros
3529 5095 3709 5162 decet,

2135 5187 2450 5256 participet,
2487 5194 2775 5241 consecrat
2810 5185 3175 5244 divinissima.
3209 5186 3283 5240 Ex
3311 5187 3516 5257 quibus
3543 5187 3716 5242 mani-

2134 5279 2433 5335 l'estissime
2461 5283 2714 5348 apparet,
2744 5278 2893 5348 quod
2934 5279 3045 5333 hac
3091 5279 3253 5334 verba
3284 5296 3597 5334 consecrare
3629 5292 3713 5335 at-

2135 5389 2244 5442 que
2283 5372 2537 5443 perﬁcere
2585 5388 2678 5441 per
2713 5372 3096 5443 synecdochen
3125 5372 3191 5427 ad
3234 5386 3298 5426 ea
3321 5388 3445 5443 qua:
3473 5389 3715 5444 sequun-

2140 5478 2228 5521 tur
2267 5467 2444 5539 accipi
2470 5466 2694 5529 debent,
2724 5467 2774 5521 id
2803 5477 2890 5522 est
2914 5467 2980 5521 ad
3034 5478 3241 5522 castam
3273 5465 3717 5523 distributionem

2137 5571 2193 5615 ct
2215 5561 2435 5635 dignam
2470 5560 2968 5631 participationem,
3000 5576 3120 5629 qua:
3151 5563 3335 5616 omnia
3376 5572 3497 5631 post
3519 5576 3718 5616 conse-

2139 5653 2439 5708 crationem
2471 5654 2718 5723 mysterii
2742 5651 2955 5722 precari
2983 5668 3047 5706 ac
3066 5664 3251 5721 petere
3268 5651 3531 5706 solemus.
3560 5649 3715 5718 Quod

2140 5743 2301 5799 facile
2331 5754 2416 5798 est
2445 5743 2771 5812 intelligere,
2799 5744 2843 5799 si
2875 5743 3003 5816 quis
3037 5746 3232 5797 missas
3285 5758 3315 5795 a
3350 5742 3579 5804 .lacobo,
3618 5742 3718 5797 Ba-

2140 5838 2264 5894 silio
2289 5846 2345 5894 et
2370 5836 2762 5907 Cltrysostomo
2820 5838 2994 5892 editas
3042 5838 3332 5907 diligenter
3366 5835 3715 5890 animadver-

2147 5941 2220 5987 tat
2248 5948 2260 5985 :
2293 5939 2420 5986 tunc
2449 5929 2596 5985 enim
2624 5930 2897 6001 supplices
2922 5946 3163 5996 oramus,
3195 5939 3248 5983 ut
3273 5930 3436 6001 digne
3465 5941 3716 5985 commu-
