4086 6398
269 398 360 459 59.5
1196 396 1707 457 CUMI‘ENDIUM
1763 400 1820 457 s.
1888 397 2171 459 BASILH
2230 376 2560 462 iscsrtc.
3436 399 3563 459 δεδι

270 516 442 568 niczire
494 521 548 568 et
586 511 803 568 c.eteris
847 512 1185 568 distribuere
1216 514 1514 579 possimus.
1576 514 1851 579 Qnamob-
1887 524 1925 577 Α
1969 516 2221 584 Occidui,
2262 528 2374 573 tum
2408 518 2553 588 quod
2592 519 2663 573 ita
2690 518 2837 574 clare
2896 532 2958 572 ac
2996 516 3283 571 mannos“,
3319 515 3385 569 de
3437 515 3539 568 hac

270 624 372 660 rem
433 623 552 676 qua:
584 606 996 675 Subjunguntur
1024 606 1214 668 verba,
1267 623 1597 671 consecrare,
1629 624 1691 661 ac
1751 608 1833 659 di-
1954 625 2011 666 re
2049 610 2376 680 loquuntur,
2413 620 2474 665 ut
2521 611 2667 665 nulla
2696 611 2920 664 omnino
2970 608 3244 662 dubitatio
3297 606 3539 675 supersit

272 704 381 754 v‘na
406 698 680 767 conﬁcere,
710 709 807 753 aut
840 714 938 768 per
972 697 1384 769 synecdochen,
1408 710 1502 754 aut
1532 715 1631 769 per
1656 701 1842 769 byste—
1956 704 2069 757 tibi.
2104 702 2236 769 Qua:
2263 718 2325 756 ex
2351 702 2580 757 adverso
2631 703 2907 764 dicuntur,
2952 703 3023 756 ita
3052 703 3284 756 obseura
3309 711 3364 753 et
3412 700 3538 770 qui-

274 792 525 861 rologiam
583 792 871 857 dicuntur,
927 791 1014 846 vel
1046 790 1184 846 forte
1235 791 1419 862 (quod
1447 807 1614 860 supra
1636 792 1845 846 dictum
1956 795 2187 850 busdam
2216 793 2373 863 quasi
2403 795 2647 850 tenebris
2683 795 2923 849 involuta
2959 806 3104 858 sunt,
3133 804 3191 848 ut
3228 796 3414 864 plures
3447 811 3539 848 va-

272 884 382 951 est)
421 883 851 938 manifestiorem
906 885 1329 949 invocationem,
1364 900 1485 953 quae
1537 884 1849 939 Salvatoris
1961 887 2180 957 riasque
2212 896 2269 942 et
2291 888 2377 941 vix
2436 888 2786 943 extricabiles
2825 888 3093 956 recipiant
3141 887 3541 955 expositiones.

273 977 446 1031 verbis
470 991 577 1030 non
605 976 679 1029 ita
704 982 894 1045 aperte
920 975 1327 1039 continebatur,
1364 976 1705 1046 signiﬁcans.
1961 978 2303 1034 Clarioribus
2333 989 2514 1033 autem
2550 979 2616 1033 ad
2644 994 2838 1033 eorum
2873 994 2992 1047 qua:
3059 977 3381 1033 obscuriora
3417 989 3545 1031 sunt

343 1068 461 1124 llaec
493 1068 657 1123 babui
683 1084 806 1137 qua;
828 1068 896 1122 de
925 1068 1281 1123 Eucbaristiae
1304 1078 1671 1132 sacramento,
1690 1066 1852 1122 sicuti
1963 1070 2333 1141 cognitionem
2369 1071 2632 1125 utendum
2665 1085 2806 1136 esse,
2840 1069 3046 1124 eruditi
3095 1086 3288 1123 omnes
3349 1079 3403 1122 et
3447 1084 3546 1137 pn-

275 1163 337 1214 ab
377 1160 537 1214 initio
574 1160 854 1228 pollicitus
912 1158 1144 1221 fueram,
1175 1160 1228 1213 in
1261 1159 1550 1229 praesentia
1616 1158 1857 1214 dissere-
1966 1171 2083 1215 tant
2114 1160 2407 1228 etjubent.
2465 1162 2599 1225 Quae
2660 1174 2785 1215 cum
2857 1162 2929 1215 ita
2968 1160 3100 1219 sint,
3146 1160 3210 1212 ad
3241 1170 3543 1212 extremum

278 1273 403 1308 rein.
447 1254 551 1310 Ubi
582 1255 677 1319 ita,
710 1255 764 1308 ni
806 1255 987 1319 fallor,
1043 1254 1466 1309 adversantium
1498 1252 1738 1307 rationes
1774 1260 1859 1304 at-
1968 1269 2065 1307 eos
2097 1254 2148 1306 in
2178 1268 2413 1321 quorum
2442 1266 2638 1306 manus
2661 1252 2778 1306 haec
2813 1251 2952 1305 forte
2982 1250 3324 1320 pervenient,
3361 1249 3545 1301 horta-

277 1364 375 1413 que
409 1354 733 1415 argumenta
783 1347 942 1407 solvi,
980 1356 1038 1400 ut
1070 1347 1219 1400 nulli
1286 1350 1517 1414 posthac
1568 1345 1767 1398 frustra
1805 1352 1861 1397 et
1973 1358 2095 1394 mur
2129 1350 2291 1410 atque
2346 1341 2725 1407 obsecramus,
2759 1349 2839 1407 ut,
2868 1340 3017 1396 omni
3077 1340 3279 1410 rejecta
3329 1348 3552 1392 conten—

280 1438 511 1491 inzmiter
572 1438 946 1492 contendendi
1011 1438 1199 1492 relicta
1251 1439 1467 1492 occasio
1526 1437 1859 1501 videretur;
1976 1436 2145 1498 tione,
2207 1435 2393 1489 studio
2451 1433 2724 1489 duntaxat
2760 1434 3111 1488 inveniendae
3148 1432 3399 1486 veritatis
3434 1431 3553 1485 bare

278 1533 427 1583 ltlutin
458 1546 652 1585 omnes
683 1530 1058 1595 meminerint,
1104 1546 1267 1599 quam
1320 1529 1608 1584 manifesta
1670 1544 1865 1598 quam-
1978 1526 2240 1595 legentes,
2284 1526 2349 1579 ad
2405 1526 2579 1595 ipsam
2618 1526 2910 1581 veritatem
2951 1524 3238 1591 accedant,
3276 1523 3551 1577 inventam

277 1640 373 1689 que
399 1632 553 1677 extra
577 1638 795 1677 omnem
813 1624 1223 1678 contentionem
1248 1625 1357 1677 sint
1381 1632 1693 1676 sanctorum
1716 1622 1866 1676 testi-
1976 1617 2300 1686 suscipiant,
2332 1601 2754 1688 susceptamque
2777 1618 2989 1673 caeteris
3050 1615 3399 1686 patefaciant.
3454 1613 3555 1667 Va-

281 1718 473 1776 monia,
506 1716 711 1777 quibus
737 1716 1043 1770 ostenditur
1064 1717 1226 1771 verba
1255 1713 1610 1769 Dominiesse
1636 1730 1759 1782 qua:
1784 1728 1873 1766 sa-
1978 1711 2127 1765 leant
2162 1720 2345 1769 autem
2380 1710 2433 1763 hi
2457 1725 2671 1775 omnes,
2708 1710 2803 1780 qui
2834 1709 3069 1764 rationis
3098 1708 3291 1763 callem
3331 1704 3556 1758 minime

279 1820 421 1857 crum
461 1806 825 1860 Eucharistia:
869 1806 1186 1876 mysterium
1232 1806 1439 1873 integre
1470 1803 1780 1874 perﬁciunt,
1809 1817 1872 1859 ac
1983 1811 2301 1871 sequentes,
2338 1819 2461 1856 eum
2491 1803 2850 1858 contentione
2885 1819 2948 1858 ac
2986 1816 3130 1871 saepe
3165 1799 3330 1853 etiam
3361 1796 3557 1868 jurgiis

280 1896 477 1951 ideirco
540 1906 735 1951 caetera
767 1897 991 1966 quidem
1042 1897 1227 1951 omnia
1269 1896 1437 1950 verba
1462 1896 1525 1949 ad
1560 1896 1695 1959 haec,
1740 1896 1853 1949 btec
1900 1884 1941 1939 Β
1972 1905 2028 1948 et
2055 1895 2430 1957 contumeliis,
2463 1894 2731 1964 quidquid
2759 1896 2840 1951 eis
2884 1896 2937 1949 in
2976 1902 3218 1948 mentem
3255 1891 3338 1945 vel
3378 1889 3558 1960 potius

280 2005 399 2044 vero
415 1990 481 2044 ad
506 1990 613 2044 alia
644 1990 869 2044 minime
892 2005 1012 2043 esse
1041 1989 1340 2053 trahenda;
1369 1989 1453 2043 bis
1471 1998 1865 2057 prtetereama-
1978 1986 2207 2039 buccam
2241 1987 2476 2048 venerit,
2510 1986 2717 2041 nemini
2767 1994 3073 2056 parcentes,
3113 1992 3363 2038 cructare
3396 1989 3559 2049 atque

280 2082 415 2136 xime
441 2081 693 2135 omnium
720 2094 839 2135 esse
870 2080 1230 2145 credendum,
1259 2089 1373 2134 tum
1414 2081 1540 2149 quia
1573 2081 1865 2133 unanimes
1974 2091 2233 2131 evomere
2278 2090 2385 2128 non
2421 2076 2774 2132 erubescunt.

280 2183 333 2226 et
363 2174 529 2227 unius
555 2173 844 2228 sententiae
868 2186 1061 2226 omnes
1087 2179 1217 2226 sunt
1250 2171 1365 2225 sive
1410 2167 1719 2225 Orientales
1748 2170 1865 2223 sive

1302 2464 2572 2625 BESSARIONIS

1518 2718 1583 2780 s.
1632 2716 1706 2775 ιι.
1748 2714 1819 2774 E.
1872 2709 2354 2774 CARDINALIS
2624 2796 2627 2797 ί

1000 2864 1612 2930 ASCETICARUM
1644 2864 1711 2925 S.
1758 2860 2077 2941 BASIUI
2114 2858 2883 2924 CONSTITUTIONUM

1559 3025 2375 3121 COMPENDIUM

1346 3226 1351 3229 ‘
1394 3213 1558 3275 (Joan.
1588 3210 1803 3269 Yriarte,
1827 3207 1949 3260 Cod.
1981 3210 2065 3259 Gr.
2094 3205 2275 3257 Matrit.
2300 3220 2349 3269 p.
2379 3206 2508 3267 ιιι.)

301 2312 3557 2350 ____________________________________.

366 3501 504 3557 Cod.
540 3497 652 3559 CV,
684 3495 805 3550 sine
848 3492 1030 3555 titulo,
1086 3487 1250 3544 index
1284 3484 1467 3553 operis
1498 3482 1750 3553 proxime
1792 3496 1978 3551 seque:

1965 3482 2115 3535 ntis:
2153 3479 2426 3551 Πρόλογος
2481 3482 2539 3530 ὲν
2568 3479 2689 3541 ταῖς
2723 3475 3026 3544 ἑπομέναις
3062 3474 3156 3527 τοῦ
3194 3471 3574 3541 παμμάκαρος

305 3598 519 3671 Πατρδς
573 3593 733 3664 ἡμῶν
791 3584 1071 3642 Βασιλειου
1117 3580 1450 3650 ἀσκητικαῖς
1499 3576 1813 3641 Διατὰξεσι,
1862 3574 2142 3637 συντεθεὶς
2188 3574 2323 3644 πρὸς
2384 3571 2479 3625 τοῦ
2530 3570 2965 3640 αἱδεσιμωτάτου
3004 3568 3097 3621 καὶ
3150 3568 3463 3635 σοφωτάτου
3518 3564 3576 3615 ὲν

309 3656 530 3763 xpedi»
566 3656 781 3753 [ἰατρὸς
811 3678 1198 3750 Βησσαρίωνος
1233 3671 1607 3742 καρδινάλεως
1639 3669 1731 3722 τοῦ
1784 3668 1922 3721 Νικα

1963 3684 2038 3731 ις.
2072 3667 2215 3733 Κεφ.
2250 3672 2320 3719 α’.
2359 3662 2618 3735 Prologus
2650 3663 2703 3716 in
2729 3668 3000 3732 sequentes
3038 3660 3384 3728 undequaque
3436 3656 3576 3711 beati

314 3742 482 3837 Petri;
502 3742 701 3831 .nostri'
718 3742 901 3826 Basilii
930 3742 1179 3822 asceticas
1207 3761 1637 3822 Constitutiones,
1670 3757 1986 3827 compositus
2040 3773 2069 3809 a
2099 3753 2531 3808 reverendissimo
2582 3761 2628 3805 et
2663 3750 3051 3821 sapientissimo
3079 3749 3135 3799 in
3176 3746 3381 3801 Christo
3414 3742 3577 3798 Patre

314 3869 629 3922 Bessarione
656 3858 919 3915 cardinali
947 3854 1183 3909 Nica'no.

385 3961 652 4018 Ascetiete
691 3952 1002 4027 hujusmodi
1043 3951 1481 4007 Constitutiones
1517 3966 1623 4004 non
1656 3954 1784 4002 sunt
1836 3942 2094 4015 equidem
2145 3943 2464 3997 universum
2499 3934 2671 3990 saneti
2703 3932 2891 3989 Basilii
2951 3930 3171 4003 Regulae
3214 3944 3437 3998 corpus,
3479 3928 3575 3983 sed

318 4016 452 4122 ejus
498 4016 884 4102 tantumm'odo
942 4039 1355 4109 compendium,
1392 4038 1540 4107 quod
1598 4035 1743 4090 idem
1803 4031 2075 4096 Bessario,
2117 4038 2178 4083 ut
2217 4028 2275 4081 in
2322 4023 2554 4094 Prologo
2612 4021 2730 4090 ipse
2792 4025 3044 4083 testatur,
3080 4017 3290 4073 ordinis
3318 4016 3577 4070 Basiliani

319 4101 716 4195 cienobitarum
746 4147 908 4189 causa
939 4145 1036 4201 per
1062 4143 1279 4183 omnem
1307 4127 1517 4181 Italiam
1541 4140 1603 4179 ac
1634 4122 1878 4178 Siciliam
1898 4116 2233 4189 degentium,
2264 4127 2331 4167 ex
2356 4110 2562 4181 ingenti
2597 4106 2848 4179 ejusdem
2877 4104 3163 4159 volumine
3194 4101 3578 4157 concinnavit.

319 4236 449 4289 Cum
487 4247 620 4286 vt-ro
660 4230 725 4282 de
766 4227 870 4281 hac
920 4221 1261 4278 Bessarionis
1294 4220 1481 4275 Grae'ea
1531 4217 1938 4279 lucubratione,
2001 4212 2119 4267 sive
2174 4209 2462 4278 impressa,
2518 4207 2634 4260 sive
2693 4218 2822 4265 ms.,
2870 4199 3052 4255 omnis
3081 4200 3349 4254 librorum
3394 4197 3578 4258 index,

324 4323 505 4376 omnis
544 4318 763 4379 notitia,
802 4323 964 4383 atque
987 4314 1103 4382 ipse
1142 4312 1202 4365 ι).
1238 4309 1403 4363 Marci
1457 4307 1801 4362 bibliotheca:
1830 4301 2110 4372 catalogus
2137 4298 2317 4363 sileat,
2355 4310 2520 4366 quam
2549 4293 2639 4347 ille
2668 4296 3104 4361 purpuratorum
3146 4286 3584 4342 iitteratissimus

323 4430 536 4471 summo
567 4411 809 4479 undique
848 4406 1028 4463 studio
1076 4401 1469 4471 conquisitam,
1503 4400 1724 4469 triginta
1764 4408 2057 4451 aureorum
2095 4390 2337 4445 millibus
2392 4380 3151 4457 eomparatamNenetiarum
3186 4377 3402 4434 senatui
3439 4378 3585 4431 dono

322 4508 494 4572 dedit,
523 4517 637 4558 rem
669 4466 807 4556 sane
840 4496 1139 4553 lectoribus
1168 4466 1489 4547 monasticae
1512 4466 1819 4558 disciplinae
1847 4479 2195 4541 addiscendae
2220 4476 2437 4547 cupidis
2504 4480 2814 4544 pergratam
2851 4468 3042 4524 videor
3074 4469 3319 4524 facturus
3340 4505 3357 4533 ,
3398 4466 3441 4519 si
3478 4474 3585 4519 iam

327 4593 591 4650 reconditi
637 4590 821 4662 operis
858 4586 1095 4641 Iudicem
1123 4592 1179 4638 et
1204 4581 1485 4651 Prologum
1515 4579 1630 4648 ipse
1664 4576 1904 4631 vicissim
1939 4574 1995 4628 in
2025 4570 2302 4642 specimen
2339 4564 2592 4635 elargiar.

1836 4718 2100 4780 INDEX.

328 4853 466 4918 Κεφ.
506 4853 577 4903 α’.
612 4844 886 4915 Πρὸλογος
940 4840 998 4892 ὲν
1056 4839 1174 4900 ταῖς
1203 4836 1501 4905 ἑπομέναις
1550 4832 1644 4885 τοῦ
1676 4834 1909 4903 παμμά-
1938 4836 1982 4895 C,
2022 4834 2163 4902 Κεφ.
2199 4833 2262 4897 ζ’.
2303 4830 2425 4892 Πῶς
2462 4827 2555 4881 καὶ
2599 4824 2706 4878 ἀττδ
2737 4823 2898 4885 ποίας
2935 4819 3149 4890 ἡλικίας
3184 4820 3308 4878 τοὺς
3339 4818 3431 4868 ἐπὶ
3461 4817 3595 4868 ἁπο-

398 4956 565 5009 καρος
600 4935 813 5005 ῐιατρδς
846 4931 1004 5002 ἡμῶν
1036 4928 1319 4983 Βασιλείου
1348 4928 1674 4997 ἁσκητικαῖς
1713 4925 1912 4978 Διατὰ-
2085 4926 2229 4994 ταγῇ
2253 4922 2362 4975 τῶν
2390 4916 2675 4989 κοσμικῶν
2699 4918 2767 4986 τῇ
2806 4913 2944 4983 μοιιῇ
2970 4912 3302 4981 προσῖόντας
3331 4909 3551 4962 δεκτέον
3578 4924 3591 4937 ·

406 5036 542 5101 Ean.
2082 5020 2177 5071 καὶ
2214 5015 2331 5077 πῶς
2390 5013 2516 5074 τοὺς
2574 5007 2883 5077 νεωτέρους
2938 5004 3164 5072 ἀνάγειν
3208 5001 3315 5071 χρὴ
3345 5004 3439 5054 καὶ
3470 5016 3599 5053 παι-

335 5128 470 5193 Κεςρ.
509 5122 573 5194 β’.
613 5122 748 5177 Τίνα
778 5121 845 5172 τὰ
880 5119 996 5188 εἴδη
1026 5115 1322 5189 μοναδικῆς
1373 5110 1786 5171 καταστάσεως,
1820 5106 1909 5160 καὶ
2084 5109 2278 5161 δεύειν.

408 5218 559 5268 ποῖον
591 5212 773 5266 αὐτῶν
807 5210 1017 5280 βέλτιόν
1040 5226 1099 5262 τε
1126 5209 1218 5261 καὶ
1250 5206 1681 5275 ἀσφαλέστερον.
2015 5204 2158 5268 Κεφ.
2184 5205 2255 5267 η’.
2289 5198 2424 5267 Περὶ
2473 5194 2571 5264 τῆς
2619 5193 2696 5261 τῷ
2732 5193 2922 5260 κόσμῳ
2958 5184 3391 5255 ἀποταξαμένων
3439 5181 3596 5234 πολι-

339 5311 478 5377 Κεφ.
518 5314 587 5376 γ’.
620 5307 781 5359 Ποῖόν
806 5271 931 5358 τινα
956 5303 1063 5373 χρὴ
1090 5302 1182 5355 τὸν
1207 5271 1513 5371 ἡγούμενον
1549 5271 1711 5351 εἶναι.
2092 5297 2243 5356 τείας
2273 5292 2368 5345 καὶ
2396 5291 2494 5359 τῆς
2514 5290 2593 5351 εἰς
2625 5287 2753 5348 τοὺς
2776 5282 3132 5351 προεστῶτας
3159 5274 3463 5345 ὑποταγῆς.
3486 5271 3610 5326 Καὶ-

339 5404 477 5469 Κεφ.
516 5402 582 5456 δ’.
614 5400 750 5470 Περὶ
788 5396 885 5451 τοῦ
919 5399 1099 5451 πάντα
1136 5394 1301 5447 αὑτὸν
1339 5391 1481 5465 μετὰ
1506 5389 1606 5460 τῆς
1630 5389 1738 5443 τῶν
1762 5386 1913 5439 ἀδελ-ι
2095 5391 2177 5441 ὅτι
2213 5386 2387 5438 πάντα
2424 5381 2610 5442 αὐτοῖς
2646 5372 2785 5429 εἶναι
2822 5374 2902 5425 δεῖ
2948 5372 3104 5423 κοινὰ
3148 5367 3240 5420 καὶ
3269 5364 3436 5434 μηδὲν
3465 5363 3599 5415 ἴδιον

409 5498 524 5567 φῶν
557 5494 878 5565 συμϐουλῆς
912 5491 1189 5562 ποιητέον.
2098 5479 2275 5547 ἔχειν’
2306 5475 2404 5526 καὶ
2439 5470 2554 5532 πῶς
2581 5467 2715 5537 πρὸς
2738 5465 2864 5526 τοὺς
2897 5464 3039 5514 κατὰ
3095 5459 3279 5527 σάρκα
3312 5455 3602 5524 συγγενεῖς

344 5591 483 5658 Κεφ.
522 5595 584 5641 ε’.
616 5575 808 5648 Ὅπως
866 5583 1214 5653 ὲμμέριμνον
1256 5578 1419 5631 αὑτὸν
1472 5570 1613 5628 εἶναι
1654 5574 1733 5625 δεῖ
1781 5574 1914 5641 api»;
2099 5570 2400 5625 διακεῖσθαι
2427 5567 2569 5618 δέον.

412 5686 508 5755 τὴν
534 5683 645 5738 τῶν
673 5676 1106 5752 ἁμαρτανόντων
1132 5671 1443 5742 διόρθωσιν.
2029 5666 2169 5733 Κεφ.
2208 5661 2273 5715 0'.
2310 5660 2434 5721 ῐιῶς
2459 5659 2552 5711 καὶ
2582 5656 2723 5708 τίσιν
2749 5653 2924 5723 ὥραις
2956 5649 3200 5703 εὐκτέον.

423 5731 501 5755 ”Ἱ’
547 5731 635 5738 τ’-ν
677 5731 725 5748 τι
800 5731 817 5752 ς
977 5731 1000 5733 ~
1219 5731 1230 5742 .
2127 5731 2133 5733 _

350 5778 482 5849 Κεφ.
521 5785 595 5843 ς’.
630 5776 754 5837 Πῶς
780 5775 1047 5845 χρηστέον
1076 5773 1183 5833 τοῖς
1211 5768 1346 5837 μετὰ
1372 5766 1563 5836 τρίτην
1598 5761 1920 5831 παραίνεσιν
2030 5758 2171 5835 Κεφ.
2210 5753 2261 5807 ι’.
2292 5752 2353 5805 Εἰ
2374 5750 2549 5815 ἔξεστι
2575 5749 2665 5799 καὶ
2694 5745 2835 5799 τίσιν
2862 5742 3063 5802 αἰτίαις
3096 5740 3274 5805 ἔξεστι
3303 5735 3403 5806 τῆς
3434 5731 3612 5805 μονῆς

429 5875 500 5944 μὴ
537 5871 966 5942 διοροονμὲνοις.
2066 5834 2069 5835 ν
2104 5851 2195 5901 καὶ
2229 5845 2324 5916 τῆς
2358 5842 2720 5913 ἀδελφότητος
2754 5834 3137 5907 ἀναχωρῆυι.
