4086 6416
316 423 416 487 533

1373 432 1662 496 ΟιιΑΤιο
1705 437 1956 496 FEltB/t
1971 437 2018 499 [ἶ
2033 441 2126 500 ΗΕ
2166 443 2477 506 ΙΙᾹΒΙΤΑ.

3450 451 3551 512 lviii

529 541 840 636 xcv-fmina
897 548 1207 618 συνέρῤαιζιε
1259 553 1432 612 δόλον.
1467 557 1882 628 ἐκπολεμοῦντα

2005 576 2085 614 tes
2123 561 2372 626 inimici,
2426 563 2697 631 dolusque
2739 572 2930 618 contra
2957 579 3054 619 nos
3078 565 3147 618 ab
3173 582 3240 622 eo
3266 580 3556 636 consntus,

315 631 563 700 ἀλλήλοις
591 633 718 696 τοὺς
755 634 944 702 φίλους
997 639 1088 692 καὶ
1140 641 1424 711 ἀδελφοὺς,
1471 649 1672 716 μᾶλλον
1721 651 1776 702 δὲ
1811 651 1878 704 τὰ

315 723 409 790 τῆς
435 721 604 792 αὐτῆς
652 725 900 794 κεφαλῆς
941 727 1080 796 μέλη
1118 733 1210 782 καὶ
1261 735 1430 804 μέρη,
1469 739 1563 790 καὶ
1591 738 1684 791 τοῦ
1715 740 1878 793 αὐτοῦ

315 813 570 881 ποιμένος
595 813 972 901 ’ξδ’-ποίμνιον,
1014 819 1274 892 ὑπνρρεῖν
1317 825 1566 894 ἄρχεται,
1612 830 1704 882 καὶ
1731 830 1879 901 διειρ-

317 907 424 975 ρεῖν
459 923 514 958 τε
549 909 643 959 καὶ
675 891 940 962 ’λύεσθαα
980 913 1054 983 Δὴ
1099 917 1236 983 πρὸς
1289 919 1391 986 μὲν
1429 919 1623 973 ἕνωσιν
1657 891 1880 976 σπεύέει

315 997 378 1048 τὰ
421 997 708 1062 διεστῶτα,
763 1006 828 1055 τὰ
880 1003 934 1056 δὲ
982 1007 1320 1076 διερρωγότα
1373 1013 1508 1081 πρὸς
1553 1015 1878 1085 σύνδεσμον,

318 1089 420 1141 ὑπὸ
441 1089 538 1159 τὴν
571 1091 744 1164 αὐτὴν
768 1096 1072 1166 ἀμφότεροι
1099 1102 1306 1166 γωνίαν
1330 1105 1654 1174 συνέχεσθαι
1681 1109 1880 1170 παντὸς

318 1180 514 1249 μᾶλλον
543 1183 638 1235 καὶ
668 1185 984 1254 βουλόμενοι
1017 1189 1108 1241 καὶ
1131 1190 1440 1261 εὐχόμενοι.
1476 1195 1880 1265 Συνεληλύθασι

316 1272 420 1340 γὰρ
473 1273 644 1341 ἄμφω
702 1277 844 1344 μετὰ
891 1279 986 1332 τοῦ
1029 1281 1145 1332 [σου
1189 1282 1396 1336 σκοποῦ
1447 1285 1676 1354 καὶτῆς
1709 1289 1882 1351 αὐτῆς

317 1363 648 1433 προθυμίας,
679 1369 758 1435 τῷ
791 1369 890 1436 μὲν
919 1373 1073 1441 νικᾷν
1098 1373 1129 1444 ἢ
1165 1377 1420 1429 νικᾶσθαι
1447 1376 1630 1446 ζητεῖν
1658 1381 1720 1431 ὲκ
1749 1395 1884 1430 παν-

317 1456 401 1515 τὸς
445 1457 708 1526 οὐδεμίαν
753 1463 1120 1529 ἀπονέμοντες
1166 1466 1350 1537 χώραν
1379 1485 1394 1497 ·
1423 1469 1509 1538 εἴη
1565 1471 1672 1540 γὰρ
1725 1473 1791 1526 ἂν
1821 1474 1882 1524 οὐ

319 1547 578 1614 μαθητῶν
635 1551 798 1604 τοῦτο
853 1555 1094 1624 Χριστοῦ
1151 1559 1244 1610 καὶ
1296 1561 1588 1628 σωφρόνων
1647 1566 1879 1634 ἀνδρῶν,

314 1637 446 1692 ἀλλά
483 1657 646 1694 τινων
675 1643 964 1710 ἐριστικῶν
997 1651 1090 1699 καὶ
1128 1649 1308 1702 πάντα
1351 1653 1536 1718 σφίσιν
1567 1655 1752 1718 αὐτοῖς
1781 1675 1882 1724 χι-

319 1730 618 1800 ριζομένων
653 1739 748 1790 καὶ
783 1740 902 1799 ταῖς
929 1740 1085 1803 ἰδίαις
1117 1743 1374 1812 ὀρέξεσι·
1409 1746 1508 1814 τὴν
1545 1747 1590 1799 δ’
1623 1748 1883 1816 ἀλήθειαν

317 1826 566 1894 ἀνευρεῖν
591 1829 1039 1900 προθυμούμενοι
1082 1835 1268 1902 μόνον,
1299 1839 1393 1891 καὶ
1430 1840 1568 1905 μετὲ
1621 1840 1718 1907 μὲν
1755 1841 1884 1895 ταύ-

317 1934 408 1986 της
437 1920 764 2004 ἀγαπῶντες
795 1927 888 1976 καὶ
921 1923 984 1976 τὸ
1013 1927 1289 1992 νικᾶσθαι,
1317 1929 1521 2000 ταύτης
1550 1931 1606 1983 δὲ
1633 1932 1761 1986 ἄνευ
1791 1931 1886 1984 καὶ

315 2009 372 2061 τδ
435 2014 598 2082 νικᾷν
654 2015 1058 2086 ἁπωθοῠμενοι.
1103 2021 1267 2074 Ὥστε
1319 2023 1419 2092 τὴν
1479 2025 1580 2094 μὲν
1629 2025 1888 2095 ἀλήθειαν

316 2105 616 2170 ἀναγκαῖον
651 2107 751 2178 ᾕῖη
811 2111 1314 2182 παῤῥησιασθῆναι,
1365 2118 1460 2168 καὶ
1499 2119 1716 2170 πάντων
1753 2136 1890 2190 κρα-

315 2196 562 2264 τήσασαν
596 2202 980 2269 περιγενέσθαι
1016 2205 1116 2272 μὲν
1146 2205 1254 2257 τῶν
1319 2207 1492 2270 ἄλλως
1529 2209 1889 2279 ἐνοχλούντων

315 2291 474 2360 αὐτῇ,
528 2295 645 2351 ταῖς
673 2291 720 2344 δ’
755 2295 1016 2349 ἁπάντων
1063 2298 1432 2366 ἐνοικισθῆναι
1470 2301 1669 2372 ψυχαῖς
1691 2321 1703 2336 ·
1743 2307 1802 2358 τὸ
1835 2307 1890 2359 δὲ

313 2379 511 2449 ψεῦδος
569 2383 828 2452 ἐλαθῆναί
875 2403 968 2441 ποι
1027 2392 1273 2459 μακρὰν,
1315 2392 1414 2463 τὴν
1452 2397 1592 2461 μετὰ
1628 2397 1735 2450 τῶν
1793 2399 1888 2452 τοῦ

314 2477 546 2547 ψεύδους
592 2481 833 2548 ἐκγόνων
865 2483 1086 2554 anno;
1118 2487 1327 2556 χώραν,
1379 2491 1650 2546 κάκείνων
1680 2497 1886 2564 κρατῆ-

319 2588 406 2624 σον
439 2571 496 2624 οἳ
529 2575 658 2644 περὶ
703 2575 946 2640 πλείονος
992 2581 1082 2630 τὸν
1119 2579 1212 2632 τοῦ
1254 2581 1486 2648 ψεύδους
1523 2587 1739 2655 πατέρα
1768 2605 1889 2640 ποι-

319 2665 530 2730 οῦνται,
565 2665 658 2718 ὑπ’
679 2669 873 2738 ἐκείνῳ
904 2669 1134 2738 ἡγεμόνι
1165 2672 1260 2726 τοῦ
1297 2673 1414 2742 βίου
1448 2678 1624 2728 πάντα
1678 2678 1892 2730 ποιοῦν·

317 2773 404 2820 τες
449 2761 550 2811 καὶ
600 2759 854 2826 λέγοντες
883 2776 896 2790 ·
932 2763 997 2816 Τί
1045 2781 1130 2826 τις
1177 2767 1243 2818 ἂν
1295 2767 1438 2820 εἴποι
1496 2769 1588 2820 τοῦ
1623 2773 1891 2838 παρόντος

319 2850 618 2917 ἀντάξιον,
650 2852 714 2904 Τί
747 2871 834 2918 τις
863 2855 928 2907 ἂν
955 2854 1148 2924 ἕτερον
1174 2857 1284 2909 τῶν
1317 2858 1640 2928 φθασάντων
1673 2862 1749 2923 εἰς
1780 2863 1892 2916 ἴσον

319 2946 462 2999 θεῖτο
501 2949 614 3008 τοῖς
661 2949 962 3012 ἐνεστῶσις
1008 2949 1186 3002 Πάντα
1225 2951 1292 3003 τὰ
1338 2953 1604 3022 πρότερον
1647 2955 1890 3024 ἀποκρύ-

320 3057 517 3092 πτεται
542 3043 654 3100 τοῖς
677 3041 934 3110 παροῦσι,
959 3041 1206 3095 λείπεται
1229 3045 1406 3096 πάντα
1431 3047 1680 3105 κατόπιν,
1715 3047 1889 3100 πάντα

320 3133 556 3202 δεύτερα
585 3133 692 3184 τῶν
715 3133 832 3185 νυνὶ
863 3136 1222 3202 γιγνομὲνων.
1269 3133 1473 3198 Πάντες
1511 3141 1887 3210 κροτὴσωμεν,

319 3225 528 3288 πάντες
579 3225 977 3295 εὐφρανθῶμεν
1033 3227 1112 3295 τῷ
1169 3232 1482 3298 πνεύματι·

321 3317 578 3387 Σωτῆρος
612 3317 778 3386 ὕμνος
827 3319 1055 3388 μελέτω,
1103 3321 1160 3372 τὸ
1196 3323 1295 3390 μὲν
1346 3323 1577 3390 χάριτας
1613 3323 1905 3392 ὁμολογοῦ-

327 3427 410 3463 σιν
443 3411 600 3478 αὺτῷ
628 3410 738 3463 τῶν
767 3413 822 3474 ἐς
871 3411 1052 3483 δεῦρο,
1086 3414 1148 3465 τὸ
1186 3414 1242 3466 δὲ
1275 3417 1367 3468 καὶ
1401 3415 1553 3478 τέλος
1582 3417 1902 3485 εὐχομένοις

327 3504 454 3560 ίδείν
489 3507 602 3566 τοῖς
654 3505 980 3594 προοιμίοις
1001 3507 1318 3574 συμϐαῖνον.
1366 3509 1439 3559 Οὐ
1496 3510 1602 3577 μὴν
1633 3510 1772 3562 sua
1811 3510 1906 3562 καὶ

330 3599 738 3668 συνεισφερέτω
772 3599 928 3665 ἡμῶν
965 3599 1194 3661 ἕκαστος
1245 3599 1424 3650 πάντα
1454 3603 1520 3652 τὰ
1565 3603 1706 3654 κοιτᾶ
1746 3601 1904 3654 δύναιο

334 3711 443 3762 μιν.
481 3697 576 3744 καὶ
611 3693 710 3744 ὃσα
741 3691 878 3756 πρὸς
911 3691 969 3744 τὸ
1015 3691 1166 3755 τέλος
1213 3693 1523 3757 ἐποίσουσι,
1555 3697 1648 3746 καὶ
1684 3695 1783 3764 τὴν
1816 3697 1906 3746 ἐπὶ

329 3785 480 3855 χιλῷ
515 3785 606 3837 καὶ
641 3787 940 3836 συνοίσοντι
965 3784 1116 3852 ἱερὰν
1148 3784 1259 3835 τῶν
1301 3783 1648 3851 Χριστιανῶν
1688 3786 1904 3839 ἕνωσιν.

333 3878 560 3931 Πάντων
595 3877 816 3936 ἁπτέον,
853 3863 1022 3929 πᾶσιν
1055 3865 1427 3946 ἐγχειρητέον
1471 3878 1638 3945 μηδὲν
1673 3877 1909 3928 ἐλλελοι-

331 3967 528 4032 πότα-ς,
566 3965 640 4036 μὴ
669 3965 931 4035 σπουδῆς,
965 3962 1041 4036 μὴ
1074 3965 1406 4036 προθυμίας,
1439 3967 1514 4037 μὴ
1555 3968 1806 4036 ἀγώνων,
1836 3969 1910 4037 μὴ

335 4059 538 4122 πόνων,
580 4058 968 4127 μεμνημένους
1015 4059 1095 4110 ὅτι
1129 4059 1230 4110 οὐκ
1278 4056 1536 4127 εῠχεσθαι
1581 4065 1742 4129 μόνον
1769 4060 1908 4124 δέον,

334 4151 470 4204 ἀλλὰ
503 4151 600 4203 καὶ
651 4149 852 4212 αὐτοὺς
909 4152 1208 4220 ὑπηρετεῖν
1254 4151 1331 4218 τῷ
1377 4149 1498 4217 Θεῷ
1525 4166 1538 4180 ·
1569 4149 1690 4202 οὐδὲ
1735 4151 1914 4204 πάντα

342 4242 628 4295 ἐλπιοτέον
678 4241 830 4308 παρὰ
869 4240 963 4294 τοῦ
1001 4244 1331 4310 κρείττονος,
1385 4243 1551 4312 μηδὲν
1594 4243 1790 4306 αὐτοὺς
1821 4263 1915 4298 πο-

335 4336 663 4404 νουμένους,
721 4335 822 4403 Είη
861 4333 972 4404 γὰρ
1014 4336 1080 4388 ἂν
1113 4335 1272 4388 τοῦτό
1307 4353 1368 4404 γε
1417 4335 1660 4388 ἐναντίον
1692 4332 1769 4398 οἷς
1800 4337 1916 4389 δεό-

346 4428 509 4496 μεθα,
543 4430 590 4480 εί
621 4427 971 4496 συλλήπτορα
1009 4427 1108 4497 μὲν
1149 4428 1312 4480 αὐτὸν
1347 4429 1572 4496 σχήσειν
1599 4427 1915 4498 εὐχοίμεθα,

337 4521 504 4586 ἡμεῖς
555 4519 613 4572 δὲ
647 4519 814 4589 μηδὲν
859 4520 1020 4589 ἡμῶν
1065 4519 1243 4573 αὐτῶν
1295 4521 1457 4588 ἔργον
1497 4521 1916 4589 παρασχοίμεθα

1919 1889 1958 1944 Β

1981 667 2079 720 per
2113 667 2234 721 quae
2267 652 2428 707 amici
2483 663 2538 708 et
2565 654 2779 719 fratres,
2838 655 2947 710 imo
2974 673 3108 711 vero
3132 658 3376 726 ejusdem
3403 662 3551 726 capi-

1984 743 2052 796 tis
2085 745 2330 798 membra
2360 755 2416 800 et
2439 754 2624 815 partes
2657 757 2712 799 et
2746 749 2906 802 unius
2937 749 3078 804 ovile
3108 753 3341 819 pastoris
3371 751 3556 804 inimi-

1992 835 2152 890 citias
2183 847 2562 905 susceperunt,
2593 838 2838 894 defluere
2867 841 3158 909 incipiunt,
3191 842 3356 896 dilabi
3386 854 3554 912 atque

1982 927 2230 983 dissolvi.
2277 927 2394 982 Jam
2445 929 2591 982 enim
2629 929 2901 998 disjuuCta
2925 933 3210 1000 copulati,
3245 932 3552 1001 interrupta

1983 1033 2176 1072 rursus
2229 1019 2504 1073 cobairere
2553 1019 2848 1086 festinant;
2902 1033 3097 1090 estque
3133 1023 3240 1076 illis
3273 1025 3554 1091 optatissi-

1983 1126 2154 1175 mum,
2218 1121 2272 1166 et
2317 1113 2454 1166 votis
2511 1112 2766 1166 omnibus
2808 1114 3198 1182 expetendum,
3229 1116 3424 1168 eodem
3459 1131 3552 1170 an—

1983 1203 2112 1273 gulo
2177 1203 2432 1273 conjungi
2485 1219 2550 1258 ac
2601 1205 2896 1258 contineri.
2934 1205 3144 1258 Etenim
3173 1217 3402 1274 utraque
3430 1223 3554 1275 pars

1985 1294 2181 1347 eodem
2239 1295 2522 1364 proposito
2581 1295 2808 1362 parique
2835 1294 3018 1348 studio
3047 1295 3320 1358 convenit,
3343 1296 3552 1348 nullum

1987 1387 2145 1454 plane
2185 1389 2362 1440 locum
2401 1387 2670 1440 voluntati
2715 1385 2792 1440 illi
2862 1386 3259 1455 relinquentes,
3289 1403 3405 1455 quzr
3440 1387 3557 1440 vin-

1985 1491 2112 1530 cere
2162 1485 2258 1530 aut
2308 1477 2446 1532 vinci
2483 1477 2713 1532 studet:
2743 1477 2794 1530 id
2831 1479 2976 1531 enim
3023 1491 3131 1532 non
3163 1477 3555 1545 discipulorum

1985 1567 2186 1622 Christi
2244 1577 2300 1623 et
2350 1569 2754 1624 moderatorum
2815 1571 3124 1634 hominum,
3187 1569 3282 1622 sed
3333 1577 3560 1623 conten-

1987 1663 2248 1717 tiosorum
2282 1663 2450 1717 fuerit
2479 1677 2543 1717 ac
2585 1663 2686 1718 sibi
2741 1663 2960 1732 suisque
2989 1662 3380 1731 cupiditatibus
3409 1661 3558 1730 peni-

1987 1763 2075 1806 tus
2122 1753 2523 1821 indulgentium
2565 1773 2575 1808 :
2613 1771 2802 1809 verum
2859 1755 3024 1808 unius
3053 1753 3302 1808 veritatis
3329 1751 3556 1806 adiuve-

1989 1843 2202 1898 nicnda:
2225 1844 2406 1898 affecti
2441 1845 2736 1904 desiderio,
2769 1861 2893 1898 cum
2925 1861 3030 1913 qua
3059 1855 3110 1898 et
3142 1843 3284 1898 vinci
3310 1845 3556 1912 cupiant,

1991 1933 2109 1986 sine
2140 1948 2244 2001 qua
2269 1933 2352 1987 vel
2385 1933 2602 1988 vincere
2649 1934 2840 1988 nolint.
2898 1933 3016 1987 Jam
3052 1934 3198 1988 enim
3225 1947 3448 1987 necesse
3475 1945 3561 1986 est

1993 2027 2275 2081 veritatem
2310 2029 2489 2095 palam
2522 2027 2838 2092 dilucidari,
2865 2037 2920 2082 et
2951 2027 3242 2098 praevalere
3282 2027 3558 2090 omnibus,

1991 2117 2225 2172 devictis
2247 2119 2317 2174 iis
2348 2135 2470 2190 qua:
2499 2117 2702 2174 frustra
2755 2119 2832 2172 illi
2867 2120 3194 2188 obstrepunt
3233 2157 3246 2182 ,
3285 2125 3342 2172 et
3362 2133 3481 2172 sese
3507 2117 3560 2169 in

1991 2211 2237 2264 omnium
2282 2211 2496 2264 animos
2527 2210 2805 2263 insinuare
2839 2227 2854 2263 τ
2889 2209 3234 2262 mendacium
3281 2223 3410 2261 vero
3441 2223 3564 2275 pro-

1989 2303 2078 2356 cul
2142 2303 2306 2372 abigi,
2377 2311 2597 2355 nactum
2655 2301 2774 2355 loca
2803 2301 2914 2365 illa,
2950 2300 3004 2354 in
3038 2301 3241 2369 quibus
3275 2308 3564 2352 versantur

1993 2395 2088 2448 lilii
2131 2393 2396 2448 mendacii
2428 2409 2444 2459 ;
2478 2404 2533 2446 et
2561 2407 2798 2462 regnans
2833 2391 2888 2444 in
2920 2391 2990 2446 iis
3019 2393 3112 2460 qui
3149 2389 3322 2459 pluris
3355 2389 3562 2441 faciunt

1994 2486 2258 2542 mendacii
2317 2495 2550 2555 patrem,
2605 2486 2708 2539 sub
2739 2484 2833 2538 illo
2875 2484 3001 2536 vitae
3031 2483 3172 2538 duce
3205 2492 3428 2550 agentes
3447 2497 3562 2534 om-

1993 2581 2080 2632 nia
2104 2591 2158 2632 et
2187 2577 2436 2632 dicentes
2469 2596 2481 2631 :
2527 2577 2732 2645 Ecquis
2783 2584 3051 2645 prasente
3093 2574 3310 2641 negotio
3339 2575 3563 2641 dignum

1992 2670 2276 2740 quidpiam
2307 2669 2492 2737 eloqui
2531 2667 2752 2722 valeat?
2782 2666 2978 2734 ecquid
3002 2681 3070 2720 ex
3111 2665 3278 2719 rebus
3314 2676 3440 2718 ante
3471 2680 3564 2732 ge-

1993 2764 2091 2816 stis
2149 2760 2385 2816 conferri
2439 2759 2608 2828 possit
2671 2774 2794 2813 cum
2837 2756 3244 2827 praesentibus?
3291 2743 3568 2810 l’raneritn

1992 2855 2175 2909 onuria
2207 2851 2569 2922 praesentibus
2611 2849 2941 2911 obruuntur,
3000 2849 3204 2902 cedunt
3237 2847 3444 2909 omnia,
3482 2849 3569 2900 in-

1995 2949 2191 3002 feriora
2223 2955 2350 3000 sunt
2379 2943 2563 2999 omnia
2610 2943 2676 2997 iis
2714 2957 2834 3012 qua-
2860 2943 2970 3010 jam
3028 2943 3186 2993 liunt.
3239 2940 3568 2996 Plaudamus

1993 3053 2204 3098 omnes.
2243 3037 2490 3091 laetemur
2521 3048 2712 3088 omnes
2768 3031 2986 3100 spiritu,
3017 3039 3216 3084 canant
3239 3045 3430 3084 omnes
3462 3031 3576 3083 Sal-

1993 3129 2170 3185 Vatori
2228 3129 2513 3199 hymnum,
2573 3135 2686 3180 tum
2722 3133 2780 3176 ut
2810 3123 2881 3176 ob
2909 3121 3172 3176 collocata
3203 3119 3466 3175 beneficia
3494 3111 3574 3175 illi

1539 3233 1706 3283 πᾶσιν
1733 3209 1777 3284 δέ
1799 3233 1894 3284 ego
1923 3231 1964 3286 ο
1997 3219 2187 3288 gratia:
2222 3225 2475 3288 agantur,
2511 3225 2624 3269 tum
2653 3221 2710 3267 ut
2739 3211 2942 3265 nostris
2974 3209 3232 3277 precibus
3263 3221 3574 3276 congruens

2009 3310 2276 3382 principio
2337 3308 2460 3361 ﬁnis
2507 3305 2860 3361 concedatur.
2925 3298 3122 3352 Verum
3155 3299 3388 3368 quisque
3413 3297 3576 3352 etiam

2006 3413 2252 3456 nostrum
2299 3399 2368 3454 de
2413 3413 2512 3454 suo
2571 3399 2820 3452 conferat
2855 3395 3038 3450 omnia
3092 3405 3432 3464 quaecunque
3481 3403 3582 3458 pro

2008 3495 2218 3550 viribus
2273 3493 2497 3562 poterit,
2561 3501 2617 3546 et
2644 3490 2962 3544 conducunt
2992 3485 3058 3540 ad
3093 3485 3254 3539 finem
3282 3493 3336 3538 et
3368 3497 3579 3536 sacram

2007 3587 2448 3642 Christianorum
2483 3581 2974 3646 consociationem,
3011 3593 3126 3632 rem
3154 3575 3292 3630 adeo
3324 3573 3584 3628 decoram

2008 3687 2064 3733 et
2123 3677 2358 3732 utilem:
2399 3671 2658 3728 tentanda
2711 3671 2916 3735 omnia,
2980 3663 3319 3736 experiunda
3370 3664 3580 3726 omnia,

2013 3769 2348 3841 parcendum
2403 3767 2538 3821 nulli
2595 3779 2705 3818 non
2735 3763 2945 3824 studio,
2975 3775 3082 3813 non
3116 3757 3433 3826 diligentiae,
3473 3769 3583 3808 non

2011 3861 2330 3926 sudoribus,
2356 3875 2466 3913 non
2497 3855 2823 3920 laboribus;
2859 3849 3104 3919 illudque
3139 3845 3402 3901 memoria
3429 3857 3583 3913 repe-

2015 3953 2264 4016 tendum,
2319 3959 2573 4020 oportere
2632 3961 2742 3998 non
2792 3943 2966 3997 solum
2995 3953 3187 4008 preces
3207 3935 3461 3996 fundere,
3485 3933 3586 3988 sed

2013 4055 2264 4102 nostrqu
2317 4043 2487 4096 etiam
2545 4037 2656 4091 Deo
2722 4030 3089 4089 ministerium
3139 4027 3362 4082 offerre.
3399 4023 3587 4089 Neque

2015 4137 2164 4193 enim
2205 4151 2232 4190 a
2269 4133 2381 4189 Deo
2419 4130 2694 4202 speranda
2730 4133 2858 4182 sunt
2891 4123 3078 4179 omnia
3111 4121 3248 4177 nihil
3279 4119 3440 4174 nobis
3477 4117 3588 4171 ela-

2018 4229 2340 4284 borantibus
2373 4243 2385 4280 :
2423 4241 2548 4280 nam
2581 4223 2840 4290 precibus
2868 4221 3070 4274 nostris
3101 4215 3154 4270 id
3180 4223 3328 4270 esset
3369 4219 3590 4265 contra-

2019 4319 2184 4380 rium,
2236 4317 2278 4371 si
2349 4316 2443 4370 Dei
2494 4313 2716 4384 quidem
2751 4310 3106 4380 implorcmus
3138 4303 3422 4364 auxilium,
3453 4297 3590 4352 nihil

2023 4427 2151 4464 vero
2197 4418 2485 4479 pratstetur
2541 4423 2570 4459 a
2618 4405 2774 4458 nobis
2817 4403 3040 4471 dignum
3072 4399 3160 4453 cui
3198 4413 3256 4452 se
3287 4397 3430 4450 Deus
3455 4409 3598 4462 prac-

2026 4505 2151 4559 beat
2199 4502 2526 4571 adjutorem.
2575 4497 2653 4552 Ita
2679 4497 2826 4550 enim
2851 4493 3023 4563 tnagis
3056 4503 3112 4546 et
3141 4493 3256 4560 ipse
3284 4489 3443 4544 nobis
3475 4486 3596 4555 opi-

339 4608 492 4673 ἄξιον
519 4610 704 4674 λόγου,
746 4604 790 4677 ᾧ
819 4615 910 4661 καὶ
941 4609 1274 4678 συ>.>.ήψαιτο
1303 4627 1315 4640 ’
1357 4611 1500 4662 οὕτω
1528 4611 1636 4680 γὰρ
1660 4609 1726 4663 ἂν
1753 4613 1902 4664 αὑτόι

2027 4597 2310 4660 tulabitur,
2359 4605 2416 4649 et
2465 4607 2563 4648 nos
2621 4591 2688 4645 ad
2741 4589 2902 4644 ﬁnem
2939 4587 3152 4640 facilius
3177 4583 3596 4653 expeditiusque

339 4718 399 4755 τε
432 4702 638 4772 μᾶλλον
668 4703 866 4772 ἕξομεν
915 4705 1048 4772 ἡμῖν
1095 4701 1638 4770 συλλαμϐανόμενον,
1689 4703 1820 4773 ῥᾷόν
1861 4720 1919 4755 τε

341 4779 480 4863 πρὸξ
525 4795 586 4847 τὸ
625 4794 779 4855 τέλος
830 4796 923 4846 καὶ
981 4793 1312 4863 εὐοδὼτερον
1363 4795 1694 4864 ἀφιξόμεθα.
1734 4799 1799 4850 Ὃ
1833 4801 1924 4848 καὶ

340 4885 575 4951 γένοιτο,
623 4885 724 4936 θεὲ
757 4886 962 4954 Σὼτερ,
1016 4887 1352 4948 ὲπιστὰντας
1385 4889 1453 4958 τῇ
1507 4887 1691 4955 ἡμέρᾳ
1739 4889 1922 4958 ἐκείνῃ

343 4977 618 5046 κροτῆσαί
652 4993 735 5029 σοι
779 4979 842 5030 τὸ
871 4977 1142 5030 ἐπινίκιον
1188 4978 1281 5030 καὶ
1309 4980 1682 5048 χαρμόσυνον,
1719 4977 1811 5046 ὑφ’
1844 4979 1924 5030 ἐνὶ

351 5070 450 5135 μὲν
483 5069 903 5138 ὑπηχουμένους
961 5068 1054 5120 καὶ
1090 5068 1167 5134 τῷ
1217 5067 1367 5138 αὐτῷ
1418 5067 1718 5134 πνεύματι,
1757 5069 1926 5120 ταυτὸ

343 5159 402 5211 δὲ
434 5159 597 5230 μέλος
647 5160 1024 5223 ἀποδιδόντας,
1057 5162 1151 5212 καὶ
1180 5161 1280 5230 τὴν
1323 5159 1496 5226 αὐτὴν
1541 5161 1926 5229 ἡρμοσμένους

347 5253 642 5321 ἁρμονίαν,
675 5253 780 5305 ὑπὸ
817 5255 897 5305 σοὶ
934 5254 1033 5322 μιᾷ
1061 5253 1156 5304 καὶ
1181 5255 1244 5320 τῇ
1279 5254 1414 5321 αὐτῇ
1444 5253 1656 5323 κεφαλῇ
1687 5253 1778 5304 καὶ
1807 5254 1929 5322 ζῇν,

353 5347 450 5396 καὶ
490 5345 782 5410 κινεῖσθιι,
820 5346 916 5398 καὶ
955 5349 1133 5409 πνεῖν,
1171 5346 1340 5398 τιυτὸ
1371 5350 1730 5414 φρονοῦντας,
1765 5346 1932 5399 ταδτὸ

353 5437 791 5507 φθεγγομένους,
823 5439 1076 5508 ἀλλήλοις
1108 5439 1266 5500 ὄντας
1299 5439 1484 5491 ταυεὸ.
1525 5439 1724 5507 Χριστέ
1777 5439 1932 5505 βατι-

355 5531 473 5596 ὶεῦ,
503 5531 596 5584 ἕνα
623 5535 712 5600 ἐφ’
743 5534 892 5602 ἡμᾶς
927 5533 1154 5600 βασιλέα
1185 5534 1277 5584 καὶ
1307 5533 1400 5583 τὸν
1431 5532 1497 5582 αὖ
1537 5531 1592 5581 όν
1629 5547 1686 5582 σε
1720 5533 1807 5581 καὶ
1842 5529 1934 5582 θέ-

355 5621 522 5690 λομεν
559 5625 656 5675 καὶ
707 5621 1095 5692 εὐχόμεθα,οὖ
1133 5621 1208 5688 τῷ
1257 5621 1426 5689 τιμίῳ
1482 5619 1934 5688 ἐξηγορὰσθημεν

359 5713 576 5782 αἰματι,
609 5715 664 5776 ὃ,
701 5713 896 5783 λύτρον
937 5713 1056 5765 ἀνθ’
1093 5713 1248 5781 ἡμῶν
1295 5711 1672 5781 πεπραμένων
1703 5712 1806 5762 ὑπὸ
1837 5711 1936 5781 τὴν

357 5807 644 5876 ἁμαρτίαν
711 5808 908 5858 σαυτὸν
958 5807 1187 5870 ἔδωκας,
1229 5805 1286 5864 ὃς
1341 5805 1488 5872 ἡμᾶς
1523 5802 1934 5870 κατεχομένους

353 5897 470 5950 -ὑπο
525 5900 614 5952 τοῦ
651 5899 912 5968 τυράννου
969 5899 1325 5968 ἁςήρπαυς.
1366 5896 1461 5946 Ἓν
1517 5891 1608 5946 οὖν
1656 5894 1752 5946 ’καὶ
1791 5894 1934 5962 ἡμεῖς

1407 5991 1496 6005 ..δν-ι·

2026 4690 2430 4759 perveniemus.
2465 4683 2621 4750 Quod
2649 4681 2856 4735 utinam
2881 4677 3120 4741 eveniat,
3150 4677 3294 4730 Deus
3323 4673 3598 4737 Salvator,

2025 4791 2081 4837 et
2125 4775 2412 4834 videamus
2463 4777 2614 4830 illum
2643 4776 2788 4830 diem
2829 4787 2939 4842 quo
2967 4770 3066 4824 tibi
3097 4769 3345 4826 victoria:
3372 4765 3602 4820 laetitia:-

2027 4888 2134 4944 que
2186 4874 2446 4943 hymnum
2500 4881 2784 4930 canamus,
2853 4867 2908 4920 in
2938 4879 3046 4918 uno
3075 4863 3379 4928 eodemque
3401 4858 3600 4928 spiritu

2027 4965 2405 5029 concinentes,
2456 4973 2515 5016 ut
2573 4977 2717 5015 unus
2767 4958 3039 5013 elliciatur
3112 4961 3435 5013 concentus,
3459 4961 3514 5004 et
3547 4951 3602 5003 in

2033 5077 2196 5116 unam
2253 5057 2649 5112 convenientes
2703 5051 3069 5108 harmoniam,
3100 5048 3202 5101 sub
3233 5061 3340 5098 uno
3376 5047 3603 5098 eodem-

2029 5171 2136 5225 que
2187 5163 2238 5208 te
2288 5151 2468 5220 capite
2517 5149 2809 5214 vivamus,
2875 5157 3226 5204 moveantur,
3286 5135 3603 5206 spiremus,

2033 5247 2178 5302 idem
2226 5245 2551 5306 sentiamus,
2607 5241 2749 5294 idem
2808 5241 3117 5307 loquamur,
3187 5233 3330 5286 idem
3406 5231 3600 5283 simus.

2031 5337 2248 5393 Christe
2308 5350 2423 5395 rex,
2490 5347 2659 5386 unum
2713 5337 2764 5382 te
2819 5330 2979 5382 nobis
3045 5338 3226 5396 regem
3259 5321 3513 5374 volumus
3546 5324 3604 5370 et

2033 5439 2308 5498 Optamus,
2343 5425 2498 5494 cujus
2532 5422 2775 5493 pretioso
2803 5417 3067 5486 redempti
3094 5428 3283 5468 sumus
3314 5411 3606 5480 sanguine,

2033 5521 2126 5592 qui
2159 5532 2209 5574 te
2235 5533 2333 5589 pro
2357 5517 2517 5572 nobis
2570 5517 2672 5569 sub
2733 5519 2957 5583 peccato
2983 5505 3222 5562 venditis
3251 5501 3485 5572 pretimn
3516 5515 3608 5553 re-

2035 5611 2370 5681 demptionis
2437 5605 2734 5666 tradidisti,
2794 5603 2888 5672 qui
2925 5615 3025 5654 nos
3055 5615 3084 5654 a
3111 5609 3343 5668 tyranno
3384 5606 3612 5662 oppres-

2036 5723 2127 5762 sos
2169 5701 2442 5773 eripuisti.
2511 5697 2687 5756 Unum
2740 5709 2958 5765 quoque
3015 5702 3196 5762 partes
3242 5687 3434 5742 ambas
3459 5685 3611 5740 ovile

2040 5799 2132 5854 tibi
2187 5794 2416 5858 cltieias,
2470 5807 2538 5847 ne
2591 5787 2816 5859 patiaris
2874 5795 2996 5839 tuos
3023 5783 3165 5838 inter
3221 5797 3278 5836 se
3319 5778 3607 5841 dissidere,

2037 5907 2104 5948 ne
2129 5887 2385 5959 projteias
2439 5897 2529 5937 mu
2560 5895 2628 5935 uo
2680 5878 2822 5931 inter
2853 5891 2908 5930 se
2940 5875 3080 5929 bello
3115 5873 3438 5948 flagrantes;
3477 5869 3606 5939 quin
