4086 6436
466 399 574 459 535

1422 397 1940 459 BESSAlllONlS
1980 398 2044 456 S.
2092 397 2163 456 li.
2210 396 2274 458 E.
2316 393 2791 457 CAHDINALIS

3638 396 3749 460 536

468 509 582 564 imo
636 525 704 565 ne
760 521 971 579 partem
1025 508 1252 563 alteram
1315 510 1618 581 projicias,
1652 510 1880 565 alteram
1923 525 2054 564 vero

2164 507 2322 572 αὐτὸς
2361 508 2531 578 ἄμφω
2566 509 2751 580 σαυτῷ
2788 509 3049 578 ποίμνιον
3100 507 3359 579 ἕργασαι,
3418 508 3494 582 μὴ
3548 512 3748 586 ἀνέχου

468 603 568 657 ῑὶιιί
620 602 877 657 asciscas.
934 603 1041 657 Pro
1085 603 1335 671 utrisque
1403 612 1456 659 te
1505 605 1685 674 ipsum
1718 604 2050 689 profudisti;

468 696 692 762 sanguis
717 705 843 749 tuus
866 695 1143 765 pretiosus
1165 697 1259 766 qui
1288 696 1502 752 effusus
1523 708 1627 762 est,
1649 700 1821 768 partis
1847 701 2055 754 utrius-

468 802 575 854 que
629 787 729 840 fuit
788 788 1117 842 lavacrum:
1175 805 1325 844 nunc
1374 806 1509 859 ergo
1568 793 1642 846 sit
1683 793 1848 846 etiam
1902 792 2057 847 favor

467 888 597 932 tuus
646 879 808 933 nobis
874 881 1216 946 communis;
1250 897 1597 939 communem
1663 886 1911 956 utrisque
1975 888 2057 942 fer

469 987 651 1040 opem,
693 973 953 1042 trabeque
996 973 1062 1027 ad
1095 976 1329 1043 teipsnm
1376 986 1663 1048 utrosque,
1701 996 1868 1033 unum
1900 995 2059 1034 eum-

468 1061 702 1129 detnque
734 1070 783 1116 te
811 1061 971 1116 tinem
1000 1065 1368 1127 constituens.
1406 1082 1506 1121 nos
1531 1083 1667 1123 vero
1698 1070 2056 1138 proportione

469 1152 617 1205 inter
661 1167 764 1205 nos
789 1162 844 1205 et
877 1153 1151 1208 charitate
1192 1166 1383 1210 mutua
1417 1159 1784 1229 coniungens,
1816 1170 1871 1215 et
1907 1162 2056 1216 nulla

467 1237 683 1293 ratione
734 1242 1080 1306 permittens.
1139 1255 1200 1298 ut
1233 1246 1304 1299 sit
1356 1246 1498 1301 inter
1528 1264 1631 1304 nos
1671 1250 1962 1305 dissidium
1995 1267 2058 1305 ac

471 1328 811 1394 disiunctio;
867 1348 932 1387 ex
988 1351 1099 1403 quo
1146 1335 1238 1390 ﬁat
1295 1340 1631 1408 necessario,
1665 1352 1725 1396 ut
1752 1343 1913 1411 potiri
1952 1343 2056 1398 (ine

474 1437 583 1473 non
614 1421 777 1476 liccat
805 1439 869 1476 ex
903 1417 1116 1481 duabus
1148 1441 1297 1482 certe
1360 1432 1611 1499 partibus
1660 1435 1842 1489 alteri.
1878 1436 2058 1505 Spiri-

477 1521 569 1565 tus
623 1524 830 1577 sancte,
873 1516 1266 1572 charismatum
1300 1522 1451 1586 fons,
1476 1524 1709 1593 Spiritus
1749 1528 2056 1597 sapientia,

474 1603 705 1670 spiritus
738 1604 1071 1670 intellectus,
1099 1611 1325 1680 spiritus
1378 1614 1585 1670 timoris
1619 1616 1733 1680 Dei,
1763 1619 1831 1675 de
1867 1635 1977 1689 quo
2003 1628 2062 1674 et

472 1710 599 1749 cum
629 1712 740 1766 quo
764 1700 1110 1769 propositum
1157 1712 1239 1757 est
1296 1706 1557 1762 Ecclesiis
1615 1710 1717 1765 hoc
1752 1724 2057 1782 certamen,

474 1806 695 1845 omnem
756 1807 785 1846 a
840 1794 1002 1849 nobis
1058 1797 1353 1865 superbam
1397 1799 1582 1869 abigas
1645 1804 2052 1873 cogitationem,
2090 1851 2131 1905 Β

478 1883 570 1905 Π-ε
604 1898 730 1905 --Α-,Α
765 1882 800 1905 ,ε
827 1900 1013 1905 .____-_-
1062 1902 1115 1905 ,ρ
1188 1889 1199 1900 ο
1442 1903 1450 1905 -
1687 1893 1698 1905 ο
1764 1895 1776 1905 ι
1833 1896 1845 1905 ι
1893 1895 1913 1905 Α

477 1883 572 1937 Dei
604 1898 736 1937 vero
765 1882 1016 1938 timorem
1053 1889 1298 1943 onmium
1333 1903 1582 1945 nostrum
1612 1893 1809 1948 animis
1832 1895 2056 1965 inferas,

479 1976 819 2031 intellectum
881 1979 1040 2032 nobis
1105 1989 1159 2034 et
1207 1982 1534 2051 sapientiam
1600 1986 1843 2053 donans;
1896 1999 2062 2061 atque

480 2083 588 2122 una
629 2083 754 2123 cum
788 2070 948 2126 nobis
983 2074 1241 2128 omnibus
1268 2075 1322 2129 in
1360 2086 1638 2133 certamen
1668 2094 1766 2150 pro
1798 2090 1849 2135 te
1880 2097 2061 2139 susce-

476 2172 635 2229 ptum
694 2161 1060 2226 descendens,
1120 2167 1410 2222 veritatem
1449 2172 1710 2227 omnibus
1740 2174 2061 2243 patefacias,

477 2259 538 2304 ut
575 2252 667 2321 qui
721 2268 829 2307 non
878 2255 1040 2309 modo
1089 2257 1163 2311 sis
1197 2269 1252 2313 et
1278 2261 1491 2314 voceris
1521 2245 1758 2332 Spiritus
1789 2267 2059 2337 veritatis,

476 2342 573 2397 sed
623 2345 785 2398 etiam
842 2345 975 2401 illud
1024 2349 1121 2402 tibi
1170 2350 1492 2415 vindicaris,
1558 2364 1619 2409 ut
1651 2371 1871 2412 omnem
1906 2362 2063 2417 nobis

476 2434 764 2488 veritatem
797 2439 1111 2502 annuntics,
1173 2426 1477 2497 seeundum
1542 2460 1874 2507 veracemet
1908 2452 2063 2508 nullo

480 2525 647 2579 modo
701 2524 1044 2585 deﬁcientem
1081 2532 1330 2589 veritatis
1384 2548 1595 2592 vocem.
1634 2540 1775 2596 Dens
1800 2541 1914 2609 ipsa
1941 2544 2061 2599 Tri-

475 2617 641 2685 nitas,
702 2635 823 2689 qute
877 2622 1256 2678 ineil‘ahilibus
1302 2627 1479 2681 modis
1509 2630 1691 2684 omnia
1724 2634 2060 2701 produxisti,

472 2721 530 2764 et
558 2712 808 2767 contines
839 2715 1021 2769 omnia
1053 2725 1109 2770 et
1143 2718 1492 2786 providentia
1539 2723 1702 2795 regis,
1736 2734 1890 2780 tuum
1921 2742 2063 2796 opus

474 2813 560 2858 est
594 2804 780 2873 homo,
814 2819 936 2876 post
966 2809 1151 2865 omnia
1198 2813 1421 2879 quidem
1463 2813 1696 2871 fortasse
1718 2818 1844 2882 alia,
1869 2820 1965 2874 sed
2002 2834 2065 2877 ut

475 2895 549 2951 sit
613 2906 740 2952 ante
802 2901 987 2955 omnia
1051 2901 1316 2970 visibilia,
1374 2906 2061 2979 productus;hoeetiam,

408 3016 413 3017 ί
479 2998 541 3043 ut
589 3006 691 3060 ego
738 2991 963 3062 quidem
1020 2992 1284 3060 arbitror,
1312 2997 1515 3052 eximio
1550 2999 1815 3072 regioque
1850 3003 2064 3061 honore

472 3081 723 3150 allectus,
760 3089 902 3141 utin
939 3088 1107 3142 vitam
1145 3089 1528 3160 ingrederetur
1561 3110 1685 3150 cunt
1719 3107 1908 3167 parata
1941 3101 2060 3171 jam

2158 596 2510 669 διῃρημένων
2545 600 2655 654 τῶν
2689 601 2821 664 σῶν,
2863 601 3002 669 μηδὲ
3047 602 3209 669 πρόει
3245 600 3619 671 πολεμοῦντας
3653 606 3751 657 ἁλ-

2157 693 2344 761 λήλοις
2373 709 2386 722 ·
2409 692 2615 760 μᾶλλον
2635 693 2691 745 δὲ
2719 694 2795 763 μὴ
2826 692 3093 762 θατέρους
3116 692 3215 761 μὲν
3248 692 3430 763 πρόει,
3465 694 3750 751 ἀντιποιοῦ

2157 786 2214 837 δὲ
2266 784 2552 857 θατέρων·
2598 785 2741 856 ὑπὲρ
2795 786 3074 855 ἑκατέρων
3129 787 3384 856 προῆκας
3439 789 3658 852 σαυτὸν,
3688 791 3754 842 τὸ

2157 877 2340 945 τίμιον
2388 873 2531 947 αἷμά
2558 896 2653 931 σου
2684 877 2746 931 et
2788 877 2954 948 χυθὲν
2993 879 3202 948 ἀμφοῖν
3255 880 3506 947 ἐγεγόνει
3556 881 3754 950 λουτή-

2165 984 2297 1036 ριον.
2339 969 2540 1038 Κοινὴν
2568 967 2675 1033 ,οὖν
2710 970 2844 1038 ἡμῖν
2890 969 2986 1021 καὶ
3018 971 3116 1039 τὴν
3152 970 3306 1038 παρά
3341 970 3543 1024 σαυτοῦ
3576 972 3754 1043 ῥοπὴν

2159 1059 2329 1111 τανῦν
2356 1059 2606 1129 χάρισαι,
2637 1063 2834 1124 κοινῶς
2861 1061 3197 1131 ἀμφοτέροις
3222 1060 3625 1137 προσθέμενος,
3653 1066 3754 1118 καὶ

2165 1152 2303 1220 πρὶς
2337 1153 2500 1205 αὐτὸν
2536 1152 2772 1214 ἑλκύσας
2809 1154 2957 1223 ἡμᾶς
2986 1153 3355 1223 ἀμφοτέρους,
3384 1155 3524 1225 πρὸς
3553 1155 3613 1208 ἓν
3645 1155 3757 1225 μὲν

2162 1244 2257 1295 καὶ
2288 1242 2347 1293 τὸ
2381 1244 2513 1296 αὐτὸ
2541 1243 2693 1307 τέλος
2719 1244 2888 1307 τάξας
2920 1244 3139 1309 σαυτὸν,
3176 1246 3235 1297 ἐν
3270 1246 3544 1318 ἀναλογίᾳ
3568 1247 3627 1300 δὲ
3655 1247 3757 1299 ἁλ-

2119 1367 2128 1377 -
2160 1332 2358 1402 λήὶους
2394 1334 2543 1402 ἡμᾶς
2571 1333 2667 1386 καὶ
2704 1334 2889 1403 σχέσει
2915 1338 2982 1405 τῇ
3017 1335 3154 1404 πρὸς
3176 1335 3466 1406 ἀλλήλους,
3508 1338 3583 1406 μὴ
3614 1354 3757 1406 συγ·

2161 1429 2418 1496 χωρήσας
2473 1428 2743 1497 ἀπαρτεῖς
2782 1427 3034 1498 ἀλλήλων
3077 1425 3218 1481 εἶναι
3270 1428 3365 1482 καὶ
3430 1428 3757 1493 διεστῶτας,

2163 1516 2463 1569 κάντεῦθεν
2494 1518 2554 1582 ἐξ
2584 1518 2835 1588 ἀνάγκης
2866 1517 2962 1571 καὶ
2989 1518 3086 1572 τοῦ
3117 1518 3306 1582 τέλους
3337 1520 3759 1589 ἀποτυγχάνονο

2160 1628 2263 1674 τας
2295 1611 2519 1673 πάντως
2548 1627 2610 1678 γε
2640 1611 2768 1674 τοὺς
2802 1613 3044 1682 ἑτέρους.
3076 1612 3150 1664 Τὸ
3196 1610 3420 1681 Πνεῦμα
3443 1612 3522 1664 οτὸ
3571 1610 3757 1678 ἅγιον,

2163 1702 2196 1771 ὴ
2232 1700 2341 1753 τῶν
2381 1704 2741 1771 χαρισμάτων
2773 1703 2924 1772 πηγὴ
2956 1743 2970 1768 ,
3007 1702 3226 1773 πνεῦμα
3277 1704 3496 1771 σοφίας,
3530 1703 3758 1772 πνεῦμα

2165 1795 2464 1858 συνέσεως,
2495 1795 2716 1865 πνεῦμα
2746 1795 2916 1863 φόϐου
2946 1795 3107 1860 Θεοῦ,
3142 1796 3282 1866 ὑπὲρ
3316 1789 3377 1849 οὗ
3412 1796 3506 1849 καί
3540 1796 3663 1864 μεθ’
3693 1796 3758 1848 οὗ

2167 1888 2195 1939 ὁ
2246 1885 2609 1956 προκείμενος
2647 1888 2768 1950 ταῖς
2804 1887 3157 1954 Ἐκκλησίαις
3189 1885 3340 1955 ἀγὼν
3362 1927 3377 1953 ,
3437 1886 3760 1948 ἀπελάσαις

2171 1977 2272 2047 μὲν
2303 1978 2396 2047 ἀφ’
2429 1977 2591 2049 ἡμῶν
2642 1981 2822 2033 πάντα
2864 1981 3129 2050 λογισμὸν
3160 1980 3536 2051 ὑπερήφανον,
3585 1978 3762 2047 φόῦον

2167 2069 2224 2122 δὲ
2257 2069 2394 2122 Θεοῦ
2430 2074 2556 2133 ταῖς
2607 2072 2907 2143 ἡμετέραις
2963 2072 3222 2125 ἁπάντων
3267 2072 3484 2141 ἐνθείης
3533 2069 3761 2141 ψυχαῖς,

2171 2161 2389 2216 σύνεσίν
2421 2180 2481 2214 τε
2514 2163 2610 2215 καὶ
2654 2165 2849 2231 σοφίαν
2890 2156 3023 2233 ἡμῖν
3054 2163 3454 2234 χαρισάμενον,
3490 2164 3585 2217 καὶ
3631 2165 3763 2233 μεθ’

2167 2255 2330 2324 ἡμῶν
2387 2255 2505 2324 ἅμα
2560 2255 2783 2307 πάντων
2850 2255 2941 2307 τὸν
3006 2254 3148 2323 ὑπὲρ
3212 2255 3416 2308 σαυτοῦ
3471 2254 3764 2322 διενεγκὸν

2167 2348 2377 2414 ἀγῶνα,
2409 2349 2719 2417 ἀναφήναις
2744 2348 2843 2418 τὴν
2869 2347 3133 2417 ἀλήθειαν
3167 2346 3396 2411 ἅπασιν,
3427 2345 3523 2399 ἄτε
3553 2348 3629 2418 μὴ
3656 2348 3761 2417 τῆς

2166 2439 2427 2510 ἀληθείας
2449 2438 2510 2494 ὃν
2536 2440 2698 2508 μόνον
2726 2441 2818 2493 καὶ
2849 2439 3190 2509 καλούμενον
3226 2438 3472 2508 Πνεῦμα,
3503 2439 3638 2493 ἀλλά
3663 2442 3765 2495 καὶ

2166 2534 2350 2586 πᾶσαν
2401 2531 2537 2600 ἡμῖν
2588 2530 2686 2601 τὴν
2741 2530 3007 2601 ἀλήθειαν
3053 2531 3415 2599 ἀναγγέλλειν
3445 2530 3609 2602 ἔργον
3661 2550 3765 2585 πε-

2167 2621 2488 2691 ποιημένον,
2518 2621 2664 2675 κατὰ
2697 2621 2796 2692 τὴν
2825 2623 2927 2692 τῆς
2956 2619 3219 2691 ἀληθείας
3240 2621 3427 2691 φωνὴν
3448 2620 3547 2690 τὴν
3576 2620 3759 2692 ἀληθῆ

2165 2732 2228 2768 τε
2267 2715 2364 2768 καὶ
2407 2716 2877 2785 ἀπαράγραπτον.
2928 2715 2987 2766 'U
3026 2712 3225 2785 Θεὸςή
3272 2714 3466 2783 Τριὰς,
3503 2715 3535 2783 ὴ
3575 2714 3763 2769 πάντα

2170 2806 2275 2875 μὲν
2306 2807 2718 2876 παραγαγοῦσα
2745 2805 2927 2875 λόγοις
2959 2808 3244 2878 ἀρρήτοις,
3295 2808 3475 2859 πάντα
3503 2806 3560 2858 δὲ
3595 2807 3762 2860 συνέ-

2166 2916 2360 2968 χουσα,
2397 2900 2492 2951 καὶ
2534 2900 2941 2970 προνοουμένη,
2991 2899 3090 2951 καὶ
3139 2898 3486 2968 κυϐερνῶσα,
3538 2898 3630 2951 σὺν
3661 2899 3763 2952 ἄν·

2169 2992 2389 3062 θρωπος
2435 2991 2620 3063 ἔργον,
2661 2993 2799 3062 μετά
2827 2992 3006 3045 πάντα
3038 2991 3136 3059 μὲν
3174 2990 3304 3054 ἴσως
3341 2992 3407 3044 τὰ
3452 2990 3609 3053 ἄλλα,
3645 2993 3761 3060 πρὸ

2168 3086 2391 3139 πάντων
2415 3085 2472 3138 δὲ
2511 3087 2662 3156 ὅμως
2696 3084 2805 3139 τῶν
2836 3085 3137 3152 ὁρωμένων
3167 3083 3441 3152 ὑπάρξας,
3470 3082 3758 3154 ἐξαίρετον

475 3178 617 3228 bona
644 3192 708 3229 ac
730 3187 928 3246 praesto
953 3190 1165 3236 essent.
1214 3182 1355 3238 Huic
1405 3200 1549 3255 saepe
1585 3196 1642 3243 tu
1671 3191 1916 3258 quidem,
1949 3193 2061 3249 imo

2171 3176 2456 3232 καὶτοῦτο
2509 3174 2653 3246 σχὼν
2700 3176 2797 3229 καὶ
2844 3174 3129 3245 βασιλικὸν
3166 3171 3342 3244 οἶμαι,
3387 3176 3627 3245 ἑτοίμοις
3662 3176 3758 3229 καὶ

474 3283 606 3322 vero
661 3285 880 3339 semper
926 3285 993 3325 ne
1024 3271 1209 3328 desint
1237 3289 1358 3344 quae
1394 3275 1460 3330 ad
1489 3292 1691 3348 corpus
1714 3290 1967 3350 spectant
2000 3293 2057 3338 et

476 3370 804 3427 prmsentem
858 3362 1027 3415 vitam
1080 3371 1171 3416 tua
1235 3364 1576 3433 providentia
1621 3372 1930 3440 prospicis:
1961 3374 2057 3429 sed

477 3465 591 3503 non
630 3452 825 3507 minori
852 3453 1251 3522 gubernatione
1307 3459 1572 3522 consulis,
1612 3470 1671 3515 ut
1703 3462 1904 3519 habeat
1929 3480 2054 3535 quae

478 3545 545 3595 ad
607 3545 822 3599 statum‘
849 3546 1046 3601 animm
1099 3549 1402 3617 pertinent,
1445 3552 1654 3621 quibus
1712 3555 1804 3610 illa
1863 3558 2058 3613 melior

479 3635 571 3687 hat
605 3651 620 3685 ε
650 3636 805 3705 cujus
836 3637 1118 3707 proprium
1140 3640 1348 3695 bonum
1384 3652 1468 3697 est
1506 3644 1732 3711 veritas,
1768 3658 1823 3701 et
1854 3663 2058 3718 nequa-

393 3764 405 3771 .
475 3742 639 3794 quam
703 3727 1027 3783 halluciuari
1083 3730 1138 3784 in
1200 3731 1267 3787 iis
1302 3733 1355 3788 in
1396 3735 1598 3804 quibus
1637 3752 1850 3793 summa
1872 3757 2055 3796 rerum

474 3819 752 3882 consistit,
804 3813 1010 3891 quippe
1068 3839 1193 3880 cum
1253 3825 1307 3880 id
1364 3828 1439 3882 sit
1468 3829 1717 3885 omnium
1745 3847 1867 3901 qua:
1893 3833 2059 3891 hahe-

484 3928 606 3965 mus
636 3923 799 3984 atque
832 3918 1072 3976 habituri
1101 3938 1316 3992 sumus,
1376 3928 1649 3999 optimum
1684 3946 1749 3988 ac
1769 3932 2056 3991 divinissi-

484 4022 657 4061 mum.
709 4008 763 4062 ld
824 4027 970 4067 nunc
1020 4018 1186 4070 etiam
1214 4019 1373 4075 nobis
1403 4023 1667 4089 concede,
1700 4034 1756 4081 et
1791 4026 1973 4083 tribue
1999 4040 2058 4085 ut

482 4096 632 4150 iilam
670 4098 814 4153 inter
856 4118 958 4159 nos
987 4104 1311 4176 habeamus,
1340 4122 1395 4165 et
1420 4126 1829 4184 comparentem
1853 4120 2061 4189 ample-

482 4201 719 4246 etamur.
765 4193 1017 4263 Ignoscas
1045 4214 1175 4255 vero
1208 4201 1449 4270 interim,
1478 4206 1525 4263 si
1554 4222 1657 4276 qua
1696 4224 1762 4265 ex
1799 4220 1955 4280 parte
1977 4213 2058 4267 in-

481 4281 580 4334 viti
605 4282 924 4341 aberramus
955 4286 1023 4342 ab
1051 4305 1138 4355 ea,
1172 4300 1229 4346 et
1277 4297 1585 4362 przesertim
1637 4298 1735 4354 ubi
1762 4300 1831 4357 de
1866 4311 1918 4359 te
1941 4303 2059 4375 agi-

483 4382 595 4437 tur,
661 4374 754 4445 qui
808 4392 916 4431 non
976 4378 1139 4434 modo
1164 4380 1281 4451 ipse
1316 4387 1836 4459 pervestigationem
1863 4374 2060 4466 eﬂugis

481 4480 546 4519 ac
599 4470 1115 4535 perscrutatiouem,
1176 4473 1275 4528 sed
1337 4485 1393 4530 et
1444 4493 1510 4532 ex
1567 4481 1651 4536 lns
1676 4499 1800 4553 quae
1838 4488 2057 4549 creasti.

482 4556 770 4626 pleraque,
808 4575 930 4612 cum
962 4570 1144 4616 tamen
1180 4564 1333 4618 tenui
1370 4568 1604 4635 quadam
1647 4582 1811 4642 atque
1840 4576 2063 4631 umbra-

485 4644 565 4699 tili
607 4647 765 4716 plane
837 4651 1050 4705 ratione
1110 4653 1353 4707 divinam
1420 4666 1565 4712 tuam
1596 4661 1889 4731 imaginem
1919 4665 2062 4721 refe-

487 4744 634 4788 rant.
677 4736 893 4822 .Adnue
954 4742 1419 4809 supplicantibus,
1454 4757 1617 4819 teque
1645 4752 1805 4807 nobis
1835 4755 1934 4808 via:
1958 4756 2063 4809 dn-

482 4836 624 4887 ccm,
658 4840 779 4894 qua:
810 4825 958 4881 ducit
994 4830 1060 4882 ad
1100 4839 1149 4884 te
1176 4833 1352 4886 solum
1384 4851 1569 4890 verum
1608 4837 1797 4905 Deum,
1830 4857 2063 4912 sequen-

485 4913 630 4967 libus
689 4917 886 4984 pra-bc.
952 4917 1021 4971 Et
1076 4923 1535 4989 quemadmodum
1592 4927 1707 4998 ipse
1742 4932 2060 5004 eumhypo—

483 5003 722 5059 stasibns
774 5005 891 5060 sive
955 5011 1205 5078 personis
1247 5013 1348 5068 tria
1390 5016 1484 5081 sis,
1542 5034 1706 5075 unam
1732 5032 1789 5077 et
1809 5003 2056 5080 eamdem

482 5099 657 5153 habes
684 5099 1045 5156 substantiam
1084 5114 1138 5159 et
1160 5115 1432 5172 naturam,
1474 5124 1829 5179 personarum
1866 5132 2059 5172 nume-

480 5198 544 5245 ro
613 5191 748 5246 nihil
808 5192 1063 5249 obstante
1118 5196 1249 5251 huic
1303 5198 1615 5268 identitati;
1667 5203 1739 5257 ita
1805 5220 1925 5268 nos,
1956 5211 2058 5263 etsi

481 5282 637 5336 multi
702 5282 1156 5356 diversarumque
1211 5288 1496 5344 nationum
1554 5293 1750 5359 simus,
1778 5297 1890 5363 jam
1928 5312 2061 5353 vero

483 5373 899 5428 subseminante
948 5373 1195 5444 inimico,
1222 5375 1454 5434 diversa:
1482 5382 1669 5446 etiam,
1702 5385 1837 5453 proh
1870 5386 2057 5442 dolori

479 5465 757 5534 Opinionis
779 5477 833 5523 et
876 5467 1022 5532 ﬁdei,
1055 5470 1373 5527 diversitate
1401 5472 1503 5529 hac
1537 5475 1772 5543 sublata,
1797 5492 1965 5532 unum
2004 5490 2062 5534 ut

482 5555 659 5611 sitnns
715 5569 877 5629 atque
927 5558 1069 5615 idem
1131 5577 1327 5618 omnes
1367 5565 1541 5630 eﬂice,
1575 5566 1720 5623 idem
1750 5570 2060 5636 credentes,

485 5645 559 5701 ἰὼ
585 5666 634 5703 ιιι
690 5652 757 5704 de
803 5662 854 5705 te
880 5654 1208 5723 opinantes;
1240 5656 1491 5731 nihilque
1530 5662 1712 5717 obstet
1763 5662 2062 5732 quominus

485 5754 655 5793 unum
688 5742 882 5807 simus,
915 5746 1171 5819 idemque
1196 5750 1263 5804 de
1297 5762 1347 5807 te
1384 5752 1710 5821 sentiamus,
1742 5770 1849 5808 non
1879 5753 2062 5809 diver-

485 5830 621 5886 sitas
674 5838 912 5902 generis,
964 5854 1070 5896 non
1122 5858 1388 5900 numerus
1438 5856 1493 5901 et
1534 5847 1841 5913 frequentia
1880 5848 2060 5907 homi-
2103 5834 2111 5843 ’

489 5937 645 5978 num.

2168 3269 2564 3338 προκειμένοις
2613 3270 2727 3333 τοῖς
2778 3268 3005 3336 ἀγαθοῖς
3056 3269 3326 3322 εἰσελθεῖν
3360 3271 3441 3333 είς
3475 3272 3567 3321 τὸν
3609 3269 3754 3339 βίον.
3794 3325 3798 3329 ,

2161 3360 2368 3414 Τούτου
2404 3361 2670 3425 πολλάκις
2702 3362 2801 3431 μὲν
2832 3360 2864 3433 ἢ
2906 3361 3111 3432 μᾶλλον
3137 3362 3226 3416 ἀεὶ
3255 3364 3325 3416 τά
3361 3366 3655 3433 σωματικά
3683 3365 3750 3436 δὴ
3790 3420 3800 3428 ς

2161 3452 2339 3507 ταῦτα
2396 3454 2494 3506 καὶ
2527 3454 2880 3507 συντείνοντα
2934 3456 3000 3524 τῇ
3060 3454 3314 3524 παρούσῃ
3354 3455 3468 3525 ζωῇ
3518 3458 3751 3526 προνοῇ,

2159 3545 2257 3615 οὐχ
2289 3539 2456 3615 ἦττον
2508 3545 2566 3600 δὲ
2607 3544 2704 3598 καὶ
2755 3544 2858 3599 ὅσα
2909 3547 2991 3608 είς
3026 3546 3128 3617 τὴν
3178 3545 3360 3616 ψυχῆς
3399 3546 3749 3601 κατάστασιν

2160 3638 2345 3708 ἀφορᾷ
2371 3636 2467 3690 καὶ
2524 3636 2814 3708 βελτίωσιν
2835 3654 2851 3670 θ
2884 3631 2952 3712 ἧς
2996 3638 3130 3692 ἴδιον
3164 3638 3372 3707 ἀγαθὸν
3403 3639 3436 3710 ἡ
3492 3638 3746 3708 ἀλήθεια,

2162 3731 2258 3783 καὶ
2292 3729 2354 3784 τὸ
2387 3729 2462 3801 μὴ
2496 3729 2804 3784 πλανᾶσθαι
2838 3729 2972 3801 περὶ
3005 3729 3074 3783 τά
3105 3729 3321 3800 καίρια,
3368 3731 3441 3794 ὡς
3470 3731 3632 3785 τοῦτο
3661 3733 3746 3799 ὃν,

2162 3816 2238 3878 ὧν
2281 3822 2480 3893 ἔχομέν
2528 3840 2588 3877 τε
2638 3826 2731 3877 καὶ
2770 3822 2990 3894 ἕξομεν,
3032 3825 3093 3878 τὸ
3137 3825 3365 3895 ἄριστον
3399 3828 3497 3879 καὶ
3535 3826 3751 3880 θειότα-

2162 3932 2279 3971 τον.
2323 3914 2497 3969 Τοῦτο
2522 3915 2587 3987 δὴ
2624 3917 2720 3971 καὶ
2747 3915 2843 3970 νῦν
2872 3918 3005 3987 ἡμῖν
3036 3917 3473 3988 πρυτανεύσαις,
3503 3918 3746 3989 χορηγή-

2165 4026 2263 4074 σας
2314 4007 2560 4063 συνεῖναί
2608 4025 2668 4064 τε
2700 4010 2895 4081 αὐτὴν,
2946 4009 3041 4063 καὶ
3083 4001 3458 4080 ἀναφανεῖσαν
3489 4013 3750 4067 ἀσπάσα-

2163 4102 2310 4168 σθαι,
2355 4102 2622 4170 συγγνοὺς
2650 4100 2773 4170 μὲν,
2810 4101 2864 4154 εῖ
2914 4118 2968 4156 τι
3001 4102 3170 4173 αὐτῆς
3207 4103 3597 4175 ἁμαρτάνομεν
3650 4106 3750 4176 οὐχ

2164 4191 2406 4257 ἑκόντες,
2439 4194 2536 4246 καὶ
2586 4192 2829 4263 μάλιστα
2864 4196 2923 4247 έν
2956 4198 3071 4258 τοῖς
3111 4199 3242 4265 περὶ
3288 4196 3491 4251 σαυτοῦ
3541 4197 3748 4266 λόγοις,

2162 4283 2222 4349 ὃς
2248 4285 2349 4338 οὐκ
2381 4284 2543 4349 αὐτὸς
2574 4286 2740 4357 μόνον
2771 4283 3185 4357 ἀνεξιχνίαστός
3226 4305 3287 4341 τε
3321 4290 3414 4341 καὶ
3447 4290 3744 4361 ἀνεξερεύ-

2134 4393 2324 4455 ,νητος
2363 4377 2656 4448 ὑπάρχεις,
2695 4377 2832 4431 ἀλλά
2866 4379 2965 4433 καὶ
2998 4379 3108 4432 τῶν
3154 4381 3262 4434 σῶν
3317 4381 3749 4453 δημιουργημά-

2165 4486 2276 4522 των
2305 4469 2515 4525 τούτων
2545 4470 2616 4523 τά
2661 4470 2911 4538 πλείονα,
2970 4472 3147 4526 καίτοι
3197 4474 3419 4544 ἀμυδρά
3469 4475 3599 4528 ὄντα
3652 4476 3751 4545 τῆς

2173 4562 2275 4630 σῆς
2315 4562 2470 4624 θείας
2519 4562 2733 4625 εἰκόνος
2787 4564 3158 4635 ἀπηχήματα,
3217 4566 3311 4617 καὶ
3342 4559 3457 4617 οἷον
3511 4565 3663 4618 σκιαί
3690 4581 3749 4618 τε

2170 4657 2267 4708 καὶ
2299 4654 2495 4708 εἴδωλα
2521 4671 2535 4686 ·
2588 4655 2905 4720 ὲπινεύσαις
2941 4658 2999 4711 δὲ
3054 4658 3360 4727 δεομένοις,
3404 4661 3500 4712 καὶ
3539 4660 3640 4730 τῆς
3670 4662 3752 4723 είς

2175 4746 2234 4799 σὲ
2268 4748 2546 4818 φερούσης
2601 4751 2695 4802 τὸν
2732 4751 2894 4820 μόνον
2947 4751 3209 4820 ἀληθινὸν
3262 4752 3397 4806 Θεὸν
3446 4752 3750 4824 ἡγούμενος

2170 4841 2484 4910 ἑπομένοις.
2513 4842 2620 4894 Καὶ
2647 4841 2838 4913 ὥσπερ
2871 4844 3036 4907 αὐτὸς
3069 4846 3200 4915 τρία
3236 4848 3354 4908 ταῖς
3388 4846 3752 4899 ὑποστάσεσιν

2169 4930 2244 4984 ὢν
2272 4931 2383 4983 εῖτε
2421 4932 2759 5001 προσώποις,
2794 4935 2924 5004 μίαν
2965 4936 3060 4989 καὶ
3088 4936 3191 5007 τὴν
3227 4937 3398 5008 αὐτὴν
3431 4935 3626 5000 σώζεις
3661 4938 3749 4990 οὓς

2168 5026 2291 5076 σίαν
2320 5025 2415 5076 καὶ
2468 5025 2633 5093 φύσιν
2665 5068 2681 5092 ,
2733 5026 2889 5081 οὐδὲν
2920 5031 2987 5099 τῇ
3036 5033 3328 5100 ταυτότητι
3374 5029 3549 5102 ταύτῃ
3584 5047 3753 5101 προσ-

2167 5117 2456 5185 ισταμένου
2483 5117 2577 5171 τοῦ
2607 5119 2842 5189 ἀριθμοῦ
2871 5121 2978 5174 τῶν
3009 5123 3345 5192 προςώπων,
3375 5123 3548 5186 οὕτως
3573 5125 3747 5192 ἡμᾶς,

2171 5212 2404 5274 πολλοὺς
2447 5213 2547 5281 μὲν
2578 5212 2739 5277 ὄντας
2769 5216 2863 5268 καὶ
2896 5214 3173 5285 διαφόρων
3200 5221 3399 5286 γενῶν,
3430 5222 3532 5290 ἤδη
3565 5220 3623 5274 δὲ
3651 5218 3745 5272 τοῦ

2170 5303 2371 5373 ἐχθροῦ
2431 5305 2895 5375 ὑποσπείραντος,
2951 5310 3134 5378 οίμοιί
3171 5315 3265 5364 καὶ
3295 5311 3457 5378 δόξης
3509 5312 3607 5365 κοιλ⁵
3654 5312 3746 5366 πί-

2173 5412 2371 5462 στεως,
2406 5398 2616 5468 ταύτην
2650 5398 2750 5470 μὲν
2785 5400 2997 5464 ἀνέλοις
3030 5401 3128 5471 τὴν
3154 5404 3446 5473 διαφορὰν,
3480 5403 3538 5455 ἓν
3566 5403 3623 5457 δὲ
3655 5404 3749 5457 καὶ

2168 5489 2369 5541 ταοτὶν
2404 5490 2699 5558 ἐσομένους
2741 5491 3051 5557 ἀποδείξαις
3081 5494 3147 5562 τῇ
3184 5494 3373 5546 πίστει
3403 5496 3496 5549 καὶ
3523 5498 3591 5566 τῇ
3621 5495 3749 5568 δόξῃ

2170 5580 2234 5648 τῇ
2286 5580 2414 5647 περὶ
2443 5579 2561 5645 σοῦ,
2604 5580 2821 5644 οὐδενὸς
2874 5581 3013 5651 πρὸς
3043 5580 3104 5635 τὸ
3150 5580 3210 5637 ἓν
3254 5578 3394 5637 εἶναι
3444 5584 3540 5636 καὶ
3572 5585 3749 5637 ταυτά

2171 5674 2391 5740 φρονεῖν
2424 5673 2551 5743 περὶ
2585 5672 2677 5726 σοῦ
2720 5676 3182 5746 προσισταμένου,
3214 5676 3276 5730 οὐ
3307 5676 3410 5746 τῆς
3434 5677 3544 5730 τῶν
3572 5675 3747 5742 γενῶν

2171 5762 2514 5830 ἑτερότητος,
2548 5764 2610 5817 οὐ
2643 5764 2736 5820 τοῦ
2788 5765 2896 5820 τῶν
2939 5766 3209 5837 σωμάτων
3261 5767 3501 5838 ἀριθμοῦ
3553 5785 3610 5821 τε
3652 5767 3747 5829 καὶ
3797 5802 3802 5806 -

2171 5852 2375 5924 ﬁatﬁat)
2385 5872 2427 5917 ;.

3998 364 4056 625 ἕ

3760 4952 4056 5047 ,ἐ

3757 5047 4056 5215 υ
