  <div class='ocr_page' id='page_1' title='image "/cluster/home/n/w/nwhite01/storage/ocr_20150623/161/coo.31924054870666/358.png"; bbox 0 0 4086 6400; ppageno 0'>
   <div class='ocr_carea' id='block_1_1' title="bbox 330 411 427 472">
    <p class='ocr_par' dir='ltr' id='par_1_1' title="bbox 330 411 427 472">
     <span class='ocr_line' id='line_1_1' title="bbox 330 411 427 472; baseline 0 0"><span class='ocrx_word' id='word_1_1' title='bbox 330 411 427 472; x_wconf 71' lang='grc' dir='ltr'><strong>ειτΠ</strong></span> 
     </span>
    </p>
   </div>
   <div class='ocr_carea' id='block_1_2' title="bbox 1399 399 2514 462">
    <p class='ocr_par' dir='ltr' id='par_1_2' title="bbox 1399 399 2514 462">
     <span class='ocr_line' id='line_1_2' title="bbox 1399 399 2514 462; baseline 0.004 -4"><span class='ocrx_word' id='word_1_2' title='bbox 1399 399 1688 460; x_wconf 77' lang='lat' dir='ltr'><strong>ORATIO</strong></span> <span class='ocrx_word' id='word_1_3' title='bbox 1735 399 2146 460; x_wconf 62' lang='lat' dir='ltr'><strong>FERIHEHE</strong></span> <span class='ocrx_word' id='word_1_4' title='bbox 2213 401 2514 462; x_wconf 72' lang='lat' dir='ltr'><strong>Ii.\ill&#39;l‘.\.</strong></span> 
     </span>
    </p>
   </div>
   <div class='ocr_carea' id='block_1_3' title="bbox 3495 404 3601 465">
    <p class='ocr_par' dir='ltr' id='par_1_3' title="bbox 3495 404 3601 465">
     <span class='ocr_line' id='line_1_3' title="bbox 3495 404 3601 465; baseline -0.038 0"><span class='ocrx_word' id='word_1_5' title='bbox 3495 404 3601 465; x_wconf 67' lang='lat'><strong>533</strong></span> 
     </span>
    </p>
   </div>
   <div class='ocr_carea' id='block_1_4' title="bbox 407 507 1903 588">
    <p class='ocr_par' dir='ltr' id='par_1_4' title="bbox 407 509 1903 582">
     <span class='ocr_line' id='line_1_4' title="bbox 407 509 1903 582; baseline -0.005 -12"><span class='ocrx_word' id='word_1_6' title='bbox 407 517 572 571; x_wconf 77' lang='grc' dir='ltr'>Ἀλλὰ</span> <span class='ocrx_word' id='word_1_7' title='bbox 613 514 787 568; x_wconf 81' lang='grc' dir='ltr'>ταῦτα</span> <span class='ocrx_word' id='word_1_8' title='bbox 823 512 922 582; x_wconf 81' lang='grc' dir='ltr'>μὲν</span> <span class='ocrx_word' id='word_1_9' title='bbox 955 513 1088 580; x_wconf 78' lang='grc' dir='ltr'>ἡμῖν</span> <span class='ocrx_word' id='word_1_10' title='bbox 1121 509 1330 581; x_wconf 76' lang='grc' dir='ltr'>ηὕχθω.</span> <span class='ocrx_word' id='word_1_11' title='bbox 1370 510 1560 578; x_wconf 81' lang='grc' dir='ltr'><strong>Ὑμεῖς</strong></span> <span class='ocrx_word' id='word_1_12' title='bbox 1587 511 1640 562; x_wconf 68' lang='grc' dir='ltr'>δὲ</span> <span class='ocrx_word' id='word_1_13' title='bbox 1673 510 1726 562; x_wconf 89' lang='grc' dir='ltr'><strong>τί</strong></span> <span class='ocrx_word' id='word_1_14' title='bbox 1757 527 1903 578; x_wconf 73' lang='grc' dir='ltr'>φατε,</span> 
     </span>
    </p>
   </div>
   <div class='ocr_carea' id='block_1_5' title="bbox 2007 507 3602 588">
    <p class='ocr_par' dir='ltr' id='par_1_5' title="bbox 2093 507 3602 588">
     <span class='ocr_line' id='line_1_5' title="bbox 2093 507 3602 588; baseline 0.008 -28"><span class='ocrx_word' id='word_1_15' title='bbox 2093 507 2196 562; x_wconf 88' lang='lat' dir='ltr'><strong>Sed</strong></span> <span class='ocrx_word' id='word_1_16' title='bbox 2223 509 2490 566; x_wconf 74' lang='lat' dir='ltr'><strong>hactenus</strong></span> <span class='ocrx_word' id='word_1_17' title='bbox 2515 525 2727 580; x_wconf 83' lang='lat' dir='ltr'><strong>preces.</strong></span> <span class='ocrx_word' id='word_1_18' title='bbox 2761 511 2868 567; x_wconf 72' lang='lat' dir='ltr'><strong>Vos</strong></span> <span class='ocrx_word' id='word_1_19' title='bbox 2901 521 3086 568; x_wconf 87' lang='lat' dir='ltr'><strong>autem</strong></span> <span class='ocrx_word' id='word_1_20' title='bbox 3117 515 3247 584; x_wconf 83' lang='lat' dir='ltr'><strong>quid</strong></span> <span class='ocrx_word' id='word_1_21' title='bbox 3281 515 3602 588; x_wconf 77' lang='lat' dir='ltr'><strong>dicitis,qui</strong></span> 
     </span>
    </p>
   </div>
   <div class='ocr_carea' id='block_1_6' title="bbox 321 601 1905 680">
    <p class='ocr_par' dir='ltr' id='par_1_6' title="bbox 321 601 1905 680">
     <span class='ocr_line' id='line_1_6' title="bbox 321 601 1905 680; baseline -0.007 -17"><span class='ocrx_word' id='word_1_22' title='bbox 321 615 371 664; x_wconf 87' lang='grc' dir='ltr'>οἱ</span> <span class='ocrx_word' id='word_1_23' title='bbox 400 611 498 680; x_wconf 80' lang='grc' dir='ltr'>τὴν</span> <span class='ocrx_word' id='word_1_24' title='bbox 537 609 690 678; x_wconf 71' lang='grc' dir='ltr'>ἱερὰν</span> <span class='ocrx_word' id='word_1_25' title='bbox 717 605 924 676; x_wconf 86' lang='grc' dir='ltr'>ταύτην</span> <span class='ocrx_word' id='word_1_26' title='bbox 959 603 1183 656; x_wconf 76' lang='grc' dir='ltr'><strong>σύνοδον</strong></span> <span class='ocrx_word' id='word_1_27' title='bbox 1220 601 1676 672; x_wconf 74' lang='grc' dir='ltr'>συγκροτοῦντετ,</span> <span class='ocrx_word' id='word_1_28' title='bbox 1719 605 1766 653; x_wconf 85' lang='grc' dir='ltr'>οἱ</span> <span class='ocrx_word' id='word_1_29' title='bbox 1811 601 1905 654; x_wconf 80' lang='grc' dir='ltr'><strong>τοῦ</strong></span> 
     </span>
    </p>
   </div>
   <div class='ocr_carea' id='block_1_7' title="bbox 323 691 1904 767">
    <p class='ocr_par' dir='ltr' id='par_1_7' title="bbox 323 691 1904 767">
     <span class='ocr_line' id='line_1_7' title="bbox 323 691 1904 767; baseline -0.007 -15"><span class='ocrx_word' id='word_1_30' title='bbox 323 699 650 767; x_wconf 74' lang='grc' dir='ltr'>πράγματος</span> <span class='ocrx_word' id='word_1_31' title='bbox 689 695 988 764; x_wconf 73' lang='grc' dir='ltr'><strong>ἡγεμόνες,</strong></span> <span class='ocrx_word' id='word_1_32' title='bbox 1037 694 1087 744; x_wconf 87' lang='grc' dir='ltr'>οἱ</span> <span class='ocrx_word' id='word_1_33' title='bbox 1125 693 1297 745; x_wconf 69' lang='grc' dir='ltr'>πολλὰ</span> <span class='ocrx_word' id='word_1_34' title='bbox 1355 693 1457 762; x_wconf 78' lang='grc' dir='ltr'>μὲν</span> <span class='ocrx_word' id='word_1_35' title='bbox 1509 691 1904 759; x_wconf 70' lang='grc' dir='ltr'>ἠγωνισμένοι,</span> 
     </span>
    </p>
   </div>
   <div class='ocr_carea' id='block_1_8' title="bbox 325 782 1906 852">
    <p class='ocr_par' dir='ltr' id='par_1_8' title="bbox 325 782 1906 852">
     <span class='ocr_line' id='line_1_8' title="bbox 325 782 1906 852; baseline -0.006 -10"><span class='ocrx_word' id='word_1_36' title='bbox 325 789 499 842; x_wconf 74' lang='grc' dir='ltr'>πολλὰ</span> <span class='ocrx_word' id='word_1_37' title='bbox 533 788 590 840; x_wconf 82' lang='grc' dir='ltr'>δὲ</span> <span class='ocrx_word' id='word_1_38' title='bbox 624 789 722 838; x_wconf 74' lang='grc' dir='ltr'>καὶ</span> <span class='ocrx_word' id='word_1_39' title='bbox 753 785 1022 848; x_wconf 85' lang='grc' dir='ltr'>πολλάκις</span> <span class='ocrx_word' id='word_1_40' title='bbox 1075 783 1365 852; x_wconf 81' lang='grc' dir='ltr'>εὐξάμενοι</span> <span class='ocrx_word' id='word_1_41' title='bbox 1403 783 1608 852; x_wconf 83' lang='grc' dir='ltr'>ταύτην</span> <span class='ocrx_word' id='word_1_42' title='bbox 1645 782 1772 834; x_wconf 79' lang='grc' dir='ltr'>ἰδεῖν</span> <span class='ocrx_word' id='word_1_43' title='bbox 1808 782 1906 851; x_wconf 81' lang='grc' dir='ltr'>τὴν</span> 
     </span>
    </p>
   </div>
   <div class='ocr_carea' id='block_1_9' title="bbox 322 877 1908 951">
    <p class='ocr_par' dir='ltr' id='par_1_9' title="bbox 322 877 1908 951">
     <span class='ocr_line' id='line_1_9' title="bbox 322 877 1908 951; baseline -0.004 -17"><span class='ocrx_word' id='word_1_44' title='bbox 322 883 556 951; x_wconf 76' lang='grc' dir='ltr'>ἡμέραν,</span> <span class='ocrx_word' id='word_1_45' title='bbox 589 883 664 943; x_wconf 84' lang='grc' dir='ltr'><strong>ὡς</strong></span> <span class='ocrx_word' id='word_1_46' title='bbox 690 879 794 950; x_wconf 73' lang='grc' dir='ltr'>ἤδη</span> <span class='ocrx_word' id='word_1_47' title='bbox 815 879 911 930; x_wconf 72' lang='grc' dir='ltr'>καὶ</span> <span class='ocrx_word' id='word_1_48' title='bbox 931 877 1039 930; x_wconf 84' lang='grc' dir='ltr'>τῶν</span> <span class='ocrx_word' id='word_1_49' title='bbox 1067 877 1376 945; x_wconf 72' lang='grc' dir='ltr'><strong>μελλόντων</strong></span> <span class='ocrx_word' id='word_1_50' title='bbox 1397 878 1668 946; x_wconf 60' lang='grc' dir='ltr'>ὲσυμέντγι</span> <span class='ocrx_word' id='word_1_51' title='bbox 1695 877 1908 944; x_wconf 81' lang='grc' dir='ltr'>προάγ-</span> 
     </span>
    </p>
   </div>
   <div class='ocr_carea' id='block_1_10' title="bbox 321 968 1905 1041">
    <p class='ocr_par' dir='ltr' id='par_1_10' title="bbox 321 968 1905 1041">
     <span class='ocr_line' id='line_1_10' title="bbox 321 968 1905 1041; baseline -0.004 -16"><span class='ocrx_word' id='word_1_52' title='bbox 321 978 480 1041; x_wconf 82' lang='grc' dir='ltr'>γελον</span> <span class='ocrx_word' id='word_1_53' title='bbox 511 1013 528 1036; x_wconf 91' lang='grc'><strong>,</strong></span> <span class='ocrx_word' id='word_1_54' title='bbox 561 972 662 1040; x_wconf 76' lang='grc' dir='ltr'>τὴν</span> <span class='ocrx_word' id='word_1_55' title='bbox 709 971 881 1039; x_wconf 76' lang='grc' dir='ltr'>αὐτὴν</span> <span class='ocrx_word' id='word_1_56' title='bbox 913 971 1006 1021; x_wconf 62' lang='grc' dir='ltr'>καὶ</span> <span class='ocrx_word' id='word_1_57' title='bbox 1043 969 1217 1037; x_wconf 74' lang='grc' dir='ltr'>ἀρχὴν</span> <span class='ocrx_word' id='word_1_58' title='bbox 1249 968 1360 1020; x_wconf 83' lang='grc' dir='ltr'><strong>τῶν</strong></span> <span class='ocrx_word' id='word_1_59' title='bbox 1393 968 1758 1037; x_wconf 70' lang='grc' dir='ltr'><strong>πραγμάτων,</strong></span> <span class='ocrx_word' id='word_1_60' title='bbox 1808 971 1905 1020; x_wconf 74' lang='grc' dir='ltr'>καὶ</span> 
     </span>
    </p>
   </div>
   <div class='ocr_carea' id='block_1_11' title="bbox 319 1059 1901 1133">
    <p class='ocr_par' dir='ltr' id='par_1_11' title="bbox 319 1059 1901 1133">
     <span class='ocr_line' id='line_1_11' title="bbox 319 1059 1901 1133; baseline -0.004 -14"><span class='ocrx_word' id='word_1_61' title='bbox 319 1067 414 1120; x_wconf 82' lang='grc' dir='ltr'><strong>τοῦ</strong></span> <span class='ocrx_word' id='word_1_62' title='bbox 458 1065 648 1127; x_wconf 80' lang='grc' dir='ltr'><strong>τέλους</strong></span> <span class='ocrx_word' id='word_1_63' title='bbox 699 1065 925 1133; x_wconf 72' lang='grc' dir='ltr'>κήρυκα</span> <span class='ocrx_word' id='word_1_64' title='bbox 983 1060 1347 1128; x_wconf 80' lang='grc' dir='ltr'>διαπρύσιον;</span> <span class='ocrx_word' id='word_1_65' title='bbox 1385 1060 1480 1122; x_wconf 89' lang='grc' dir='ltr'>Τίς</span> <span class='ocrx_word' id='word_1_66' title='bbox 1525 1059 1690 1124; x_wconf 80' lang='grc' dir='ltr'>ἀξίως</span> <span class='ocrx_word' id='word_1_67' title='bbox 1754 1060 1901 1128; x_wconf 78' lang='grc' dir='ltr'>ὑμᾶς</span> 
     </span>
    </p>
   </div>
   <div class='ocr_carea' id='block_1_12' title="bbox 323 1153 1900 1228">
    <p class='ocr_par' dir='ltr' id='par_1_12' title="bbox 323 1153 1900 1228">
     <span class='ocr_line' id='line_1_12' title="bbox 323 1153 1900 1228; baseline -0.003 -17"><span class='ocrx_word' id='word_1_68' title='bbox 323 1157 624 1228; x_wconf 74' lang='grc' dir='ltr'>μακαρίσω</span> <span class='ocrx_word' id='word_1_69' title='bbox 659 1175 672 1222; x_wconf 92' lang='grc'><strong>;</strong></span> <span class='ocrx_word' id='word_1_70' title='bbox 705 1157 786 1218; x_wconf 79' lang='grc' dir='ltr'><strong>τίς</strong></span> <span class='ocrx_word' id='word_1_71' title='bbox 813 1156 858 1208; x_wconf 85' lang='grc' dir='ltr'>δ’</span> <span class='ocrx_word' id='word_1_72' title='bbox 895 1155 1212 1223; x_wconf 61' lang='grc' dir='ltr'>εὐφημῆεοι</span> <span class='ocrx_word' id='word_1_73' title='bbox 1243 1154 1495 1218; x_wconf 84' lang='grc' dir='ltr'>δεόντως,</span> <span class='ocrx_word' id='word_1_74' title='bbox 1529 1154 1628 1222; x_wconf 68' lang='grc' dir='ltr'>ἥδη</span> <span class='ocrx_word' id='word_1_75' title='bbox 1658 1153 1764 1206; x_wconf 79' lang='grc' dir='ltr'>τῶν</span> <span class='ocrx_word' id='word_1_76' title='bbox 1805 1155 1900 1207; x_wconf 86' lang='grc' dir='ltr'>πό-</span> 
     </span>
    </p>
   </div>
   <div class='ocr_carea' id='block_1_13' title="bbox 319 1245 1896 1318">
    <p class='ocr_par' dir='ltr' id='par_1_13' title="bbox 319 1245 1896 1318">
     <span class='ocr_line' id='line_1_13' title="bbox 319 1245 1896 1318; baseline -0.004 -16"><span class='ocrx_word' id='word_1_77' title='bbox 319 1269 424 1302; x_wconf 87' lang='grc' dir='ltr'><strong>νων</strong></span> <span class='ocrx_word' id='word_1_78' title='bbox 475 1251 630 1318; x_wconf 83' lang='grc' dir='ltr'>ὑμῶν</span> <span class='ocrx_word' id='word_1_79' title='bbox 693 1249 940 1316; x_wconf 77' lang='grc' dir='ltr'>ὁρῶντας</span> <span class='ocrx_word' id='word_1_80' title='bbox 989 1249 1113 1308; x_wconf 76' lang='grc' dir='ltr'>τοὺς</span> <span class='ocrx_word' id='word_1_81' title='bbox 1170 1247 1419 1316; x_wconf 70' lang='grc' dir='ltr'>καρποὺς</span> <span class='ocrx_word' id='word_1_82' title='bbox 1454 1245 1896 1312; x_wconf 81' lang='grc' dir='ltr'>άναθάλλοντας;</span> 
     </span>
    </p>
   </div>
   <div class='ocr_carea' id='block_1_14' title="bbox 317 1337 1896 1408">
    <p class='ocr_par' dir='ltr' id='par_1_14' title="bbox 317 1337 1896 1408">
     <span class='ocr_line' id='line_1_14' title="bbox 317 1337 1896 1408; baseline -0.002 -16"><span class='ocrx_word' id='word_1_83' title='bbox 317 1339 724 1408; x_wconf 81' lang='grc' dir='ltr'>Μακαριώτατε</span> <span class='ocrx_word' id='word_1_84' title='bbox 783 1338 984 1406; x_wconf 83' lang='grc' dir='ltr'><strong>Πάτερ,</strong></span> <span class='ocrx_word' id='word_1_85' title='bbox 1047 1337 1142 1390; x_wconf 85' lang='grc' dir='ltr'><strong>νῦν</strong></span> <span class='ocrx_word' id='word_1_86' title='bbox 1179 1337 1348 1398; x_wconf 74' lang='grc' dir='ltr'>ὅντως</span> <span class='ocrx_word' id='word_1_87' title='bbox 1401 1337 1670 1405; x_wconf 73' lang='grc' dir='ltr'>ὑπάρχεις</span> <span class='ocrx_word' id='word_1_88' title='bbox 1714 1339 1896 1404; x_wconf 83' lang='grc' dir='ltr'>μακά-</span> 
     </span>
    </p>
   </div>
   <div class='ocr_carea' id='block_1_15' title="bbox 319 1429 1898 1501">
    <p class='ocr_par' dir='ltr' id='par_1_15' title="bbox 319 1429 1898 1501">
     <span class='ocr_line' id='line_1_15' title="bbox 319 1429 1898 1501; baseline 0.001 -19"><span class='ocrx_word' id='word_1_89' title='bbox 319 1447 457 1501; x_wconf 80' lang='grc' dir='ltr'>ριος,</span> <span class='ocrx_word' id='word_1_90' title='bbox 491 1433 584 1484; x_wconf 71' lang='grc' dir='ltr'>καὶ</span> <span class='ocrx_word' id='word_1_91' title='bbox 611 1431 690 1484; x_wconf 77' lang='grc' dir='ltr'>ἔτι</span> <span class='ocrx_word' id='word_1_92' title='bbox 743 1430 946 1499; x_wconf 75' lang='grc' dir='ltr'>μᾶλλον</span> <span class='ocrx_word' id='word_1_93' title='bbox 976 1429 1100 1499; x_wconf 75' lang='grc' dir='ltr'>ἔσῃ,</span> <span class='ocrx_word' id='word_1_94' title='bbox 1147 1429 1375 1482; x_wconf 77' lang='grc' dir='ltr'>ἐπειδάν</span> <span class='ocrx_word' id='word_1_95' title='bbox 1423 1429 1559 1480; x_wconf 85' lang='grc' dir='ltr'>Θεοῦ</span> <span class='ocrx_word' id='word_1_96' title='bbox 1589 1431 1898 1497; x_wconf 74' lang='grc' dir='ltr'>ἡγουμένου</span> 
     </span>
    </p>
   </div>
   <div class='ocr_carea' id='block_1_16' title="bbox 316 1515 1898 1590">
    <p class='ocr_par' dir='ltr' id='par_1_16' title="bbox 316 1515 1898 1590">
     <span class='ocr_line' id='line_1_16' title="bbox 316 1515 1898 1590; baseline -0.001 -16"><span class='ocrx_word' id='word_1_97' title='bbox 316 1527 396 1584; x_wconf 82' lang='grc' dir='ltr'>εἰς</span> <span class='ocrx_word' id='word_1_98' title='bbox 431 1524 586 1586; x_wconf 80' lang='grc' dir='ltr'>τέλος</span> <span class='ocrx_word' id='word_1_99' title='bbox 635 1523 1098 1590; x_wconf 83' lang='grc' dir='ltr'>καταντήσωμεν,</span> <span class='ocrx_word' id='word_1_100' title='bbox 1135 1515 1190 1571; x_wconf 75' lang='grc' dir='ltr'>οἵ</span> <span class='ocrx_word' id='word_1_101' title='bbox 1231 1519 1297 1572; x_wconf 77' lang='grc' dir='ltr'>ἂν</span> <span class='ocrx_word' id='word_1_102' title='bbox 1337 1521 1547 1580; x_wconf 78' lang='grc' dir='ltr'>ἐκεῖνος</span> <span class='ocrx_word' id='word_1_103' title='bbox 1597 1521 1730 1588; x_wconf 69' lang='grc' dir='ltr'>ἡμῖν</span> <span class='ocrx_word' id='word_1_104' title='bbox 1760 1520 1898 1588; x_wconf 75' lang='grc' dir='ltr'><strong>ἡγή-</strong></span> 
     </span>
    </p>
   </div>
   <div class='ocr_carea' id='block_1_17' title="bbox 319 1609 1900 1683">
    <p class='ocr_par' dir='ltr' id='par_1_17' title="bbox 319 1609 1900 1683">
     <span class='ocr_line' id='line_1_17' title="bbox 319 1609 1900 1683; baseline -0.003 -15"><span class='ocrx_word' id='word_1_105' title='bbox 319 1633 498 1672; x_wconf 71' lang='grc' dir='ltr'>σαιτο.</span> <span class='ocrx_word' id='word_1_106' title='bbox 519 1615 701 1669; x_wconf 58' lang='lat' dir='ltr'><strong>llo-1:2</strong></span> <span class='ocrx_word' id='word_1_107' title='bbox 731 1631 814 1667; x_wconf 86' lang='grc' dir='ltr'><strong>σοι</strong></span> <span class='ocrx_word' id='word_1_108' title='bbox 843 1616 992 1683; x_wconf 85' lang='grc' dir='ltr'>παρὰ</span> <span class='ocrx_word' id='word_1_109' title='bbox 1013 1612 1150 1666; x_wconf 79' lang='grc' dir='ltr'>Θεοῦ</span> <span class='ocrx_word' id='word_1_110' title='bbox 1176 1614 1422 1665; x_wconf 81' lang='grc' dir='ltr'>κείσεται</span> <span class='ocrx_word' id='word_1_111' title='bbox 1451 1609 1588 1666; x_wconf 85' lang='grc' dir='ltr'>ἆθλα</span> <span class='ocrx_word' id='word_1_112' title='bbox 1614 1613 1712 1682; x_wconf 83' lang='grc' dir='ltr'>τὴν</span> <span class='ocrx_word' id='word_1_113' title='bbox 1737 1613 1900 1679; x_wconf 82' lang='grc' dir='ltr'>ἁγίαν</span> 
     </span>
    </p>
   </div>
   <div class='ocr_carea' id='block_1_18' title="bbox 315 1703 1899 1774">
    <p class='ocr_par' dir='ltr' id='par_1_18' title="bbox 315 1703 1899 1774">
     <span class='ocr_line' id='line_1_18' title="bbox 315 1703 1899 1774; baseline -0.004 -14"><span class='ocrx_word' id='word_1_114' title='bbox 315 1707 482 1760; x_wconf 77' lang='grc' dir='ltr'>αὑτοῦ</span> <span class='ocrx_word' id='word_1_115' title='bbox 535 1707 870 1773; x_wconf 75' lang='grc' dir='ltr'><strong>Ἐκκλησίαν</strong></span> <span class='ocrx_word' id='word_1_116' title='bbox 919 1703 1202 1758; x_wconf 80' lang='grc' dir='ltr'>ὲνώσαντι.</span> <span class='ocrx_word' id='word_1_117' title='bbox 1237 1705 1396 1770; x_wconf 78' lang='grc' dir='ltr'>Μέγα</span> <span class='ocrx_word' id='word_1_118' title='bbox 1437 1703 1542 1774; x_wconf 74' lang='grc' dir='ltr'><strong>ἔσῃ’</strong></span> <span class='ocrx_word' id='word_1_119' title='bbox 1580 1703 1899 1771; x_wconf 82' lang='grc' dir='ltr'>πεποιηκὼς</span> 
     </span>
    </p>
   </div>
   <div class='ocr_carea' id='block_1_19' title="bbox 317 1796 1898 1870">
    <p class='ocr_par' dir='ltr' id='par_1_19' title="bbox 317 1796 1898 1870">
     <span class='ocr_line' id='line_1_19' title="bbox 317 1796 1898 1870; baseline -0.004 -17"><span class='ocrx_word' id='word_1_120' title='bbox 317 1803 502 1870; x_wconf 73' lang='grc' dir='ltr'>ἔργον,</span> <span class='ocrx_word' id='word_1_121' title='bbox 537 1803 588 1854; x_wconf 87' lang='grc' dir='ltr'><strong>εί</strong></span> <span class='ocrx_word' id='word_1_122' title='bbox 645 1799 920 1866; x_wconf 84' lang='grc' dir='ltr'>διαγένοιο</span> <span class='ocrx_word' id='word_1_123' title='bbox 958 1799 1124 1868; x_wconf 80' lang='grc' dir='ltr'>μέχρι</span> <span class='ocrx_word' id='word_1_124' title='bbox 1159 1798 1347 1859; x_wconf 78' lang='grc' dir='ltr'>τέλους</span> <span class='ocrx_word' id='word_1_125' title='bbox 1388 1796 1765 1866; x_wconf 81' lang='grc' dir='ltr'>ὲγκαρτερῶν,</span> <span class='ocrx_word' id='word_1_126' title='bbox 1803 1797 1898 1848; x_wconf 71' lang='grc' dir='ltr'>καὶ</span> 
     </span>
    </p>
   </div>
   <div class='ocr_carea' id='block_1_20' title="bbox 2019 602 3607 678">
    <p class='ocr_par' dir='ltr' id='par_1_20' title="bbox 2019 602 3607 678">
     <span class='ocr_line' id='line_1_20' title="bbox 2019 602 3607 678; baseline 0.008 -24"><span class='ocrx_word' id='word_1_127' title='bbox 2019 615 2228 654; x_wconf 87' lang='lat' dir='ltr'><strong>sacram</strong></span> <span class='ocrx_word' id='word_1_128' title='bbox 2279 602 2420 656; x_wconf 84' lang='lat' dir='ltr'><strong>hanc</strong></span> <span class='ocrx_word' id='word_1_129' title='bbox 2462 603 2729 674; x_wconf 84' lang='lat' dir='ltr'><strong>synodum</strong></span> <span class='ocrx_word' id='word_1_130' title='bbox 2785 605 3100 670; x_wconf 73' lang='lat' dir='ltr'><strong>celebratis,</strong></span> <span class='ocrx_word' id='word_1_131' title='bbox 3149 609 3240 676; x_wconf 86' lang='lat' dir='ltr'><strong>qui</strong></span> <span class='ocrx_word' id='word_1_132' title='bbox 3269 609 3344 662; x_wconf 90' lang='lat' dir='ltr'><strong>rei</strong></span> <span class='ocrx_word' id='word_1_133' title='bbox 3383 613 3607 678; x_wconf 69' lang='lat' dir='ltr'><strong>agendie</strong></span> 
     </span>
    </p>
   </div>
   <div class='ocr_carea' id='block_1_21' title="bbox 2021 695 3601 767">
    <p class='ocr_par' dir='ltr' id='par_1_21' title="bbox 2021 695 3601 767">
     <span class='ocr_line' id='line_1_21' title="bbox 2021 695 3601 767; baseline 0.009 -26"><span class='ocrx_word' id='word_1_134' title='bbox 2021 695 2288 756; x_wconf 79' lang='lat' dir='ltr'><strong>pra&#39;estis,</strong></span> <span class='ocrx_word' id='word_1_135' title='bbox 2352 712 2444 764; x_wconf 87' lang='lat' dir='ltr'><strong>qm</strong></span> <span class='ocrx_word' id='word_1_136' title='bbox 2477 697 2676 750; x_wconf 93' lang='lat' dir='ltr'><strong>multos</strong></span> <span class='ocrx_word' id='word_1_137' title='bbox 2727 699 3044 767; x_wconf 77' lang='lat' dir='ltr'><strong>suscepistis</strong></span> <span class='ocrx_word' id='word_1_138' title='bbox 3068 700 3308 764; x_wconf 79' lang='lat' dir='ltr'><strong>labores,</strong></span> <span class='ocrx_word' id='word_1_139' title='bbox 3338 713 3392 756; x_wconf 89' lang='lat' dir='ltr'><strong>et</strong></span> <span class='ocrx_word' id='word_1_140' title='bbox 3431 705 3601 757; x_wconf 79' lang='lat' dir='ltr'><strong>inuita</strong></span> 
     </span>
    </p>
   </div>
   <div class='ocr_carea' id='block_1_22' title="bbox 2017 789 3600 861">
    <p class='ocr_par' dir='ltr' id='par_1_22' title="bbox 2017 789 3600 861">
     <span class='ocr_line' id='line_1_22' title="bbox 2017 789 3600 861; baseline 0.01 -26"><span class='ocrx_word' id='word_1_141' title='bbox 2017 799 2396 852; x_wconf 66' lang='lat' dir='ltr'><strong>swpenutnero</strong></span> <span class='ocrx_word' id='word_1_142' title='bbox 2435 799 2553 843; x_wconf 85' lang='lat' dir='ltr'><strong>vota</strong></span> <span class='ocrx_word' id='word_1_143' title='bbox 2579 789 2814 853; x_wconf 73' lang='lat' dir='ltr'><strong>fecistis,</strong></span> <span class='ocrx_word' id='word_1_144' title='bbox 2841 803 2894 844; x_wconf 91' lang='lat' dir='ltr'><strong>ul</strong></span> <span class='ocrx_word' id='word_1_145' title='bbox 2949 793 3092 846; x_wconf 87' lang='lat' dir='ltr'><strong>diem</strong></span> <span class='ocrx_word' id='word_1_146' title='bbox 3131 793 3276 846; x_wconf 86' lang='lat' dir='ltr'><strong>hunc</strong></span> <span class='ocrx_word' id='word_1_147' title='bbox 3317 796 3600 861; x_wconf 77' lang='lat' dir='ltr'><strong>videretis,</strong></span> 
     </span>
    </p>
   </div>
   <div class='ocr_carea' id='block_1_23' title="bbox 2015 877 3601 952">
    <p class='ocr_par' dir='ltr' id='par_1_23' title="bbox 2015 877 3601 952">
     <span class='ocr_line' id='line_1_23' title="bbox 2015 877 3601 952; baseline 0.009 -24"><span class='ocrx_word' id='word_1_148' title='bbox 2015 877 2170 943; x_wconf 78' lang='lat' dir='ltr'><strong>quasi</strong></span> <span class='ocrx_word' id='word_1_149' title='bbox 2195 877 2304 946; x_wconf 87' lang='lat' dir='ltr'><strong>jam</strong></span> <span class='ocrx_word' id='word_1_150' title='bbox 2339 881 2706 946; x_wconf 73' lang='lat' dir='ltr'><strong>przenuntium</strong></span> <span class='ocrx_word' id='word_1_151' title='bbox 2741 880 3081 948; x_wconf 77' lang='lat' dir='ltr'><strong>futurorum,</strong></span> <span class='ocrx_word' id='word_1_152' title='bbox 3115 887 3206 952; x_wconf 94' lang='lat' dir='ltr'><strong>qui</strong></span> <span class='ocrx_word' id='word_1_153' title='bbox 3237 887 3402 940; x_wconf 87' lang='lat' dir='ltr'><strong>simul</strong></span> <span class='ocrx_word' id='word_1_154' title='bbox 3431 899 3486 942; x_wconf 92' lang='lat' dir='ltr'><strong>et</strong></span> <span class='ocrx_word' id='word_1_155' title='bbox 3511 905 3601 942; x_wconf 82' lang='lat' dir='ltr'><strong>re-</strong></span> 
     </span>
    </p>
   </div>
   <div class='ocr_carea' id='block_1_24' title="bbox 2017 973 3600 1044">
    <p class='ocr_par' dir='ltr' id='par_1_24' title="bbox 2017 973 3600 1044">
     <span class='ocr_line' id='line_1_24' title="bbox 2017 973 3600 1044; baseline 0.008 -22"><span class='ocrx_word' id='word_1_156' title='bbox 2017 984 2138 1022; x_wconf 80' lang='lat' dir='ltr'><strong>rum</strong></span> <span class='ocrx_word' id='word_1_157' title='bbox 2207 973 2464 1038; x_wconf 89' lang='lat' dir='ltr'><strong>initium,</strong></span> <span class='ocrx_word' id='word_1_158' title='bbox 2512 985 2568 1028; x_wconf 85' lang='lat' dir='ltr'><strong>et</strong></span> <span class='ocrx_word' id='word_1_159' title='bbox 2623 975 2746 1029; x_wconf 83' lang='lat' dir='ltr'><strong>linis</strong></span> <span class='ocrx_word' id='word_1_160' title='bbox 2801 993 2980 1044; x_wconf 82' lang='lat' dir='ltr'><strong>praeco</strong></span> <span class='ocrx_word' id='word_1_161' title='bbox 3037 994 3182 1032; x_wconf 90' lang='lat' dir='ltr'><strong>esset</strong></span> <span class='ocrx_word' id='word_1_162' title='bbox 3215 981 3600 1036; x_wconf 67' lang='lat' dir='ltr'><strong>clarissimus?</strong></span> 
     </span>
    </p>
   </div>
   <div class='ocr_carea' id='block_1_25' title="bbox 2017 1059 3598 1140">
    <p class='ocr_par' dir='ltr' id='par_1_25' title="bbox 2017 1059 3598 1140">
     <span class='ocr_line' id='line_1_25' title="bbox 2017 1059 3598 1140; baseline 0.011 -29"><span class='ocrx_word' id='word_1_163' title='bbox 2017 1059 2151 1124; x_wconf 83' lang='lat' dir='ltr'><strong>Quis</strong></span> <span class='ocrx_word' id='word_1_164' title='bbox 2181 1079 2336 1130; x_wconf 65' lang='lat' dir='ltr'><strong>atque</strong></span> <span class='ocrx_word' id='word_1_165' title='bbox 2365 1081 2426 1118; x_wconf 87' lang='lat' dir='ltr'><strong>ac</strong></span> <span class='ocrx_word' id='word_1_166' title='bbox 2461 1067 2617 1118; x_wconf 78' lang='lat' dir='ltr'><strong>decet</strong></span> <span class='ocrx_word' id='word_1_167' title='bbox 2643 1067 2836 1120; x_wconf 84' lang='lat' dir='ltr'><strong>beatos</strong></span> <span class='ocrx_word' id='word_1_168' title='bbox 2863 1083 2960 1122; x_wconf 85' lang='lat' dir='ltr'><strong>vos</strong></span> <span class='ocrx_word' id='word_1_169' title='bbox 2999 1073 3282 1138; x_wconf 71' lang='lat' dir='ltr'><strong>praedicet.</strong></span> <span class='ocrx_word' id='word_1_170' title='bbox 3309 1075 3434 1140; x_wconf 90' lang='lat' dir='ltr'><strong>quis</strong></span> <span class='ocrx_word' id='word_1_171' title='bbox 3464 1075 3598 1128; x_wconf 80' lang='lat' dir='ltr'><strong>satis</strong></span> 
     </span>
    </p>
   </div>
   <div class='ocr_carea' id='block_1_26' title="bbox 2019 1151 3599 1228">
    <p class='ocr_par' dir='ltr' id='par_1_26' title="bbox 2019 1151 3599 1228">
     <span class='ocr_line' id='line_1_26' title="bbox 2019 1151 3599 1228; baseline 0.011 -25"><span class='ocrx_word' id='word_1_172' title='bbox 2019 1151 2238 1207; x_wconf 80' lang='lat' dir='ltr'><strong>idoneis</strong></span> <span class='ocrx_word' id='word_1_173' title='bbox 2295 1170 2389 1208; x_wconf 87' lang='lat' dir='ltr'><strong>vos</strong></span> <span class='ocrx_word' id='word_1_174' title='bbox 2425 1156 2624 1209; x_wconf 80' lang='lat' dir='ltr'><strong>alliciat</strong></span> <span class='ocrx_word' id='word_1_175' title='bbox 2675 1159 2951 1222; x_wconf 81' lang='lat' dir='ltr'><strong>laudibus,</strong></span> <span class='ocrx_word' id='word_1_176' title='bbox 2982 1163 3072 1228; x_wconf 88' lang='lat' dir='ltr'><strong>qui</strong></span> <span class='ocrx_word' id='word_1_177' title='bbox 3113 1164 3362 1216; x_wconf 86' lang='lat' dir='ltr'><strong>laborum</strong></span> <span class='ocrx_word' id='word_1_178' title='bbox 3394 1178 3599 1220; x_wconf 81' lang='lat' dir='ltr'><strong>vestro-</strong></span> 
     </span>
    </p>
   </div>
   <div class='ocr_carea' id='block_1_27' title="bbox 2013 1245 3598 1324">
    <p class='ocr_par' dir='ltr' id='par_1_27' title="bbox 2013 1245 3598 1324">
     <span class='ocr_line' id='line_1_27' title="bbox 2013 1245 3598 1324; baseline 0.013 -29"><span class='ocrx_word' id='word_1_179' title='bbox 2013 1260 2132 1296; x_wconf 88' lang='lat' dir='ltr'><strong>rum</strong></span> <span class='ocrx_word' id='word_1_180' title='bbox 2161 1245 2370 1300; x_wconf 80' lang='lat' dir='ltr'><strong>fruetus</strong></span> <span class='ocrx_word' id='word_1_181' title='bbox 2394 1248 2504 1316; x_wconf 88' lang='lat' dir='ltr'><strong>jam</strong></span> <span class='ocrx_word' id='word_1_182' title='bbox 2533 1251 2798 1319; x_wconf 77' lang='lat' dir='ltr'><strong>pullulare</strong></span> <span class='ocrx_word' id='word_1_183' title='bbox 2821 1253 3056 1308; x_wconf 77' lang='lat' dir='ltr'><strong>videtis?</strong></span> <span class='ocrx_word' id='word_1_184' title='bbox 3083 1255 3396 1311; x_wconf 82' lang='lat' dir='ltr'><strong>Beatissime</strong></span> <span class='ocrx_word' id='word_1_185' title='bbox 3419 1259 3598 1324; x_wconf 62' lang='lat' dir='ltr'><strong>l’a‘e&quot;,</strong></span> 
     </span>
    </p>
   </div>
   <div class='ocr_carea' id='block_1_28' title="bbox 1953 1339 3598 1412">
    <p class='ocr_par' dir='ltr' id='par_1_28' title="bbox 1953 1339 3598 1412">
     <span class='ocr_line' id='line_1_28' title="bbox 1953 1339 3598 1412; baseline 0.009 -27"><span class='ocrx_word' id='word_1_186' title='bbox 1953 1367 1964 1380; x_wconf 74' lang='grc' dir='ltr'><strong>ι</strong></span> <span class='ocrx_word' id='word_1_187' title='bbox 2015 1349 2204 1388; x_wconf 79' lang='lat' dir='ltr'><strong>revera</strong></span> <span class='ocrx_word' id='word_1_188' title='bbox 2239 1351 2385 1390; x_wconf 87' lang='lat' dir='ltr'><strong>nuttc</strong></span> <span class='ocrx_word' id='word_1_189' title='bbox 2407 1353 2466 1391; x_wconf 87' lang='lat' dir='ltr'><strong>es</strong></span> <span class='ocrx_word' id='word_1_190' title='bbox 2491 1339 2684 1395; x_wconf 85' lang='lat' dir='ltr'><strong>beatus</strong></span> <span class='ocrx_word' id='word_1_191' title='bbox 2719 1341 2946 1412; x_wconf 86' lang='lat' dir='ltr'><strong>erisque</strong></span> <span class='ocrx_word' id='word_1_192' title='bbox 2985 1347 3158 1398; x_wconf 90' lang='lat' dir='ltr'><strong>multo</strong></span> <span class='ocrx_word' id='word_1_193' title='bbox 3192 1347 3404 1401; x_wconf 76' lang='lat' dir='ltr'><strong>beatior</strong></span> <span class='ocrx_word' id='word_1_194' title='bbox 3452 1367 3598 1412; x_wconf 86' lang='lat' dir='ltr'><strong>eum,</strong></span> 
     </span>
    </p>
   </div>
   <div class='ocr_carea' id='block_1_29' title="bbox 2011 1424 3600 1504">
    <p class='ocr_par' dir='ltr' id='par_1_29' title="bbox 2011 1424 3600 1504">
     <span class='ocr_line' id='line_1_29' title="bbox 2011 1424 3600 1504; baseline 0.01 -27"><span class='ocrx_word' id='word_1_195' title='bbox 2011 1424 2123 1478; x_wconf 89' lang='lat' dir='ltr'><strong>Deo</strong></span> <span class='ocrx_word' id='word_1_196' title='bbox 2153 1425 2316 1490; x_wconf 85' lang='lat' dir='ltr'><strong>duce,</strong></span> <span class='ocrx_word' id='word_1_197' title='bbox 2343 1428 2408 1480; x_wconf 90' lang='lat' dir='ltr'><strong>ad</strong></span> <span class='ocrx_word' id='word_1_198' title='bbox 2437 1426 2600 1482; x_wconf 80' lang='lat' dir='ltr'><strong>tinem</strong></span> <span class='ocrx_word' id='word_1_199' title='bbox 2631 1435 3074 1499; x_wconf 77' lang='lat' dir='ltr'><strong>pervenerinmS,</strong></span> <span class='ocrx_word' id='word_1_200' title='bbox 3109 1451 3271 1504; x_wconf 83' lang='lat' dir='ltr'><strong>quem</strong></span> <span class='ocrx_word' id='word_1_201' title='bbox 3307 1439 3468 1492; x_wconf 87' lang='lat' dir='ltr'><strong>nobis</strong></span> <span class='ocrx_word' id='word_1_202' title='bbox 3491 1440 3600 1493; x_wconf 75' lang='lat' dir='ltr'><strong>dux</strong></span> 
     </span>
    </p>
   </div>
   <div class='ocr_carea' id='block_1_30' title="bbox 2015 1511 3600 1598">
    <p class='ocr_par' dir='ltr' id='par_1_30' title="bbox 2015 1511 3600 1598">
     <span class='ocr_line' id='line_1_30' title="bbox 2015 1511 3600 1598; baseline 0.009 -30"><span class='ocrx_word' id='word_1_203' title='bbox 2015 1517 2132 1584; x_wconf 89' lang='lat' dir='ltr'><strong>ipse</strong></span> <span class='ocrx_word' id='word_1_204' title='bbox 2191 1521 2556 1574; x_wconf 86' lang='lat' dir='ltr'><strong>concesserit.</strong></span> <span class='ocrx_word' id='word_1_205' title='bbox 2615 1523 2780 1577; x_wconf 79' lang='lat' dir='ltr'><strong>Multa</strong></span> <span class='ocrx_word' id='word_1_206' title='bbox 2811 1526 2910 1578; x_wconf 88' lang='lat' dir='ltr'><strong>tibi</strong></span> <span class='ocrx_word' id='word_1_207' title='bbox 2945 1537 3107 1580; x_wconf 88' lang='lat' dir='ltr'><strong>erunt</strong></span> <span class='ocrx_word' id='word_1_208' title='bbox 3136 1545 3164 1580; x_wconf 90' lang='lat' dir='ltr'><strong>a</strong></span> <span class='ocrx_word' id='word_1_209' title='bbox 3213 1529 3322 1582; x_wconf 88' lang='lat' dir='ltr'><strong>Deo</strong></span> <span class='ocrx_word' id='word_1_210' title='bbox 3363 1511 3600 1598; x_wconf 71' lang='lat' dir='ltr'><strong>reposita</strong></span> 
     </span>
    </p>
   </div>
   <div class='ocr_carea' id='block_1_31' title="bbox 2011 1605 3598 1688">
    <p class='ocr_par' dir='ltr' id='par_1_31' title="bbox 2011 1605 3598 1688">
     <span class='ocr_line' id='line_1_31' title="bbox 2011 1605 3598 1688; baseline 0.009 -33"><span class='ocrx_word' id='word_1_211' title='bbox 2011 1605 2256 1674; x_wconf 60' lang='lat' dir='ltr'><strong>pra-mia,</strong></span> <span class='ocrx_word' id='word_1_212' title='bbox 2319 1608 2362 1660; x_wconf 89' lang='lat' dir='ltr'><strong>si</strong></span> <span class='ocrx_word' id='word_1_213' title='bbox 2417 1620 2664 1688; x_wconf 66' lang='lat' dir='ltr'><strong>satietati:</strong></span> <span class='ocrx_word' id='word_1_214' title='bbox 2717 1613 2836 1682; x_wconf 81' lang='lat' dir='ltr'><strong>ejus</strong></span> <span class='ocrx_word' id='word_1_215' title='bbox 2867 1613 3168 1669; x_wconf 49' lang='lat' dir='ltr'><strong>Ecclesiam</strong></span> <span class='ocrx_word' id='word_1_216' title='bbox 3220 1618 3285 1670; x_wconf 87' lang='lat' dir='ltr'><strong>ad</strong></span> <span class='ocrx_word' id='word_1_217' title='bbox 3335 1621 3598 1672; x_wconf 78' lang='lat' dir='ltr'><strong>Uttiialcnt</strong></span> 
     </span>
    </p>
   </div>
   <div class='ocr_carea' id='block_1_32' title="bbox 2015 1697 3597 1780">
    <p class='ocr_par' dir='ltr' id='par_1_32' title="bbox 2015 1697 3597 1780">
     <span class='ocr_line' id='line_1_32' title="bbox 2015 1697 3597 1780; baseline 0.009 -32"><span class='ocrx_word' id='word_1_218' title='bbox 2015 1697 2302 1752; x_wconf 78' lang='lat' dir='ltr'><strong>reduxeris</strong></span> <span class='ocrx_word' id='word_1_219' title='bbox 2341 1715 2355 1750; x_wconf 90' lang='lat'><strong>:</strong></span> <span class='ocrx_word' id='word_1_220' title='bbox 2401 1715 2656 1770; x_wconf 78' lang='lat' dir='ltr'><strong>magnum</strong></span> <span class='ocrx_word' id='word_1_221' title='bbox 2693 1719 2834 1773; x_wconf 82' lang='lat' dir='ltr'><strong>opus</strong></span> <span class='ocrx_word' id='word_1_222' title='bbox 2873 1709 3220 1772; x_wconf 62' lang='lat' dir='ltr'><strong>praistiteri-s,</strong></span> <span class='ocrx_word' id='word_1_223' title='bbox 3253 1710 3296 1763; x_wconf 88' lang='lat' dir='ltr'><strong>si</strong></span> <span class='ocrx_word' id='word_1_224' title='bbox 3327 1724 3499 1780; x_wconf 85' lang='lat' dir='ltr'><strong>usque</strong></span> <span class='ocrx_word' id='word_1_225' title='bbox 3531 1715 3597 1764; x_wconf 83' lang='lat' dir='ltr'><strong>ad</strong></span> 
     </span>
    </p>
   </div>
   <div class='ocr_carea' id='block_1_33' title="bbox 2017 1791 3600 1870">
    <p class='ocr_par' dir='ltr' id='par_1_33' title="bbox 2017 1791 3600 1870">
     <span class='ocr_line' id='line_1_33' title="bbox 2017 1791 3600 1870; baseline 0.008 -28"><span class='ocrx_word' id='word_1_226' title='bbox 2017 1791 2180 1843; x_wconf 84' lang='lat' dir='ltr'><strong>linem</strong></span> <span class='ocrx_word' id='word_1_227' title='bbox 2213 1797 2662 1860; x_wconf 72' lang='lat' dir='ltr'><strong>perseveraveris</strong></span> <span class='ocrx_word' id='word_1_228' title='bbox 2691 1813 2706 1849; x_wconf 90' lang='lat'><strong><em>:</em></strong></span> <span class='ocrx_word' id='word_1_229' title='bbox 2739 1797 2782 1850; x_wconf 89' lang='lat' dir='ltr'><strong>si</strong></span> <span class='ocrx_word' id='word_1_230' title='bbox 2820 1801 3076 1853; x_wconf 87' lang='lat' dir='ltr'><strong>scandala</strong></span> <span class='ocrx_word' id='word_1_231' title='bbox 3109 1803 3332 1870; x_wconf 82' lang='lat' dir='ltr'><strong>quidem</strong></span> <span class='ocrx_word' id='word_1_232' title='bbox 3363 1819 3392 1857; x_wconf 88' lang='lat' dir='ltr'><strong>e</strong></span> <span class='ocrx_word' id='word_1_233' title='bbox 3418 1805 3600 1856; x_wconf 83' lang='lat' dir='ltr'><strong>.nedio</strong></span> 
     </span>
    </p>
   </div>
   <div class='ocr_carea' id='block_1_34' title="bbox 319 1882 1903 1962">
    <p class='ocr_par' dir='ltr' id='par_1_34' title="bbox 319 1888 1898 1962">
     <span class='ocr_line' id='line_1_34' title="bbox 319 1888 1898 1962; baseline -0.005 -16"><span class='ocrx_word' id='word_1_234' title='bbox 319 1897 501 1948; x_wconf 70' lang='grc' dir='ltr'>πάντα</span> <span class='ocrx_word' id='word_1_235' title='bbox 541 1893 638 1962; x_wconf 82' lang='grc' dir='ltr'>μὲν</span> <span class='ocrx_word' id='word_1_236' title='bbox 671 1893 908 1961; x_wconf 74' lang='grc' dir='ltr'>ἐξαίρων</span> <span class='ocrx_word' id='word_1_237' title='bbox 941 1895 1004 1944; x_wconf 85' lang='grc' dir='ltr'>ὲκ</span> <span class='ocrx_word' id='word_1_238' title='bbox 1041 1891 1208 1960; x_wconf 81' lang='grc' dir='ltr'>μέσου</span> <span class='ocrx_word' id='word_1_239' title='bbox 1240 1891 1308 1941; x_wconf 72' lang='grc' dir='ltr'><strong>τὰ</strong></span> <span class='ocrx_word' id='word_1_240' title='bbox 1341 1888 1640 1950; x_wconf 73' lang='grc' dir='ltr'>σκάνδαλα,</span> <span class='ocrx_word' id='word_1_241' title='bbox 1672 1889 1898 1956; x_wconf 89' lang='grc' dir='ltr'>είρήνην</span> 
     </span>
    </p>
   </div>
   <div class='ocr_carea' id='block_1_35' title="bbox 2007 1882 3592 1962">
    <p class='ocr_par' dir='ltr' id='par_1_35' title="bbox 2007 1882 3592 1948">
     <span class='ocr_line' id='line_1_35' title="bbox 2007 1882 3592 1948; baseline 0.009 -15"><span class='ocrx_word' id='word_1_242' title='bbox 2007 1882 2314 1945; x_wconf 87' lang='lat' dir='ltr'><strong>sustuleris,</strong></span> <span class='ocrx_word' id='word_1_243' title='bbox 2359 1898 2550 1948; x_wconf 88' lang='lat' dir='ltr'><strong>pacem</strong></span> <span class='ocrx_word' id='word_1_244' title='bbox 2607 1903 2738 1942; x_wconf 88' lang='lat' dir='ltr'><strong>vero</strong></span> <span class='ocrx_word' id='word_1_245' title='bbox 2783 1889 3066 1946; x_wconf 79' lang='lat' dir='ltr'><strong>induxeris</strong></span> <span class='ocrx_word' id='word_1_246' title='bbox 3118 1903 3174 1946; x_wconf 88' lang='lat' dir='ltr'><strong>et</strong></span> <span class='ocrx_word' id='word_1_247' title='bbox 3222 1896 3592 1948; x_wconf 86' lang='lat' dir='ltr'><strong>concordiam.</strong></span> 
     </span>
    </p>
   </div>
   <div class='ocr_carea' id='block_1_36' title="bbox 317 1982 1902 2054">
    <p class='ocr_par' dir='ltr' id='par_1_36' title="bbox 317 1982 1902 2054">
     <span class='ocr_line' id='line_1_36' title="bbox 317 1982 1902 2054; baseline -0.004 -14"><span class='ocrx_word' id='word_1_248' title='bbox 317 1989 374 2040; x_wconf 84' lang='grc' dir='ltr'>δὲ</span> <span class='ocrx_word' id='word_1_249' title='bbox 406 1987 498 2039; x_wconf 77' lang='grc' dir='ltr'>καὶ</span> <span class='ocrx_word' id='word_1_250' title='bbox 525 1987 784 2054; x_wconf 80' lang='grc' dir='ltr'>ὁμόνοιαν</span> <span class='ocrx_word' id='word_1_251' title='bbox 815 1986 1176 2051; x_wconf 82' lang='grc' dir='ltr'>ἀντεισάγων.</span> <span class='ocrx_word' id='word_1_252' title='bbox 1211 1985 1385 2036; x_wconf 79' lang='grc' dir='ltr'>Πολὺν</span> <span class='ocrx_word' id='word_1_253' title='bbox 1413 1983 1536 2035; x_wconf 77' lang='grc' dir='ltr'>ἔθου</span> <span class='ocrx_word' id='word_1_254' title='bbox 1565 1982 1746 2051; x_wconf 77' lang='grc' dir='ltr'>ζῆλον,</span> <span class='ocrx_word' id='word_1_255' title='bbox 1778 1983 1902 2034; x_wconf 82' lang='grc' dir='ltr'>πολ-</span> 
     </span>
    </p>
   </div>
   <div class='ocr_carea' id='block_1_37' title="bbox 319 2075 1900 2148">
    <p class='ocr_par' dir='ltr' id='par_1_37' title="bbox 319 2075 1900 2148">
     <span class='ocr_line' id='line_1_37' title="bbox 319 2075 1900 2148; baseline -0.002 -18"><span class='ocrx_word' id='word_1_256' title='bbox 319 2081 420 2145; x_wconf 71' lang='grc' dir='ltr'>λὴν</span> <span class='ocrx_word' id='word_1_257' title='bbox 455 2081 750 2148; x_wconf 79' lang='grc' dir='ltr'>μέριμναν,</span> <span class='ocrx_word' id='word_1_258' title='bbox 784 2079 1030 2146; x_wconf 76' lang='grc' dir='ltr'>μεγάλην</span> <span class='ocrx_word' id='word_1_259' title='bbox 1061 2075 1372 2144; x_wconf 80' lang='grc' dir='ltr'>ἀγρυπνίαν</span> <span class='ocrx_word' id='word_1_260' title='bbox 1395 2093 1455 2127; x_wconf 88' lang='grc' dir='ltr'><strong>τε</strong></span> <span class='ocrx_word' id='word_1_261' title='bbox 1489 2077 1584 2128; x_wconf 79' lang='grc' dir='ltr'>καὶ</span> <span class='ocrx_word' id='word_1_262' title='bbox 1617 2075 1900 2144; x_wconf 72' lang='grc' dir='ltr'>φροντίδα..</span> 
     </span>
    </p>
   </div>
   <div class='ocr_carea' id='block_1_38' title="bbox 323 2165 1902 2238">
    <p class='ocr_par' dir='ltr' id='par_1_38' title="bbox 323 2165 1902 2238">
     <span class='ocr_line' id='line_1_38' title="bbox 323 2165 1902 2238; baseline -0.003 -15"><span class='ocrx_word' id='word_1_263' title='bbox 323 2173 662 2237; x_wconf 72' lang='grc' dir='ltr'>συναγαγεῖν</span> <span class='ocrx_word' id='word_1_264' title='bbox 707 2171 822 2238; x_wconf 65' lang='grc' dir='ltr'>μὲν</span> <span class='ocrx_word' id='word_1_265' title='bbox 853 2169 922 2220; x_wconf 81' lang='grc' dir='ltr'>τὰ</span> <span class='ocrx_word' id='word_1_266' title='bbox 957 2167 1050 2220; x_wconf 87' lang='grc' dir='ltr'><strong>τοῦ</strong></span> <span class='ocrx_word' id='word_1_267' title='bbox 1106 2165 1346 2236; x_wconf 77' lang='grc' dir='ltr'><strong>Χριστοῦ</strong></span> <span class='ocrx_word' id='word_1_268' title='bbox 1403 2166 1670 2218; x_wconf 73' lang='grc' dir='ltr'><strong>πάντοθεν</strong></span> <span class='ocrx_word' id='word_1_269' title='bbox 1714 2168 1902 2229; x_wconf 81' lang='grc' dir='ltr'>τέκνα,</span> 
     </span>
    </p>
   </div>
   <div class='ocr_carea' id='block_1_39' title="bbox 322 2258 1902 2330">
    <p class='ocr_par' dir='ltr' id='par_1_39' title="bbox 322 2258 1902 2330">
     <span class='ocr_line' id='line_1_39' title="bbox 322 2258 1902 2330; baseline -0.003 -16"><span class='ocrx_word' id='word_1_270' title='bbox 322 2261 902 2330; x_wconf 71' lang='grc' dir='ltr'>συνδιασκεψαμένους</span> <span class='ocrx_word' id='word_1_271' title='bbox 951 2260 997 2312; x_wconf 86' lang='grc' dir='ltr'>δ’</span> <span class='ocrx_word' id='word_1_272' title='bbox 1051 2259 1303 2330; x_wconf 79' lang='grc' dir='ltr'>ἀλλήλοις</span> <span class='ocrx_word' id='word_1_273' title='bbox 1357 2258 1663 2325; x_wconf 80' lang='grc' dir='ltr'>ἁδελφικῶς</span> <span class='ocrx_word' id='word_1_274' title='bbox 1713 2277 1772 2310; x_wconf 83' lang='grc' dir='ltr'><strong>τε</strong></span> <span class='ocrx_word' id='word_1_275' title='bbox 1810 2261 1902 2310; x_wconf 81' lang='grc' dir='ltr'>καὶ</span> 
     </span>
    </p>
   </div>
   <div class='ocr_carea' id='block_1_40' title="bbox 323 2351 1902 2420">
    <p class='ocr_par' dir='ltr' id='par_1_40' title="bbox 323 2351 1902 2420">
     <span class='ocr_line' id='line_1_40' title="bbox 323 2351 1902 2420; baseline -0.003 -13"><span class='ocrx_word' id='word_1_276' title='bbox 323 2353 723 2420; x_wconf 76' lang='grc' dir='ltr'><strong>πνευματικῶς</strong></span> <span class='ocrx_word' id='word_1_277' title='bbox 771 2353 1050 2404; x_wconf 73' lang='grc' dir='ltr'>συνελθεῖν</span> <span class='ocrx_word' id='word_1_278' title='bbox 1100 2352 1180 2416; x_wconf 75' lang='grc' dir='ltr'><strong>είς</strong></span> <span class='ocrx_word' id='word_1_279' title='bbox 1239 2351 1408 2404; x_wconf 72' lang='grc' dir='ltr'>ταυτδ</span> <span class='ocrx_word' id='word_1_280' title='bbox 1463 2351 1902 2420; x_wconf 77' lang='grc' dir='ltr'>περιγενομένης</span> 
     </span>
    </p>
   </div>
   <div class='ocr_carea' id='block_1_41' title="bbox 321 2443 1904 2514">
    <p class='ocr_par' dir='ltr' id='par_1_41' title="bbox 321 2443 1904 2514">
     <span class='ocr_line' id='line_1_41' title="bbox 321 2443 1904 2514; baseline -0.003 -16"><span class='ocrx_word' id='word_1_281' title='bbox 321 2449 420 2514; x_wconf 74' lang='grc' dir='ltr'>τῆς</span> <span class='ocrx_word' id='word_1_282' title='bbox 451 2443 730 2514; x_wconf 75' lang='grc' dir='ltr'>ἀληθείας.</span> <span class='ocrx_word' id='word_1_283' title='bbox 757 2443 948 2506; x_wconf 74' lang='grc' dir='ltr'>Οὐδεὶς</span> <span class='ocrx_word' id='word_1_284' title='bbox 969 2443 1142 2506; x_wconf 76' lang='grc' dir='ltr'>ἄλλως</span> <span class='ocrx_word' id='word_1_285' title='bbox 1168 2445 1306 2512; x_wconf 69' lang='grc' dir='ltr'>ἐρεῖ,</span> <span class='ocrx_word' id='word_1_286' title='bbox 1329 2443 1534 2504; x_wconf 84' lang='grc' dir='ltr'>πάντες</span> <span class='ocrx_word' id='word_1_287' title='bbox 1559 2445 1761 2502; x_wconf 83' lang='grc' dir='ltr'>ίσασιν,</span> <span class='ocrx_word' id='word_1_288' title='bbox 1795 2443 1904 2510; x_wconf 77' lang='grc' dir='ltr'><strong>ἐγώ</strong></span> 
     </span>
    </p>
   </div>
   <div class='ocr_carea' id='block_1_42' title="bbox 324 2533 1904 2604">
    <p class='ocr_par' dir='ltr' id='par_1_42' title="bbox 324 2533 1904 2604">
     <span class='ocr_line' id='line_1_42' title="bbox 324 2533 1904 2604; baseline -0.002 -15"><span class='ocrx_word' id='word_1_289' title='bbox 324 2551 407 2589; x_wconf 86' lang='grc' dir='ltr'><strong>σοι</strong></span> <span class='ocrx_word' id='word_1_290' title='bbox 459 2537 552 2588; x_wconf 75' lang='grc' dir='ltr'>καὶ</span> <span class='ocrx_word' id='word_1_291' title='bbox 605 2537 808 2597; x_wconf 86' lang='grc' dir='ltr'>πάντες</span> <span class='ocrx_word' id='word_1_292' title='bbox 863 2533 1140 2604; x_wconf 74' lang='grc' dir='ltr'>μάρτυρες</span> <span class='ocrx_word' id='word_1_293' title='bbox 1194 2533 1412 2586; x_wconf 89' lang='grc' dir='ltr'>τούτου.</span> <span class='ocrx_word' id='word_1_294' title='bbox 1463 2533 1626 2586; x_wconf 74' lang='grc' dir='ltr'>’Δλλά</span> <span class='ocrx_word' id='word_1_295' title='bbox 1682 2535 1762 2586; x_wconf 81' lang='grc' dir='ltr'><strong>δεῖ</strong></span> <span class='ocrx_word' id='word_1_296' title='bbox 1811 2535 1904 2586; x_wconf 79' lang='grc' dir='ltr'>καὶ</span> 
     </span>
    </p>
   </div>
   <div class='ocr_carea' id='block_1_43' title="bbox 325 2627 1906 2699">
    <p class='ocr_par' dir='ltr' id='par_1_43' title="bbox 325 2627 1906 2699">
     <span class='ocr_line' id='line_1_43' title="bbox 325 2627 1906 2699; baseline -0.002 -17"><span class='ocrx_word' id='word_1_297' title='bbox 325 2629 464 2699; x_wconf 60' lang='grc' dir='ltr'>πρὶς</span> <span class='ocrx_word' id='word_1_298' title='bbox 497 2629 558 2682; x_wconf 67' lang='grc' dir='ltr'>τὸ</span> <span class='ocrx_word' id='word_1_299' title='bbox 612 2629 764 2692; x_wconf 85' lang='grc' dir='ltr'>τέλος</span> <span class='ocrx_word' id='word_1_300' title='bbox 819 2627 1268 2690; x_wconf 82' lang='grc' dir='ltr'>ἀποσκοποῦντα,</span> <span class='ocrx_word' id='word_1_301' title='bbox 1305 2628 1484 2681; x_wconf 80' lang='grc' dir='ltr'>πάντα</span> <span class='ocrx_word' id='word_1_302' title='bbox 1542 2629 1680 2694; x_wconf 72' lang='grc' dir='ltr'>πρὸς</span> <span class='ocrx_word' id='word_1_303' title='bbox 1727 2631 1906 2680; x_wconf 78' lang='grc' dir='ltr'>ἐκεῖνο</span> 
     </span>
    </p>
   </div>
   <div class='ocr_carea' id='block_1_44' title="bbox 323 2715 1904 2788">
    <p class='ocr_par' dir='ltr' id='par_1_44' title="bbox 323 2715 1904 2788">
     <span class='ocr_line' id='line_1_44' title="bbox 323 2715 1904 2788; baseline -0.003 -16"><span class='ocrx_word' id='word_1_304' title='bbox 323 2721 420 2772; x_wconf 67' lang='grc' dir='ltr'>καὶ</span> <span class='ocrx_word' id='word_1_305' title='bbox 447 2719 606 2782; x_wconf 79' lang='grc' dir='ltr'>τάξαι</span> <span class='ocrx_word' id='word_1_306' title='bbox 657 2719 750 2772; x_wconf 74' lang='grc' dir='ltr'>καὶ</span> <span class='ocrx_word' id='word_1_307' title='bbox 781 2719 988 2788; x_wconf 78' lang='grc' dir='ltr'>πρᾶξαι</span> <span class='ocrx_word' id='word_1_308' title='bbox 1043 2715 1525 2786; x_wconf 80' lang='grc' dir='ltr'>προμηθούμενον,</span> <span class='ocrx_word' id='word_1_309' title='bbox 1567 2717 1716 2778; x_wconf 85' lang='grc' dir='ltr'>ὅπως</span> <span class='ocrx_word' id='word_1_310' title='bbox 1746 2716 1810 2768; x_wconf 81' lang='grc' dir='ltr'>Ξιν</span> <span class='ocrx_word' id='word_1_311' title='bbox 1837 2715 1904 2784; x_wconf 81' lang='grc' dir='ltr'>ἢν</span> 
     </span>
    </p>
   </div>
   <div class='ocr_carea' id='block_1_45' title="bbox 327 2805 1903 2882">
    <p class='ocr_par' dir='ltr' id='par_1_45' title="bbox 327 2805 1903 2882">
     <span class='ocr_line' id='line_1_45' title="bbox 327 2805 1903 2882; baseline -0.004 -20"><span class='ocrx_word' id='word_1_312' title='bbox 327 2813 388 2862; x_wconf 75' lang='grc' dir='ltr'>ἐν</span> <span class='ocrx_word' id='word_1_313' title='bbox 419 2811 618 2878; x_wconf 81' lang='grc' dir='ltr'>ἀρχαῖς</span> <span class='ocrx_word' id='word_1_314' title='bbox 666 2809 1012 2882; x_wconf 68' lang='grc' dir='ltr'>εὐφροσύνην</span> <span class='ocrx_word' id='word_1_315' title='bbox 1045 2805 1436 2874; x_wconf 87' lang='grc' dir='ltr'>καρπούμεθα,</span> <span class='ocrx_word' id='word_1_316' title='bbox 1477 2805 1602 2858; x_wconf 80' lang='grc' dir='ltr'>καθ’</span> <span class='ocrx_word' id='word_1_317' title='bbox 1651 2806 1769 2858; x_wconf 75' lang='grc' dir='ltr'>ὁδὸν</span> <span class='ocrx_word' id='word_1_318' title='bbox 1803 2806 1903 2856; x_wconf 82' lang='grc' dir='ltr'><strong>αὑ-</strong></span> 
     </span>
    </p>
   </div>
   <div class='ocr_carea' id='block_1_46' title="bbox 329 2897 1902 2972">
    <p class='ocr_par' dir='ltr' id='par_1_46' title="bbox 329 2897 1902 2972">
     <span class='ocr_line' id='line_1_46' title="bbox 329 2897 1902 2972; baseline -0.003 -18"><span class='ocrx_word' id='word_1_319' title='bbox 329 2902 602 2972; x_wconf 83' lang='grc' dir='ltr'>ξανομένη</span> <span class='ocrx_word' id='word_1_320' title='bbox 629 2919 690 2954; x_wconf 86' lang='grc' dir='ltr'><strong>τε</strong></span> <span class='ocrx_word' id='word_1_321' title='bbox 723 2901 820 2954; x_wconf 76' lang='grc' dir='ltr'>καὶ</span> <span class='ocrx_word' id='word_1_322' title='bbox 871 2899 1246 2970; x_wconf 71' lang='grc' dir='ltr'>προϐαίνουσα</span> <span class='ocrx_word' id='word_1_323' title='bbox 1279 2897 1768 2968; x_wconf 83' lang='grc' dir='ltr'>πολλαπλασιασθῇ</span> <span class='ocrx_word' id='word_1_324' title='bbox 1799 2915 1902 2950; x_wconf 87' lang='grc' dir='ltr'><strong>που</strong></span> 
     </span>
    </p>
   </div>
   <div class='ocr_carea' id='block_1_47' title="bbox 327 2989 1902 3064">
    <p class='ocr_par' dir='ltr' id='par_1_47' title="bbox 327 2989 1902 3064">
     <span class='ocr_line' id='line_1_47' title="bbox 327 2989 1902 3064; baseline -0.004 -18"><span class='ocrx_word' id='word_1_325' title='bbox 327 2995 457 3063; x_wconf 77' lang='grc' dir='ltr'>περὶ</span> <span class='ocrx_word' id='word_1_326' title='bbox 485 2993 552 3046; x_wconf 84' lang='grc' dir='ltr'><strong>τὰ</strong></span> <span class='ocrx_word' id='word_1_327' title='bbox 581 2993 728 3064; x_wconf 83' lang='grc' dir='ltr'>τέλη,</span> <span class='ocrx_word' id='word_1_328' title='bbox 761 2994 856 3048; x_wconf 71' lang='grc' dir='ltr'>καὶ</span> <span class='ocrx_word' id='word_1_329' title='bbox 886 2995 964 3054; x_wconf 81' lang='grc' dir='ltr'>εἰς</span> <span class='ocrx_word' id='word_1_330' title='bbox 997 2993 1087 3046; x_wconf 69' lang='grc' dir='ltr'>τὸν</span> <span class='ocrx_word' id='word_1_331' title='bbox 1116 2991 1342 3058; x_wconf 73' lang='grc' dir='ltr'>ἔσχατον</span> <span class='ocrx_word' id='word_1_332' title='bbox 1373 2989 1630 3058; x_wconf 71' lang='grc' dir='ltr'>ἀφίκοιτο</span> <span class='ocrx_word' id='word_1_333' title='bbox 1655 2991 1802 3060; x_wconf 81' lang='grc' dir='ltr'>ὅρον.</span> <span class='ocrx_word' id='word_1_334' title='bbox 1839 2989 1902 3042; x_wconf 75' lang='grc' dir='ltr'><strong>Εἰ</strong></span> 
     </span>
    </p>
   </div>
   <div class='ocr_carea' id='block_1_48' title="bbox 325 3083 1900 3154">
    <p class='ocr_par' dir='ltr' id='par_1_48' title="bbox 325 3083 1900 3154">
     <span class='ocr_line' id='line_1_48' title="bbox 325 3083 1900 3154; baseline -0.001 -18"><span class='ocrx_word' id='word_1_335' title='bbox 325 3085 580 3154; x_wconf 83' lang='grc' dir='ltr'>λαμπραὶ</span> <span class='ocrx_word' id='word_1_336' title='bbox 641 3087 696 3139; x_wconf 84' lang='grc' dir='ltr'>αἱ</span> <span class='ocrx_word' id='word_1_337' title='bbox 733 3086 922 3154; x_wconf 71' lang='grc' dir='ltr'>ἀρχαὶ,</span> <span class='ocrx_word' id='word_1_338' title='bbox 980 3085 1076 3136; x_wconf 74' lang='grc' dir='ltr'>καὶ</span> <span class='ocrx_word' id='word_1_339' title='bbox 1129 3083 1356 3136; x_wconf 89' lang='grc' dir='ltr'>τοιαῦτά</span> <span class='ocrx_word' id='word_1_340' title='bbox 1392 3099 1458 3149; x_wconf 86' lang='grc' dir='ltr'><strong>γε</strong></span> <span class='ocrx_word' id='word_1_341' title='bbox 1494 3083 1562 3134; x_wconf 80' lang='grc' dir='ltr'>τὰ</span> <span class='ocrx_word' id='word_1_342' title='bbox 1615 3083 1900 3150; x_wconf 63' lang='grc' dir='ltr'>προοίμια,</span> 
     </span>
    </p>
   </div>
   <div class='ocr_carea' id='block_1_49' title="bbox 323 3172 1900 3244">
    <p class='ocr_par' dir='ltr' id='par_1_49' title="bbox 323 3172 1900 3244">
     <span class='ocr_line' id='line_1_49' title="bbox 323 3172 1900 3244; baseline -0.004 -18"><span class='ocrx_word' id='word_1_343' title='bbox 323 3176 540 3244; x_wconf 82' lang='grc' dir='ltr'>λόγισαι</span> <span class='ocrx_word' id='word_1_344' title='bbox 575 3177 725 3227; x_wconf 85' lang='grc' dir='ltr'>ποῖον</span> <span class='ocrx_word' id='word_1_345' title='bbox 759 3175 914 3228; x_wconf 77' lang='grc' dir='ltr'>ἔσται</span> <span class='ocrx_word' id='word_1_346' title='bbox 973 3175 1034 3227; x_wconf 78' lang='grc' dir='ltr'><strong>τὺ</strong></span> <span class='ocrx_word' id='word_1_347' title='bbox 1079 3175 1232 3236; x_wconf 81' lang='grc' dir='ltr'>τέλος</span> <span class='ocrx_word' id='word_1_348' title='bbox 1278 3175 1579 3240; x_wconf 79' lang='grc' dir='ltr'>συμεαῖνον</span> <span class='ocrx_word' id='word_1_349' title='bbox 1623 3172 1900 3230; x_wconf 82' lang='grc' dir='ltr'>τοιαύταις</span> 
     </span>
    </p>
   </div>
   <div class='ocr_carea' id='block_1_50' title="bbox 2007 1971 3590 2044">
    <p class='ocr_par' dir='ltr' id='par_1_50' title="bbox 2007 1971 3590 2044">
     <span class='ocr_line' id='line_1_50' title="bbox 2007 1971 3590 2044; baseline 0.009 -22"><span class='ocrx_word' id='word_1_350' title='bbox 2007 1971 2236 2026; x_wconf 78' lang='lat' dir='ltr'><strong>Multum</strong></span> <span class='ocrx_word' id='word_1_351' title='bbox 2267 1974 2572 2032; x_wconf 82' lang='lat' dir='ltr'><strong>adhibuisti</strong></span> <span class='ocrx_word' id='word_1_352' title='bbox 2599 1981 2799 2038; x_wconf 81' lang='lat' dir='ltr'><strong>zelum,</strong></span> <span class='ocrx_word' id='word_1_353' title='bbox 2835 1982 3062 2034; x_wconf 89' lang='lat' dir='ltr'><strong>multam</strong></span> <span class='ocrx_word' id='word_1_354' title='bbox 3095 1983 3540 2038; x_wconf 89' lang='lat' dir='ltr'><strong>sollicitudinem</strong></span> <span class='ocrx_word' id='word_1_355' title='bbox 3575 2025 3590 2044; x_wconf 87' lang='lat'><em>.</em></span> 
     </span>
    </p>
   </div>
   <div class='ocr_carea' id='block_1_51' title="bbox 2008 2065 3596 2146">
    <p class='ocr_par' dir='ltr' id='par_1_51' title="bbox 2008 2065 3596 2146">
     <span class='ocr_line' id='line_1_51' title="bbox 2008 2065 3596 2146; baseline 0.008 -30"><span class='ocrx_word' id='word_1_356' title='bbox 2008 2065 2241 2119; x_wconf 87' lang='lat' dir='ltr'><strong>multum</strong></span> <span class='ocrx_word' id='word_1_357' title='bbox 2261 2067 2558 2137; x_wconf 80' lang='lat' dir='ltr'><strong>evigilasti,</strong></span> <span class='ocrx_word' id='word_1_358' title='bbox 2581 2071 2780 2126; x_wconf 90' lang='lat' dir='ltr'><strong>multas</strong></span> <span class='ocrx_word' id='word_1_359' title='bbox 2801 2087 2961 2126; x_wconf 90' lang='lat' dir='ltr'><strong>curas</strong></span> <span class='ocrx_word' id='word_1_360' title='bbox 2981 2075 3261 2128; x_wconf 87' lang='lat' dir='ltr'><strong>contulisti</strong></span> <span class='ocrx_word' id='word_1_361' title='bbox 3281 2078 3346 2128; x_wconf 89' lang='lat' dir='ltr'><strong>ad</strong></span> <span class='ocrx_word' id='word_1_362' title='bbox 3367 2093 3596 2146; x_wconf 81' lang='lat' dir='ltr'><strong>congre-</strong></span> 
     </span>
    </p>
   </div>
   <div class='ocr_carea' id='block_1_52' title="bbox 2006 2155 3594 2234">
    <p class='ocr_par' dir='ltr' id='par_1_52' title="bbox 2006 2155 3594 2234">
     <span class='ocr_line' id='line_1_52' title="bbox 2006 2155 3594 2234; baseline 0.007 -28"><span class='ocrx_word' id='word_1_363' title='bbox 2006 2155 2216 2226; x_wconf 75' lang='lat' dir='ltr'><strong>gandos</strong></span> <span class='ocrx_word' id='word_1_364' title='bbox 2260 2159 2504 2228; x_wconf 89' lang='lat' dir='ltr'><strong>undique</strong></span> <span class='ocrx_word' id='word_1_365' title='bbox 2529 2161 2734 2214; x_wconf 81' lang='lat' dir='ltr'><strong>Christi</strong></span> <span class='ocrx_word' id='word_1_366' title='bbox 2769 2163 2930 2228; x_wconf 87' lang='lat' dir='ltr'><strong>lilios,</strong></span> <span class='ocrx_word' id='word_1_367' title='bbox 2969 2173 3028 2216; x_wconf 91' lang='lat' dir='ltr'><strong>ut</strong></span> <span class='ocrx_word' id='word_1_368' title='bbox 3055 2164 3307 2218; x_wconf 82' lang='lat' dir='ltr'><strong>fraterno</strong></span> <span class='ocrx_word' id='word_1_369' title='bbox 3328 2181 3396 2218; x_wconf 90' lang='lat' dir='ltr'><strong>ac</strong></span> <span class='ocrx_word' id='word_1_370' title='bbox 3427 2167 3594 2234; x_wconf 55' lang='lat' dir='ltr'><strong>spiri-</strong></span> 
     </span>
    </p>
   </div>
   <div class='ocr_carea' id='block_1_53' title="bbox 2009 2246 3596 2319">
    <p class='ocr_par' dir='ltr' id='par_1_53' title="bbox 2009 2246 3596 2319">
     <span class='ocr_line' id='line_1_53' title="bbox 2009 2246 3596 2319; baseline 0.008 -21"><span class='ocrx_word' id='word_1_371' title='bbox 2009 2246 2100 2298; x_wconf 84' lang='lat' dir='ltr'><strong>tali</strong></span> <span class='ocrx_word' id='word_1_372' title='bbox 2134 2247 2336 2301; x_wconf 82' lang='lat' dir='ltr'><strong>aﬂ&#39;ectu</strong></span> <span class='ocrx_word' id='word_1_373' title='bbox 2389 2254 2666 2306; x_wconf 85' lang='lat' dir='ltr'><strong>communi</strong></span> <span class='ocrx_word' id='word_1_374' title='bbox 2721 2253 3119 2309; x_wconf 76' lang='lat' dir='ltr'><strong>deliberatione</strong></span> <span class='ocrx_word' id='word_1_375' title='bbox 3155 2257 3359 2319; x_wconf 86' lang='lat' dir='ltr'><strong>habita,</strong></span> <span class='ocrx_word' id='word_1_376' title='bbox 3411 2259 3596 2312; x_wconf 78' lang='lat' dir='ltr'><strong>victri—</strong></span> 
     </span>
    </p>
   </div>
   <div class='ocr_carea' id='block_1_54' title="bbox 2007 2341 3604 2409">
    <p class='ocr_par' dir='ltr' id='par_1_54' title="bbox 2007 2341 3604 2409">
     <span class='ocr_line' id='line_1_54' title="bbox 2007 2341 3604 2409; baseline 0.01 -22"><span class='ocrx_word' id='word_1_377' title='bbox 2007 2351 2125 2389; x_wconf 89' lang='lat' dir='ltr'><strong>cem</strong></span> <span class='ocrx_word' id='word_1_378' title='bbox 2157 2341 2442 2407; x_wconf 84' lang='lat' dir='ltr'><strong>sequendo</strong></span> <span class='ocrx_word' id='word_1_379' title='bbox 2477 2345 2788 2409; x_wconf 76' lang='lat' dir='ltr'><strong>veritatem,</strong></span> <span class='ocrx_word' id='word_1_380' title='bbox 2821 2347 2872 2400; x_wconf 92' lang='lat' dir='ltr'><strong>in</strong></span> <span class='ocrx_word' id='word_1_381' title='bbox 2897 2363 3058 2400; x_wconf 88' lang='lat' dir='ltr'><strong>unam</strong></span> <span class='ocrx_word' id='word_1_382' title='bbox 3089 2358 3218 2402; x_wconf 90' lang='lat' dir='ltr'><strong>eant</strong></span> <span class='ocrx_word' id='word_1_383' title='bbox 3241 2350 3604 2404; x_wconf 60' lang='lat' dir='ltr'><strong>sententiam;</strong></span> 
     </span>
    </p>
   </div>
   <div class='ocr_carea' id='block_1_55' title="bbox 2006 2428 3594 2514">
    <p class='ocr_par' dir='ltr' id='par_1_55' title="bbox 2006 2428 3594 2514">
     <span class='ocr_line' id='line_1_55' title="bbox 2006 2428 3594 2514; baseline 0.009 -32"><span class='ocrx_word' id='word_1_384' title='bbox 2006 2428 2176 2483; x_wconf 85' lang='lat' dir='ltr'><strong>Nemo</strong></span> <span class='ocrx_word' id='word_1_385' title='bbox 2215 2431 2270 2484; x_wconf 87' lang='lat' dir='ltr'><strong>id</strong></span> <span class='ocrx_word' id='word_1_386' title='bbox 2311 2442 2497 2502; x_wconf 77' lang='lat' dir='ltr'><strong>negat,</strong></span> <span class='ocrx_word' id='word_1_387' title='bbox 2531 2444 2722 2488; x_wconf 84' lang='lat' dir='ltr'><strong>notum</strong></span> <span class='ocrx_word' id='word_1_388' title='bbox 2753 2447 2838 2490; x_wconf 77' lang='lat' dir='ltr'><strong>est</strong></span> <span class='ocrx_word' id='word_1_389' title='bbox 2885 2439 3178 2502; x_wconf 84' lang='lat' dir='ltr'><strong>omnibus;</strong></span> <span class='ocrx_word' id='word_1_390' title='bbox 3215 2451 3384 2496; x_wconf 83' lang='lat' dir='ltr'><strong>testes</strong></span> <span class='ocrx_word' id='word_1_391' title='bbox 3428 2443 3594 2514; x_wconf 86' lang='lat' dir='ltr'><strong>hujus</strong></span> 
     </span>
    </p>
   </div>
   <div class='ocr_carea' id='block_1_56' title="bbox 2011 2521 3590 2601">
    <p class='ocr_par' dir='ltr' id='par_1_56' title="bbox 2011 2521 3590 2601">
     <span class='ocr_line' id='line_1_56' title="bbox 2011 2521 3590 2601; baseline 0.012 -30"><span class='ocrx_word' id='word_1_392' title='bbox 2011 2521 2092 2574; x_wconf 91' lang='lat' dir='ltr'><strong>rei</strong></span> <span class='ocrx_word' id='word_1_393' title='bbox 2135 2537 2328 2576; x_wconf 76' lang='lat' dir='ltr'><strong>sumus</strong></span> <span class='ocrx_word' id='word_1_394' title='bbox 2365 2525 2464 2578; x_wconf 84' lang='lat' dir='ltr'><strong>tibi</strong></span> <span class='ocrx_word' id='word_1_395' title='bbox 2515 2541 2616 2594; x_wconf 84' lang='lat' dir='ltr'><strong>ego</strong></span> <span class='ocrx_word' id='word_1_396' title='bbox 2651 2539 2706 2580; x_wconf 90' lang='lat' dir='ltr'><strong>et</strong></span> <span class='ocrx_word' id='word_1_397' title='bbox 2751 2545 2964 2584; x_wconf 86' lang='lat' dir='ltr'><strong>omnes.</strong></span> <span class='ocrx_word' id='word_1_398' title='bbox 3020 2531 3126 2585; x_wconf 88' lang='lat' dir='ltr'><strong>Sed</strong></span> <span class='ocrx_word' id='word_1_399' title='bbox 3161 2543 3376 2601; x_wconf 85' lang='lat' dir='ltr'><strong>oportet</strong></span> <span class='ocrx_word' id='word_1_400' title='bbox 3425 2539 3590 2590; x_wconf 82' lang='lat' dir='ltr'><strong>etiam</strong></span> 
     </span>
    </p>
   </div>
   <div class='ocr_carea' id='block_1_57' title="bbox 2007 2613 3592 2698">
    <p class='ocr_par' dir='ltr' id='par_1_57' title="bbox 2007 2613 3592 2698">
     <span class='ocr_line' id='line_1_57' title="bbox 2007 2613 3592 2698; baseline 0.012 -34"><span class='ocrx_word' id='word_1_401' title='bbox 2007 2621 2258 2678; x_wconf 82' lang='lat' dir='ltr'><strong>spectare</strong></span> <span class='ocrx_word' id='word_1_402' title='bbox 2296 2613 2484 2680; x_wconf 83' lang='lat' dir='ltr'><strong>tinem,</strong></span> <span class='ocrx_word' id='word_1_403' title='bbox 2521 2620 2864 2690; x_wconf 85' lang='lat' dir='ltr'><strong>consilioque</strong></span> <span class='ocrx_word' id='word_1_404' title='bbox 2901 2632 2992 2676; x_wconf 84' lang='lat' dir='ltr'><strong>tuo</strong></span> <span class='ocrx_word' id='word_1_405' title='bbox 3027 2625 3093 2678; x_wconf 89' lang='lat' dir='ltr'><strong>ad</strong></span> <span class='ocrx_word' id='word_1_406' title='bbox 3133 2627 3226 2678; x_wconf 87' lang='lat' dir='ltr'><strong>illtt</strong></span> <span class='ocrx_word' id='word_1_407' title='bbox 3255 2647 3283 2678; x_wconf 88' lang='grc' dir='ltr'><strong>ιι</strong></span> <span class='ocrx_word' id='word_1_408' title='bbox 3332 2639 3388 2682; x_wconf 72' lang='lat' dir='ltr'><strong>et</strong></span> <span class='ocrx_word' id='word_1_409' title='bbox 3429 2645 3592 2698; x_wconf 72' lang='lat' dir='ltr'><strong>agere</strong></span> 
     </span>
    </p>
   </div>
   <div class='ocr_carea' id='block_1_58' title="bbox 2005 2701 3590 2786">
    <p class='ocr_par' dir='ltr' id='par_1_58' title="bbox 2005 2701 3590 2786">
     <span class='ocr_line' id='line_1_58' title="bbox 2005 2701 3590 2786; baseline 0.011 -32"><span class='ocrx_word' id='word_1_410' title='bbox 2005 2711 2060 2754; x_wconf 92' lang='lat' dir='ltr'><strong>et</strong></span> <span class='ocrx_word' id='word_1_411' title='bbox 2100 2701 2332 2772; x_wconf 79' lang='lat' dir='ltr'><strong>dirigere</strong></span> <span class='ocrx_word' id='word_1_412' title='bbox 2381 2707 2608 2762; x_wconf 90' lang='lat' dir='ltr'><strong>omnia:</strong></span> <span class='ocrx_word' id='word_1_413' title='bbox 2650 2719 2708 2762; x_wconf 88' lang='lat' dir='ltr'><strong>ut</strong></span> <span class='ocrx_word' id='word_1_414' title='bbox 2759 2711 2976 2776; x_wconf 69' lang='lat' dir='ltr'><strong>laztitia,</strong></span> <span class='ocrx_word' id='word_1_415' title='bbox 3025 2730 3188 2782; x_wconf 88' lang='lat' dir='ltr'><strong>quam</strong></span> <span class='ocrx_word' id='word_1_416' title='bbox 3235 2717 3287 2768; x_wconf 86' lang='lat' dir='ltr'><strong>in</strong></span> <span class='ocrx_word' id='word_1_417' title='bbox 3337 2723 3590 2786; x_wconf 72' lang='lat' dir='ltr'><strong>praesenti</strong></span> 
     </span>
    </p>
   </div>
   <div class='ocr_carea' id='block_1_59' title="bbox 2007 2795 3593 2877">
    <p class='ocr_par' dir='ltr' id='par_1_59' title="bbox 2007 2795 3593 2877">
     <span class='ocr_line' id='line_1_59' title="bbox 2007 2795 3593 2877; baseline 0.011 -31"><span class='ocrx_word' id='word_1_418' title='bbox 2007 2795 2372 2862; x_wconf 80' lang='lat' dir='ltr'><strong>percipimus,</strong></span> <span class='ocrx_word' id='word_1_419' title='bbox 2409 2799 2672 2866; x_wconf 81' lang='lat' dir='ltr'><strong>paulatim</strong></span> <span class='ocrx_word' id='word_1_420' title='bbox 2713 2805 3012 2858; x_wconf 82' lang='lat' dir='ltr'><strong>crescendo</strong></span> <span class='ocrx_word' id='word_1_421' title='bbox 3039 2822 3472 2877; x_wconf 69' lang='lat' dir='ltr'><strong>progressusque</strong></span> <span class='ocrx_word' id='word_1_422' title='bbox 3511 2809 3593 2864; x_wconf 79' lang='lat' dir='ltr'><strong>fa-</strong></span> 
     </span>
    </p>
   </div>
   <div class='ocr_carea' id='block_1_60' title="bbox 2007 2887 3589 2964">
    <p class='ocr_par' dir='ltr' id='par_1_60' title="bbox 2007 2887 3589 2964">
     <span class='ocr_line' id='line_1_60' title="bbox 2007 2887 3589 2964; baseline 0.008 -25"><span class='ocrx_word' id='word_1_423' title='bbox 2007 2887 2224 2952; x_wconf 87' lang='lat' dir='ltr'><strong>ciendo,</strong></span> <span class='ocrx_word' id='word_1_424' title='bbox 2258 2889 2660 2958; x_wconf 87' lang='lat' dir='ltr'><strong>multiplicetur</strong></span> <span class='ocrx_word' id='word_1_425' title='bbox 2695 2892 2761 2946; x_wconf 88' lang='lat' dir='ltr'><strong>ad</strong></span> <span class='ocrx_word' id='word_1_426' title='bbox 2805 2893 2976 2946; x_wconf 87' lang='lat' dir='ltr'><strong>linem</strong></span> <span class='ocrx_word' id='word_1_427' title='bbox 3019 2905 3182 2964; x_wconf 89' lang='lat' dir='ltr'><strong>atque</strong></span> <span class='ocrx_word' id='word_1_428' title='bbox 3227 2897 3293 2950; x_wconf 89' lang='lat' dir='ltr'><strong>ad</strong></span> <span class='ocrx_word' id='word_1_429' title='bbox 3337 2899 3589 2952; x_wconf 89' lang='lat' dir='ltr'><strong>ultimum</strong></span> 
     </span>
    </p>
   </div>
   <div class='ocr_carea' id='block_1_61' title="bbox 2007 2981 3594 3054">
    <p class='ocr_par' dir='ltr' id='par_1_61' title="bbox 2007 2981 3594 3054">
     <span class='ocr_line' id='line_1_61' title="bbox 2007 2981 3594 3054; baseline 0.008 -23"><span class='ocrx_word' id='word_1_430' title='bbox 2007 2981 2294 3047; x_wconf 78' lang='lat' dir='ltr'><strong>perveniat</strong></span> <span class='ocrx_word' id='word_1_431' title='bbox 2317 2982 2622 3040; x_wconf 88' lang='lat' dir='ltr'><strong>cumulum.</strong></span> <span class='ocrx_word' id='word_1_432' title='bbox 2654 2983 2710 3037; x_wconf 89' lang='lat' dir='ltr'><strong>Si</strong></span> <span class='ocrx_word' id='word_1_433' title='bbox 2743 2985 3032 3054; x_wconf 86' lang='lat' dir='ltr'><strong>splendida</strong></span> <span class='ocrx_word' id='word_1_434' title='bbox 3056 2987 3209 3041; x_wconf 77' lang='lat' dir='ltr'><strong>initia</strong></span> <span class='ocrx_word' id='word_1_435' title='bbox 3241 2998 3296 3042; x_wconf 87' lang='lat' dir='ltr'><strong>et</strong></span> <span class='ocrx_word' id='word_1_436' title='bbox 3321 2991 3442 3043; x_wconf 88' lang='lat' dir='ltr'><strong>talia</strong></span> <span class='ocrx_word' id='word_1_437' title='bbox 3465 3003 3594 3044; x_wconf 72' lang='lat' dir='ltr'><strong>sunt</strong></span> 
     </span>
    </p>
   </div>
   <div class='ocr_carea' id='block_1_62' title="bbox 2005 3072 3596 3153">
    <p class='ocr_par' dir='ltr' id='par_1_62' title="bbox 2005 3072 3596 3153">
     <span class='ocr_line' id='line_1_62' title="bbox 2005 3072 3596 3153; baseline 0.008 -28"><span class='ocrx_word' id='word_1_438' title='bbox 2005 3072 2254 3137; x_wconf 62' lang='lat' dir='ltr'><strong>exordia,</strong></span> <span class='ocrx_word' id='word_1_439' title='bbox 2285 3075 2574 3129; x_wconf 81' lang='lat' dir='ltr'><strong>eoosidcra</strong></span> <span class='ocrx_word' id='word_1_440' title='bbox 2611 3077 2790 3144; x_wconf 84' lang='lat' dir='ltr'><strong>qualis</strong></span> <span class='ocrx_word' id='word_1_441' title='bbox 2816 3079 2924 3132; x_wconf 89' lang='lat' dir='ltr'><strong>erit</strong></span> <span class='ocrx_word' id='word_1_442' title='bbox 2961 3081 3081 3134; x_wconf 69' lang='lat' dir='ltr'><strong>[iiiis</strong></span> <span class='ocrx_word' id='word_1_443' title='bbox 3111 3082 3420 3150; x_wconf 61' lang='lat' dir='ltr'><strong>huiusmodi</strong></span> <span class='ocrx_word' id='word_1_444' title='bbox 3448 3087 3596 3153; x_wconf 86' lang='lat' dir='ltr'><strong>prin-</strong></span> 
     </span>
    </p>
   </div>
   <div class='ocr_carea' id='block_1_63' title="bbox 2008 3163 3589 3242">
    <p class='ocr_par' dir='ltr' id='par_1_63' title="bbox 2008 3163 3589 3242">
     <span class='ocr_line' id='line_1_63' title="bbox 2008 3163 3589 3242; baseline 0.009 -28"><span class='ocrx_word' id='word_1_445' title='bbox 2008 3163 2170 3231; x_wconf 84' lang='lat' dir='ltr'><strong>cipiis</strong></span> <span class='ocrx_word' id='word_1_446' title='bbox 2215 3180 2550 3236; x_wconf 75' lang='lat' dir='ltr'><strong>congruens.</strong></span> <span class='ocrx_word' id='word_1_447' title='bbox 2587 3167 2818 3234; x_wconf 79' lang='lat' dir='ltr'><strong>Quantis</strong></span> <span class='ocrx_word' id='word_1_448' title='bbox 2855 3187 2980 3224; x_wconf 87' lang='lat' dir='ltr'><strong>vero</strong></span> <span class='ocrx_word' id='word_1_449' title='bbox 3027 3172 3200 3225; x_wconf 77' lang='lat' dir='ltr'><strong>fausta</strong></span> <span class='ocrx_word' id='word_1_450' title='bbox 3242 3177 3589 3242; x_wconf 86' lang='lat' dir='ltr'><strong>precantium</strong></span> 
     </span>
    </p>
   </div>
   <div class='ocr_carea' id='block_1_64' title="bbox 323 3245 1903 3336">
    <p class='ocr_par' dir='ltr' id='par_1_64' title="bbox 323 3262 1900 3336">
     <span class='ocr_line' id='line_1_64' title="bbox 323 3262 1900 3336; baseline -0.003 -17"><span class='ocrx_word' id='word_1_451' title='bbox 323 3269 544 3336; x_wconf 76' lang='grc' dir='ltr'>ἀρχαῖς.</span> <span class='ocrx_word' id='word_1_452' title='bbox 597 3267 776 3319; x_wconf 81' lang='grc' dir='ltr'>Πόσου</span> <span class='ocrx_word' id='word_1_453' title='bbox 807 3266 864 3319; x_wconf 82' lang='grc' dir='ltr'>δὲ</span> <span class='ocrx_word' id='word_1_454' title='bbox 915 3265 1166 3329; x_wconf 79' lang='grc' dir='ltr'>τεύξεται</span> <span class='ocrx_word' id='word_1_455' title='bbox 1201 3263 1559 3333; x_wconf 75' lang='grc' dir='ltr'>μακαρισμοῦ</span> <span class='ocrx_word' id='word_1_456' title='bbox 1610 3265 1704 3316; x_wconf 70' lang='grc' dir='ltr'>καὶ</span> <span class='ocrx_word' id='word_1_457' title='bbox 1739 3262 1900 3316; x_wconf 78' lang='grc' dir='ltr'>ἐπαί-</span> 
     </span>
    </p>
   </div>
   <div class='ocr_carea' id='block_1_65' title="bbox 2007 3245 3589 3336">
    <p class='ocr_par' dir='ltr' id='par_1_65' title="bbox 2007 3256 3589 3332">
     <span class='ocr_line' id='line_1_65' title="bbox 2007 3256 3589 3332; baseline 0.011 -28"><span class='ocrx_word' id='word_1_458' title='bbox 2007 3256 2144 3310; x_wconf 81' lang='lat' dir='ltr'><strong>vctis</strong></span> <span class='ocrx_word' id='word_1_459' title='bbox 2174 3272 2238 3310; x_wconf 90' lang='lat' dir='ltr'><strong>ac</strong></span> <span class='ocrx_word' id='word_1_460' title='bbox 2267 3257 2551 3323; x_wconf 82' lang='lat' dir='ltr'><strong>laudibus,</strong></span> <span class='ocrx_word' id='word_1_461' title='bbox 2580 3279 2742 3331; x_wconf 88' lang='lat' dir='ltr'><strong>quant</strong></span> <span class='ocrx_word' id='word_1_462' title='bbox 2769 3264 2912 3317; x_wconf 72' lang='lat' dir='ltr'><strong>lactis</strong></span> <span class='ocrx_word' id='word_1_463' title='bbox 2944 3265 3318 3320; x_wconf 79' lang='lat' dir='ltr'><strong>celebrabitur</strong></span> <span class='ocrx_word' id='word_1_464' title='bbox 3340 3269 3589 3332; x_wconf 77' lang='lat' dir='ltr'><strong>vocibus,</strong></span> 
     </span>
    </p>
   </div>
   <div class='ocr_carea' id='block_1_66' title="bbox 323 3355 1898 3428">
    <p class='ocr_par' dir='ltr' id='par_1_66' title="bbox 323 3355 1898 3428">
     <span class='ocr_line' id='line_1_66' title="bbox 323 3355 1898 3428; baseline -0.001 -21"><span class='ocrx_word' id='word_1_465' title='bbox 323 3374 453 3424; x_wconf 85' lang='grc' dir='ltr'>νων,</span> <span class='ocrx_word' id='word_1_466' title='bbox 485 3358 618 3428; x_wconf 80' lang='grc' dir='ltr'>ὅσης</span> <span class='ocrx_word' id='word_1_467' title='bbox 645 3357 949 3427; x_wconf 77' lang='grc' dir='ltr'>εὐφημίας,</span> <span class='ocrx_word' id='word_1_468' title='bbox 981 3357 1124 3408; x_wconf 76' lang='grc' dir='ltr'>ὅσων</span> <span class='ocrx_word' id='word_1_469' title='bbox 1156 3357 1458 3424; x_wconf 79' lang='grc' dir='ltr'>στεφάνων,</span> <span class='ocrx_word' id='word_1_470' title='bbox 1487 3356 1543 3417; x_wconf 80' lang='grc' dir='ltr'><strong>ὃς</strong></span> <span class='ocrx_word' id='word_1_471' title='bbox 1573 3357 1666 3408; x_wconf 73' lang='grc' dir='ltr'>καὶ</span> <span class='ocrx_word' id='word_1_472' title='bbox 1704 3355 1898 3406; x_wconf 82' lang='grc' dir='ltr'>τοσαύ-</span> 
     </span>
    </p>
   </div>
   <div class='ocr_carea' id='block_1_67' title="bbox 323 3449 1903 3520">
    <p class='ocr_par' dir='ltr' id='par_1_67' title="bbox 323 3449 1903 3520">
     <span class='ocr_line' id='line_1_67' title="bbox 323 3449 1903 3520; baseline -0.001 -19"><span class='ocrx_word' id='word_1_473' title='bbox 323 3467 424 3510; x_wconf 85' lang='grc' dir='ltr'><strong>τας</strong></span> <span class='ocrx_word' id='word_1_474' title='bbox 459 3453 558 3520; x_wconf 82' lang='grc' dir='ltr'>μὲν</span> <span class='ocrx_word' id='word_1_475' title='bbox 592 3451 1035 3520; x_wconf 82' lang='grc' dir='ltr'>προκατεΰάλετο</span> <span class='ocrx_word' id='word_1_476' title='bbox 1071 3449 1282 3517; x_wconf 83' lang='grc' dir='ltr'>φθάσας</span> <span class='ocrx_word' id='word_1_477' title='bbox 1301 3451 1560 3518; x_wconf 75' lang='grc' dir='ltr'>ἀφορμὰς</span> <span class='ocrx_word' id='word_1_478' title='bbox 1591 3449 1702 3500; x_wconf 83' lang='grc' dir='ltr'>τῶν</span> <span class='ocrx_word' id='word_1_479' title='bbox 1761 3465 1903 3517; x_wconf 85' lang='grc' dir='ltr'>πρα-</span> 
     </span>
    </p>
   </div>
   <div class='ocr_carea' id='block_1_68' title="bbox 325 3521 1902 3612">
    <p class='ocr_par' dir='ltr' id='par_1_68' title="bbox 325 3541 1902 3612">
     <span class='ocr_line' id='line_1_68' title="bbox 325 3541 1902 3612; baseline -0.002 -15"><span class='ocrx_word' id='word_1_480' title='bbox 325 3543 570 3612; x_wconf 78' lang='grc' dir='ltr'>γμάτων,</span> <span class='ocrx_word' id='word_1_481' title='bbox 593 3543 830 3596; x_wconf 71' lang='grc' dir='ltr'>τοσαῦτα</span> <span class='ocrx_word' id='word_1_482' title='bbox 851 3542 896 3595; x_wconf 87' lang='grc' dir='ltr'>δ’</span> <span class='ocrx_word' id='word_1_483' title='bbox 913 3543 994 3595; x_wconf 81' lang='grc' dir='ltr'>ἔτι</span> <span class='ocrx_word' id='word_1_484' title='bbox 1013 3541 1402 3595; x_wconf 79' lang='grc' dir='ltr'>καταϐαλεῖται</span> <span class='ocrx_word' id='word_1_485' title='bbox 1424 3558 1438 3601; x_wconf 77' lang='grc' dir='ltr'>ς</span> <span class='ocrx_word' id='word_1_486' title='bbox 1464 3543 1646 3611; x_wconf 83' lang='grc' dir='ltr'>Ἔχεις</span> <span class='ocrx_word' id='word_1_487' title='bbox 1667 3542 1902 3594; x_wconf 77' lang='grc' dir='ltr'>ἐνταῦθα</span> 
     </span>
    </p>
   </div>
   <div class='ocr_carea' id='block_1_69' title="bbox 325 3629 1892 3703">
    <p class='ocr_par' dir='ltr' id='par_1_69' title="bbox 325 3629 1892 3703">
     <span class='ocr_line' id='line_1_69' title="bbox 325 3629 1892 3703; baseline 0.001 -17"><span class='ocrx_word' id='word_1_488' title='bbox 325 3633 730 3702; x_wconf 66' lang='grc' dir='ltr'>συλληψόμενόν</span> <span class='ocrx_word' id='word_1_489' title='bbox 761 3649 818 3686; x_wconf 86' lang='grc' dir='ltr'><strong>τε</strong></span> <span class='ocrx_word' id='word_1_490' title='bbox 853 3635 946 3688; x_wconf 79' lang='grc' dir='ltr'>καὶ</span> <span class='ocrx_word' id='word_1_491' title='bbox 987 3635 1270 3703; x_wconf 52' lang='grc' dir='ltr'>ὲᾲόμενον,</span> <span class='ocrx_word' id='word_1_492' title='bbox 1305 3635 1389 3703; x_wconf 78' lang='grc' dir='ltr'><strong>ἐφ’</strong></span> <span class='ocrx_word' id='word_1_493' title='bbox 1425 3629 1506 3696; x_wconf 72' lang='grc' dir='ltr'>οἷς</span> <span class='ocrx_word' id='word_1_494' title='bbox 1539 3637 1710 3688; x_wconf 75' lang='grc' dir='ltr'>ἅπασι</span> <span class='ocrx_word' id='word_1_495' title='bbox 1743 3636 1892 3700; x_wconf 77' lang='grc' dir='ltr'>δέον,</span> 
     </span>
    </p>
   </div>
   <div class='ocr_carea' id='block_1_70' title="bbox 321 3725 1906 3797">
    <p class='ocr_par' dir='ltr' id='par_1_70' title="bbox 321 3725 1906 3797">
     <span class='ocr_line' id='line_1_70' title="bbox 321 3725 1906 3797; baseline 0.003 -23"><span class='ocrx_word' id='word_1_496' title='bbox 321 3728 421 3778; x_wconf 69' lang='grc' dir='ltr'>,τὸν</span> <span class='ocrx_word' id='word_1_497' title='bbox 469 3728 582 3778; x_wconf 75' lang='grc' dir='ltr'>υίόν</span> <span class='ocrx_word' id='word_1_498' title='bbox 612 3744 670 3778; x_wconf 88' lang='grc' dir='ltr'><strong>τε</strong></span> <span class='ocrx_word' id='word_1_499' title='bbox 717 3729 810 3780; x_wconf 78' lang='grc' dir='ltr'>καὶ</span> <span class='ocrx_word' id='word_1_500' title='bbox 847 3726 1078 3797; x_wconf 80' lang='grc' dir='ltr'>βασιλέα</span> <span class='ocrx_word' id='word_1_501' title='bbox 1120 3727 1208 3780; x_wconf 76' lang='grc' dir='ltr'>τὸν</span> <span class='ocrx_word' id='word_1_502' title='bbox 1243 3725 1636 3778; x_wconf 78' lang='grc' dir='ltr'>εὐσεϐέστατον</span> <span class='ocrx_word' id='word_1_503' title='bbox 1683 3727 1774 3781; x_wconf 68' lang='grc' dir='ltr'>καὶ</span> <span class='ocrx_word' id='word_1_504' title='bbox 1805 3745 1906 3794; x_wconf 77' lang='grc' dir='ltr'>γα-</span> 
     </span>
    </p>
   </div>
   <div class='ocr_carea' id='block_1_71' title="bbox 321 3813 1902 3889">
    <p class='ocr_par' dir='ltr' id='par_1_71' title="bbox 321 3813 1902 3889">
     <span class='ocr_line' id='line_1_71' title="bbox 321 3813 1902 3889; baseline 0.001 -20"><span class='ocrx_word' id='word_1_505' title='bbox 321 3819 618 3887; x_wconf 77' lang='grc' dir='ltr'>ληνότατον</span> <span class='ocrx_word' id='word_1_506' title='bbox 672 3820 764 3872; x_wconf 73' lang='grc' dir='ltr'>καὶ</span> <span class='ocrx_word' id='word_1_507' title='bbox 819 3819 1204 3889; x_wconf 79' lang='grc' dir='ltr'>φιλόχριστον·</span> <span class='ocrx_word' id='word_1_508' title='bbox 1239 3818 1296 3879; x_wconf 85' lang='grc' dir='ltr'><strong>ὂς</strong></span> <span class='ocrx_word' id='word_1_509' title='bbox 1347 3817 1559 3872; x_wconf 84' lang='grc' dir='ltr'>πολλῶν</span> <span class='ocrx_word' id='word_1_510' title='bbox 1603 3819 1773 3871; x_wconf 73' lang='grc' dir='ltr'>ὄντων</span> <span class='ocrx_word' id='word_1_511' title='bbox 1823 3813 1902 3883; x_wconf 77' lang='grc' dir='ltr'>οἷς</span> 
     </span>
    </p>
   </div>
   <div class='ocr_carea' id='block_1_72' title="bbox 327 3910 1902 3982">
    <p class='ocr_par' dir='ltr' id='par_1_72' title="bbox 327 3910 1902 3982">
     <span class='ocr_line' id='line_1_72' title="bbox 327 3910 1902 3982; baseline -0.001 -19"><span class='ocrx_word' id='word_1_512' title='bbox 327 3912 678 3982; x_wconf 76' lang='grc' dir='ltr'>κεκόσμηκεν</span> <span class='ocrx_word' id='word_1_513' title='bbox 703 3911 896 3964; x_wconf 77' lang='grc' dir='ltr'>ἑαυτὸν</span> <span class='ocrx_word' id='word_1_514' title='bbox 920 3910 1168 3976; x_wconf 78' lang='grc' dir='ltr'>ἀγαθοῖς,</span> <span class='ocrx_word' id='word_1_515' title='bbox 1203 3910 1483 3978; x_wconf 78' lang='grc' dir='ltr'>ἐξαίρετον</span> <span class='ocrx_word' id='word_1_516' title='bbox 1514 3910 1628 3978; x_wconf 78' lang='grc' dir='ltr'>ἔχει</span> <span class='ocrx_word' id='word_1_517' title='bbox 1658 3912 1750 3961; x_wconf 66' lang='grc' dir='ltr'>τὶν</span> <span class='ocrx_word' id='word_1_518' title='bbox 1777 3913 1902 3980; x_wconf 76' lang='grc' dir='ltr'>περὶ</span> 
     </span>
    </p>
   </div>
   <div class='ocr_carea' id='block_1_73' title="bbox 325 4001 1904 4072">
    <p class='ocr_par' dir='ltr' id='par_1_73' title="bbox 325 4001 1904 4072">
     <span class='ocr_line' id='line_1_73' title="bbox 325 4001 1904 4072; baseline -0.001 -17"><span class='ocrx_word' id='word_1_519' title='bbox 325 4001 462 4056; x_wconf 84' lang='grc' dir='ltr'>Θεοῦ</span> <span class='ocrx_word' id='word_1_520' title='bbox 499 4005 594 4056; x_wconf 81' lang='grc' dir='ltr'>καὶ</span> <span class='ocrx_word' id='word_1_521' title='bbox 639 4004 732 4056; x_wconf 87' lang='grc' dir='ltr'><strong>τοῦ</strong></span> <span class='ocrx_word' id='word_1_522' title='bbox 771 4003 940 4056; x_wconf 85' lang='grc' dir='ltr'>καλοῦ</span> <span class='ocrx_word' id='word_1_523' title='bbox 979 4002 1144 4071; x_wconf 74' lang='grc' dir='ltr'>ζῆλον</span> <span class='ocrx_word' id='word_1_524' title='bbox 1181 4003 1273 4056; x_wconf 70' lang='grc' dir='ltr'>καὶ</span> <span class='ocrx_word' id='word_1_525' title='bbox 1305 4003 1398 4055; x_wconf 80' lang='grc' dir='ltr'>τὸν</span> <span class='ocrx_word' id='word_1_526' title='bbox 1444 4002 1583 4072; x_wconf 83' lang='grc' dir='ltr'>ὑπὲρ</span> <span class='ocrx_word' id='word_1_527' title='bbox 1615 4003 1716 4071; x_wconf 85' lang='grc' dir='ltr'>τῆς</span> <span class='ocrx_word' id='word_1_528' title='bbox 1748 4003 1904 4054; x_wconf 82' lang='grc' dir='ltr'>εὐσε-</span> 
     </span>
    </p>
   </div>
   <div class='ocr_carea' id='block_1_74' title="bbox 325 4093 1904 4164">
    <p class='ocr_par' dir='ltr' id='par_1_74' title="bbox 325 4093 1904 4164">
     <span class='ocr_line' id='line_1_74' title="bbox 325 4093 1904 4164; baseline 0.001 -18"><span class='ocrx_word' id='word_1_529' title='bbox 325 4095 482 4157; x_wconf 76' lang='grc' dir='ltr'>ϐείας</span> <span class='ocrx_word' id='word_1_530' title='bbox 513 4095 702 4162; x_wconf 85' lang='grc' dir='ltr'>ἀγῶνα</span> <span class='ocrx_word' id='word_1_531' title='bbox 723 4113 737 4128; x_wconf 90' lang='grc'><strong>·</strong></span> <span class='ocrx_word' id='word_1_532' title='bbox 773 4095 832 4160; x_wconf 80' lang='grc' dir='ltr'><strong>ὃς</strong></span> <span class='ocrx_word' id='word_1_533' title='bbox 866 4095 1154 4164; x_wconf 75' lang='grc' dir='ltr'>ἡλικιῶτιν</span> <span class='ocrx_word' id='word_1_534' title='bbox 1181 4093 1322 4163; x_wconf 78' lang='grc' dir='ltr'>ἔχων</span> <span class='ocrx_word' id='word_1_535' title='bbox 1366 4095 1464 4164; x_wconf 81' lang='grc' dir='ltr'>τὴν</span> <span class='ocrx_word' id='word_1_536' title='bbox 1509 4094 1662 4163; x_wconf 77' lang='grc' dir='ltr'>ἱεράν</span> <span class='ocrx_word' id='word_1_537' title='bbox 1695 4094 1904 4163; x_wconf 88' lang='grc' dir='ltr'>ταύτην</span> 
     </span>
    </p>
   </div>
   <div class='ocr_carea' id='block_1_75' title="bbox 325 4185 1900 4253">
    <p class='ocr_par' dir='ltr' id='par_1_75' title="bbox 325 4185 1900 4253">
     <span class='ocr_line' id='line_1_75' title="bbox 325 4185 1900 4253; baseline 0.001 -17"><span class='ocrx_word' id='word_1_538' title='bbox 325 4185 428 4253; x_wconf 80' lang='grc' dir='ltr'>τῆς</span> <span class='ocrx_word' id='word_1_539' title='bbox 454 4185 616 4252; x_wconf 82' lang='grc' dir='ltr'>ἁγίας</span> <span class='ocrx_word' id='word_1_540' title='bbox 643 4185 752 4238; x_wconf 81' lang='grc' dir='ltr'>τῶν</span> <span class='ocrx_word' id='word_1_541' title='bbox 795 4185 1132 4253; x_wconf 82' lang='grc' dir='ltr'>Ἐκκλησιῶν</span> <span class='ocrx_word' id='word_1_542' title='bbox 1168 4186 1417 4248; x_wconf 83' lang='grc' dir='ltr'>ἑνώσεως</span> <span class='ocrx_word' id='word_1_543' title='bbox 1450 4185 1662 4252; x_wconf 68' lang='grc' dir='ltr'>ἔφεσιν,</span> <span class='ocrx_word' id='word_1_544' title='bbox 1701 4187 1760 4238; x_wconf 84' lang='grc' dir='ltr'>οὐ</span> <span class='ocrx_word' id='word_1_545' title='bbox 1791 4185 1900 4238; x_wconf 88' lang='grc' dir='ltr'>διε-</span> 
     </span>
    </p>
   </div>
   <div class='ocr_carea' id='block_1_76' title="bbox 325 4275 1904 4348">
    <p class='ocr_par' dir='ltr' id='par_1_76' title="bbox 325 4275 1904 4348">
     <span class='ocr_line' id='line_1_76' title="bbox 325 4275 1904 4348; baseline 0 -20"><span class='ocrx_word' id='word_1_546' title='bbox 325 4275 570 4345; x_wconf 82' lang='grc' dir='ltr'>λίμπανὲ</span> <span class='ocrx_word' id='word_1_547' title='bbox 599 4277 806 4346; x_wconf 82' lang='grc' dir='ltr'>σπουδῇ</span> <span class='ocrx_word' id='word_1_548' title='bbox 835 4277 934 4347; x_wconf 78' lang='grc' dir='ltr'>μὲν</span> <span class='ocrx_word' id='word_1_549' title='bbox 958 4278 1265 4348; x_wconf 84' lang='grc' dir='ltr'>ἀνερευνῶν</span> <span class='ocrx_word' id='word_1_550' title='bbox 1289 4278 1416 4340; x_wconf 78' lang='grc' dir='ltr'>τοὺς</span> <span class='ocrx_word' id='word_1_551' title='bbox 1443 4277 1669 4347; x_wconf 78' lang='grc' dir='ltr'>καιροὺς</span> <span class='ocrx_word' id='word_1_552' title='bbox 1691 4277 1741 4329; x_wconf 82' lang='grc' dir='ltr'>οἳ</span> <span class='ocrx_word' id='word_1_553' title='bbox 1769 4280 1904 4348; x_wconf 75' lang='grc' dir='ltr'>πρὸς</span> 
     </span>
    </p>
   </div>
   <div class='ocr_carea' id='block_1_77' title="bbox 325 4368 1906 4438">
    <p class='ocr_par' dir='ltr' id='par_1_77' title="bbox 325 4368 1906 4438">
     <span class='ocr_line' id='line_1_77' title="bbox 325 4368 1906 4438; baseline 0.001 -18"><span class='ocrx_word' id='word_1_554' title='bbox 325 4369 486 4421; x_wconf 84' lang='grc' dir='ltr'>τοῦτο</span> <span class='ocrx_word' id='word_1_555' title='bbox 518 4370 850 4432; x_wconf 85' lang='grc' dir='ltr'>συνοίσουσι,</span> <span class='ocrx_word' id='word_1_556' title='bbox 885 4370 1050 4438; x_wconf 68' lang='grc' dir='ltr'>σοφία</span> <span class='ocrx_word' id='word_1_557' title='bbox 1083 4370 1139 4421; x_wconf 81' lang='grc' dir='ltr'>δὲ</span> <span class='ocrx_word' id='word_1_558' title='bbox 1173 4371 1333 4437; x_wconf 80' lang='grc' dir='ltr'>γνοὺς</span> <span class='ocrx_word' id='word_1_559' title='bbox 1367 4370 1458 4420; x_wconf 77' lang='grc' dir='ltr'><strong>καὶ</strong></span> <span class='ocrx_word' id='word_1_560' title='bbox 1479 4368 1655 4434; x_wconf 79' lang='grc' dir='ltr'>εὑρὼν</span> <span class='ocrx_word' id='word_1_561' title='bbox 1685 4369 1776 4421; x_wconf 73' lang='grc' dir='ltr'>καὶ</span> <span class='ocrx_word' id='word_1_562' title='bbox 1803 4387 1906 4437; x_wconf 84' lang='grc' dir='ltr'>φα-</span> 
     </span>
    </p>
   </div>
   <div class='ocr_carea' id='block_1_78' title="bbox 325 4460 1904 4530">
    <p class='ocr_par' dir='ltr' id='par_1_78' title="bbox 325 4460 1904 4530">
     <span class='ocr_line' id='line_1_78' title="bbox 325 4460 1904 4530; baseline 0.001 -18"><span class='ocrx_word' id='word_1_563' title='bbox 325 4465 486 4513; x_wconf 70' lang='grc' dir='ltr'>νέντα</span> <span class='ocrx_word' id='word_1_564' title='bbox 517 4462 801 4530; x_wconf 82' lang='grc' dir='ltr'>ἁρπάσας,</span> <span class='ocrx_word' id='word_1_565' title='bbox 853 4465 946 4514; x_wconf 73' lang='grc' dir='ltr'>καὶ</span> <span class='ocrx_word' id='word_1_566' title='bbox 980 4463 1036 4522; x_wconf 82' lang='grc' dir='ltr'><strong>ἐς</strong></span> <span class='ocrx_word' id='word_1_567' title='bbox 1077 4461 1194 4513; x_wconf 86' lang='grc' dir='ltr'>τόδε</span> <span class='ocrx_word' id='word_1_568' title='bbox 1221 4460 1286 4530; x_wconf 83' lang='grc' dir='ltr'>δὴ</span> <span class='ocrx_word' id='word_1_569' title='bbox 1316 4461 1376 4513; x_wconf 78' lang='grc' dir='ltr'>τὸ</span> <span class='ocrx_word' id='word_1_570' title='bbox 1428 4461 1704 4530; x_wconf 77' lang='grc' dir='ltr'>ὁρώμενον</span> <span class='ocrx_word' id='word_1_571' title='bbox 1733 4479 1904 4529; x_wconf 84' lang='grc' dir='ltr'>προα-</span> 
     </span>
    </p>
   </div>
   <div class='ocr_carea' id='block_1_79' title="bbox 327 4553 1904 4624">
    <p class='ocr_par' dir='ltr' id='par_1_79' title="bbox 327 4553 1904 4624">
     <span class='ocr_line' id='line_1_79' title="bbox 327 4553 1904 4624; baseline 0.001 -20"><span class='ocrx_word' id='word_1_572' title='bbox 327 4553 516 4620; x_wconf 80' lang='grc' dir='ltr'>γαγὼν</span> <span class='ocrx_word' id='word_1_573' title='bbox 570 4556 638 4606; x_wconf 76' lang='grc' dir='ltr'>τὰ</span> <span class='ocrx_word' id='word_1_574' title='bbox 694 4553 787 4606; x_wconf 83' lang='grc' dir='ltr'><strong>τοῦ</strong></span> <span class='ocrx_word' id='word_1_575' title='bbox 833 4556 1201 4624; x_wconf 76' lang='grc' dir='ltr'>πράγματοςο</span> <span class='ocrx_word' id='word_1_576' title='bbox 1254 4553 1309 4614; x_wconf 82' lang='grc' dir='ltr'><strong>ὃς</strong></span> <span class='ocrx_word' id='word_1_577' title='bbox 1353 4555 1488 4622; x_wconf 55' lang='grc' dir='ltr'>πρὸς</span> <span class='ocrx_word' id='word_1_578' title='bbox 1547 4553 1606 4604; x_wconf 83' lang='grc' dir='ltr'>ἓν</span> <span class='ocrx_word' id='word_1_579' title='bbox 1636 4554 1791 4606; x_wconf 77' lang='grc' dir='ltr'>τοῦτο</span> <span class='ocrx_word' id='word_1_580' title='bbox 1845 4555 1904 4605; x_wconf 72' lang='grc' dir='ltr'><strong>τὺ</strong></span> 
     </span>
    </p>
   </div>
   <div class='ocr_carea' id='block_1_80' title="bbox 328 4643 1908 4714">
    <p class='ocr_par' dir='ltr' id='par_1_80' title="bbox 328 4643 1908 4714">
     <span class='ocr_line' id='line_1_80' title="bbox 328 4643 1908 4714; baseline 0.002 -19"><span class='ocrx_word' id='word_1_581' title='bbox 328 4645 536 4712; x_wconf 79' lang='grc' dir='ltr'>αγαθὸν</span> <span class='ocrx_word' id='word_1_582' title='bbox 588 4647 939 4709; x_wconf 77' lang='grc' dir='ltr'>ἀποϐλέπων,</span> <span class='ocrx_word' id='word_1_583' title='bbox 993 4647 1086 4698; x_wconf 74' lang='grc' dir='ltr'>καὶ</span> <span class='ocrx_word' id='word_1_584' title='bbox 1117 4643 1322 4714; x_wconf 82' lang='grc' dir='ltr'>ταύτης</span> <span class='ocrx_word' id='word_1_585' title='bbox 1361 4646 1479 4707; x_wconf 80' lang='grc' dir='ltr'>ὅλος</span> <span class='ocrx_word' id='word_1_586' title='bbox 1524 4647 1762 4712; x_wconf 85' lang='grc' dir='ltr'>γεγονὼς</span> <span class='ocrx_word' id='word_1_587' title='bbox 1810 4647 1908 4714; x_wconf 74' lang='grc' dir='ltr'>τῆς</span> 
     </span>
    </p>
   </div>
   <div class='ocr_carea' id='block_1_81' title="bbox 325 4734 1909 4808">
    <p class='ocr_par' dir='ltr' id='par_1_81' title="bbox 325 4734 1909 4808">
     <span class='ocr_line' id='line_1_81' title="bbox 325 4734 1909 4808; baseline -0.003 -16"><span class='ocrx_word' id='word_1_588' title='bbox 325 4741 591 4808; x_wconf 65' lang='grc' dir='ltr'>ἐφέσεως,</span> <span class='ocrx_word' id='word_1_589' title='bbox 649 4738 1030 4805; x_wconf 84' lang='grc' dir='ltr'>κατεφρόνησε</span> <span class='ocrx_word' id='word_1_590' title='bbox 1069 4735 1170 4802; x_wconf 82' lang='grc' dir='ltr'>μὲν</span> <span class='ocrx_word' id='word_1_591' title='bbox 1225 4734 1516 4798; x_wconf 86' lang='grc' dir='ltr'>κινδύνων,</span> <span class='ocrx_word' id='word_1_592' title='bbox 1570 4735 1816 4802; x_wconf 75' lang='grc' dir='ltr'>ὑπερεῖδε</span> <span class='ocrx_word' id='word_1_593' title='bbox 1853 4735 1909 4789; x_wconf 71' lang='grc' dir='ltr'>δὲ</span> 
     </span>
    </p>
   </div>
   <div class='ocr_carea' id='block_1_82' title="bbox 323 4825 1909 4900">
    <p class='ocr_par' dir='ltr' id='par_1_82' title="bbox 323 4825 1909 4900">
     <span class='ocr_line' id='line_1_82' title="bbox 323 4825 1909 4900; baseline -0.003 -16"><span class='ocrx_word' id='word_1_594' title='bbox 323 4832 542 4900; x_wconf 78' lang='grc' dir='ltr'>τρυφῆς</span> <span class='ocrx_word' id='word_1_595' title='bbox 573 4831 669 4883; x_wconf 78' lang='grc' dir='ltr'>καὶ</span> <span class='ocrx_word' id='word_1_596' title='bbox 703 4828 963 4889; x_wconf 84' lang='grc' dir='ltr'>ἀνέσεως,</span> <span class='ocrx_word' id='word_1_597' title='bbox 1001 4825 1377 4896; x_wconf 76' lang='grc' dir='ltr'>κατεφρόνησε</span> <span class='ocrx_word' id='word_1_598' title='bbox 1425 4826 1482 4878; x_wconf 83' lang='grc' dir='ltr'>δὲ</span> <span class='ocrx_word' id='word_1_599' title='bbox 1517 4829 1775 4878; x_wconf 83' lang='grc' dir='ltr'>τοσούτου</span> <span class='ocrx_word' id='word_1_600' title='bbox 1809 4843 1909 4879; x_wconf 84' lang='grc' dir='ltr'>πε-</span> 
     </span>
    </p>
   </div>
   <div class='ocr_carea' id='block_1_83' title="bbox 273 4907 1910 4988">
    <p class='ocr_par' dir='ltr' id='par_1_83' title="bbox 273 4907 1910 4988">
     <span class='ocr_line' id='line_1_83' title="bbox 273 4907 1910 4988; baseline -0.002 -14"><span class='ocrx_word' id='word_1_601' title='bbox 273 4907 530 4988; x_wconf 48' lang='grc' dir='ltr'>”λάγους</span> <span class='ocrx_word' id='word_1_602' title='bbox 587 4937 644 4972; x_wconf 86' lang='grc' dir='ltr'><strong>τε</strong></span> <span class='ocrx_word' id='word_1_603' title='bbox 701 4921 794 4972; x_wconf 73' lang='grc' dir='ltr'>καὶ</span> <span class='ocrx_word' id='word_1_604' title='bbox 859 4919 1118 4986; x_wconf 78' lang='grc' dir='ltr'>κυμάτων</span> <span class='ocrx_word' id='word_1_605' title='bbox 1174 4917 1264 4969; x_wconf 77' lang='grc' dir='ltr'>ἶσα</span> <span class='ocrx_word' id='word_1_606' title='bbox 1318 4915 1750 4985; x_wconf 80' lang='grc' dir='ltr'>κορυφουμένων</span> <span class='ocrx_word' id='word_1_607' title='bbox 1814 4919 1910 4970; x_wconf 79' lang='grc' dir='ltr'>καὶ</span> 
     </span>
    </p>
   </div>
   <div class='ocr_carea' id='block_1_84' title="bbox 323 5007 1910 5084">
    <p class='ocr_par' dir='ltr' id='par_1_84' title="bbox 323 5007 1910 5084">
     <span class='ocr_line' id='line_1_84' title="bbox 323 5007 1910 5084; baseline -0.004 -19"><span class='ocrx_word' id='word_1_608' title='bbox 323 5014 508 5084; x_wconf 76' lang='grc' dir='ltr'>δρεσι,</span> <span class='ocrx_word' id='word_1_609' title='bbox 537 5011 824 5082; x_wconf 77' lang='grc' dir='ltr'>προήκατο</span> <span class='ocrx_word' id='word_1_610' title='bbox 851 5010 906 5064; x_wconf 83' lang='grc' dir='ltr'><strong>δέ</strong></span> <span class='ocrx_word' id='word_1_611' title='bbox 949 5026 1012 5076; x_wconf 88' lang='grc' dir='ltr'><strong>γε</strong></span> <span class='ocrx_word' id='word_1_612' title='bbox 1044 5008 1189 5078; x_wconf 74' lang='grc' dir='ltr'>ζωήν</span> <span class='ocrx_word' id='word_1_613' title='bbox 1225 5025 1284 5061; x_wconf 84' lang='grc' dir='ltr'><strong>τε</strong></span> <span class='ocrx_word' id='word_1_614' title='bbox 1328 5011 1424 5062; x_wconf 67' lang='grc' dir='ltr'>καὶ</span> <span class='ocrx_word' id='word_1_615' title='bbox 1459 5009 1574 5076; x_wconf 73' lang='grc' dir='ltr'>βίον</span> <span class='ocrx_word' id='word_1_616' title='bbox 1613 5009 1709 5060; x_wconf 71' lang='grc' dir='ltr'>καὶ</span> <span class='ocrx_word' id='word_1_617' title='bbox 1741 5007 1910 5078; x_wconf 79' lang='grc' dir='ltr'>αὐτὴν</span> 
     </span>
    </p>
   </div>
   <div class='ocr_carea' id='block_1_85' title="bbox 325 5099 1907 5172">
    <p class='ocr_par' dir='ltr' id='par_1_85' title="bbox 325 5099 1907 5172">
     <span class='ocr_line' id='line_1_85' title="bbox 325 5099 1907 5172; baseline -0.004 -16"><span class='ocrx_word' id='word_1_618' title='bbox 325 5104 430 5172; x_wconf 79' lang='grc' dir='ltr'>τὴν</span> <span class='ocrx_word' id='word_1_619' title='bbox 464 5103 702 5172; x_wconf 79' lang='grc' dir='ltr'>πατρίδα</span> <span class='ocrx_word' id='word_1_620' title='bbox 733 5101 874 5169; x_wconf 84' lang='grc' dir='ltr'>ὑπὲρ</span> <span class='ocrx_word' id='word_1_621' title='bbox 921 5099 1016 5152; x_wconf 88' lang='grc' dir='ltr'><strong>τοῦ</strong></span> <span class='ocrx_word' id='word_1_622' title='bbox 1065 5101 1320 5167; x_wconf 84' lang='grc' dir='ltr'>γενέσθαι</span> <span class='ocrx_word' id='word_1_623' title='bbox 1371 5100 1631 5167; x_wconf 72' lang='grc' dir='ltr'>συνεργὸς</span> <span class='ocrx_word' id='word_1_624' title='bbox 1659 5099 1737 5168; x_wconf 79' lang='grc' dir='ltr'>τῷ</span> <span class='ocrx_word' id='word_1_625' title='bbox 1769 5099 1907 5170; x_wconf 74' lang='grc' dir='ltr'>Θεῷ,</span> 
     </span>
    </p>
   </div>
   <div class='ocr_carea' id='block_1_86' title="bbox 327 5185 1909 5264">
    <p class='ocr_par' dir='ltr' id='par_1_86' title="bbox 327 5185 1909 5264">
     <span class='ocr_line' id='line_1_86' title="bbox 327 5185 1909 5264; baseline -0.004 -16"><span class='ocrx_word' id='word_1_626' title='bbox 327 5197 426 5248; x_wconf 77' lang='grc' dir='ltr'>καὶ</span> <span class='ocrx_word' id='word_1_627' title='bbox 457 5197 522 5264; x_wconf 84' lang='grc' dir='ltr'>τῇ</span> <span class='ocrx_word' id='word_1_628' title='bbox 567 5195 868 5264; x_wconf 72' lang='grc' dir='ltr'>Ἐκκλησία</span> <span class='ocrx_word' id='word_1_629' title='bbox 899 5193 1278 5262; x_wconf 83' lang='grc' dir='ltr'>πρυτανεῦσαι</span> <span class='ocrx_word' id='word_1_630' title='bbox 1309 5193 1552 5262; x_wconf 74' lang='grc' dir='ltr'>εἰρήνην,</span> <span class='ocrx_word' id='word_1_631' title='bbox 1583 5185 1648 5262; x_wconf 84' lang='grc' dir='ltr'><strong>ἦς</strong></span> <span class='ocrx_word' id='word_1_632' title='bbox 1695 5193 1754 5242; x_wconf 84' lang='grc' dir='ltr'>οὺ</span> <span class='ocrx_word' id='word_1_633' title='bbox 1783 5194 1909 5261; x_wconf 74' lang='grc' dir='ltr'>τρό-</span> 
     </span>
    </p>
   </div>
   <div class='ocr_carea' id='block_1_87' title="bbox 331 5279 1908 5354">
    <p class='ocr_par' dir='ltr' id='par_1_87' title="bbox 331 5279 1908 5354">
     <span class='ocr_line' id='line_1_87' title="bbox 331 5279 1908 5354; baseline 0.001 -19"><span class='ocrx_word' id='word_1_634' title='bbox 331 5303 500 5354; x_wconf 62' lang='grc' dir='ltr'>φιμος</span> <span class='ocrx_word' id='word_1_635' title='bbox 527 5287 712 5353; x_wconf 90' lang='grc' dir='ltr'>μόνον,</span> <span class='ocrx_word' id='word_1_636' title='bbox 743 5285 881 5336; x_wconf 76' lang='grc' dir='ltr'>ἀλλά</span> <span class='ocrx_word' id='word_1_637' title='bbox 909 5285 1002 5338; x_wconf 75' lang='grc' dir='ltr'>καὶ</span> <span class='ocrx_word' id='word_1_638' title='bbox 1035 5283 1295 5354; x_wconf 77' lang='grc' dir='ltr'>πρόϐολος</span> <span class='ocrx_word' id='word_1_639' title='bbox 1323 5279 1460 5335; x_wconf 78' lang='grc' dir='ltr'>εἶναι</span> <span class='ocrx_word' id='word_1_640' title='bbox 1489 5288 1584 5336; x_wconf 73' lang='grc' dir='ltr'>καὶ</span> <span class='ocrx_word' id='word_1_641' title='bbox 1613 5283 1908 5344; x_wconf 72' lang='grc' dir='ltr'>σπουδάζει</span> 
     </span>
    </p>
   </div>
   <div class='ocr_carea' id='block_1_88' title="bbox 331 5373 1907 5447">
    <p class='ocr_par' dir='ltr' id='par_1_88' title="bbox 331 5373 1907 5447">
     <span class='ocr_line' id='line_1_88' title="bbox 331 5373 1907 5447; baseline -0.001 -19"><span class='ocrx_word' id='word_1_642' title='bbox 331 5379 428 5429; x_wconf 68' lang='grc' dir='ltr'>καὶ</span> <span class='ocrx_word' id='word_1_643' title='bbox 457 5377 849 5447; x_wconf 78' lang='grc' dir='ltr'>ἐπηγγείλατο.</span> <span class='ocrx_word' id='word_1_644' title='bbox 885 5376 1000 5428; x_wconf 85' lang='grc' dir='ltr'><strong>Ούκ</strong></span> <span class='ocrx_word' id='word_1_645' title='bbox 1033 5373 1498 5442; x_wconf 69' lang='grc' dir='ltr'>ἀπολειφθήσεται</span> <span class='ocrx_word' id='word_1_646' title='bbox 1533 5375 1628 5440; x_wconf 80' lang='grc' dir='ltr'><strong>τῆς</strong></span> <span class='ocrx_word' id='word_1_647' title='bbox 1679 5375 1798 5442; x_wconf 81' lang='grc' dir='ltr'>ἴσης</span> <span class='ocrx_word' id='word_1_648' title='bbox 1827 5391 1907 5426; x_wconf 88' lang='grc' dir='ltr'><strong>σοι</strong></span> 
     </span>
    </p>
   </div>
   <div class='ocr_carea' id='block_1_89' title="bbox 331 5467 1906 5537">
    <p class='ocr_par' dir='ltr' id='par_1_89' title="bbox 331 5467 1906 5537">
     <span class='ocr_line' id='line_1_89' title="bbox 331 5467 1906 5537; baseline -0.002 -18"><span class='ocrx_word' id='word_1_649' title='bbox 331 5469 644 5537; x_wconf 71' lang='grc' dir='ltr'>προθυμίας</span> <span class='ocrx_word' id='word_1_650' title='bbox 673 5467 784 5520; x_wconf 71' lang='grc' dir='ltr'>οὐδ’</span> <span class='ocrx_word' id='word_1_651' title='bbox 809 5471 836 5520; x_wconf 79' lang='grc' dir='ltr'><strong>ό</strong></span> <span class='ocrx_word' id='word_1_652' title='bbox 867 5467 1012 5536; x_wconf 75' lang='grc' dir='ltr'>ἱερὸς</span> <span class='ocrx_word' id='word_1_653' title='bbox 1059 5467 1154 5518; x_wconf 73' lang='grc' dir='ltr'>καὶ</span> <span class='ocrx_word' id='word_1_654' title='bbox 1187 5467 1484 5534; x_wconf 66' lang='grc' dir='ltr'>σεῦάσμιος</span> <span class='ocrx_word' id='word_1_655' title='bbox 1537 5468 1906 5536; x_wconf 68' lang='grc' dir='ltr'>πατριάρχης,</span> 
     </span>
    </p>
   </div>
   <div class='ocr_carea' id='block_1_90' title="bbox 331 5555 1906 5629">
    <p class='ocr_par' dir='ltr' id='par_1_90' title="bbox 331 5555 1906 5629">
     <span class='ocr_line' id='line_1_90' title="bbox 331 5555 1906 5629; baseline -0.001 -19"><span class='ocrx_word' id='word_1_656' title='bbox 331 5559 562 5628; x_wconf 78' lang='grc' dir='ltr'>ὀγῆρας</span> <span class='ocrx_word' id='word_1_657' title='bbox 627 5559 725 5629; x_wconf 83' lang='grc' dir='ltr'>μὲν</span> <span class='ocrx_word' id='word_1_658' title='bbox 760 5558 1075 5628; x_wconf 78' lang='grc' dir='ltr'>ὑποφαίνων</span> <span class='ocrx_word' id='word_1_659' title='bbox 1127 5556 1286 5627; x_wconf 70' lang='grc' dir='ltr'>βαθὺ,</span> <span class='ocrx_word' id='word_1_660' title='bbox 1337 5559 1430 5610; x_wconf 70' lang='grc' dir='ltr'>καὶ</span> <span class='ocrx_word' id='word_1_661' title='bbox 1474 5555 1770 5628; x_wconf 81' lang='grc' dir='ltr'>κεκμηκὼς</span> <span class='ocrx_word' id='word_1_662' title='bbox 1803 5558 1906 5628; x_wconf 73' lang='grc' dir='ltr'>ήδη</span> 
     </span>
    </p>
   </div>
   <div class='ocr_carea' id='block_1_91' title="bbox 329 5649 1908 5722">
    <p class='ocr_par' dir='ltr' id='par_1_91' title="bbox 329 5649 1908 5722">
     <span class='ocr_line' id='line_1_91' title="bbox 329 5649 1908 5722; baseline -0.002 -18"><span class='ocrx_word' id='word_1_663' title='bbox 329 5652 408 5720; x_wconf 82' lang='grc' dir='ltr'>τῷ</span> <span class='ocrx_word' id='word_1_664' title='bbox 440 5651 680 5722; x_wconf 79' lang='grc' dir='ltr'>σώματι,</span> <span class='ocrx_word' id='word_1_665' title='bbox 715 5652 894 5720; x_wconf 66' lang='grc' dir='ltr'>ψυχὴν</span> <span class='ocrx_word' id='word_1_666' title='bbox 923 5651 980 5703; x_wconf 80' lang='grc' dir='ltr'>δὲ</span> <span class='ocrx_word' id='word_1_667' title='bbox 1032 5650 1278 5702; x_wconf 78' lang='grc' dir='ltr'>πλουτῶν</span> <span class='ocrx_word' id='word_1_668' title='bbox 1315 5649 1618 5712; x_wconf 74' lang='grc' dir='ltr'>νεάζουσαν</span> <span class='ocrx_word' id='word_1_669' title='bbox 1650 5651 1761 5712; x_wconf 83' lang='grc' dir='ltr'>τοῖς</span> <span class='ocrx_word' id='word_1_670' title='bbox 1810 5667 1908 5702; x_wconf 65' lang='grc' dir='ltr'>και</span> 
     </span>
    </p>
   </div>
   <div class='ocr_carea' id='block_1_92' title="bbox 331 5742 1908 5814">
    <p class='ocr_par' dir='ltr' id='par_1_92' title="bbox 331 5742 1908 5814">
     <span class='ocr_line' id='line_1_92' title="bbox 331 5742 1908 5814; baseline -0.001 -19"><span class='ocrx_word' id='word_1_671' title='bbox 331 5744 442 5808; x_wconf 86' lang='grc' dir='ltr'>λυῖς</span> <span class='ocrx_word' id='word_1_672' title='bbox 473 5747 562 5798; x_wconf 71' lang='grc' dir='ltr'>καὶ</span> <span class='ocrx_word' id='word_1_673' title='bbox 592 5745 670 5814; x_wconf 79' lang='grc' dir='ltr'><strong>τῷ</strong></span> <span class='ocrx_word' id='word_1_674' title='bbox 702 5746 976 5811; x_wconf 83' lang='grc' dir='ltr'>πνεύματι</span> <span class='ocrx_word' id='word_1_675' title='bbox 1005 5742 1255 5806; x_wconf 80' lang='grc' dir='ltr'>ζέουσαν,</span> <span class='ocrx_word' id='word_1_676' title='bbox 1289 5743 1382 5794; x_wconf 74' lang='grc' dir='ltr'>καὶ</span> <span class='ocrx_word' id='word_1_677' title='bbox 1429 5743 1596 5795; x_wconf 74' lang='grc' dir='ltr'>πολλὰ</span> <span class='ocrx_word' id='word_1_678' title='bbox 1634 5742 1732 5811; x_wconf 59' lang='grc' dir='ltr'>μὲν</span> <span class='ocrx_word' id='word_1_679' title='bbox 1763 5743 1908 5808; x_wconf 76' lang='grc' dir='ltr'>ἐφιε-</span> 
     </span>
    </p>
   </div>
   <div class='ocr_carea' id='block_1_93' title="bbox 337 5833 1902 5908">
    <p class='ocr_par' dir='ltr' id='par_1_93' title="bbox 337 5833 1902 5908">
     <span class='ocr_line' id='line_1_93' title="bbox 337 5833 1902 5908; baseline -0.003 -17"><span class='ocrx_word' id='word_1_680' title='bbox 337 5839 529 5908; x_wconf 78' lang='grc' dir='ltr'>μένην,</span> <span class='ocrx_word' id='word_1_681' title='bbox 565 5837 740 5890; x_wconf 72' lang='grc' dir='ltr'>πολλὰ</span> <span class='ocrx_word' id='word_1_682' title='bbox 779 5835 822 5889; x_wconf 86' lang='grc' dir='ltr'>δ’</span> <span class='ocrx_word' id='word_1_683' title='bbox 853 5835 1160 5906; x_wconf 83' lang='grc' dir='ltr'>εὐχομένην</span> <span class='ocrx_word' id='word_1_684' title='bbox 1210 5833 1508 5905; x_wconf 77' lang='grc' dir='ltr'>ἀξιωθῆναι</span> <span class='ocrx_word' id='word_1_685' title='bbox 1555 5833 1902 5905; x_wconf 78' lang='grc' dir='ltr'>ὑπουργῆσαι</span> 
     </span>
    </p>
   </div>
   <div class='ocr_carea' id='block_1_94' title="bbox 2004 3352 3590 3427">
    <p class='ocr_par' dir='ltr' id='par_1_94' title="bbox 2004 3352 3590 3427">
     <span class='ocr_line' id='line_1_94' title="bbox 2004 3352 3590 3427; baseline 0.009 -29"><span class='ocrx_word' id='word_1_686' title='bbox 2004 3357 2240 3416; x_wconf 87' lang='lat' dir='ltr'><strong>quantas</strong></span> <span class='ocrx_word' id='word_1_687' title='bbox 2274 3352 2614 3420; x_wconf 85' lang='lat' dir='ltr'><strong>adipiscetur</strong></span> <span class='ocrx_word' id='word_1_688' title='bbox 2643 3353 2878 3419; x_wconf 83' lang='lat' dir='ltr'><strong>laureas,</strong></span> <span class='ocrx_word' id='word_1_689' title='bbox 2923 3355 3014 3424; x_wconf 89' lang='lat' dir='ltr'><strong>qui</strong></span> <span class='ocrx_word' id='word_1_690' title='bbox 3069 3367 3216 3410; x_wconf 86' lang='lat' dir='ltr'><strong>tanta</strong></span> <span class='ocrx_word' id='word_1_691' title='bbox 3256 3359 3369 3427; x_wconf 85' lang='lat' dir='ltr'><strong>jam</strong></span> <span class='ocrx_word' id='word_1_692' title='bbox 3405 3375 3590 3413; x_wconf 86' lang='lat' dir='ltr'><strong>rerum</strong></span> 
     </span>
    </p>
   </div>
   <div class='ocr_carea' id='block_1_95' title="bbox 2003 3436 3588 3514">
    <p class='ocr_par' dir='ltr' id='par_1_95' title="bbox 2003 3436 3588 3514">
     <span class='ocr_line' id='line_1_95' title="bbox 2003 3436 3588 3514; baseline 0.008 -26"><span class='ocrx_word' id='word_1_693' title='bbox 2003 3436 2522 3508; x_wconf 78' lang='lat' dir='ltr'><strong>fundamentajccit</strong></span> <span class='ocrx_word' id='word_1_694' title='bbox 2575 3452 2632 3496; x_wconf 90' lang='lat' dir='ltr'><strong>et</strong></span> <span class='ocrx_word' id='word_1_695' title='bbox 2683 3456 2940 3510; x_wconf 59' lang='lat' dir='ltr'><strong>prmterea</strong></span> <span class='ocrx_word' id='word_1_696' title='bbox 2991 3447 3207 3514; x_wconf 78' lang='lat' dir='ltr'><strong>jaeiet?</strong></span> <span class='ocrx_word' id='word_1_697' title='bbox 3257 3447 3434 3504; x_wconf 82' lang='lat' dir='ltr'><strong>Habes</strong></span> <span class='ocrx_word' id='word_1_698' title='bbox 3477 3452 3588 3512; x_wconf 76' lang='lat' dir='ltr'><strong>hic,</strong></span> 
     </span>
    </p>
   </div>
   <div class='ocr_carea' id='block_1_96' title="bbox 2003 3529 3594 3612">
    <p class='ocr_par' dir='ltr' id='par_1_96' title="bbox 2003 3529 3594 3612">
     <span class='ocr_line' id='line_1_96' title="bbox 2003 3529 3594 3612; baseline 0.011 -31"><span class='ocrx_word' id='word_1_699' title='bbox 2003 3529 2096 3598; x_wconf 89' lang='lat' dir='ltr'><strong>qui</strong></span> <span class='ocrx_word' id='word_1_700' title='bbox 2125 3545 2278 3583; x_wconf 89' lang='lat' dir='ltr'><strong>suam</strong></span> <span class='ocrx_word' id='word_1_701' title='bbox 2327 3533 2421 3585; x_wconf 90' lang='lat' dir='ltr'><strong>tibi</strong></span> <span class='ocrx_word' id='word_1_702' title='bbox 2457 3537 2549 3587; x_wconf 90' lang='lat' dir='ltr'><strong>det</strong></span> <span class='ocrx_word' id='word_1_703' title='bbox 2573 3549 2820 3602; x_wconf 82' lang='lat' dir='ltr'><strong>Operam,</strong></span> <span class='ocrx_word' id='word_1_704' title='bbox 2852 3545 3014 3605; x_wconf 84' lang='lat' dir='ltr'><strong>teque</strong></span> <span class='ocrx_word' id='word_1_705' title='bbox 3055 3541 3428 3608; x_wconf 81' lang='lat' dir='ltr'><strong>subsequatur</strong></span> <span class='ocrx_word' id='word_1_706' title='bbox 3455 3559 3594 3612; x_wconf 81' lang='lat' dir='ltr'><strong>qua-</strong></span> 
     </span>
    </p>
   </div>
   <div class='ocr_carea' id='block_1_97' title="bbox 2005 3625 3590 3705">
    <p class='ocr_par' dir='ltr' id='par_1_97' title="bbox 2005 3625 3590 3705">
     <span class='ocr_line' id='line_1_97' title="bbox 2005 3625 3590 3705; baseline 0.009 -33"><span class='ocrx_word' id='word_1_707' title='bbox 2005 3635 2225 3690; x_wconf 90' lang='lat' dir='ltr'><strong>cunque</strong></span> <span class='ocrx_word' id='word_1_708' title='bbox 2265 3638 2402 3691; x_wconf 85' lang='lat' dir='ltr'><strong>Opus</strong></span> <span class='ocrx_word' id='word_1_709' title='bbox 2435 3625 2490 3678; x_wconf 90' lang='lat' dir='ltr'><strong>in</strong></span> <span class='ocrx_word' id='word_1_710' title='bbox 2525 3641 2583 3678; x_wconf 91' lang='lat' dir='ltr'><strong>re</strong></span> <span class='ocrx_word' id='word_1_711' title='bbox 2631 3626 2815 3692; x_wconf 83' lang='lat' dir='ltr'><strong>fuerit,</strong></span> <span class='ocrx_word' id='word_1_712' title='bbox 2856 3627 3023 3682; x_wconf 87' lang='lat' dir='ltr'><strong>tilium</strong></span> <span class='ocrx_word' id='word_1_713' title='bbox 3061 3639 3118 3683; x_wconf 90' lang='lat' dir='ltr'><strong>et</strong></span> <span class='ocrx_word' id='word_1_714' title='bbox 3175 3631 3590 3705; x_wconf 76' lang='lat' dir='ltr'><strong>imperatorem,</strong></span> 
     </span>
    </p>
   </div>
   <div class='ocr_carea' id='block_1_98' title="bbox 2005 3715 3588 3792">
    <p class='ocr_par' dir='ltr' id='par_1_98' title="bbox 2005 3715 3588 3792">
     <span class='ocr_line' id='line_1_98' title="bbox 2005 3715 3588 3792; baseline 0.008 -23"><span class='ocrx_word' id='word_1_715' title='bbox 2005 3717 2310 3786; x_wconf 59' lang='lat' dir='ltr'><strong>piissimum</strong></span> <span class='ocrx_word' id='word_1_716' title='bbox 2343 3727 2398 3771; x_wconf 92' lang='lat' dir='ltr'><strong>et</strong></span> <span class='ocrx_word' id='word_1_717' title='bbox 2424 3715 2838 3772; x_wconf 87' lang='lat' dir='ltr'><strong>serenissimum</strong></span> <span class='ocrx_word' id='word_1_718' title='bbox 2859 3731 2913 3772; x_wconf 90' lang='lat' dir='ltr'><strong>et</strong></span> <span class='ocrx_word' id='word_1_719' title='bbox 2935 3717 3136 3773; x_wconf 86' lang='lat' dir='ltr'><strong>Christi</strong></span> <span class='ocrx_word' id='word_1_720' title='bbox 3165 3733 3434 3784; x_wconf 75' lang='lat' dir='ltr'><strong>atuantem</strong></span> <span class='ocrx_word' id='word_1_721' title='bbox 3451 3764 3463 3787; x_wconf 94' lang='lat'><strong>,</strong></span> <span class='ocrx_word' id='word_1_722' title='bbox 3489 3728 3588 3792; x_wconf 80' lang='lat' dir='ltr'><strong>qui</strong></span> 
     </span>
    </p>
   </div>
   <div class='ocr_carea' id='block_1_99' title="bbox 2004 3809 3584 3884">
    <p class='ocr_par' dir='ltr' id='par_1_99' title="bbox 2004 3809 3584 3884">
     <span class='ocr_line' id='line_1_99' title="bbox 2004 3809 3584 3884; baseline 0.006 -22"><span class='ocrx_word' id='word_1_723' title='bbox 2004 3824 2126 3862; x_wconf 90' lang='lat' dir='ltr'><strong>cum</strong></span> <span class='ocrx_word' id='word_1_724' title='bbox 2163 3809 2348 3862; x_wconf 87' lang='lat' dir='ltr'><strong>multis</strong></span> <span class='ocrx_word' id='word_1_725' title='bbox 2376 3810 2616 3878; x_wconf 88' lang='lat' dir='ltr'><strong>seipsum</strong></span> <span class='ocrx_word' id='word_1_726' title='bbox 2657 3809 2820 3866; x_wconf 89' lang='lat' dir='ltr'><strong>bonis</strong></span> <span class='ocrx_word' id='word_1_727' title='bbox 2843 3813 3144 3876; x_wconf 86' lang='lat' dir='ltr'><strong>ornaverit,</strong></span> <span class='ocrx_word' id='word_1_728' title='bbox 3181 3817 3452 3884; x_wconf 66' lang='lat' dir='ltr'><strong>praecipue</strong></span> <span class='ocrx_word' id='word_1_729' title='bbox 3501 3829 3584 3872; x_wconf 88' lang='lat' dir='ltr'><strong>ta-</strong></span> 
     </span>
    </p>
   </div>
   <div class='ocr_carea' id='block_1_100' title="bbox 2005 3901 3580 3976">
    <p class='ocr_par' dir='ltr' id='par_1_100' title="bbox 2005 3901 3580 3976">
     <span class='ocr_line' id='line_1_100' title="bbox 2005 3901 3580 3976; baseline 0.006 -24"><span class='ocrx_word' id='word_1_730' title='bbox 2005 3916 2130 3954; x_wconf 82' lang='lat' dir='ltr'><strong>nien</strong></span> <span class='ocrx_word' id='word_1_731' title='bbox 2151 3901 2246 3954; x_wconf 91' lang='lat' dir='ltr'><strong>Dei</strong></span> <span class='ocrx_word' id='word_1_732' title='bbox 2283 3911 2337 3955; x_wconf 87' lang='lat' dir='ltr'><strong>et</strong></span> <span class='ocrx_word' id='word_1_733' title='bbox 2369 3901 2672 3955; x_wconf 85' lang='lat' dir='ltr'><strong>honestatis</strong></span> <span class='ocrx_word' id='word_1_734' title='bbox 2705 3904 2822 3957; x_wconf 66' lang='lat' dir='ltr'><strong>zielo</strong></span> <span class='ocrx_word' id='word_1_735' title='bbox 2855 3905 3214 3974; x_wconf 86' lang='lat' dir='ltr'><strong>certandique</strong></span> <span class='ocrx_word' id='word_1_736' title='bbox 3249 3922 3346 3974; x_wconf 85' lang='lat' dir='ltr'><strong>pro</strong></span> <span class='ocrx_word' id='word_1_737' title='bbox 3373 3911 3580 3976; x_wconf 81' lang='lat' dir='ltr'><strong>pietate</strong></span> 
     </span>
    </p>
   </div>
   <div class='ocr_carea' id='block_1_101' title="bbox 2003 3991 3585 4061">
    <p class='ocr_par' dir='ltr' id='par_1_101' title="bbox 2003 3991 3585 4061">
     <span class='ocr_line' id='line_1_101' title="bbox 2003 3991 3585 4061; baseline 0.005 -15"><span class='ocrx_word' id='word_1_738' title='bbox 2003 3993 2185 4046; x_wconf 83' lang='lat' dir='ltr'><strong>studio</strong></span> <span class='ocrx_word' id='word_1_739' title='bbox 2207 3991 2400 4061; x_wconf 60' lang='lat' dir='ltr'><strong>flagrat</strong></span> <span class='ocrx_word' id='word_1_740' title='bbox 2430 4015 2440 4046; x_wconf 92' lang='lat'>:</span> <span class='ocrx_word' id='word_1_741' title='bbox 2474 3993 2568 4061; x_wconf 88' lang='lat' dir='ltr'><strong>qui</strong></span> <span class='ocrx_word' id='word_1_742' title='bbox 2588 3993 2656 4046; x_wconf 88' lang='lat' dir='ltr'><strong>ab</strong></span> <span class='ocrx_word' id='word_1_743' title='bbox 2687 3993 2910 4047; x_wconf 86' lang='lat' dir='ltr'><strong>ineunte</strong></span> <span class='ocrx_word' id='word_1_744' title='bbox 2935 4003 3092 4048; x_wconf 70' lang='lat' dir='ltr'><strong>aetate</strong></span> <span class='ocrx_word' id='word_1_745' title='bbox 3120 3997 3342 4049; x_wconf 78' lang='lat' dir='ltr'><strong>insitum</strong></span> <span class='ocrx_word' id='word_1_746' title='bbox 3375 3999 3585 4054; x_wconf 79' lang='lat' dir='ltr'><strong>habens</strong></span> 
     </span>
    </p>
   </div>
   <div class='ocr_carea' id='block_1_102' title="bbox 2004 4083 3585 4144">
    <p class='ocr_par' dir='ltr' id='par_1_102' title="bbox 2004 4083 3585 4144">
     <span class='ocr_line' id='line_1_102' title="bbox 2004 4083 3585 4144; baseline 0.005 -8"><span class='ocrx_word' id='word_1_747' title='bbox 2004 4097 2222 4137; x_wconf 85' lang='lat' dir='ltr'><strong>sacrum</strong></span> <span class='ocrx_word' id='word_1_748' title='bbox 2271 4085 2376 4137; x_wconf 90' lang='lat' dir='ltr'><strong>hoc</strong></span> <span class='ocrx_word' id='word_1_749' title='bbox 2413 4083 2750 4139; x_wconf 87' lang='lat' dir='ltr'><strong>desiderium</strong></span> <span class='ocrx_word' id='word_1_750' title='bbox 2787 4095 2990 4139; x_wconf 66' lang='lat' dir='ltr'><strong>salicta:</strong></span> <span class='ocrx_word' id='word_1_751' title='bbox 3043 4089 3271 4141; x_wconf 87' lang='lat' dir='ltr'><strong>unitatis</strong></span> <span class='ocrx_word' id='word_1_752' title='bbox 3313 4089 3585 4144; x_wconf 77' lang='lat' dir='ltr'><strong>Ecclesia-</strong></span> 
     </span>
    </p>
   </div>
   <div class='ocr_carea' id='block_1_103' title="bbox 2003 4178 3581 4250">
    <p class='ocr_par' dir='ltr' id='par_1_103' title="bbox 2003 4178 3581 4250">
     <span class='ocr_line' id='line_1_103' title="bbox 2003 4178 3581 4250; baseline 0 -20"><span class='ocrx_word' id='word_1_753' title='bbox 2003 4193 2148 4242; x_wconf 86' lang='lat' dir='ltr'><strong>rum,</strong></span> <span class='ocrx_word' id='word_1_754' title='bbox 2173 4192 2452 4245; x_wconf 79' lang='lat' dir='ltr'><strong>nunquam</strong></span> <span class='ocrx_word' id='word_1_755' title='bbox 2489 4178 2790 4236; x_wconf 77' lang='lat' dir='ltr'><strong>intermisit</strong></span> <span class='ocrx_word' id='word_1_756' title='bbox 2817 4179 3063 4232; x_wconf 65' lang='lat' dir='ltr'><strong>studium</strong></span> <span class='ocrx_word' id='word_1_757' title='bbox 3103 4180 3442 4248; x_wconf 78' lang='lat' dir='ltr'><strong>inquirenda:</strong></span> <span class='ocrx_word' id='word_1_758' title='bbox 3485 4199 3581 4250; x_wconf 84' lang='lat' dir='ltr'><strong>up-</strong></span> 
     </span>
    </p>
   </div>
   <div class='ocr_carea' id='block_1_104' title="bbox 2005 4269 3576 4343">
    <p class='ocr_par' dir='ltr' id='par_1_104' title="bbox 2005 4269 3576 4343">
     <span class='ocr_line' id='line_1_104' title="bbox 2005 4269 3576 4343; baseline 0.003 -21"><span class='ocrx_word' id='word_1_759' title='bbox 2005 4269 2361 4338; x_wconf 86' lang='lat' dir='ltr'><strong>portunitatis</strong></span> <span class='ocrx_word' id='word_1_760' title='bbox 2393 4269 2460 4322; x_wconf 87' lang='lat' dir='ltr'><strong>ad</strong></span> <span class='ocrx_word' id='word_1_761' title='bbox 2494 4271 2902 4325; x_wconf 83' lang='lat' dir='ltr'><strong>conﬁciendum</strong></span> <span class='ocrx_word' id='word_1_762' title='bbox 2937 4271 3040 4325; x_wconf 88' lang='lat' dir='ltr'><strong>hoc</strong></span> <span class='ocrx_word' id='word_1_763' title='bbox 3078 4277 3382 4342; x_wconf 75' lang='lat' dir='ltr'><strong>negotium;</strong></span> <span class='ocrx_word' id='word_1_764' title='bbox 3416 4291 3576 4343; x_wconf 82' lang='lat' dir='ltr'><strong>quam</strong></span> 
     </span>
    </p>
   </div>
   <div class='ocr_carea' id='block_1_105' title="bbox 2005 4363 3582 4438">
    <p class='ocr_par' dir='ltr' id='par_1_105' title="bbox 2005 4363 3582 4438">
     <span class='ocr_line' id='line_1_105' title="bbox 2005 4363 3582 4438; baseline 0.001 -22"><span class='ocrx_word' id='word_1_765' title='bbox 2005 4363 2165 4416; x_wconf 82' lang='lat' dir='ltr'><strong>etiam</strong></span> <span class='ocrx_word' id='word_1_766' title='bbox 2199 4365 2498 4430; x_wconf 89' lang='lat' dir='ltr'><strong>prudenter</strong></span> <span class='ocrx_word' id='word_1_767' title='bbox 2520 4365 2789 4432; x_wconf 78' lang='lat' dir='ltr'><strong>cognitam</strong></span> <span class='ocrx_word' id='word_1_768' title='bbox 2819 4375 2876 4417; x_wconf 86' lang='lat' dir='ltr'><strong>et</strong></span> <span class='ocrx_word' id='word_1_769' title='bbox 2901 4366 3200 4432; x_wconf 86' lang='lat' dir='ltr'><strong>inventam,</strong></span> <span class='ocrx_word' id='word_1_770' title='bbox 3241 4377 3298 4420; x_wconf 90' lang='lat' dir='ltr'><strong>ut</strong></span> <span class='ocrx_word' id='word_1_771' title='bbox 3331 4367 3443 4420; x_wconf 38' lang='lat' dir='ltr'><strong>visa</strong></span> <span class='ocrx_word' id='word_1_772' title='bbox 3477 4379 3582 4438; x_wconf 66' lang='lat' dir='ltr'><strong>est,</strong></span> 
     </span>
    </p>
   </div>
   <div class='ocr_carea' id='block_1_106' title="bbox 2005 4452 3582 4526">
    <p class='ocr_par' dir='ltr' id='par_1_106' title="bbox 2005 4452 3582 4526">
     <span class='ocr_line' id='line_1_106' title="bbox 2005 4452 3582 4526; baseline 0.006 -22"><span class='ocrx_word' id='word_1_773' title='bbox 2005 4452 2260 4520; x_wconf 86' lang='lat' dir='ltr'><strong>arripuit,</strong></span> <span class='ocrx_word' id='word_1_774' title='bbox 2302 4468 2528 4523; x_wconf 88' lang='lat' dir='ltr'><strong>remque</strong></span> <span class='ocrx_word' id='word_1_775' title='bbox 2561 4457 2614 4507; x_wconf 90' lang='lat' dir='ltr'><strong>in</strong></span> <span class='ocrx_word' id='word_1_776' title='bbox 2652 4470 2774 4509; x_wconf 88' lang='lat' dir='ltr'><strong>eum</strong></span> <span class='ocrx_word' id='word_1_777' title='bbox 2826 4465 3026 4509; x_wconf 86' lang='lat' dir='ltr'><strong>statum</strong></span> <span class='ocrx_word' id='word_1_778' title='bbox 3085 4458 3340 4525; x_wconf 78' lang='lat' dir='ltr'><strong>perduxit</strong></span> <span class='ocrx_word' id='word_1_779' title='bbox 3384 4461 3436 4511; x_wconf 89' lang='lat' dir='ltr'><strong>in</strong></span> <span class='ocrx_word' id='word_1_780' title='bbox 3473 4473 3582 4526; x_wconf 86' lang='lat' dir='ltr'><strong>quo</strong></span> 
     </span>
    </p>
   </div>
   <div class='ocr_carea' id='block_1_107' title="bbox 1943 4547 3586 4635">
    <p class='ocr_par' dir='ltr' id='par_1_107' title="bbox 1943 4547 3586 4635">
     <span class='ocr_line' id='line_1_107' title="bbox 1943 4547 3586 4635; baseline 0.006 -39"><span class='ocrx_word' id='word_1_781' title='bbox 1943 4582 1982 4635; x_wconf 70' lang='grc' dir='ltr'>ι)</span> <span class='ocrx_word' id='word_1_782' title='bbox 2013 4561 2156 4597; x_wconf 89' lang='lat' dir='ltr'><strong>nunc</strong></span> <span class='ocrx_word' id='word_1_783' title='bbox 2187 4547 2557 4614; x_wconf 45' lang='lat' dir='ltr'><strong>caespicitur;</strong></span> <span class='ocrx_word' id='word_1_784' title='bbox 2607 4548 2814 4616; x_wconf 86' lang='lat' dir='ltr'><strong>qui,ad</strong></span> <span class='ocrx_word' id='word_1_785' title='bbox 2849 4548 2950 4602; x_wconf 91' lang='lat' dir='ltr'><strong>hoc</strong></span> <span class='ocrx_word' id='word_1_786' title='bbox 2993 4565 3162 4603; x_wconf 90' lang='lat' dir='ltr'><strong>unum</strong></span> <span class='ocrx_word' id='word_1_787' title='bbox 3218 4552 3416 4604; x_wconf 88' lang='lat' dir='ltr'><strong>bonum</strong></span> <span class='ocrx_word' id='word_1_788' title='bbox 3463 4571 3586 4622; x_wconf 79' lang='lat' dir='ltr'><strong>Spe-</strong></span> 
     </span>
    </p>
   </div>
   <div class='ocr_carea' id='block_1_108' title="bbox 2015 4639 3586 4714">
    <p class='ocr_par' dir='ltr' id='par_1_108' title="bbox 2015 4639 3586 4714">
     <span class='ocr_line' id='line_1_108' title="bbox 2015 4639 3586 4714; baseline 0.006 -24"><span class='ocrx_word' id='word_1_789' title='bbox 2015 4644 2188 4701; x_wconf 87' lang='lat' dir='ltr'><strong>ctans,</strong></span> <span class='ocrx_word' id='word_1_790' title='bbox 2221 4646 2480 4706; x_wconf 80' lang='lat' dir='ltr'><strong>totusque</strong></span> <span class='ocrx_word' id='word_1_791' title='bbox 2519 4641 2570 4690; x_wconf 88' lang='lat' dir='ltr'><strong>in</strong></span> <span class='ocrx_word' id='word_1_792' title='bbox 2615 4639 2717 4691; x_wconf 83' lang='lat' dir='ltr'><strong>huc</strong></span> <span class='ocrx_word' id='word_1_793' title='bbox 2751 4639 3088 4693; x_wconf 79' lang='lat' dir='ltr'><strong>desiderium</strong></span> <span class='ocrx_word' id='word_1_794' title='bbox 3121 4645 3464 4708; x_wconf 79' lang='lat' dir='ltr'><strong>incumbens,</strong></span> <span class='ocrx_word' id='word_1_795' title='bbox 3491 4663 3586 4714; x_wconf 87' lang='lat' dir='ltr'><strong>pe-</strong></span> 
     </span>
    </p>
   </div>
   <div class='ocr_carea' id='block_1_109' title="bbox 2015 4726 3585 4803">
    <p class='ocr_par' dir='ltr' id='par_1_109' title="bbox 2015 4726 3585 4803">
     <span class='ocr_line' id='line_1_109' title="bbox 2015 4726 3585 4803; baseline 0.007 -25"><span class='ocrx_word' id='word_1_796' title='bbox 2015 4726 2183 4780; x_wconf 89' lang='lat' dir='ltr'><strong>ricula</strong></span> <span class='ocrx_word' id='word_1_797' title='bbox 2211 4743 2309 4794; x_wconf 85' lang='lat' dir='ltr'><strong>pro</strong></span> <span class='ocrx_word' id='word_1_798' title='bbox 2329 4731 2501 4781; x_wconf 87' lang='lat' dir='ltr'><strong>nihilo</strong></span> <span class='ocrx_word' id='word_1_799' title='bbox 2521 4729 2694 4792; x_wconf 72' lang='lat' dir='ltr'><strong>duxit,</strong></span> <span class='ocrx_word' id='word_1_800' title='bbox 2717 4730 2940 4785; x_wconf 84' lang='lat' dir='ltr'><strong>delicias</strong></span> <span class='ocrx_word' id='word_1_801' title='bbox 2963 4736 3362 4803; x_wconf 86' lang='lat' dir='ltr'><strong>eontempsitet</strong></span> <span class='ocrx_word' id='word_1_802' title='bbox 3389 4739 3585 4802; x_wconf 85' lang='lat' dir='ltr'><strong>otium;</strong></span> 
     </span>
    </p>
   </div>
   <div class='ocr_carea' id='block_1_110' title="bbox 2015 4821 3589 4888">
    <p class='ocr_par' dir='ltr' id='par_1_110' title="bbox 2015 4821 3589 4888">
     <span class='ocr_line' id='line_1_110' title="bbox 2015 4821 3589 4888; baseline 0.011 -24"><span class='ocrx_word' id='word_1_803' title='bbox 2015 4824 2120 4866; x_wconf 88' lang='lat' dir='ltr'><strong>lant</strong></span> <span class='ocrx_word' id='word_1_804' title='bbox 2149 4829 2358 4869; x_wconf 85' lang='lat' dir='ltr'><strong>vastum</strong></span> <span class='ocrx_word' id='word_1_805' title='bbox 2405 4821 2628 4888; x_wconf 72' lang='lat' dir='ltr'><strong>pelagus</strong></span> <span class='ocrx_word' id='word_1_806' title='bbox 2661 4829 2714 4872; x_wconf 90' lang='lat' dir='ltr'><strong>et</strong></span> <span class='ocrx_word' id='word_1_807' title='bbox 2750 4821 2924 4874; x_wconf 83' lang='lat' dir='ltr'><strong>undas</strong></span> <span class='ocrx_word' id='word_1_808' title='bbox 2961 4823 3132 4876; x_wconf 86' lang='lat' dir='ltr'><strong>instar</strong></span> <span class='ocrx_word' id='word_1_809' title='bbox 3185 4829 3461 4880; x_wconf 87' lang='lat' dir='ltr'><strong>monitum</strong></span> <span class='ocrx_word' id='word_1_810' title='bbox 3507 4829 3589 4882; x_wconf 91' lang='lat' dir='ltr'><strong>iu-</strong></span> 
     </span>
    </p>
   </div>
   <div class='ocr_carea' id='block_1_111' title="bbox 2013 4909 3589 4987">
    <p class='ocr_par' dir='ltr' id='par_1_111' title="bbox 2013 4909 3589 4987">
     <span class='ocr_line' id='line_1_111' title="bbox 2013 4909 3589 4987; baseline 0.01 -29"><span class='ocrx_word' id='word_1_811' title='bbox 2013 4915 2384 4962; x_wconf 80' lang='lat' dir='ltr'><strong>tuniescentes</strong></span> <span class='ocrx_word' id='word_1_812' title='bbox 2437 4909 2723 4978; x_wconf 78' lang='lat' dir='ltr'><strong>deSpexit;</strong></span> <span class='ocrx_word' id='word_1_813' title='bbox 2767 4913 2932 4966; x_wconf 80' lang='lat' dir='ltr'><strong>vitam</strong></span> <span class='ocrx_word' id='word_1_814' title='bbox 2981 4924 3039 4966; x_wconf 89' lang='lat' dir='ltr'><strong>et</strong></span> <span class='ocrx_word' id='word_1_815' title='bbox 3083 4930 3216 4983; x_wconf 85' lang='lat' dir='ltr'><strong>opes</strong></span> <span class='ocrx_word' id='word_1_816' title='bbox 3255 4919 3488 4987; x_wconf 85' lang='lat' dir='ltr'><strong>projecit</strong></span> <span class='ocrx_word' id='word_1_817' title='bbox 3525 4937 3589 4973; x_wconf 87' lang='lat' dir='ltr'><strong>ac</strong></span> 
     </span>
    </p>
   </div>
   <div class='ocr_carea' id='block_1_112' title="bbox 2015 4997 3644 5076">
    <p class='ocr_par' dir='ltr' id='par_1_112' title="bbox 2015 4997 3644 5076">
     <span class='ocr_line' id='line_1_112' title="bbox 2015 4997 3644 5076; baseline 0.009 -29"><span class='ocrx_word' id='word_1_818' title='bbox 2015 4997 2184 5063; x_wconf 86' lang='lat' dir='ltr'><strong>ipsam</strong></span> <span class='ocrx_word' id='word_1_819' title='bbox 2215 5001 2466 5066; x_wconf 85' lang='lat' dir='ltr'><strong>patriam,</strong></span> <span class='ocrx_word' id='word_1_820' title='bbox 2505 5013 2561 5053; x_wconf 90' lang='lat' dir='ltr'><strong>ut</strong></span> <span class='ocrx_word' id='word_1_821' title='bbox 2603 5001 2696 5054; x_wconf 87' lang='lat' dir='ltr'><strong>Dei</strong></span> <span class='ocrx_word' id='word_1_822' title='bbox 2734 5003 2888 5057; x_wconf 75' lang='lat' dir='ltr'><strong>ﬁeret</strong></span> <span class='ocrx_word' id='word_1_823' title='bbox 2921 5017 3272 5073; x_wconf 80' lang='lat' dir='ltr'><strong>coeperatOr,</strong></span> <span class='ocrx_word' id='word_1_824' title='bbox 3303 5021 3358 5060; x_wconf 89' lang='lat' dir='ltr'><strong>et</strong></span> <span class='ocrx_word' id='word_1_825' title='bbox 3399 5025 3586 5076; x_wconf 86' lang='lat' dir='ltr'><strong>pacem</strong></span> <span class='ocrx_word' id='word_1_826' title='bbox 3641 5037 3644 5040; x_wconf 54' lang='grc' dir='ltr'><strong>ι</strong></span> 
     </span>
    </p>
   </div>
   <div class='ocr_carea' id='block_1_113' title="bbox 2011 5088 3583 5159">
    <p class='ocr_par' dir='ltr' id='par_1_113' title="bbox 2011 5088 3583 5159">
     <span class='ocr_line' id='line_1_113' title="bbox 2011 5088 3583 5159; baseline 0.009 -19"><span class='ocrx_word' id='word_1_827' title='bbox 2011 5088 2270 5142; x_wconf 66' lang='lat' dir='ltr'><strong>Ecclesiae</strong></span> <span class='ocrx_word' id='word_1_828' title='bbox 2307 5096 2626 5157; x_wconf 69' lang='lat' dir='ltr'><strong>conﬁceret,</strong></span> <span class='ocrx_word' id='word_1_829' title='bbox 2661 5096 2819 5159; x_wconf 89' lang='lat' dir='ltr'><strong>cujus</strong></span> <span class='ocrx_word' id='word_1_830' title='bbox 2845 5113 2952 5149; x_wconf 86' lang='lat' dir='ltr'><strong>non</strong></span> <span class='ocrx_word' id='word_1_831' title='bbox 2983 5101 3144 5152; x_wconf 83' lang='lat' dir='ltr'><strong>modo</strong></span> <span class='ocrx_word' id='word_1_832' title='bbox 3173 5100 3447 5159; x_wconf 84' lang='lat' dir='ltr'><strong>alumnus.</strong></span> <span class='ocrx_word' id='word_1_833' title='bbox 3493 5117 3583 5154; x_wconf 87' lang='lat' dir='ltr'><strong>vc-</strong></span> 
     </span>
    </p>
   </div>
   <div class='ocr_carea' id='block_1_114' title="bbox 2013 5181 3590 5258">
    <p class='ocr_par' dir='ltr' id='par_1_114' title="bbox 2013 5181 3590 5258">
     <span class='ocr_line' id='line_1_114' title="bbox 2013 5181 3590 5258; baseline 0.008 -26"><span class='ocrx_word' id='word_1_834' title='bbox 2013 5195 2132 5232; x_wconf 83' lang='lat' dir='ltr'><strong>rum</strong></span> <span class='ocrx_word' id='word_1_835' title='bbox 2159 5181 2324 5234; x_wconf 83' lang='lat' dir='ltr'><strong>etiam</strong></span> <span class='ocrx_word' id='word_1_836' title='bbox 2360 5195 2734 5252; x_wconf 80' lang='lat' dir='ltr'><strong>propugnator</strong></span> <span class='ocrx_word' id='word_1_837' title='bbox 2760 5201 2882 5241; x_wconf 86' lang='lat' dir='ltr'><strong>esse</strong></span> <span class='ocrx_word' id='word_1_838' title='bbox 2914 5197 2970 5240; x_wconf 89' lang='lat' dir='ltr'><strong>et</strong></span> <span class='ocrx_word' id='word_1_839' title='bbox 3009 5189 3195 5241; x_wconf 78' lang='lat' dir='ltr'><strong>studet</strong></span> <span class='ocrx_word' id='word_1_840' title='bbox 3221 5201 3274 5243; x_wconf 88' lang='lat' dir='ltr'><strong>et</strong></span> <span class='ocrx_word' id='word_1_841' title='bbox 3315 5193 3590 5258; x_wconf 83' lang='lat' dir='ltr'><strong>poliicitus</strong></span> 
     </span>
    </p>
   </div>
   <div class='ocr_carea' id='block_1_115' title="bbox 2011 5275 3560 5347">
    <p class='ocr_par' dir='ltr' id='par_1_115' title="bbox 2011 5275 3560 5347">
     <span class='ocr_line' id='line_1_115' title="bbox 2011 5275 3560 5347; baseline 0.006 -19"><span class='ocrx_word' id='word_1_842' title='bbox 2011 5283 2117 5328; x_wconf 84' lang='lat' dir='ltr'><strong>est.</strong></span> <span class='ocrx_word' id='word_1_843' title='bbox 2145 5275 2268 5329; x_wconf 55' lang='lat' dir='ltr'><strong>Pari</strong></span> <span class='ocrx_word' id='word_1_844' title='bbox 2298 5275 2394 5330; x_wconf 88' lang='lat' dir='ltr'><strong>tibi</strong></span> <span class='ocrx_word' id='word_1_845' title='bbox 2427 5279 2612 5332; x_wconf 89' lang='lat' dir='ltr'><strong>studio</strong></span> <span class='ocrx_word' id='word_1_846' title='bbox 2651 5291 2852 5347; x_wconf 65' lang='lat' dir='ltr'><strong>priesto</strong></span> <span class='ocrx_word' id='word_1_847' title='bbox 2880 5282 2986 5334; x_wconf 90' lang='lat' dir='ltr'><strong>erit</strong></span> <span class='ocrx_word' id='word_1_848' title='bbox 3015 5299 3175 5338; x_wconf 83' lang='lat' dir='ltr'><strong>sacer</strong></span> <span class='ocrx_word' id='word_1_849' title='bbox 3205 5299 3268 5337; x_wconf 89' lang='lat' dir='ltr'><strong>ac</strong></span> <span class='ocrx_word' id='word_1_850' title='bbox 3303 5288 3560 5340; x_wconf 82' lang='lat' dir='ltr'><strong>venerabi</strong></span> 
     </span>
    </p>
   </div>
   <div class='ocr_carea' id='block_1_116' title="bbox 2011 5363 3594 5441">
    <p class='ocr_par' dir='ltr' id='par_1_116' title="bbox 2011 5363 3594 5441">
     <span class='ocr_line' id='line_1_116' title="bbox 2011 5363 3594 5441; baseline 0.008 -24"><span class='ocrx_word' id='word_1_851' title='bbox 2011 5363 2078 5418; x_wconf 88' lang='lat' dir='ltr'><strong>lis</strong></span> <span class='ocrx_word' id='word_1_852' title='bbox 2108 5368 2446 5436; x_wconf 85' lang='lat' dir='ltr'><strong>patriarcha,</strong></span> <span class='ocrx_word' id='word_1_853' title='bbox 2499 5371 2594 5438; x_wconf 87' lang='lat' dir='ltr'><strong>qui</strong></span> <span class='ocrx_word' id='word_1_854' title='bbox 2627 5371 2782 5425; x_wconf 88' lang='lat' dir='ltr'><strong>senio</strong></span> <span class='ocrx_word' id='word_1_855' title='bbox 2805 5372 3028 5441; x_wconf 83' lang='lat' dir='ltr'><strong>quidem</strong></span> <span class='ocrx_word' id='word_1_856' title='bbox 3079 5374 3366 5428; x_wconf 80' lang='lat' dir='ltr'><strong>confectus</strong></span> <span class='ocrx_word' id='word_1_857' title='bbox 3409 5385 3493 5428; x_wconf 89' lang='lat' dir='ltr'><strong>est</strong></span> <span class='ocrx_word' id='word_1_858' title='bbox 3537 5387 3594 5430; x_wconf 92' lang='lat' dir='ltr'><strong>et</strong></span> 
     </span>
    </p>
   </div>
   <div class='ocr_carea' id='block_1_117' title="bbox 2009 5458 3592 5534">
    <p class='ocr_par' dir='ltr' id='par_1_117' title="bbox 2009 5458 3592 5534">
     <span class='ocr_line' id='line_1_117' title="bbox 2009 5458 3592 5534; baseline 0.003 -22"><span class='ocrx_word' id='word_1_859' title='bbox 2009 5458 2176 5513; x_wconf 80' lang='lat' dir='ltr'><strong>elleto</strong></span> <span class='ocrx_word' id='word_1_860' title='bbox 2199 5461 2308 5528; x_wconf 86' lang='lat' dir='ltr'><strong>jam</strong></span> <span class='ocrx_word' id='word_1_861' title='bbox 2345 5471 2430 5515; x_wconf 88' lang='lat' dir='ltr'><strong>est</strong></span> <span class='ocrx_word' id='word_1_862' title='bbox 2455 5477 2706 5529; x_wconf 86' lang='lat' dir='ltr'><strong>corpore,</strong></span> <span class='ocrx_word' id='word_1_863' title='bbox 2739 5464 2834 5517; x_wconf 88' lang='lat' dir='ltr'><strong>sed</strong></span> <span class='ocrx_word' id='word_1_864' title='bbox 2869 5465 3036 5532; x_wconf 87' lang='lat' dir='ltr'><strong>pollet</strong></span> <span class='ocrx_word' id='word_1_865' title='bbox 3061 5466 3126 5518; x_wconf 86' lang='lat' dir='ltr'><strong>ad</strong></span> <span class='ocrx_word' id='word_1_866' title='bbox 3161 5468 3416 5533; x_wconf 63' lang='lat' dir='ltr'><strong>prazciara</strong></span> <span class='ocrx_word' id='word_1_867' title='bbox 3442 5483 3592 5534; x_wconf 81' lang='lat' dir='ltr'><strong>qua--</strong></span> 
     </span>
    </p>
   </div>
   <div class='ocr_carea' id='block_1_118' title="bbox 2010 5553 3584 5626">
    <p class='ocr_par' dir='ltr' id='par_1_118' title="bbox 2010 5553 3584 5626">
     <span class='ocr_line' id='line_1_118' title="bbox 2010 5553 3584 5626; baseline 0.006 -22"><span class='ocrx_word' id='word_1_868' title='bbox 2010 5568 2116 5620; x_wconf 89' lang='lat' dir='ltr'><strong>que</strong></span> <span class='ocrx_word' id='word_1_869' title='bbox 2165 5553 2398 5622; x_wconf 79' lang='lat' dir='ltr'><strong>juvenili</strong></span> <span class='ocrx_word' id='word_1_870' title='bbox 2435 5556 2642 5616; x_wconf 84' lang='lat' dir='ltr'><strong>animo.</strong></span> <span class='ocrx_word' id='word_1_871' title='bbox 2679 5553 2964 5624; x_wconf 82' lang='lat' dir='ltr'><strong>fervetque</strong></span> <span class='ocrx_word' id='word_1_872' title='bbox 3000 5557 3196 5624; x_wconf 87' lang='lat' dir='ltr'><strong>spiritu</strong></span> <span class='ocrx_word' id='word_1_873' title='bbox 3235 5575 3249 5620; x_wconf 86' lang='lat'><strong>;</strong></span> <span class='ocrx_word' id='word_1_874' title='bbox 3286 5569 3340 5611; x_wconf 88' lang='lat' dir='ltr'><strong>et</strong></span> <span class='ocrx_word' id='word_1_875' title='bbox 3397 5575 3536 5626; x_wconf 79' lang='lat' dir='ltr'><strong>magi</strong></span> <span class='ocrx_word' id='word_1_876' title='bbox 3571 5607 3584 5614; x_wconf 87' lang='lat'><strong>-</strong></span> 
     </span>
    </p>
   </div>
   <div class='ocr_carea' id='block_1_119' title="bbox 2009 5645 3597 5715">
    <p class='ocr_par' dir='ltr' id='par_1_119' title="bbox 2009 5645 3597 5715">
     <span class='ocr_line' id='line_1_119' title="bbox 2009 5645 3597 5715; baseline 0 -15"><span class='ocrx_word' id='word_1_877' title='bbox 2009 5647 2232 5715; x_wconf 86' lang='lat' dir='ltr'><strong>quidem</strong></span> <span class='ocrx_word' id='word_1_878' title='bbox 2271 5651 2427 5701; x_wconf 86' lang='lat' dir='ltr'><strong>ardet</strong></span> <span class='ocrx_word' id='word_1_879' title='bbox 2457 5645 2753 5708; x_wconf 88' lang='lat' dir='ltr'><strong>desiderio,</strong></span> <span class='ocrx_word' id='word_1_880' title='bbox 2791 5646 2959 5699; x_wconf 87' lang='lat' dir='ltr'><strong>multa</strong></span> <span class='ocrx_word' id='word_1_881' title='bbox 2998 5662 3128 5700; x_wconf 84' lang='lat' dir='ltr'><strong>vero</strong></span> <span class='ocrx_word' id='word_1_882' title='bbox 3161 5647 3276 5700; x_wconf 87' lang='lat' dir='ltr'><strong>edit</strong></span> <span class='ocrx_word' id='word_1_883' title='bbox 3320 5657 3466 5712; x_wconf 77' lang='lat' dir='ltr'><strong>Vota,</strong></span> <span class='ocrx_word' id='word_1_884' title='bbox 3511 5649 3597 5700; x_wconf 90' lang='lat' dir='ltr'><strong>di-</strong></span> 
     </span>
    </p>
   </div>
   <div class='ocr_carea' id='block_1_120' title="bbox 2008 5739 3590 5808">
    <p class='ocr_par' dir='ltr' id='par_1_120' title="bbox 2008 5739 3590 5808">
     <span class='ocr_line' id='line_1_120' title="bbox 2008 5739 3590 5808; baseline 0.002 -16"><span class='ocrx_word' id='word_1_885' title='bbox 2008 5755 2148 5808; x_wconf 79' lang='lat' dir='ltr'><strong>gnus</strong></span> <span class='ocrx_word' id='word_1_886' title='bbox 2185 5750 2244 5792; x_wconf 86' lang='lat' dir='ltr'><strong>ut</strong></span> <span class='ocrx_word' id='word_1_887' title='bbox 2275 5740 2368 5793; x_wconf 85' lang='lat' dir='ltr'><strong>liat</strong></span> <span class='ocrx_word' id='word_1_888' title='bbox 2395 5741 2486 5808; x_wconf 91' lang='lat' dir='ltr'><strong>qui</strong></span> <span class='ocrx_word' id='word_1_889' title='bbox 2537 5739 2668 5792; x_wconf 88' lang='lat' dir='ltr'><strong>huic</strong></span> <span class='ocrx_word' id='word_1_890' title='bbox 2697 5740 2848 5807; x_wconf 90' lang='lat' dir='ltr'><strong>operi</strong></span> <span class='ocrx_word' id='word_1_891' title='bbox 2899 5753 3052 5793; x_wconf 78' lang='lat' dir='ltr'><strong>suam</strong></span> <span class='ocrx_word' id='word_1_892' title='bbox 3097 5755 3324 5807; x_wconf 83' lang='lat' dir='ltr'><strong>Operam</strong></span> <span class='ocrx_word' id='word_1_893' title='bbox 3381 5749 3540 5794; x_wconf 83' lang='lat' dir='ltr'><strong>navet</strong></span> <span class='ocrx_word' id='word_1_894' title='bbox 3571 5756 3590 5795; x_wconf 75' lang='grc' dir='ltr'><strong>ι</strong></span> 
     </span>
    </p>
   </div>
   <div class='ocr_carea' id='block_1_121' title="bbox 2010 5830 3596 5902">
    <p class='ocr_par' dir='ltr' id='par_1_121' title="bbox 2010 5830 3596 5902">
     <span class='ocr_line' id='line_1_121' title="bbox 2010 5830 3596 5902; baseline -0.001 -18"><span class='ocrx_word' id='word_1_895' title='bbox 2010 5840 2174 5902; x_wconf 84' lang='lat' dir='ltr'><strong>atque</strong></span> <span class='ocrx_word' id='word_1_896' title='bbox 2231 5833 2301 5886; x_wconf 89' lang='lat' dir='ltr'><strong>ob</strong></span> <span class='ocrx_word' id='word_1_897' title='bbox 2353 5831 2404 5885; x_wconf 88' lang='lat' dir='ltr'><strong>id</strong></span> <span class='ocrx_word' id='word_1_898' title='bbox 2460 5831 2689 5886; x_wconf 70' lang='lat' dir='ltr'><strong>fortasse</strong></span> <span class='ocrx_word' id='word_1_899' title='bbox 2751 5830 3114 5901; x_wconf 80' lang='lat' dir='ltr'><strong>pra-sentibus</strong></span> <span class='ocrx_word' id='word_1_900' title='bbox 3171 5831 3502 5896; x_wconf 81' lang='lat' dir='ltr'><strong>oblectatur,</strong></span> <span class='ocrx_word' id='word_1_901' title='bbox 3537 5836 3596 5886; x_wconf 84' lang='lat' dir='ltr'><strong>ct</strong></span> 
     </span>
    </p>
   </div>
  </div>
