4086 6414
530 397 634 462 .830

1472 389 1979 452 BESSMIIONIS
2018 386 2077 450 S.
2119 387 2191 447 Β.
2233 385 2299 446 Ε.
2346 379 2819 443 CARDINALIS

3669 370 3781 435 510

533 494 774 567 libenter
820 507 1278 562 commoraturin
1304 522 1561 575 corpore,
1607 517 1666 561 ut
1703 505 1947 561 divinum
2000 504 2100 558 hoc

2207 502 2342 573 τῷδε
2377 500 2454 570 τῷ
2490 499 2657 567 ἔργῳ,
2712 498 2805 549 καὶ
2855 494 2941 547 διὰ
2977 491 3123 546 τοῦτ’
3154 492 3284 555 ἴσως
3343 495 3642 562 χαῖρουσαν
3669 493 3783 556 τοῖς

536 616 677 672 Opus
704 600 771 653 ad
798 599 998 653 bonum
1024 598 1232 651 exitum
1281 597 1562 666 perducat,
1593 597 1730 651 citra
1755 611 1919 666 quem
1947 596 2105 651 valde

545 694 793 762 graviter
817 690 991 743 lerrel.
1014 688 1092 740 illi
1117 688 1336 742 animus
1360 687 1814 742 iuhabitatiouem
1833 690 2105 756 corporis,

534 791 594 837 ut
644 782 753 852 jam
803 778 1134 848 consumpti.
1177 778 1382 833 Omnes
1436 794 1591 833 suam
1642 777 1741 834 tibi
1790 779 2111 847 praebebunt

526 887 752 942 cperam
781 870 847 924 ad
874 869 1037 925 linem
1066 881 1122 925 et
1152 885 1292 939 Opus
1321 870 1427 925 hoc
1459 870 1736 925 arduum:
1770 886 1934 925 nemo
1948 870 2109 940 quid-

542 979 707 1033 quam
762 963 934 1033 magis
972 972 1193 1032 exoptat
1226 963 1333 1019 line
1376 963 1482 1017 hoc
1523 963 1875 1032 optatissime
1909 963 2107 1018 :illum

530 1066 846 1126 spectamus
870 1069 1086 1118 omnes,
1123 1052 1425 1108 vehemens
1451 1055 1599 1110 illius
1622 1070 1778 1111 amor
1808 1055 2113 1112 inﬂammat

530 1148 781 1201 oiunium
808 1146 1050 1208 animos,
1087 1160 1281 1201 omnes
1314 1157 1601 1215 propterea
1630 1160 1663 1200 e
1709 1147 1871 1218 longe
1903 1148 2112 1204 dissitis

534 1234 856 1305 regionibus
879 1235 1278 1289 convenimus:
1300 1243 1591 1304 propterea
1618 1236 1672 1289 in
1694 1236 1869 1292 aliena
1889 1239 2111 1309 regione

535 1326 970 1394 peregrinantur,
1002 1326 1257 1381 homines
1284 1327 1486 1395 partim
1511 1343 1541 1383 e
1567 1327 1743 1383 media
1785 1329 1901 1399 ipsa
1958 1332 2111 1387 Grae-

531 1416 638 1479 cia,
666 1416 868 1485 partim
898 1431 966 1470 ex
1002 1416 1229 1472 ultimis
1259 1418 1417 1473 orbis
1459 1418 1527 1473 ad
1562 1426 1996 1489 septentrionem
2031 1432 2113 1478 at-

531 1522 641 1575 que
691 1506 758 1561 ad
784 1507 1054 1562 orientem
1101 1509 1338 1563 maxime
1368 1510 1728 1580 vergentibus
1757 1512 1935 1585 plagis
1967 1512 2111 1568 hanc

532 1597 703 1665 ipsam
737 1598 787 1650 in
818 1598 1026 1652 Italiam
1048 1599 1281 1654 navibus
1308 1603 1552 1657 advecti.

602 1686 682 1741 Ne
708 1702 839 1756 ergo
865 1697 972 1741 tam
1012 1688 1312 1743 multorum
1344 1690 1532 1745 studio
1561 1693 1855 1762 praevaleat
1880 1694 2054 1750 hostis
2091 1714 2107 1762 ;

533 1798 880 1852 nequaquam
912 1782 1003 1836 ﬁat
1032 1783 1156 1847 hoc,
1195 1783 1449 1842 Salvator
1472 1787 1618 1843 Deus
1648 1803 1665 1842 :
1701 1806 1770 1846 ne
1800 1799 1988 1848 tantus
2010 1808 2111 1848 no—

2209 593 2470 661 παροῦσι,
2504 591 2596 643 καὶ
2637 588 3103 658 ἐνασμενίζθυσαν
3136 586 3215 657 τῷ
3255 584 3491 655 σώματι,
3522 586 3609 640 ῐνα
3630 583 3785 649 τέλος

2210 680 2497 747 ἐπενέγκοι
2527 676 2605 746 τῷ
2637 676 2765 747 θείῳ
2794 675 2972 746 τούτῳ
3002 674 3149 744 ἔργω
3174 673 3433 745 χρηστὸν,
3458 672 3534 735 ὡς
3561 673 3690 727 ἄνευ
3716 688 3784 741 γε

2209 772 2402 826 τούτου
2433 770 2529 825 καὶ
2570 767 2715 822 πάνυ
2741 765 3332 838 ἂν-ἀχθεσθησομένην
3374 763 3452 835 τῷ
3487 765 3678 835 σκήνει
3706 764 3785 827 ὡς

2210 865 2313 934 ἤδη
2349 862 2604 931 καμόντι.
2660 859 2871 922 Πάντες
2899 875 2981 911 σοι
3030 856 3403 925 συλλήψονται
3433 855 3527 909 τοῦ
3574 854 3785 909 σκοποῦ

2212 955 2306 1008 καὶ
2350 952 2446 1006 τοῦ
2497 952 2770 1022 παρόντος
2824 950 3070 1018 άγῶνο;⁶
3102 950 3279 1029 οὐδεὶς
3321 947 3451 1003 ἄλλο
3489 965 3541 1001 τι
3578 947 3786 1018 μᾶλλον

2214 1047 2469 1116 ἐπιθυμεῖ
2527 1043 2622 1098 τοῦ
2674 1042 2873 1111 ἐφετοῦ
2925 1041 3119 1094 τούτου
3166 1042 3392 1105 τέλους·
3446 1041 3581 1110 πρὸς
3627 1039 3788 1093 τοῦτο

2214 1138 2487 1209 βλέπομεν
2517 1137 2719 1198 πάντες
2740 1150 2755 1164 ⁸
2786 1130 3000 1187 ἐκείνω
3033 1135 3254 1188 πάντων
3301 1133 3399 1195 τὰς
3433 1134 3610 1203 ψυχὰς
3643 1134 3788 1202 ἔρως

2211 1228 2508 1295 άναφλέγει
2532 1226 2761 1296 σφοδρός
2783 1242 2797 1257 ο
2818 1225 2909 1279 διὰ
2937 1226 3095 1279 τοῦτο
3122 1225 3408 1296 μακρόθεν
3427 1226 3629 1287 πάντες
3658 1241 3786 1277 συν-

2212 1319 2451 1389 ήλθομεν
2476 1334 2491 1350 ·
2520 1318 2610 1372 διὰ
2632 1318 2790 1372 τοῦτο
2827 1319 2914 1371 ἐπ’
2938 1317 3242 1389 ἀλλοδαπῆς
3273 1317 3648 1387 διατρίϐομεν,
3692 1317 3789 1367 ἄν-

2212 1412 2425 1481 θρωποι
2460 1414 2508 1465 οἱ
2536 1411 2638 1481 μὲν
2681 1412 2746 1465 ἐκ
2788 1411 2962 1481 μέσης
2992 1411 3166 1480 αὐτῆς
3203 1411 3304 1480 τῆς
3337 1409 3615 1495 Ἑλλάδος,
3657 1411 3708 1462 οῖ
3738 1407 3786 1460 δ’

2213 1505 2279 1556 ἐκ
2311 1502 2676 1573 βορειοτάτων
2730 1519 2790 1555 τε
2820 1504 2915 1557 καὶ
2948 1503 3435 1556 ἀνατολικωτάτων
3478 1505 3575 1572 τῆς
3605 1502 3790 1554 οίκου·

2214 1595 2382 1664 μένης
2412 1594 2782 1659 πεπλευκότες
2813 1596 2895 1656 είς
2937 1595 3174 1648 Ἰταλίαν
3204 1595 3402 1665 αὐτήν.

2283 1687 2374 1757 Μὴ
2412 1685 2477 1756 δὴ
2507 1687 2782 1741 τοσούτων
2835 1686 3074 1756 σπουδῆς
3105 1689 3134 1740 ό
3169 1687 3366 1758 ἐχθρὸς
3419 1686 3785 1756 περιγένοιτο,

2217 1778 2312 1849 μὴ,
2339 1778 2443 1832 Θεέ
2467 1778 2688 1849 Σῶτερο
2718 1777 2794 1849 μὴ
2828 1781 3162 1849 ματαιώσειε
3193 1780 3294 1849 τὴν
3323 1778 3593 1849 τοσαύτην
3625 1776 3790 1847 ἡμῶν

531 1883 647 1928 ster
705 1886 1036 1939 conventus,
1094 1884 1210 1931 tam
1265 1877 1555 1947 frequens,
1605 1888 1712 1935 tam
1765 1883 1939 1937 multo
1977 1892 2100 1939 ante

2214 1870 2485 1926 τοσούτων
2518 1886 2583 1938 γε
2631 1870 2825 1935 ὄντων,
2879 1869 3023 1924 οὕτω
3069 1870 3584 1942 μεμεριμνημένην,
3640 1867 3790 1923 οὕτω

531 1968 852 2027 meditatus.
906 1976 1016 2023 tam
1076 1971 1269 2026 multis
1316 1972 1476 2027 annis
1525 1974 1946 2041 cdnsideratus,
1993 1987 2102 2032 tam

531 2059 719 2113 multis
772 2060 1058 2116 laboribus
1103 2064 1393 2133 multoque
1443 2067 1636 2122 studio
1684 2066 1936 2135 habitus,
1986 2072 2106 2142 ejus

527 2167 697 2219 opera
733 2153 802 2206 sit
838 2152 1062 2208 frustra.
1102 2153 1224 2210 Non
1246 2165 1333 2212 est
1377 2155 1483 2212 hoc
1523 2159 1832 2229 sapientum
1886 2162 2105 2220 divino—

528 2258 764 2312 rumque
792 2244 1103 2309 hominum,
1123 2262 1389 2305 eorumve
1419 2250 1511 2320 qui
1540 2267 1823 2309 sermones
1850 2269 1981 2312 suos
2006 2272 2107 2313 no-

527 2347 659 2391 runt
691 2338 743 2390 in
779 2338 990 2405 judicio
1022 2340 1337 2410 disponere.
1390 2343 1542 2399 Alios
1581 2345 1866 2402 adoriatur
1907 2350 2103 2418 hostis,

524 2425 650 2480 aliis
689 2426 920 2483 devictis
971 2429 1230 2494 insultet,
1266 2446 1371 2485 nos
1402 2441 1584 2486 autem
1641 2444 2103 2504 nequaquam'at-

527 2517 719 2587 tingat.
770 2515 1128 2587 Spiritalibus
1176 2521 1349 2577 armis
1381 2520 1485 2592 ipsi
1518 2538 1618 2578 nos
1648 2540 1927 2580 armemus
1957 2527 2103 2582 hosti

524 2606 743 2662 obviam
778 2609 933 2664 ituri.
962 2609 1262 2667 luduamur
1298 2612 1528 2669 loricam
1552 2614 1782 2684 iustitiae
1804 2627 1860 2670 et
1894 2618 2101 2687 galeam

523 2698 775 2769 spiritus,
805 2715 868 2755 ac
893 2700 1035 2757 duce
1067 2694 1231 2759 nobis
1265 2705 1361 2761 Dei
1398 2706 1571 2761 verbo
1597 2706 1876 2764 irruamus
1913 2710 1968 2764 in
1999 2710 2104 2765 ho-

523 2800 676 2855 stes;
707 2790 1078 2847 subsistamus
1106 2802 1291 2849 autem
1326 2810 1657 2865 quocunque
1699 2797 1833 2852 illud
1868 2815 1969 2856 nos
2000 2800 2103 2856 du-

525 2881 686 2946 xerit,
720 2885 1072 2953 destruentes
1103 2896 1326 2942 omnem
1354 2887 1703 2943 altitudinem
1747 2891 2100 2949 extollentem

524 2986 585 3027 se
608 2973 872 3030 adversus
905 2976 1141 3046 gloriam
1169 2978 1290 3040 Dei,
1324 2992 1551 3034 omnem
1594 2981 1985 3051 cogitationem
2012 2999 2106 3039 su-

526 3065 749 3131 perbam
778 3075 834 3122 et
860 3067 1106 3137 gloriolae
1125 3068 1340 3124 avidam
1365 3087 1381 3137 ;
1421 3071 1787 3128 humilitatem
1815 3089 1946 3130 vero
1973 3076 2102 3132 Dei-

2213 1963 2481 2033 πολυετῆ,
2537 1961 2683 2017 οὕτω
2717 1963 2937 2027 πολλοῖς
2985 1962 3171 2027 πόνοις
3219 1963 3316 2018 καὶ
3355 1963 3525 2033 πολλῇ
3577 1961 3785 2031 σπουδῇ

2211 2054 2666 2124 κατορθωθεῖσαν
2695 2056 3034 2110 συνέλευσιν.
3085 2057 3162 2110 Οὐ
3201 2055 3342 2126 προς
3381 2053 3595 2124 ἀνδρῶν
3622 2054 3789 2107 τοῦτο

2209 2148 2390 2216 σοφῶν
2423 2166 2482 2202 τε
2515 2149 2609 2202 καὶ
2659 2147 2842 2212 θείων,
2872 2148 2992 2201 ούδέ
3024 2147 3153 2212 τοὺς
3197 2147 3391 2218 λόγους
3429 2147 3680 2203 εὐθύνειν
3706 2148 3787 2200 εί-

2206 2241 2376 2295 δότων
2401 2243 2459 2294 ἐν
2491 2242 2695 2310 κρίσει.
2728 2239 2947 2302 Ἀλλοις
2979 2240 3007 2294 ὂ
3032 2239 3222 2311 εχθρὸς
3250 2240 3655 2310 ἐπεμϐαινέτω,
3688 2239 3807 2293 ἅλο-

2207 2333 2321 2397 λοις
2369 2334 2705 2405 ἐπιχαιρέτω
2754 2334 2946 2400 νικῶν,
2998 2334 3158 2405 ἡμῶν
3185 2333 3245 2388 δὲ
3289 2334 3367 2405 μὴ
3416 2326 3784 2405 προσάψαιτο.

2207 2427 2333 2486 Τοῖς
2366 2429 2766 2495 πνευματικοῖς
2807 2428 2995 2492 ὅπλοις
3024 2428 3176 2498 ἡμᾶς
3207 2428 3409 2491 αὐτοὺς
3439 2426 3789 2482 καθοπλίσω-

2209 2534 2310 2585 μιν
2369 2518 2825 2589 ἀντιστησόμενοι
2890 2518 2970 2589 τῷ
3043 2518 3327 2589 πολεμίῳ·
3381 2517 3787 2589 άναλαδώμεθα

2210 2609 2439 2677 θώρακα
2479 2608 2860 2681 δικαιοσύνης,
2892 2611 2989 2664 καὶ
3020 2610 3462 2681 περικεφαλαίαν
3492 2612 3588 2665 τοῦ
3615 2612 3784 2665 πνεύ-

2209 2717 2402 2770 ματος.
2429 2702 2526 2755 καὶ
2565 2701 2658 2756 τοῦ
2699 2703 2803 2757 τοῦ
2821 2703 2957 2768 Θεοῦ
2998 2704 3251 2775 ῥήματος
3308 2705 3442 2775 ἡμῖν
3475 2704 3781 2774 ἡγουμένου

2207 2791 2451 2860 ἐπίωμεν
2475 2793 2618 2864 κατᾲ
2639 2792 2749 2847 τῶν
2775 2795 3159 2864 πολεμούντων
3176 2810 3189 2824 ·
3232 2795 3683 2865 καταπαύσωμεν
3723 2796 3784 2849 δὲ

2205 2875 2263 2934 οἷ
2290 2880 2359 2935 ἂν
2387 2885 2523 2953 ἡμῖν
2542 2885 2675 2940 αὐτὸ
2708 2886 2994 2956 ὑφηγοίτο,
3020 2887 3413 2959 καθαιροῦντες
3441 2888 3549 2942 πᾶν
3580 2887 3783 2957 ὕψωμα

2203 2976 2571 3046 ἐπαιρόμενον
2596 2979 2738 3032 κατᾶ
2764 2980 2867 3050 τῆς
2891 2979 2987 3034 τοῦ
3023 2980 3160 3034 Θεοῦ
3206 2981 3387 3051 δόξης,
3418 2981 3596 3034 πάντα
3625 2981 3782 3048 λογι-

2207 3067 2344 3136 σμὸν
2376 3067 2733 3140 ὑπερήφανον
2767 3073 2862 3126 καὶ
2891 3072 3189 3139 κενόδοξον.
3227 3072 3574 3127 Ταπεινώσει
3603 3072 3661 3126 δέ
3682 3072 3779 3125 καὶ

526 3170 634 3223 que
661 3157 914 3219 timorem
944 3160 1274 3217 adhibentes
1307 3161 1375 3217 ad
1399 3164 1657 3219 obeunda
1686 3168 2011 3232 certamina,
2037 3169 2100 3223 il-

2206 3163 2358 3231 φόϐῳ
2405 3162 2543 3216 Θεοῦ
2597 3164 2876 3235 χρώμενοι
2909 3167 3161 3238 συνεργῷ
3213 3167 3355 3238 πρὸς
3383 3168 3511 3235 τοὺς
3558 3167 3776 3231 ἄθλους,

525 3247 751 3318 lumque
778 3265 889 3320 pra:
932 3253 1108 3315 oculis
1140 3253 1428 3319 habentes,
1480 3267 1649 3328 utque
1677 3259 1742 3313 ad
1781 3260 1931 3316 illum
1974 3276 2103 3333 per-

527 3339 814 3397 veniamus
836 3344 1256 3412 contendentes,
1281 3361 1674 3420 nonuunquam
1701 3351 1841 3407 vinci
1881 3368 2106 3423 quoque

527 3430 672 3486 bene
694 3433 873 3503 potius
893 3435 1161 3502 volentes,
1179 3452 1343 3507 quam
1362 3440 1584 3496 vincere
1611 3442 1667 3496 in
1687 3444 1945 3505 omnibus
1986 3460 2104 3501 ma-

525 3522 609 3589 le;
635 3539 760 3580 cum
786 3528 929 3582 ratio
955 3526 1085 3584 boni
1114 3545 1227 3585 non
1251 3533 1427 3586 solum
1456 3532 1508 3587 in
1533 3548 1600 3589 eo
1624 3535 1776 3601 insit,
1803 3536 1847 3592 si
1870 3539 1995 3608 quis
2018 3541 2104 3595 vi-

521 3617 751 3672 ctoriam
782 3618 1052 3687 obtineat,
1087 3636 1213 3677 eum
1246 3622 1446 3701 habeat
1476 3640 1506 3679 a
1536 3640 1596 3680 se
1631 3628 1922 3685 veritatem
1951 3647 1965 3698 ;
2005 3631 2101 3688 sed

519 3709 892 3766 nihilominus
927 3714 979 3766 in
1038 3728 1108 3769 eo
1143 3716 1308 3770 etiam
1346 3716 1491 3771 idem
1525 3717 1656 3773 boni
1683 3721 1881 3777 modus
1917 3738 2103 3779 serve—

520 3809 630 3866 tur,
665 3803 708 3856 si
732 3802 856 3873 quis
874 3804 1017 3859 bene
1042 3807 1393 3873 succumbat,
1419 3809 1565 3878 quod
1592 3812 1824 3880 perinde
1844 3825 2102 3871 censetur

520 3908 585 3947 ac
641 3895 885 3952 vincere.
918 3896 1247 3967 Quanquam
1277 3899 1482 3955 dixerit
1529 3902 1766 3959 fortasse
1797 3907 2096 3978 quispiam,

519 3987 698 4052 majus
741 3989 905 4042 etiam
957 3989 1059 4044 hoc
1107 4005 1229 4044 esse
1277 3991 1442 4061 priori
1493 3993 1586 4049 illo
1619 3993 1849 4060 bonum,
1879 3999 2100 4068 quando

518 4076 817 4146 uiiiruique
864 4079 1133 4135 cenducit
1173 4083 1364 4154 magis,
1411 4085 1591 4155 ipsum
1631 4085 1773 4144 allici
1804 4088 2097 4157 beneﬁcio,

514 4183 677 4237 quam
723 4168 939 4224 allicere
978 4171 1189 4227 alium:
1221 4182 1278 4228 et
1299 4175 1493 4232 audire
1522 4178 1728 4247 potius,
1761 4196 1926 4251 quam
1975 4182 2098 4239 aliis

515 4259 703 4315 dicere
739 4277 753 4313 :
785 4272 841 4316 et
875 4261 1098 4319 liberari
1129 4264 1201 4320 ab
1239 4280 1455 4333 errore,
1481 4260 1645 4339 quam
1670 4270 1923 4328 liberare.
1957 4274 2099 4329 Invi-

415 4351 423 4359 '
513 4351 757 4407 ctissime
791 4354 1112 4423 imperator,
1134 4356 1245 4426 iam
1268 4374 1356 4414 res
1370 4368 1457 4415 est
1483 4361 1538 4416 in
1560 4363 1805 4430 cardine,
1837 4369 2096 4439 venitque

515 4452 733 4511 tempus
765 4444 911 4514 quod
961 4446 1073 4516 jam
1110 4446 1206 4503 diu
1240 4452 1533 4522 exaptasti.
1568 4454 1645 4510 Da
1675 4470 1807 4527 ergo
1838 4457 1949 4513 Deo
1977 4461 2095 4532 glo.

516 4536 653 4588 riam
679 4545 735 4590 ct
771 4537 1025 4594 collauda
1049 4553 1175 4594 eum
1199 4559 1214 4608 ;
1262 4542 1414 4599 illius
1457 4544 1563 4602 hoc
1583 4562 1722 4618 opus
1751 4551 1969 4614 est,ille
1993 4555 2092 4611 tibi

516 4625 658 4681 hanc
687 4627 877 4696 injecit
904 4628 1320 4698 cogitationem,
1358 4643 1570 4692 tantum
1603 4639 1926 4695 instillaudo
1942 4659 2093 4699 amo-

515 4731 632 4771 rem
663 4734 678 4771 :
707 4718 801 4773 illo
834 4735 1055 4789 quoque
1078 4724 1388 4793 opitulante
1441 4743 1530 4784 res
1577 4729 1643 4785 ad
1688 4732 1837 4787 hunc
1885 4723 2090 4790 statum

515 4805 781 4875 perducta
811 4817 927 4895 est.
944 4808 999 4863 Si
1026 4811 1192 4881 igitur
1218 4815 1290 4870 ob
1311 4826 1441 4873 ante
1475 4829 1595 4875 acta
1618 4822 1842 4892 quidem
1870 4839 2093 4895 magnas

512 4899 563 4953 ei
588 4898 795 4969 gratias
824 4890 1207 4971 habuerimus,
1229 4923 1330 4977 pro
1364 4909 1569 4967 futuris
1601 4890 1734 4970 vero
1764 4923 1879 4972 toto
1905 4890 2092 4973 animo

516 5006 706 5060 preces
761 4991 1143 5062 ell‘uderimus,
1176 5014 1292 5054 rem
1339 5011 1491 5058 certe
1547 5014 1605 5059 et
1638 5008 1798 5063 nobis
1828 5017 1887 5064 et
1925 5024 2091 5081 opere

511 5083 658 5152 quod
674 5085 1025 5155 ,propositum
1052 5098 1138 5143 est
1171 5090 1390 5162 dignata
1418 5093 1791 5167 effecerimus,
1823 5101 2093 5171 nobisque

510 5176 810 5245 propitium
843 5177 1017 5247 magis
1059 5180 1237 5249 ipsum
1270 5182 1698 5252 reddiderimus,
1743 5191 1787 5245 si
1817 5207 1920 5247 nos
1949 5193 2093 5247 votis

509 5265 928 5337 nostrisdignns
962 5279 1306 5337 praestemus,
1332 5272 1462 5327 dum
1497 5284 1552 5330 et
1575 5276 1643 5331 de
1678 5280 1969 5348 praeteritis
2012 5282 2094 5335 in-

508 5357 648 5425 grati
674 5373 785 5413 non
808 5359 1040 5425 erimus,
1074 5376 1286 5432 nosque
1320 5364 1468 5434 ipsos
1502 5376 1559 5421 et
1586 5370 1867 5439 negotium
1912 5380 2089 5427 totum

510 5446 566 5499 in
596 5462 721 5502 eum
761 5450 1142 5519 rejeccrimus,
1175 5456 1326 5509 omni
1364 5466 1555 5512 nostra
1590 5472 1687 5527 spe
1733 5468 1792 5515 et
1823 5461 2091 5517 sollicitu-

506 5536 638 5593 dine
668 5540 931 5598 CullOCald
958 5544 1011 5599 in
1040 5559 1112 5600 eo
1151 5563 1165 5601 :
1200 5548 1404 5618 quippe
1431 5564 1559 5604 cum
1588 5551 1704 5621 ipse
1735 5552 1781 5607 is
1810 5554 1883 5608 sit
1926 5569 1955 5608 a
1980 5570 2090 5625 quo

508 5632 794 5688 uutriendi
846 5650 1039 5694 sumus
1077 5639 1290 5697 cmlcsti
1322 5658 1387 5699 ac
1433 5644 1626 5701 divino
1654 5645 1937 5711 alimento,
1971 5648 2090 5704 sine

506 5737 616 5789 quo
656 5739 766 5778 non
793 5726 939 5782 vivet
969 5729 1154 5786 homo.
1189 5733 1258 5789 Et
1297 5736 1769 5806 quemadmodum
1803 5753 1953 5794 nunc
2001 5754 2091 5795 us-

506 5828 617 5880 que
647 5830 755 5870 non
792 5820 1051 5877 desiitsti
1086 5833 1199 5879 tum
1233 5829 1486 5894 precibus
1509 5845 1540 5885 a
1576 5830 1686 5887 Deo
1718 5832 1978 5889 auxilium
2006 5834 2087 5891 ef-

2207 3254 2466 3308 κάκεῖνον
2496 3257 2606 3325 πρὸ
2635 3257 2934 3329 ὀφθαλμῶν
2972 3259 3214 3330 θέμενοι,
3250 3262 3347 3315 καὶ
3390 3263 3527 3330 πρ¹ς
3573 3262 3779 3316 ἐκεῖνον

2205 3342 2559 3414 ἐπειγόμενοι
2605 3348 2814 3417 φθάσαι
2837 3361 2855 3381 ⁶
2885 3349 3034 3404 ἔστιν
3063 3345 3126 3404 οὗ
3169 3352 3265 3404 καὶ
3293 3350 3551 3406 νικᾶσθαι
3595 3352 3780 3415 καλῶς

2207 3436 2414 3507 μᾶλλον
2454 3438 2758 3505 ἐθέλοντες,
2792 3441 2826 3512 ἢ
2860 3445 3019 3512 νικᾷν
3057 3445 3117 3495 ἐν
3147 3444 3285 3497 πᾶσι
3319 3444 3509 3507 κακῶς
3534 3460 3552 3479 ο
3587 3443 3685 3498 άτε
3712 3445 3780 3516 δὴ

2208 3530 2284 3600 μὴ
2314 3530 2406 3584 τοῦ
2434 3533 2822 3601 περιγίνεσθαι
2850 3535 3038 3604 μόνον,
3067 3537 3196 3590 ὅταν
3232 3537 3354 3609 μεθ’
3375 3538 3576 3591 ἑαυτοῦ
3608 3540 3778 3610 τάλη-

2205 3623 2297 3688 θές
2325 3624 2446 3696 ἔχῃ,
2472 3626 2568 3679 τὸν
2595 3625 2806 3693 ἀγαθοῦ
2841 3626 3107 3693 σώζοντος
3139 3629 3472 3701 λόγον,,άλλ’
3502 3631 3654 3688 οὐδὲν
3679 3627 3780 3706 ἦτ-

2201 3733 2294 3770 τον
2324 3721 2420 3771 καὶ
2463 3716 2558 3771 τοῦ
2591 3718 2861 3790 ἡττᾶσθαι
2894 3722 3076 3785 καλῶς
3103 3725 3269 3780 ταυτδ
3316 3726 3412 3779 τοῦ
3442 3726 3613 3780 καλοῦ
3665 3727 3777 3780 σώ-

2205 3808 2390 3874 ζοντος
2422 3808 2646 3881 μέτρον,
2673 3813 2771 3868 καί⁵
2799 3814 2859 3867 ἐν
2893 3813 2994 3883 ῐσῳ
3025 3815 3121 3870 τοῦ
3155 3819 3381 3888 κρατεῖν
3420 3819 3771 3888 κρινομένου.

2203 3898 2423 3953 Καίτοι
2452 3901 2591 3972 φαίη
2641 3918 2728 3966 τις
2753 3903 2820 3957 ἂν
2854 3902 2984 3969 ἴσως
3018 3905 3114 3959 καὶ
3157 3908 3345 3974 μεῖζον
3399 3908 3605 3976 ἀγαθὸν
3634 3903 3779 3963 εἶναι

2202 3978 2362 4045 τοῦτο
2391 3993 2488 4046 τοῦ
2518 3994 2812 4065 πρότερον,
2842 3997 3003 4068 ειπερ
3029 3996 3481 4071 λυσιτελέστερον
3507 4001 3586 4072 τῷ
3614 4003 3778 4056 παντὶ

2201 4083 2366 4136 αὐτξν
2395 4086 2601 4152 ἀγαθόν
2627 4102 2680 4140 τι
2708 4086 2902 4143 παθεῖν
2941 4089 2974 4156 ἢ
3011 4089 3169 4145 ἄλλον
3213 4093 3442 4162 ποιῆσαι
3464 4110 3480 4126 ο
3508 4095 3604 4147 καὶ
3640 4095 3778 4162 μᾶ)..-

2200 4177 2292 4233 λον
2324 4178 2559 4231 ἀκοῦσαι
2589 4179 2623 4249 ἢ
2674 4179 2841 4249 φάναι
2875 4181 3085 4252 ἐτέροις
3109 4199 3125 4214 ⁸
3160 4184 3254 4237 καὶ
3291 4185 3499 4254 πλάνης
3532 4187 3779 4240 ἀπαλλα-

2198 4271 2365 4339 γῆναι
2411 4270 2443 4341 ἢ
2493 4269 2834 4337 ἀπαλλάξαι.
2886 4274 3161 4342 Κράτιστε
3192 4275 3438 4348 βασιλεῦ,
3472 4266 3558 4331 ἐπ’
3604 4279 3779 4350 αὐτῆς

2196 4366 2295 4434 τῆς
2345 4365 2533 4434 ἀκμῆς
2583 4361 2686 4438 ἧκε
2716 4368 2785 4420 τὰ
2819 4367 3142 4438 πράγματα,
3191 4371 3285 4423 καὶ
3324 4369 3384 4423 ὃν
3430 4372 3496 4424 ἐκ
3560 4371 3776 4441 μακροῦ

2199 4458 2388 4526 χρόνοι
2425 4458 2666 4523 ἐπόθεις,
2714 4460 2944 4530 ἐπέστη.
2980 4461 3181 4515 Λοιπὸν
3210 4462 3298 4526 δὸς
3326 4462 3486 4528 δόξαν
3512 4463 3590 4533 τῷ
3626 4463 3773 4534 Θεῷ,

2197 4544 2348 4604 αῐνον
2397 4551 2598 4614 ἀπόδος
2633 4551 2784 4622 αὐτῷ
2812 4567 2827 4583 ο
2860 4553 3075 4607 ἐκείνου
3129 4554 3279 4608 τοῦτ’
3307 4554 3468 4625 ἔργον
3492 4572 3508 4588 ·
3564 4558 3777 4619 ἐκεῖνος

2195 4645 2306 4714 γάρ
2336 4660 2421 4697 σοι
2451 4644 2596 4697 κατὰ
2623 4641 2752 4698 νοῦν
2781 4643 2932 4698 τοῦτ’
2960 4644 3189 4715 ἐνέθηκε
3226 4647 3319 4699 τὸν
3343 4646 3605 4703 τοσοῦτον
3631 4651 3773 4713 ἐνεὶς

2195 4735 2411 4805 ἔρωτα·
2445 4735 2659 4788 ἐκείνου
2692 4736 2792 4788 καὶ
2824 4736 3230 4807 συλλαϐομένου
3266 4739 3320 4802 ἐς
3349 4739 3470 4793 τόδε
3518 4741 3770 4811 ἀφίκετο.

2199 4828 2262 4881 El
2292 4828 2359 4898 δὴ
2394 4829 2494 4898 τὴν
2526 4829 2624 4898 μὲν
2652 4826 2810 4892 ἀξίαν
2840 4828 2993 4898 αύτῷ
3024 4830 3186 4901 χάριν
3219 4833 3348 4900 περὶ
3386 4831 3498 4884 τῶν
3528 4830 3774 4901 φθασάν-

2195 4937 2305 4973 των
2347 4918 2635 4992 εἰσόμεθα,
2663 4921 2814 4991 ,περὶ
2843 4920 2902 4974 δέ
2947 4920 3062 4975 τῶν
3099 4921 3405 4992 μελλόντων
3448 4922 3597 4995 πάσῃ
3622 4925 3768 4995 ψυχῇ

2193 5012 2528 5083 δεησόμεθα,
2566 5012 2692 5078 άξια
2717 5013 2991 5085 δράσομεν
3022 5016 3117 5067 καὶ
3147 5016 3522 5086 ἠμῶν,αύτῶν
3551 5020 3641 5070 καὶ
3671 5018 3767 5072 τοῦ

2193 5104 2360 5174 ἔργου
2414 5103 2509 5159 τοῦ
2566 5107 2960 5176 προκειμένου,
3018 5109 3114 5161 καὶ
3172 5108 3378 5177 μᾶλλον
3432 5110 3770 5178 ιλεωσόμεθα

2191 5197 2378 5263 ἀξίους
2405 5198 2557 5267 ἡμᾶς
2581 5198 2779 5263 αὐτοὺς
2806 5200 2916 5252 τῶν
2935 5201 3229 5271 ηύγμένων
3247 5200 3579 5266 δεικνύντες,
3605 5198 3688 5266 οἷς
3708 5221 3771 5265 τε

2195 5289 2325 5358 περὶ
2348 5291 2417 5342 τά
2451 5289 2737 5357 φθάσαντα
2765 5291 2867 5344 οὐκ
2897 5293 3393 5365 ἀγνωμονήσομεν,
3424 5290 3504 5359 οἷς
3529 5312 3588 5348 τε
3620 5297 3774 5366 ἡμᾶς

2191 5380 2390 5444 αὐτοὺς
2421 5382 2517 5435 καὶ
2541 5380 2636 5435 τοῦ
2661 5381 2825 5451 ἔργου
2858 5384 2921 5436 τὸ
2953 5387 3062 5439 πᾶν
3088 5386 3168 5449 είς
3200 5387 3365 5440 αὐτὸν
3393 5386 3768 5458 ἀναθήσομεν,

2193 5473 2375 5535 πάσας
2404 5472 2565 5543 ἡμῶν
2599 5474 2687 5525 ἐπ’
2714 5475 2879 5528 αὐτὸν
2930 5476 3359 5548 ἐπιρῤξπτοντες
3383 5479 3492 5542 τὰς
3544 5479 3772 5543 ἐλπίδας

2190 5581 2250 5617 τε
2279 5566 2374 5618 καὶ
2408 5566 2707 5637 μερίμνας,
2738 5565 2815 5629 ὡς
2846 5568 3016 5622 αὑτοῦ
3055 5570 3210 5633 θντος
3235 5569 3332 5623 τοῦ
3374 5571 3523 5639 ἡμᾶς
3548 5569 3771 5640 διαθρέ-

2190 5655 2383 5724 ψοντος
2408 5657 2615 5727 τροφὴν
2642 5658 2744 5727 τὴν
2780 5658 2928 5711 θείαν
2951 5677 3010 5712 τε
3039 5663 3134 5713 καὶ
3158 5662 3432 5731 οὐράνιον,
3456 5656 3520 5732 ἧς
3548 5660 3678 5713 ἄνευ
3701 5659 3769 5715 οὐ

2193 5740 2434 5811 ζήσεταῖ
2466 5745 2775 5816 ἄνθρωπος.
2812 5748 3023 5817 Ὥσπερ
3056 5750 3111 5802 δὲ
3159 5751 3545 5812 διατετέλεκας
3599 5750 3768 5822 μέχρι

2190 5833 2286 5887 τοῦ
2320 5834 2437 5902 νῦν,
2471 5835 2532 5889 τὺ
2561 5837 2663 5907 μέν
2690 5855 2738 5889 τι
2771 5840 3067 5909 εὐχόμενος
3092 5840 3171 5911 τῷ
3196 5840 3316 5912 Θεῷ
3345 5841 3441 5894 καὶ
3467 5839 3569 5910 τῆς
3597 5837 3768 5899 αὑτοῦ
