  <div class='ocr_page' id='page_1' title='image "/cluster/home/n/w/nwhite01/storage/ocr_20150623/161/coo.31924054870666/360.png"; bbox 0 0 4086 6414; ppageno 0'>
   <div class='ocr_carea' id='block_1_1' title="bbox 381 390 1931 468">
    <p class='ocr_par' dir='ltr' id='par_1_1' title="bbox 381 390 1931 463">
     <span class='ocr_line' id='line_1_1' title="bbox 381 390 1931 463; baseline 0.001 -6"><span class='ocrx_word' id='word_1_1' title='bbox 381 390 474 459; x_wconf 54' lang='lat' dir='ltr'><strong>bii</strong></span> <span class='ocrx_word' id='word_1_2' title='bbox 1419 401 1700 462; x_wconf 74' lang='lat' dir='ltr'><strong>ORATIO</strong></span> <span class='ocrx_word' id='word_1_3' title='bbox 1745 405 1931 463; x_wconf 67' lang='lat' dir='ltr'><strong>FEllli</strong></span> 
     </span>
    </p>
   </div>
   <div class='ocr_carea' id='block_1_2' title="bbox 2033 390 2525 468">
    <p class='ocr_par' dir='ltr' id='par_1_2' title="bbox 2033 403 2525 468">
     <span class='ocr_line' id='line_1_2' title="bbox 2033 403 2525 468; baseline 0.014 -7"><span class='ocrx_word' id='word_1_4' title='bbox 2033 403 2157 462; x_wconf 72' lang='lat' dir='ltr'><strong>ll/E</strong></span> <span class='ocrx_word' id='word_1_5' title='bbox 2219 404 2525 468; x_wconf 64' lang='lat' dir='ltr'><strong>IIAlllTA.</strong></span> 
     </span>
    </p>
   </div>
   <div class='ocr_carea' id='block_1_3' title="bbox 3526 419 3630 481">
    <p class='ocr_par' dir='ltr' id='par_1_3' title="bbox 3526 419 3630 481">
     <span class='ocr_line' id='line_1_3' title="bbox 3526 419 3630 481; baseline 0.038 -4"><span class='ocrx_word' id='word_1_6' title='bbox 3526 419 3630 481; x_wconf 55' lang='lat' dir='ltr'><strong>id“?</strong></span> 
     </span>
    </p>
   </div>
   <div class='ocr_carea' id='block_1_4' title="bbox 379 515 1931 593">
    <p class='ocr_par' dir='ltr' id='par_1_4' title="bbox 379 515 1931 592">
     <span class='ocr_line' id='line_1_4' title="bbox 379 515 1931 592; baseline 0.003 -23"><span class='ocrx_word' id='word_1_7' title='bbox 379 515 695 584; x_wconf 70' lang='grc' dir='ltr'>συμμαχίας</span> <span class='ocrx_word' id='word_1_8' title='bbox 748 516 1023 584; x_wconf 77' lang='grc' dir='ltr'>δεόμενος,</span> <span class='ocrx_word' id='word_1_9' title='bbox 1075 520 1134 571; x_wconf 76' lang='grc' dir='ltr'>τὸ</span> <span class='ocrx_word' id='word_1_10' title='bbox 1168 519 1222 571; x_wconf 80' lang='grc' dir='ltr'><em>δέ</em></span> <span class='ocrx_word' id='word_1_11' title='bbox 1256 537 1306 572; x_wconf 86' lang='grc' dir='ltr'><strong>τι</strong></span> <span class='ocrx_word' id='word_1_12' title='bbox 1345 521 1599 582; x_wconf 78' lang='grc' dir='ltr'><strong>πράττων</strong></span> <span class='ocrx_word' id='word_1_13' title='bbox 1631 525 1735 592; x_wconf 65' lang='grc' dir='ltr'><strong>καὶ⁴</strong></span> <span class='ocrx_word' id='word_1_14' title='bbox 1782 522 1931 575; x_wconf 71' lang='grc' dir='ltr'>αὐτὸς</span> 
     </span>
    </p>
   </div>
   <div class='ocr_carea' id='block_1_5' title="bbox 2033 515 3625 593">
    <p class='ocr_par' dir='ltr' id='par_1_5' title="bbox 2044 515 3625 593">
     <span class='ocr_line' id='line_1_5' title="bbox 2044 515 3625 593; baseline 0.009 -24"><span class='ocrx_word' id='word_1_15' title='bbox 2044 515 2312 586; x_wconf 76' lang='lat' dir='ltr'><strong>ﬂagitare,</strong></span> <span class='ocrx_word' id='word_1_16' title='bbox 2367 533 2478 574; x_wconf 89' lang='lat' dir='ltr'><strong>tum</strong></span> <span class='ocrx_word' id='word_1_17' title='bbox 2519 522 2722 589; x_wconf 78' lang='lat' dir='ltr'><strong>etipse</strong></span> <span class='ocrx_word' id='word_1_18' title='bbox 2753 539 2869 589; x_wconf 72' lang='lat' dir='ltr'><strong>qua:</strong></span> <span class='ocrx_word' id='word_1_19' title='bbox 2920 540 3016 591; x_wconf 82' lang='lat' dir='ltr'><strong>par</strong></span> <span class='ocrx_word' id='word_1_20' title='bbox 3047 537 3159 577; x_wconf 58' lang='lat' dir='ltr'><strong>erat</strong></span> <span class='ocrx_word' id='word_1_21' title='bbox 3219 542 3498 593; x_wconf 61' lang='lat' dir='ltr'><strong>prmsuare,</strong></span> <span class='ocrx_word' id='word_1_22' title='bbox 3556 534 3625 584; x_wconf 79' lang='lat' dir='ltr'><strong>ita</strong></span> 
     </span>
    </p>
   </div>
   <div class='ocr_carea' id='block_1_6' title="bbox 377 607 1937 682">
    <p class='ocr_par' dir='ltr' id='par_1_6' title="bbox 377 607 1937 682">
     <span class='ocr_line' id='line_1_6' title="bbox 377 607 1937 682; baseline 0.002 -24"><span class='ocrx_word' id='word_1_23' title='bbox 377 607 444 658; x_wconf 75' lang='grc' dir='ltr'>τὰ</span> <span class='ocrx_word' id='word_1_24' title='bbox 486 608 695 664; x_wconf 80' lang='grc' dir='ltr'>εἰκότα.</span> <span class='ocrx_word' id='word_1_25' title='bbox 747 607 891 660; x_wconf 77' lang='grc' dir='ltr'>οὕτω</span> <span class='ocrx_word' id='word_1_26' title='bbox 923 610 1016 662; x_wconf 82' lang='grc' dir='ltr'>καὶ</span> <span class='ocrx_word' id='word_1_27' title='bbox 1049 610 1109 661; x_wconf 72' lang='grc' dir='ltr'>τὸ</span> <span class='ocrx_word' id='word_1_28' title='bbox 1143 612 1252 664; x_wconf 80' lang='grc' dir='ltr'>ἀπὺ</span> <span class='ocrx_word' id='word_1_29' title='bbox 1304 612 1458 664; x_wconf 73' lang='grc' dir='ltr'>τοῦδε</span> <span class='ocrx_word' id='word_1_30' title='bbox 1493 613 1675 682; x_wconf 79' lang='grc' dir='ltr'>πολλῷ</span> <span class='ocrx_word' id='word_1_31' title='bbox 1717 613 1937 680; x_wconf 72' lang='grc' dir='ltr'>μᾶλλον,</span> 
     </span>
    </p>
   </div>
   <div class='ocr_carea' id='block_1_7' title="bbox 375 695 1944 773">
    <p class='ocr_par' dir='ltr' id='par_1_7' title="bbox 375 695 1944 773">
     <span class='ocr_line' id='line_1_7' title="bbox 375 695 1944 773; baseline 0.007 -28"><span class='ocrx_word' id='word_1_32' title='bbox 375 696 484 761; x_wconf 80' lang='grc' dir='ltr'><strong>ὅσῳ</strong></span> <span class='ocrx_word' id='word_1_33' title='bbox 513 695 790 763; x_wconf 74' lang='grc' dir='ltr'><strong>φθάνομεν</strong></span> <span class='ocrx_word' id='word_1_34' title='bbox 827 698 960 766; x_wconf 72' lang='grc' dir='ltr'>πρὸς</span> <span class='ocrx_word' id='word_1_35' title='bbox 992 700 1050 750; x_wconf 81' lang='grc' dir='ltr'><strong>τὸ</strong></span> <span class='ocrx_word' id='word_1_36' title='bbox 1082 702 1255 764; x_wconf 84' lang='grc' dir='ltr'>τέλος,</span> <span class='ocrx_word' id='word_1_37' title='bbox 1289 703 1703 773; x_wconf 83' lang='grc' dir='ltr'>προθυμότερός</span> <span class='ocrx_word' id='word_1_38' title='bbox 1724 722 1781 755; x_wconf 86' lang='grc' dir='ltr'><strong>τε</strong></span> <span class='ocrx_word' id='word_1_39' title='bbox 1811 722 1944 756; x_wconf 84' lang='grc' dir='ltr'>σαυ-</span> 
     </span>
    </p>
   </div>
   <div class='ocr_carea' id='block_1_8' title="bbox 375 785 1943 860">
    <p class='ocr_par' dir='ltr' id='par_1_8' title="bbox 375 785 1943 860">
     <span class='ocr_line' id='line_1_8' title="bbox 375 785 1943 860; baseline 0.009 -26"><span class='ocrx_word' id='word_1_40' title='bbox 375 785 469 837; x_wconf 73' lang='grc' dir='ltr'>τοῦ</span> <span class='ocrx_word' id='word_1_41' title='bbox 505 786 729 854; x_wconf 84' lang='grc' dir='ltr'>φάνηθι,</span> <span class='ocrx_word' id='word_1_42' title='bbox 785 790 879 840; x_wconf 61' lang='grc' dir='ltr'><strong>καὶ¹</strong></span> <span class='ocrx_word' id='word_1_43' title='bbox 906 791 967 842; x_wconf 78' lang='grc' dir='ltr'>τὸ</span> <span class='ocrx_word' id='word_1_44' title='bbox 1016 793 1118 860; x_wconf 77' lang='grc' dir='ltr'>μέν</span> <span class='ocrx_word' id='word_1_45' title='bbox 1160 809 1212 844; x_wconf 90' lang='grc' dir='ltr'><strong>τι</strong></span> <span class='ocrx_word' id='word_1_46' title='bbox 1257 794 1522 848; x_wconf 75' lang='grc' dir='ltr'>ὲπικαλοῦ</span> <span class='ocrx_word' id='word_1_47' title='bbox 1568 797 1658 847; x_wconf 69' lang='grc' dir='ltr'>τὸν</span> <span class='ocrx_word' id='word_1_48' title='bbox 1696 796 1850 859; x_wconf 71' lang='grc' dir='ltr'>Θεὸν,</span> <span class='ocrx_word' id='word_1_49' title='bbox 1882 796 1943 848; x_wconf 63' lang='grc' dir='ltr'>τὸ</span> 
     </span>
    </p>
   </div>
   <div class='ocr_carea' id='block_1_9' title="bbox 373 872 1945 956">
    <p class='ocr_par' dir='ltr' id='par_1_9' title="bbox 373 872 1945 956">
     <span class='ocr_line' id='line_1_9' title="bbox 373 872 1945 956; baseline 0.009 -32"><span class='ocrx_word' id='word_1_50' title='bbox 373 872 431 925; x_wconf 72' lang='grc' dir='ltr'>δι</span> <span class='ocrx_word' id='word_1_51' title='bbox 466 891 518 926; x_wconf 86' lang='grc' dir='ltr'><strong>τι</strong></span> <span class='ocrx_word' id='word_1_52' title='bbox 549 879 643 928; x_wconf 77' lang='grc' dir='ltr'><strong>καὶ</strong></span> <span class='ocrx_word' id='word_1_53' title='bbox 682 879 843 940; x_wconf 70' lang='grc' dir='ltr'>αὐτὸς</span> <span class='ocrx_word' id='word_1_54' title='bbox 875 883 1104 948; x_wconf 74' lang='grc' dir='ltr'>πρᾶττε,</span> <span class='ocrx_word' id='word_1_55' title='bbox 1141 884 1215 952; x_wconf 77' lang='grc' dir='ltr'><strong>μὴ</strong></span> <span class='ocrx_word' id='word_1_56' title='bbox 1246 884 1483 954; x_wconf 78' lang='grc' dir='ltr'><strong>νύκτωρ,</strong></span> <span class='ocrx_word' id='word_1_57' title='bbox 1524 887 1598 956; x_wconf 81' lang='grc' dir='ltr'>μὴ</span> <span class='ocrx_word' id='word_1_58' title='bbox 1654 887 1773 954; x_wconf 79' lang='grc' dir='ltr'>μεθ’</span> <span class='ocrx_word' id='word_1_59' title='bbox 1809 888 1945 956; x_wconf 82' lang='grc' dir='ltr'><strong>ὴμέ-</strong></span> 
     </span>
    </p>
   </div>
   <div class='ocr_carea' id='block_1_10' title="bbox 379 969 1942 1048">
    <p class='ocr_par' dir='ltr' id='par_1_10' title="bbox 379 969 1942 1048">
     <span class='ocr_line' id='line_1_10' title="bbox 379 969 1942 1048; baseline 0.01 -32"><span class='ocrx_word' id='word_1_60' title='bbox 379 982 478 1032; x_wconf 89' lang='grc' dir='ltr'><strong>ραν</strong></span> <span class='ocrx_word' id='word_1_61' title='bbox 533 969 862 1037; x_wconf 71' lang='grc' dir='ltr'><strong>παυόμενος,</strong></span> <span class='ocrx_word' id='word_1_62' title='bbox 893 972 998 1035; x_wconf 75' lang='grc' dir='ltr'><strong>ἕως</strong></span> <span class='ocrx_word' id='word_1_63' title='bbox 1051 974 1117 1026; x_wconf 81' lang='grc' dir='ltr'>ἄν</span> <span class='ocrx_word' id='word_1_64' title='bbox 1148 978 1226 1037; x_wconf 87' lang='grc' dir='ltr'>εἰς</span> <span class='ocrx_word' id='word_1_65' title='bbox 1261 977 1464 1043; x_wconf 61' lang='grc' dir='ltr'>ἀγαθὸν</span> <span class='ocrx_word' id='word_1_66' title='bbox 1508 979 1942 1048; x_wconf 78' lang='grc' dir='ltr'>κανταντήσειας</span> 
     </span>
    </p>
   </div>
   <div class='ocr_carea' id='block_1_11' title="bbox 374 1058 1942 1138">
    <p class='ocr_par' dir='ltr' id='par_1_11' title="bbox 374 1058 1942 1138">
     <span class='ocr_line' id='line_1_11' title="bbox 374 1058 1942 1138; baseline 0.017 -30"><span class='ocrx_word' id='word_1_67' title='bbox 374 1058 544 1120; x_wconf 75' lang='grc' dir='ltr'>τέλος,</span> <span class='ocrx_word' id='word_1_68' title='bbox 588 1063 685 1112; x_wconf 80' lang='grc' dir='ltr'><strong>καὶ</strong></span> <span class='ocrx_word' id='word_1_69' title='bbox 736 1066 850 1125; x_wconf 87' lang='grc' dir='ltr'>τοῖς</span> <span class='ocrx_word' id='word_1_70' title='bbox 904 1065 1187 1134; x_wconf 76' lang='grc' dir='ltr'><strong>λογισμοῖς</strong></span> <span class='ocrx_word' id='word_1_71' title='bbox 1243 1068 1424 1138; x_wconf 76' lang='grc' dir='ltr'>εὕροις</span> <span class='ocrx_word' id='word_1_72' title='bbox 1481 1072 1809 1126; x_wconf 75' lang='grc' dir='ltr'>ἀνάπαυσιν-</span> <span class='ocrx_word' id='word_1_73' title='bbox 1859 1073 1942 1125; x_wconf 64' lang='grc' dir='ltr'><strong>Τὰ</strong></span> 
     </span>
    </p>
   </div>
   <div class='ocr_carea' id='block_1_12' title="bbox 373 1145 1937 1233">
    <p class='ocr_par' dir='ltr' id='par_1_12' title="bbox 373 1145 1937 1233">
     <span class='ocr_line' id='line_1_12' title="bbox 373 1145 1937 1233; baseline 0.01 -33"><span class='ocrx_word' id='word_1_74' title='bbox 373 1145 470 1215; x_wconf 80' lang='grc' dir='ltr'><strong>βὶᾳ</strong></span> <span class='ocrx_word' id='word_1_75' title='bbox 519 1167 609 1201; x_wconf 90' lang='grc' dir='ltr'><strong>ποι</strong></span> <span class='ocrx_word' id='word_1_76' title='bbox 650 1153 926 1222; x_wconf 88' lang='grc' dir='ltr'>φερόμενα</span> <span class='ocrx_word' id='word_1_77' title='bbox 968 1162 1056 1209; x_wconf 49' lang='grc' dir='ltr'><strong>καζ</strong></span> <span class='ocrx_word' id='word_1_78' title='bbox 1095 1160 1194 1211; x_wconf 83' lang='grc' dir='ltr'>ὃσα</span> <span class='ocrx_word' id='word_1_79' title='bbox 1228 1162 1287 1212; x_wconf 83' lang='grc' dir='ltr'>τὸ</span> <span class='ocrx_word' id='word_1_80' title='bbox 1318 1162 1598 1227; x_wconf 77' lang='grc' dir='ltr'>ἐνδόσιμον</span> <span class='ocrx_word' id='word_1_81' title='bbox 1633 1163 1731 1231; x_wconf 76' lang='grc' dir='ltr'>τῆς</span> <span class='ocrx_word' id='word_1_82' title='bbox 1783 1169 1937 1233; x_wconf 77' lang='grc' dir='ltr'>κινή-</span> 
     </span>
    </p>
   </div>
   <div class='ocr_carea' id='block_1_13' title="bbox 374 1241 1940 1324">
    <p class='ocr_par' dir='ltr' id='par_1_13' title="bbox 374 1241 1940 1324">
     <span class='ocr_line' id='line_1_13' title="bbox 374 1241 1940 1324; baseline 0.013 -37"><span class='ocrx_word' id='word_1_83' title='bbox 374 1254 513 1300; x_wconf 87' lang='grc' dir='ltr'>σεως</span> <span class='ocrx_word' id='word_1_84' title='bbox 551 1241 836 1312; x_wconf 76' lang='grc' dir='ltr'><strong>εἰλήχασιν</strong></span> <span class='ocrx_word' id='word_1_85' title='bbox 885 1246 1108 1311; x_wconf 74' lang='grc' dir='ltr'>ἔξωθεν,</span> <span class='ocrx_word' id='word_1_86' title='bbox 1140 1249 1518 1322; x_wconf 84' lang='grc' dir='ltr'>σχολαιότερον</span> <span class='ocrx_word' id='word_1_87' title='bbox 1553 1254 1778 1319; x_wconf 78' lang='grc' dir='ltr'>φέρεται</span> <span class='ocrx_word' id='word_1_88' title='bbox 1812 1258 1940 1324; x_wconf 76' lang='grc' dir='ltr'>περὶ</span> 
     </span>
    </p>
   </div>
   <div class='ocr_carea' id='block_1_14' title="bbox 368 1330 1938 1408">
    <p class='ocr_par' dir='ltr' id='par_1_14' title="bbox 368 1330 1938 1408">
     <span class='ocr_line' id='line_1_14' title="bbox 368 1330 1938 1408; baseline 0.014 -29"><span class='ocrx_word' id='word_1_89' title='bbox 368 1330 428 1380; x_wconf 76' lang='grc' dir='ltr'>τὸ</span> <span class='ocrx_word' id='word_1_90' title='bbox 455 1330 608 1393; x_wconf 75' lang='grc' dir='ltr'>τέλος</span> <span class='ocrx_word' id='word_1_91' title='bbox 635 1333 902 1403; x_wconf 79' lang='grc' dir='ltr'>γενόμενα</span> <span class='ocrx_word' id='word_1_92' title='bbox 928 1351 941 1365; x_wconf 80' lang='grc'><strong><em>⁸</em></strong></span> <span class='ocrx_word' id='word_1_93' title='bbox 970 1338 1073 1390; x_wconf 81' lang='grc' dir='ltr'>ὅσα</span> <span class='ocrx_word' id='word_1_94' title='bbox 1095 1339 1151 1391; x_wconf 76' lang='grc' dir='ltr'><strong>δὲ</strong></span> <span class='ocrx_word' id='word_1_95' title='bbox 1176 1342 1336 1407; x_wconf 73' lang='grc' dir='ltr'>φύσει</span> <span class='ocrx_word' id='word_1_96' title='bbox 1371 1345 1464 1396; x_wconf 73' lang='grc' dir='ltr'><strong>καὶ</strong></span> <span class='ocrx_word' id='word_1_97' title='bbox 1488 1344 1723 1408; x_wconf 71' lang='grc' dir='ltr'>οἴκοθεν,</span> <span class='ocrx_word' id='word_1_98' title='bbox 1762 1347 1938 1401; x_wconf 84' lang='grc' dir='ltr'><strong>ταῦ;ά</strong></span> 
     </span>
    </p>
   </div>
   <div class='ocr_carea' id='block_1_15' title="bbox 367 1421 1938 1505">
    <p class='ocr_par' dir='ltr' id='par_1_15' title="bbox 367 1421 1938 1505">
     <span class='ocr_line' id='line_1_15' title="bbox 367 1421 1938 1505; baseline 0.013 -33"><span class='ocrx_word' id='word_1_99' title='bbox 367 1437 430 1486; x_wconf 91' lang='grc' dir='ltr'><strong>γε</strong></span> <span class='ocrx_word' id='word_1_100' title='bbox 461 1421 657 1476; x_wconf 74' lang='grc' dir='ltr'>θᾶττον</span> <span class='ocrx_word' id='word_1_101' title='bbox 693 1430 923 1481; x_wconf 86' lang='grc' dir='ltr'>κινεῖται</span> <span class='ocrx_word' id='word_1_102' title='bbox 959 1429 1330 1498; x_wconf 74' lang='grc' dir='ltr'><strong>πλησιάζοντα</strong></span> <span class='ocrx_word' id='word_1_103' title='bbox 1363 1437 1498 1505; x_wconf 78' lang='grc' dir='ltr'>πρὸς</span> <span class='ocrx_word' id='word_1_104' title='bbox 1525 1439 1585 1490; x_wconf 80' lang='grc' dir='ltr'>τὸ</span> <span class='ocrx_word' id='word_1_105' title='bbox 1615 1439 1787 1500; x_wconf 84' lang='grc' dir='ltr'>τέλος.</span> <span class='ocrx_word' id='word_1_106' title='bbox 1829 1441 1938 1492; x_wconf 68' lang='grc' dir='ltr'><strong>Καὶ</strong></span> 
     </span>
    </p>
   </div>
   <div class='ocr_carea' id='block_1_16' title="bbox 368 1512 1937 1598">
    <p class='ocr_par' dir='ltr' id='par_1_16' title="bbox 368 1512 1937 1598">
     <span class='ocr_line' id='line_1_16' title="bbox 368 1512 1937 1598; baseline 0.015 -36"><span class='ocrx_word' id='word_1_107' title='bbox 368 1512 432 1563; x_wconf 76' lang='grc' dir='ltr'><strong>σὺ</strong></span> <span class='ocrx_word' id='word_1_108' title='bbox 467 1513 523 1565; x_wconf 75' lang='grc' dir='ltr'><strong>δὲ</strong></span> <span class='ocrx_word' id='word_1_109' title='bbox 561 1517 688 1584; x_wconf 71' lang='grc' dir='ltr'>περὶ</span> <span class='ocrx_word' id='word_1_110' title='bbox 736 1519 972 1585; x_wconf 76' lang='grc' dir='ltr'>τάγαθὰ.</span> <span class='ocrx_word' id='word_1_111' title='bbox 1003 1517 1079 1574; x_wconf 84' lang='grc' dir='ltr'>ὦν</span> <span class='ocrx_word' id='word_1_112' title='bbox 1127 1527 1477 1597; x_wconf 72' lang='grc' dir='ltr'>κεφάλαιονή</span> <span class='ocrx_word' id='word_1_113' title='bbox 1517 1530 1766 1598; x_wconf 69' lang='grc' dir='ltr'>παροῦπα</span> <span class='ocrx_word' id='word_1_114' title='bbox 1804 1532 1937 1584; x_wconf 77' lang='grc' dir='ltr'>ὑπό-</span> 
     </span>
    </p>
   </div>
   <div class='ocr_carea' id='block_1_17' title="bbox 367 1600 1935 1690">
    <p class='ocr_par' dir='ltr' id='par_1_17' title="bbox 367 1600 1935 1690">
     <span class='ocr_line' id='line_1_17' title="bbox 367 1600 1935 1690; baseline 0.015 -40"><span class='ocrx_word' id='word_1_115' title='bbox 367 1600 537 1663; x_wconf 87' lang='grc' dir='ltr'>θεσις,</span> <span class='ocrx_word' id='word_1_116' title='bbox 570 1605 781 1658; x_wconf 72' lang='grc' dir='ltr'>οἴκοθεν</span> <span class='ocrx_word' id='word_1_117' title='bbox 819 1611 913 1661; x_wconf 73' lang='grc' dir='ltr'><strong>καὶ</strong></span> <span class='ocrx_word' id='word_1_118' title='bbox 936 1610 1124 1682; x_wconf 84' lang='grc' dir='ltr'>ὥσπερ</span> <span class='ocrx_word' id='word_1_119' title='bbox 1159 1615 1318 1681; x_wconf 73' lang='grc' dir='ltr'>φύσει</span> <span class='ocrx_word' id='word_1_120' title='bbox 1354 1621 1740 1686; x_wconf 77' lang='grc' dir='ltr'><strong>κεκινημένος,</strong></span> <span class='ocrx_word' id='word_1_121' title='bbox 1776 1622 1850 1690; x_wconf 76' lang='grc' dir='ltr'>μὴ</span> <span class='ocrx_word' id='word_1_122' title='bbox 1877 1624 1935 1674; x_wconf 78' lang='grc' dir='ltr'>τὸ</span> 
     </span>
    </p>
   </div>
   <div class='ocr_carea' id='block_1_18' title="bbox 363 1693 1930 1778">
    <p class='ocr_par' dir='ltr' id='par_1_18' title="bbox 363 1693 1930 1778">
     <span class='ocr_line' id='line_1_18' title="bbox 363 1693 1930 1778; baseline 0.015 -36"><span class='ocrx_word' id='word_1_123' title='bbox 363 1693 634 1758; x_wconf 84' lang='grc' dir='ltr'>πρότερον</span> <span class='ocrx_word' id='word_1_124' title='bbox 665 1697 868 1769; x_wconf 80' lang='grc' dir='ltr'><strong>πάθῃς,</strong></span> <span class='ocrx_word' id='word_1_125' title='bbox 903 1701 1036 1755; x_wconf 78' lang='grc' dir='ltr'>ἀλλὰ</span> <span class='ocrx_word' id='word_1_126' title='bbox 1071 1702 1266 1757; x_wconf 83' lang='grc' dir='ltr'>θᾶττον</span> <span class='ocrx_word' id='word_1_127' title='bbox 1299 1711 1486 1776; x_wconf 85' lang='grc' dir='ltr'>τυχεῖν</span> <span class='ocrx_word' id='word_1_128' title='bbox 1524 1711 1811 1778; x_wconf 79' lang='grc' dir='ltr'><strong>ἐφιέμενος</strong></span> <span class='ocrx_word' id='word_1_129' title='bbox 1837 1713 1930 1766; x_wconf 74' lang='grc' dir='ltr'>τοῦ</span> 
     </span>
    </p>
   </div>
   <div class='ocr_carea' id='block_1_19' title="bbox 361 1784 1932 1872">
    <p class='ocr_par' dir='ltr' id='par_1_19' title="bbox 361 1784 1932 1872">
     <span class='ocr_line' id='line_1_19' title="bbox 361 1784 1932 1872; baseline 0.013 -39"><span class='ocrx_word' id='word_1_130' title='bbox 361 1784 568 1836; x_wconf 78' lang='grc' dir='ltr'>οἰκείου</span> <span class='ocrx_word' id='word_1_131' title='bbox 601 1803 685 1839; x_wconf 86' lang='grc' dir='ltr'><strong>σοι</strong></span> <span class='ocrx_word' id='word_1_132' title='bbox 710 1789 901 1856; x_wconf 83' lang='grc' dir='ltr'>τέλους</span> <span class='ocrx_word' id='word_1_133' title='bbox 934 1808 948 1824; x_wconf 71' lang='grc' dir='ltr'><strong>ο</strong></span> <span class='ocrx_word' id='word_1_134' title='bbox 976 1796 1174 1848; x_wconf 81' lang='grc' dir='ltr'>οἰκεῖον</span> <span class='ocrx_word' id='word_1_135' title='bbox 1205 1799 1316 1868; x_wconf 86' lang='grc' dir='ltr'><strong>γὰρ</strong></span> <span class='ocrx_word' id='word_1_136' title='bbox 1346 1800 1570 1870; x_wconf 81' lang='grc' dir='ltr'>τάγαοῴ</span> <span class='ocrx_word' id='word_1_137' title='bbox 1604 1803 1663 1853; x_wconf 80' lang='grc' dir='ltr'><strong>τὸ</strong></span> <span class='ocrx_word' id='word_1_138' title='bbox 1698 1804 1932 1872; x_wconf 79' lang='grc' dir='ltr'>χρηστὸν</span> 
     </span>
    </p>
   </div>
   <div class='ocr_carea' id='block_1_20' title="bbox 361 1876 1932 1968">
    <p class='ocr_par' dir='ltr' id='par_1_20' title="bbox 361 1876 1932 1968">
     <span class='ocr_line' id='line_1_20' title="bbox 361 1876 1932 1968; baseline 0.015 -43"><span class='ocrx_word' id='word_1_139' title='bbox 361 1876 455 1927; x_wconf 78' lang='grc' dir='ltr'>ἐπὶ</span> <span class='ocrx_word' id='word_1_140' title='bbox 485 1880 599 1940; x_wconf 85' lang='grc' dir='ltr'>τοῖς</span> <span class='ocrx_word' id='word_1_141' title='bbox 625 1879 852 1946; x_wconf 80' lang='grc' dir='ltr'><strong>ἀγαθοῖς</strong></span> <span class='ocrx_word' id='word_1_142' title='bbox 881 1885 1035 1949; x_wconf 79' lang='grc' dir='ltr'>τέλος</span> <span class='ocrx_word' id='word_1_143' title='bbox 1058 1903 1073 1918; x_wconf 79' lang='grc' dir='ltr'><strong><em>ο</em></strong></span> <span class='ocrx_word' id='word_1_144' title='bbox 1104 1891 1300 1944; x_wconf 81' lang='grc' dir='ltr'>σαυτόν</span> <span class='ocrx_word' id='word_1_145' title='bbox 1332 1908 1391 1944; x_wconf 87' lang='grc' dir='ltr'><strong>τε</strong></span> <span class='ocrx_word' id='word_1_146' title='bbox 1421 1892 1513 1944; x_wconf 78' lang='grc' dir='ltr'>καὶ</span> <span class='ocrx_word' id='word_1_147' title='bbox 1545 1895 1694 1968; x_wconf 78' lang='grc' dir='ltr'>ἡμᾶς</span> <span class='ocrx_word' id='word_1_148' title='bbox 1728 1897 1932 1960; x_wconf 71' lang='grc' dir='ltr'>πάντας</span> 
     </span>
    </p>
   </div>
   <div class='ocr_carea' id='block_1_21' title="bbox 360 1967 1934 2052">
    <p class='ocr_par' dir='ltr' id='par_1_21' title="bbox 360 1967 1934 2052">
     <span class='ocr_line' id='line_1_21' title="bbox 360 1967 1934 2052; baseline 0.017 -35"><span class='ocrx_word' id='word_1_149' title='bbox 360 1967 508 2020; x_wconf 81' lang='grc' dir='ltr'>ποίει</span> <span class='ocrx_word' id='word_1_150' title='bbox 551 1971 1021 2044; x_wconf 80' lang='grc' dir='ltr'>προθυμοτέρους,</span> <span class='ocrx_word' id='word_1_151' title='bbox 1060 1983 1575 2052; x_wconf 79' lang='grc' dir='ltr'>παρακελευόμενός</span> <span class='ocrx_word' id='word_1_152' title='bbox 1601 2003 1660 2039; x_wconf 83' lang='grc' dir='ltr'><strong>τε</strong></span> <span class='ocrx_word' id='word_1_153' title='bbox 1695 1992 1789 2042; x_wconf 77' lang='grc' dir='ltr'>καὶ</span> <span class='ocrx_word' id='word_1_154' title='bbox 1818 1991 1934 2042; x_wconf 85' lang='grc' dir='ltr'>ἐπι-</span> 
     </span>
    </p>
   </div>
   <div class='ocr_carea' id='block_1_22' title="bbox 360 2063 1932 2148">
    <p class='ocr_par' dir='ltr' id='par_1_22' title="bbox 360 2063 1932 2148">
     <span class='ocr_line' id='line_1_22' title="bbox 360 2063 1932 2148; baseline 0.017 -38"><span class='ocrx_word' id='word_1_155' title='bbox 360 2063 719 2131; x_wconf 76' lang='grc' dir='ltr'>κελευόμενος</span> <span class='ocrx_word' id='word_1_156' title='bbox 749 2067 922 2122; x_wconf 80' lang='grc' dir='ltr'>ἆπασι</span> <span class='ocrx_word' id='word_1_157' title='bbox 945 2087 959 2102; x_wconf 86' lang='grc'><strong>·</strong></span> <span class='ocrx_word' id='word_1_158' title='bbox 1010 2075 1106 2126; x_wconf 78' lang='grc' dir='ltr'>καὶ</span> <span class='ocrx_word' id='word_1_159' title='bbox 1145 2077 1236 2127; x_wconf 78' lang='grc' dir='ltr'>τὸν</span> <span class='ocrx_word' id='word_1_160' title='bbox 1284 2079 1709 2148; x_wconf 72' lang='grc' dir='ltr'>μακαριώτατον</span> <span class='ocrx_word' id='word_1_161' title='bbox 1737 2083 1793 2135; x_wconf 82' lang='grc' dir='ltr'><strong>δὲ</strong></span> <span class='ocrx_word' id='word_1_162' title='bbox 1826 2100 1932 2136; x_wconf 87' lang='grc' dir='ltr'>πα-</span> 
     </span>
    </p>
   </div>
   <div class='ocr_carea' id='block_1_23' title="bbox 358 2152 1933 2244">
    <p class='ocr_par' dir='ltr' id='par_1_23' title="bbox 358 2152 1933 2244">
     <span class='ocr_line' id='line_1_23' title="bbox 358 2152 1933 2244; baseline 0.016 -43"><span class='ocrx_word' id='word_1_163' title='bbox 358 2152 521 2220; x_wconf 80' lang='grc' dir='ltr'>τέρα,</span> <span class='ocrx_word' id='word_1_164' title='bbox 554 2155 608 2207; x_wconf 80' lang='grc' dir='ltr'>εἴ</span> <span class='ocrx_word' id='word_1_165' title='bbox 635 2171 686 2206; x_wconf 88' lang='grc' dir='ltr'><strong>τι</strong></span> <span class='ocrx_word' id='word_1_166' title='bbox 722 2157 799 2226; x_wconf 83' lang='grc' dir='ltr'>τῷ</span> <span class='ocrx_word' id='word_1_167' title='bbox 838 2162 985 2233; x_wconf 75' lang='grc' dir='ltr'>γήρα</span> <span class='ocrx_word' id='word_1_168' title='bbox 1014 2164 1204 2234; x_wconf 73' lang='grc' dir='ltr'>κάμοι,</span> <span class='ocrx_word' id='word_1_169' title='bbox 1246 2167 1484 2232; x_wconf 74' lang='grc' dir='ltr'>ἐνδιδοὺς</span> <span class='ocrx_word' id='word_1_170' title='bbox 1527 2173 1723 2241; x_wconf 79' lang='grc' dir='ltr'>καὶτῷ</span> <span class='ocrx_word' id='word_1_171' title='bbox 1754 2175 1933 2244; x_wconf 75' lang='grc' dir='ltr'>χρόνῳ</span> 
     </span>
    </p>
   </div>
   <div class='ocr_carea' id='block_1_24' title="bbox 359 2245 1933 2326">
    <p class='ocr_par' dir='ltr' id='par_1_24' title="bbox 359 2245 1933 2326">
     <span class='ocr_line' id='line_1_24' title="bbox 359 2245 1933 2326; baseline 0.017 -33"><span class='ocrx_word' id='word_1_172' title='bbox 359 2245 455 2294; x_wconf 69' lang='grc' dir='ltr'><strong>καὶ</strong></span> <span class='ocrx_word' id='word_1_173' title='bbox 496 2247 611 2308; x_wconf 89' lang='grc' dir='ltr'>τοῖς</span> <span class='ocrx_word' id='word_1_174' title='bbox 658 2251 980 2320; x_wconf 74' lang='grc' dir='ltr'>νοσήμασιν,</span> <span class='ocrx_word' id='word_1_175' title='bbox 1018 2257 1409 2326; x_wconf 70' lang='grc' dir='ltr'>ὑπομέμνησκε</span> <span class='ocrx_word' id='word_1_176' title='bbox 1461 2266 1554 2314; x_wconf 76' lang='grc' dir='ltr'><strong>καὶ</strong></span> <span class='ocrx_word' id='word_1_177' title='bbox 1590 2265 1837 2319; x_wconf 83' lang='grc' dir='ltr'>διανίστα</span> <span class='ocrx_word' id='word_1_178' title='bbox 1873 2269 1933 2319; x_wconf 74' lang='grc' dir='ltr'>τὸ</span> 
     </span>
    </p>
   </div>
   <div class='ocr_carea' id='block_1_25' title="bbox 363 2335 1932 2424">
    <p class='ocr_par' dir='ltr' id='par_1_25' title="bbox 363 2335 1932 2424">
     <span class='ocr_line' id='line_1_25' title="bbox 363 2335 1932 2424; baseline 0.018 -40"><span class='ocrx_word' id='word_1_179' title='bbox 363 2335 469 2403; x_wconf 84' lang='grc' dir='ltr'>μὲν</span> <span class='ocrx_word' id='word_1_180' title='bbox 535 2335 716 2403; x_wconf 77' lang='grc' dir='ltr'>λόγοις</span> <span class='ocrx_word' id='word_1_181' title='bbox 779 2348 1264 2416; x_wconf 82' lang='grc' dir='ltr'>προτρεπτηρίοις,</span> <span class='ocrx_word' id='word_1_182' title='bbox 1299 2351 1359 2402; x_wconf 87' lang='grc' dir='ltr'>τὸ</span> <span class='ocrx_word' id='word_1_183' title='bbox 1405 2351 1450 2404; x_wconf 87' lang='grc' dir='ltr'><strong>δ’</strong></span> <span class='ocrx_word' id='word_1_184' title='bbox 1507 2353 1692 2424; x_wconf 76' lang='grc' dir='ltr'>ἔργοις</span> <span class='ocrx_word' id='word_1_185' title='bbox 1747 2359 1932 2421; x_wconf 76' lang='grc' dir='ltr'>αὐτοῖς</span> 
     </span>
    </p>
   </div>
   <div class='ocr_carea' id='block_1_26' title="bbox 359 2429 1933 2519">
    <p class='ocr_par' dir='ltr' id='par_1_26' title="bbox 359 2429 1933 2519">
     <span class='ocr_line' id='line_1_26' title="bbox 359 2429 1933 2519; baseline 0.017 -43"><span class='ocrx_word' id='word_1_186' title='bbox 359 2429 564 2478; x_wconf 60' lang='grc' dir='ltr'>σαυτόν</span> <span class='ocrx_word' id='word_1_187' title='bbox 592 2431 814 2500; x_wconf 68' lang='grc' dir='ltr'>ἐνεργόν</span> <span class='ocrx_word' id='word_1_188' title='bbox 847 2439 1240 2506; x_wconf 79' lang='grc' dir='ltr'>παρεχόμενος.</span> <span class='ocrx_word' id='word_1_189' title='bbox 1285 2443 1508 2508; x_wconf 81' lang='grc' dir='ltr'>Πάντως</span> <span class='ocrx_word' id='word_1_190' title='bbox 1535 2449 1807 2501; x_wconf 76' lang='grc' dir='ltr'>αἰδέσεται</span> <span class='ocrx_word' id='word_1_191' title='bbox 1838 2449 1933 2519; x_wconf 84' lang='grc' dir='ltr'><strong>βα-</strong></span> 
     </span>
    </p>
   </div>
   <div class='ocr_carea' id='block_1_27' title="bbox 357 2518 1932 2610">
    <p class='ocr_par' dir='ltr' id='par_1_27' title="bbox 357 2518 1932 2610">
     <span class='ocr_line' id='line_1_27' title="bbox 357 2518 1932 2610; baseline 0.015 -40"><span class='ocrx_word' id='word_1_192' title='bbox 357 2518 519 2570; x_wconf 83' lang='grc' dir='ltr'>σιλέα</span> <span class='ocrx_word' id='word_1_193' title='bbox 554 2523 952 2590; x_wconf 80' lang='grc' dir='ltr'>προτρέποντα,</span> <span class='ocrx_word' id='word_1_194' title='bbox 983 2528 1094 2581; x_wconf 84' lang='grc' dir='ltr'><strong>τῶν</strong></span> <span class='ocrx_word' id='word_1_195' title='bbox 1120 2533 1466 2601; x_wconf 81' lang='grc' dir='ltr'>πραγμάτων</span> <span class='ocrx_word' id='word_1_196' title='bbox 1506 2538 1932 2610; x_wconf 75' lang='grc' dir='ltr'>ἐπιμελέστερον</span> 
     </span>
    </p>
   </div>
   <div class='ocr_carea' id='block_1_28' title="bbox 354 2609 1932 2701">
    <p class='ocr_par' dir='ltr' id='par_1_28' title="bbox 354 2609 1932 2701">
     <span class='ocr_line' id='line_1_28' title="bbox 354 2609 1932 2701; baseline 0.016 -41"><span class='ocrx_word' id='word_1_197' title='bbox 354 2609 748 2680; x_wconf 69' lang='grc' dir='ltr'>ἀνθαψάμενος</span> <span class='ocrx_word' id='word_1_198' title='bbox 798 2615 896 2666; x_wconf 86' lang='grc' dir='ltr'>σύν</span> <span class='ocrx_word' id='word_1_199' title='bbox 927 2633 986 2668; x_wconf 89' lang='grc' dir='ltr'><strong>τε</strong></span> <span class='ocrx_word' id='word_1_200' title='bbox 1036 2619 1114 2687; x_wconf 81' lang='grc' dir='ltr'>τῷ</span> <span class='ocrx_word' id='word_1_201' title='bbox 1162 2621 1425 2694; x_wconf 77' lang='grc' dir='ltr'>θειοτάτῳ</span> <span class='ocrx_word' id='word_1_202' title='bbox 1457 2627 1612 2696; x_wconf 77' lang='grc' dir='ltr'>ἡμῶν</span> <span class='ocrx_word' id='word_1_203' title='bbox 1658 2634 1749 2681; x_wconf 78' lang='grc' dir='ltr'><strong>καὶ</strong></span> <span class='ocrx_word' id='word_1_204' title='bbox 1801 2633 1932 2701; x_wconf 81' lang='grc' dir='ltr'>ἱερῷ</span> 
     </span>
    </p>
   </div>
   <div class='ocr_carea' id='block_1_29' title="bbox 355 2702 1932 2787">
    <p class='ocr_par' dir='ltr' id='par_1_29' title="bbox 355 2702 1932 2787">
     <span class='ocr_line' id='line_1_29' title="bbox 355 2702 1932 2787; baseline 0.015 -35"><span class='ocrx_word' id='word_1_205' title='bbox 355 2702 702 2774; x_wconf 81' lang='grc' dir='ltr'>πατριάρχῃ,</span> <span class='ocrx_word' id='word_1_206' title='bbox 733 2707 848 2769; x_wconf 86' lang='grc' dir='ltr'>τοῖς</span> <span class='ocrx_word' id='word_1_207' title='bbox 870 2707 918 2760; x_wconf 87' lang='grc' dir='ltr'>τ’</span> <span class='ocrx_word' id='word_1_208' title='bbox 956 2709 1413 2778; x_wconf 77' lang='grc' dir='ltr'>αἰδεσιμωτατοις</span> <span class='ocrx_word' id='word_1_209' title='bbox 1450 2719 1546 2784; x_wconf 79' lang='grc' dir='ltr'>τῆς</span> <span class='ocrx_word' id='word_1_210' title='bbox 1583 2719 1744 2787; x_wconf 76' lang='grc' dir='ltr'>ἁ-,ίας</span> <span class='ocrx_word' id='word_1_211' title='bbox 1791 2723 1932 2776; x_wconf 83' lang='grc' dir='ltr'><strong>Ῥω-</strong></span> 
     </span>
    </p>
   </div>
   <div class='ocr_carea' id='block_1_30' title="bbox 356 2792 1928 2878">
    <p class='ocr_par' dir='ltr' id='par_1_30' title="bbox 356 2792 1928 2878">
     <span class='ocr_line' id='line_1_30' title="bbox 356 2792 1928 2878; baseline 0.013 -34"><span class='ocrx_word' id='word_1_212' title='bbox 356 2794 540 2861; x_wconf 83' lang='grc' dir='ltr'>μαίων</span> <span class='ocrx_word' id='word_1_213' title='bbox 582 2792 908 2865; x_wconf 75' lang='grc' dir='ltr'>Ἐκκλησίας</span> <span class='ocrx_word' id='word_1_214' title='bbox 963 2798 1176 2866; x_wconf 82' lang='grc' dir='ltr'>λογάσι,</span> <span class='ocrx_word' id='word_1_215' title='bbox 1215 2803 1309 2856; x_wconf 76' lang='grc' dir='ltr'>καὶ</span> <span class='ocrx_word' id='word_1_216' title='bbox 1360 2807 1497 2859; x_wconf 82' lang='grc' dir='ltr'>πᾶσι</span> <span class='ocrx_word' id='word_1_217' title='bbox 1542 2811 1657 2871; x_wconf 87' lang='grc' dir='ltr'>τοῖς</span> <span class='ocrx_word' id='word_1_218' title='bbox 1722 2811 1928 2878; x_wconf 85' lang='grc' dir='ltr'>ἄλλοις,</span> 
     </span>
    </p>
   </div>
   <div class='ocr_carea' id='block_1_31' title="bbox 350 2883 1929 2970">
    <p class='ocr_par' dir='ltr' id='par_1_31' title="bbox 350 2883 1929 2970">
     <span class='ocr_line' id='line_1_31' title="bbox 350 2883 1929 2970; baseline 0.014 -34"><span class='ocrx_word' id='word_1_219' title='bbox 350 2883 510 2946; x_wconf 71' lang='grc' dir='ltr'>τέλος</span> <span class='ocrx_word' id='word_1_220' title='bbox 539 2886 748 2953; x_wconf 83' lang='grc' dir='ltr'>ἀγαθὸν</span> <span class='ocrx_word' id='word_1_221' title='bbox 773 2889 1132 2970; x_wconf 65' lang='grc' dir='ltr'>ὲπιθῂσουσιν</span> <span class='ocrx_word' id='word_1_222' title='bbox 1167 2893 1260 2963; x_wconf 81' lang='grc' dir='ltr'>ὑφ’</span> <span class='ocrx_word' id='word_1_223' title='bbox 1290 2895 1522 2967; x_wconf 77' lang='grc' dir='ltr'>ἡγεμόνι</span> <span class='ocrx_word' id='word_1_224' title='bbox 1556 2900 1700 2969; x_wconf 83' lang='grc' dir='ltr'><strong>Θεῷ.</strong></span> <span class='ocrx_word' id='word_1_225' title='bbox 1742 2904 1804 2956; x_wconf 91' lang='grc' dir='ltr'>Ὃ</span> <span class='ocrx_word' id='word_1_226' title='bbox 1835 2904 1929 2970; x_wconf 80' lang='grc' dir='ltr'><strong>γέ-</strong></span> 
     </span>
    </p>
   </div>
   <div class='ocr_carea' id='block_1_32' title="bbox 351 2961 1929 3064">
    <p class='ocr_par' dir='ltr' id='par_1_32' title="bbox 351 2961 1929 3064">
     <span class='ocr_line' id='line_1_32' title="bbox 351 2961 1929 3064; baseline 0.011 -35"><span class='ocrx_word' id='word_1_227' title='bbox 351 2995 502 3031; x_wconf 85' lang='grc' dir='ltr'>νοιτο</span> <span class='ocrx_word' id='word_1_228' title='bbox 560 2980 770 3042; x_wconf 85' lang='grc' dir='ltr'>πάντας</span> <span class='ocrx_word' id='word_1_229' title='bbox 828 2961 1036 3047; x_wconf 67' lang='grc' dir='ltr'>ἰδόντας</span> <span class='ocrx_word' id='word_1_230' title='bbox 1086 2961 1256 3056; x_wconf 78' lang='grc' dir='ltr'>ἡμᾶς,</span> <span class='ocrx_word' id='word_1_231' title='bbox 1440 2989 1540 3057; x_wconf 85' lang='grc' dir='ltr'>τῆς</span> <span class='ocrx_word' id='word_1_232' title='bbox 1589 2961 1929 3064; x_wconf 70' lang='grc' dir='ltr'>τελειοτέρας</span> 
     </span>
    </p>
   </div>
   <div class='ocr_carea' id='block_1_33' title="bbox 349 3071 1928 3156">
    <p class='ocr_par' dir='ltr' id='par_1_33' title="bbox 349 3071 1928 3156">
     <span class='ocr_line' id='line_1_33' title="bbox 349 3071 1928 3156; baseline 0.011 -33"><span class='ocrx_word' id='word_1_233' title='bbox 349 3071 773 3136; x_wconf 75' lang='grc' dir='ltr'>ἀπολαύσαντας</span> <span class='ocrx_word' id='word_1_234' title='bbox 800 3073 1166 3144; x_wconf 76' lang='grc' dir='ltr'>εὐφροσύνης.</span> <span class='ocrx_word' id='word_1_235' title='bbox 1203 3080 1297 3130; x_wconf 71' lang='grc' dir='ltr'><strong>καὶ</strong></span> <span class='ocrx_word' id='word_1_236' title='bbox 1337 3087 1720 3154; x_wconf 77' lang='grc' dir='ltr'>πνευματικῆς</span> <span class='ocrx_word' id='word_1_237' title='bbox 1758 3087 1928 3156; x_wconf 78' lang='grc' dir='ltr'>ἐμφο-</span> 
     </span>
    </p>
   </div>
   <div class='ocr_carea' id='block_1_34' title="bbox 2051 613 3626 685">
    <p class='ocr_par' dir='ltr' id='par_1_34' title="bbox 2051 613 3626 685">
     <span class='ocr_line' id='line_1_34' title="bbox 2051 613 3626 685; baseline 0.008 -21"><span class='ocrx_word' id='word_1_238' title='bbox 2051 613 2225 664; x_wconf 88' lang='lat' dir='ltr'><strong>multo</strong></span> <span class='ocrx_word' id='word_1_239' title='bbox 2269 613 2440 681; x_wconf 81' lang='lat' dir='ltr'><strong>magis</strong></span> <span class='ocrx_word' id='word_1_240' title='bbox 2471 614 2521 667; x_wconf 89' lang='lat' dir='ltr'><strong>in</strong></span> <span class='ocrx_word' id='word_1_241' title='bbox 2552 625 2856 683; x_wconf 84' lang='lat' dir='ltr'><strong>posterum,</strong></span> <span class='ocrx_word' id='word_1_242' title='bbox 2901 628 3108 685; x_wconf 82' lang='lat' dir='ltr'><strong>quanto</strong></span> <span class='ocrx_word' id='word_1_243' title='bbox 3139 634 3330 672; x_wconf 83' lang='lat' dir='ltr'><strong>sumus</strong></span> <span class='ocrx_word' id='word_1_244' title='bbox 3366 621 3458 675; x_wconf 82' lang='lat' dir='ltr'><strong>lini</strong></span> <span class='ocrx_word' id='word_1_245' title='bbox 3499 625 3626 677; x_wconf 73' lang='lat' dir='ltr'><strong>viri-</strong></span> 
     </span>
    </p>
   </div>
   <div class='ocr_carea' id='block_1_35' title="bbox 2047 703 3626 777">
    <p class='ocr_par' dir='ltr' id='par_1_35' title="bbox 2047 703 3626 777">
     <span class='ocr_line' id='line_1_35' title="bbox 2047 703 3626 777; baseline 0.008 -23"><span class='ocrx_word' id='word_1_246' title='bbox 2047 703 2251 763; x_wconf 84' lang='lat' dir='ltr'><strong>niores.</strong></span> <span class='ocrx_word' id='word_1_247' title='bbox 2274 705 2500 757; x_wconf 90' lang='lat' dir='ltr'><strong>ostende</strong></span> <span class='ocrx_word' id='word_1_248' title='bbox 2537 715 2585 759; x_wconf 89' lang='lat' dir='ltr'><strong>te</strong></span> <span class='ocrx_word' id='word_1_249' title='bbox 2623 709 3039 775; x_wconf 77' lang='lat' dir='ltr'><strong>promptiorem,</strong></span> <span class='ocrx_word' id='word_1_250' title='bbox 3061 721 3114 761; x_wconf 90' lang='lat' dir='ltr'><strong>et</strong></span> <span class='ocrx_word' id='word_1_251' title='bbox 3144 710 3340 777; x_wconf 84' lang='lat' dir='ltr'><strong>partim</strong></span> <span class='ocrx_word' id='word_1_252' title='bbox 3375 712 3626 766; x_wconf 72' lang='lat' dir='ltr'><strong>invocato</strong></span> 
     </span>
    </p>
   </div>
   <div class='ocr_carea' id='block_1_36' title="bbox 2049 791 3624 868">
    <p class='ocr_par' dir='ltr' id='par_1_36' title="bbox 2049 791 3624 868">
     <span class='ocr_line' id='line_1_36' title="bbox 2049 791 3624 868; baseline 0.007 -25"><span class='ocrx_word' id='word_1_253' title='bbox 2049 791 2236 854; x_wconf 86' lang='lat' dir='ltr'><strong>Deum,</strong></span> <span class='ocrx_word' id='word_1_254' title='bbox 2281 797 2476 862; x_wconf 90' lang='lat' dir='ltr'><strong>partim</strong></span> <span class='ocrx_word' id='word_1_255' title='bbox 2510 805 2564 850; x_wconf 89' lang='lat' dir='ltr'><strong>et</strong></span> <span class='ocrx_word' id='word_1_256' title='bbox 2620 803 2732 864; x_wconf 87' lang='lat' dir='ltr'><strong>ipse</strong></span> <span class='ocrx_word' id='word_1_257' title='bbox 2763 810 2959 851; x_wconf 77' lang='lat' dir='ltr'><strong>navato</strong></span> <span class='ocrx_word' id='word_1_258' title='bbox 2990 814 3234 868; x_wconf 83' lang='lat' dir='ltr'><strong>Operam,</strong></span> <span class='ocrx_word' id='word_1_259' title='bbox 3284 817 3392 855; x_wconf 90' lang='lat' dir='ltr'><strong>non</strong></span> <span class='ocrx_word' id='word_1_260' title='bbox 3439 815 3624 866; x_wconf 83' lang='lat' dir='ltr'><strong>noctu,</strong></span> 
     </span>
    </p>
   </div>
   <div class='ocr_carea' id='block_1_37' title="bbox 2044 881 3622 953">
    <p class='ocr_par' dir='ltr' id='par_1_37' title="bbox 2044 881 3622 953">
     <span class='ocr_line' id='line_1_37' title="bbox 2044 881 3622 953; baseline 0.01 -23"><span class='ocrx_word' id='word_1_261' title='bbox 2044 894 2152 932; x_wconf 91' lang='lat' dir='ltr'><strong>non</strong></span> <span class='ocrx_word' id='word_1_262' title='bbox 2216 881 2459 936; x_wconf 76' lang='lat' dir='ltr'><strong>interdiu</strong></span> <span class='ocrx_word' id='word_1_263' title='bbox 2509 885 2679 953; x_wconf 91' lang='lat' dir='ltr'><strong>quieti</strong></span> <span class='ocrx_word' id='word_1_264' title='bbox 2729 896 2778 939; x_wconf 91' lang='lat' dir='ltr'><strong>te</strong></span> <span class='ocrx_word' id='word_1_265' title='bbox 2831 889 3070 950; x_wconf 83' lang='lat' dir='ltr'><strong>tradens,</strong></span> <span class='ocrx_word' id='word_1_266' title='bbox 3104 890 3279 944; x_wconf 83' lang='lat' dir='ltr'><strong>donec</strong></span> <span class='ocrx_word' id='word_1_267' title='bbox 3316 893 3383 944; x_wconf 88' lang='lat' dir='ltr'><strong>ad</strong></span> <span class='ocrx_word' id='word_1_268' title='bbox 3416 893 3622 946; x_wconf 80' lang='lat' dir='ltr'><strong>bonum</strong></span> 
     </span>
    </p>
   </div>
   <div class='ocr_carea' id='block_1_38' title="bbox 2045 972 3622 1049">
    <p class='ocr_par' dir='ltr' id='par_1_38' title="bbox 2045 972 3622 1049">
     <span class='ocr_line' id='line_1_38' title="bbox 2045 972 3622 1049; baseline 0.01 -28"><span class='ocrx_word' id='word_1_269' title='bbox 2045 973 2332 1037; x_wconf 68' lang='lat' dir='ltr'><strong>pi-rvcnias</strong></span> <span class='ocrx_word' id='word_1_270' title='bbox 2373 972 2534 1028; x_wconf 81' lang='lat' dir='ltr'><strong>ﬁnem</strong></span> <span class='ocrx_word' id='word_1_271' title='bbox 2587 987 2642 1029; x_wconf 91' lang='lat' dir='ltr'><strong>ct</strong></span> <span class='ocrx_word' id='word_1_272' title='bbox 2671 978 2822 1030; x_wconf 82' lang='lat' dir='ltr'><strong>curis</strong></span> <span class='ocrx_word' id='word_1_273' title='bbox 2867 980 3108 1033; x_wconf 87' lang='lat' dir='ltr'><strong>animum</strong></span> <span class='ocrx_word' id='word_1_274' title='bbox 3146 982 3372 1036; x_wconf 89' lang='lat' dir='ltr'><strong>liberes.</strong></span> <span class='ocrx_word' id='word_1_275' title='bbox 3406 984 3536 1049; x_wconf 59' lang='lat' dir='ltr'><strong>Quae</strong></span> <span class='ocrx_word' id='word_1_276' title='bbox 3570 988 3622 1039; x_wconf 81' lang='lat' dir='ltr'><strong>vi</strong></span> 
     </span>
    </p>
   </div>
   <div class='ocr_carea' id='block_1_39' title="bbox 2044 1060 3617 1144">
    <p class='ocr_par' dir='ltr' id='par_1_39' title="bbox 2044 1060 3617 1144">
     <span class='ocr_line' id='line_1_39' title="bbox 2044 1060 3617 1144; baseline 0.009 -31"><span class='ocrx_word' id='word_1_277' title='bbox 2044 1060 2299 1120; x_wconf 78' lang='lat' dir='ltr'><strong>feruntur</strong></span> <span class='ocrx_word' id='word_1_278' title='bbox 2333 1065 2538 1134; x_wconf 89' lang='lat' dir='ltr'><strong>aliquo,</strong></span> <span class='ocrx_word' id='word_1_279' title='bbox 2583 1077 2637 1120; x_wconf 89' lang='lat' dir='ltr'><strong>et</strong></span> <span class='ocrx_word' id='word_1_280' title='bbox 2673 1085 3012 1138; x_wconf 55' lang='lat' dir='ltr'><strong>quacunque</strong></span> <span class='ocrx_word' id='word_1_281' title='bbox 3053 1083 3232 1127; x_wconf 87' lang='lat' dir='ltr'><strong>motus</strong></span> <span class='ocrx_word' id='word_1_282' title='bbox 3281 1076 3617 1144; x_wconf 85' lang='lat' dir='ltr'><strong>principium</strong></span> 
     </span>
    </p>
   </div>
   <div class='ocr_carea' id='block_1_40' title="bbox 2041 1154 3614 1220">
    <p class='ocr_par' dir='ltr' id='par_1_40' title="bbox 2041 1154 3614 1220">
     <span class='ocr_line' id='line_1_40' title="bbox 2041 1154 3614 1220; baseline 0.008 -13"><span class='ocrx_word' id='word_1_283' title='bbox 2041 1154 2386 1208; x_wconf 66' lang='lat' dir='ltr'><strong>extrinsecus</strong></span> <span class='ocrx_word' id='word_1_284' title='bbox 2441 1157 2665 1220; x_wconf 86' lang='lat' dir='ltr'><strong>habent,</strong></span> <span class='ocrx_word' id='word_1_285' title='bbox 2713 1160 2924 1214; x_wconf 84' lang='lat' dir='ltr'><strong>tardius</strong></span> <span class='ocrx_word' id='word_1_286' title='bbox 2955 1174 3247 1216; x_wconf 83' lang='lat' dir='ltr'><strong>moventur</strong></span> <span class='ocrx_word' id='word_1_287' title='bbox 3297 1167 3361 1216; x_wconf 87' lang='lat' dir='ltr'><strong>ad</strong></span> <span class='ocrx_word' id='word_1_288' title='bbox 3419 1168 3614 1220; x_wconf 71' lang='lat' dir='ltr'><strong>lim-m&#39;</strong></span> 
     </span>
    </p>
   </div>
   <div class='ocr_carea' id='block_1_41' title="bbox 2040 1251 3616 1325">
    <p class='ocr_par' dir='ltr' id='par_1_41' title="bbox 2040 1251 3616 1325">
     <span class='ocr_line' id='line_1_41' title="bbox 2040 1251 3616 1325; baseline 0.009 -30"><span class='ocrx_word' id='word_1_289' title='bbox 2040 1259 2160 1312; x_wconf 75' lang='lat' dir='ltr'><strong>qua:</strong></span> <span class='ocrx_word' id='word_1_290' title='bbox 2179 1260 2306 1318; x_wconf 82' lang='lat' dir='ltr'><strong>vero</strong></span> <span class='ocrx_word' id='word_1_291' title='bbox 2330 1256 2520 1300; x_wconf 81' lang='lat' dir='ltr'><strong>natura</strong></span> <span class='ocrx_word' id='word_1_292' title='bbox 2540 1259 2595 1302; x_wconf 91' lang='lat' dir='ltr'><strong>et</strong></span> <span class='ocrx_word' id='word_1_293' title='bbox 2620 1265 2686 1302; x_wconf 79' lang='lat' dir='ltr'><strong>ex</strong></span> <span class='ocrx_word' id='word_1_294' title='bbox 2711 1251 3008 1306; x_wconf 85' lang='lat' dir='ltr'><strong>intrinseco</strong></span> <span class='ocrx_word' id='word_1_295' title='bbox 3037 1253 3290 1308; x_wconf 80' lang='lat' dir='ltr'><strong>feruntur</strong></span> <span class='ocrx_word' id='word_1_296' title='bbox 3319 1257 3616 1325; x_wconf 81' lang='lat' dir='ltr'><strong>principio,</strong></span> 
     </span>
    </p>
   </div>
   <div class='ocr_carea' id='block_1_42' title="bbox 2041 1337 3620 1416">
    <p class='ocr_par' dir='ltr' id='par_1_42' title="bbox 2041 1337 3620 1416">
     <span class='ocr_line' id='line_1_42' title="bbox 2041 1337 3620 1416; baseline 0.008 -32"><span class='ocrx_word' id='word_1_297' title='bbox 2041 1343 2330 1388; x_wconf 85' lang='lat' dir='ltr'><strong>moventur</strong></span> <span class='ocrx_word' id='word_1_298' title='bbox 2363 1337 2547 1393; x_wconf 84' lang='lat' dir='ltr'><strong>citius.</strong></span> <span class='ocrx_word' id='word_1_299' title='bbox 2577 1355 2700 1392; x_wconf 88' lang='lat' dir='ltr'><strong>cum</strong></span> <span class='ocrx_word' id='word_1_300' title='bbox 2736 1341 2827 1394; x_wconf 85' lang='lat' dir='ltr'><strong>lini</strong></span> <span class='ocrx_word' id='word_1_301' title='bbox 2858 1339 3113 1411; x_wconf 81' lang='lat' dir='ltr'><strong>prapiora</strong></span> <span class='ocrx_word' id='word_1_302' title='bbox 3167 1347 3323 1398; x_wconf 83' lang='lat' dir='ltr'><strong>liunt.</strong></span> <span class='ocrx_word' id='word_1_303' title='bbox 3353 1347 3434 1399; x_wconf 89' lang='lat' dir='ltr'><strong>Tu</strong></span> <span class='ocrx_word' id='word_1_304' title='bbox 3480 1364 3620 1416; x_wconf 78' lang='lat' dir='ltr'><strong>qun-</strong></span> 
     </span>
    </p>
   </div>
   <div class='ocr_carea' id='block_1_43' title="bbox 2039 1427 3621 1500">
    <p class='ocr_par' dir='ltr' id='par_1_43' title="bbox 2039 1427 3621 1500">
     <span class='ocr_line' id='line_1_43' title="bbox 2039 1427 3621 1500; baseline 0.011 -27"><span class='ocrx_word' id='word_1_305' title='bbox 2039 1438 2145 1490; x_wconf 85' lang='lat' dir='ltr'><strong>que</strong></span> <span class='ocrx_word' id='word_1_306' title='bbox 2171 1439 2294 1478; x_wconf 85' lang='lat' dir='ltr'><strong>cum</strong></span> <span class='ocrx_word' id='word_1_307' title='bbox 2328 1441 2392 1478; x_wconf 81' lang='lat' dir='ltr'><strong>ex</strong></span> <span class='ocrx_word' id='word_1_308' title='bbox 2423 1427 2666 1493; x_wconf 77' lang='lat' dir='ltr'><strong>ingenito</strong></span> <span class='ocrx_word' id='word_1_309' title='bbox 2695 1431 2963 1500; x_wconf 88' lang='lat' dir='ltr'><strong>principio</strong></span> <span class='ocrx_word' id='word_1_310' title='bbox 2983 1443 3040 1486; x_wconf 89' lang='lat' dir='ltr'><strong>et</strong></span> <span class='ocrx_word' id='word_1_311' title='bbox 3067 1435 3232 1487; x_wconf 81' lang='lat' dir='ltr'><strong>veluti</strong></span> <span class='ocrx_word' id='word_1_312' title='bbox 3273 1449 3469 1490; x_wconf 77' lang='lat' dir='ltr'><strong>natura</strong></span> <span class='ocrx_word' id='word_1_313' title='bbox 3505 1455 3621 1490; x_wconf 88' lang='lat' dir='ltr'><strong>mo-</strong></span> 
     </span>
    </p>
   </div>
   <div class='ocr_carea' id='block_1_44' title="bbox 2039 1515 3617 1599">
    <p class='ocr_par' dir='ltr' id='par_1_44' title="bbox 2039 1515 3617 1599">
     <span class='ocr_line' id='line_1_44' title="bbox 2039 1515 3617 1599; baseline 0.01 -33"><span class='ocrx_word' id='word_1_314' title='bbox 2039 1515 2216 1568; x_wconf 80' lang='lat' dir='ltr'><strong>vearis</strong></span> <span class='ocrx_word' id='word_1_315' title='bbox 2238 1517 2302 1568; x_wconf 82' lang='lat' dir='ltr'><strong>ad</strong></span> <span class='ocrx_word' id='word_1_316' title='bbox 2336 1517 2497 1583; x_wconf 82' lang='lat' dir='ltr'><strong>bona,</strong></span> <span class='ocrx_word' id='word_1_317' title='bbox 2515 1533 2746 1588; x_wconf 88' lang='lat' dir='ltr'><strong>quorum</strong></span> <span class='ocrx_word' id='word_1_318' title='bbox 2772 1532 2934 1591; x_wconf 87' lang='lat' dir='ltr'><strong>caput</strong></span> <span class='ocrx_word' id='word_1_319' title='bbox 2954 1535 3038 1578; x_wconf 79' lang='lat' dir='ltr'><strong>est</strong></span> <span class='ocrx_word' id='word_1_320' title='bbox 3055 1543 3293 1593; x_wconf 70' lang='lat' dir='ltr'><strong>praesens</strong></span> <span class='ocrx_word' id='word_1_321' title='bbox 3316 1531 3617 1599; x_wconf 78' lang='lat' dir='ltr'><strong>negotium,</strong></span> 
     </span>
    </p>
   </div>
   <div class='ocr_carea' id='block_1_45' title="bbox 2037 1607 3616 1688">
    <p class='ocr_par' dir='ltr' id='par_1_45' title="bbox 2037 1607 3616 1688">
     <span class='ocr_line' id='line_1_45' title="bbox 2037 1607 3616 1688; baseline 0.011 -32"><span class='ocrx_word' id='word_1_322' title='bbox 2037 1619 2107 1658; x_wconf 84' lang='lat' dir='ltr'><strong>ne</strong></span> <span class='ocrx_word' id='word_1_323' title='bbox 2137 1609 2291 1674; x_wconf 89' lang='lat' dir='ltr'><strong>prius</strong></span> <span class='ocrx_word' id='word_1_324' title='bbox 2327 1607 2459 1660; x_wconf 91' lang='lat' dir='ltr'><strong>illud</strong></span> <span class='ocrx_word' id='word_1_325' title='bbox 2501 1613 2746 1677; x_wconf 88' lang='lat' dir='ltr'><strong>patiare;</strong></span> <span class='ocrx_word' id='word_1_326' title='bbox 2787 1613 2881 1667; x_wconf 88' lang='lat' dir='ltr'><strong>sed</strong></span> <span class='ocrx_word' id='word_1_327' title='bbox 2917 1616 3148 1683; x_wconf 85' lang='lat' dir='ltr'><strong>cupiens</strong></span> <span class='ocrx_word' id='word_1_328' title='bbox 3181 1633 3342 1686; x_wconf 87' lang='lat' dir='ltr'><strong>quam</strong></span> <span class='ocrx_word' id='word_1_329' title='bbox 3376 1623 3616 1688; x_wconf 90' lang='lat' dir='ltr'><strong>primum</strong></span> 
     </span>
    </p>
   </div>
   <div class='ocr_carea' id='block_1_46' title="bbox 2035 1702 3619 1775">
    <p class='ocr_par' dir='ltr' id='par_1_46' title="bbox 2035 1702 3619 1775">
     <span class='ocr_line' id='line_1_46' title="bbox 2035 1702 3619 1775; baseline 0.011 -27"><span class='ocrx_word' id='word_1_330' title='bbox 2035 1702 2548 1767; x_wconf 83' lang='lat' dir='ltr'><strong>assequipmprium</strong></span> <span class='ocrx_word' id='word_1_331' title='bbox 2588 1703 2682 1755; x_wconf 89' lang='lat' dir='ltr'><strong>tibi</strong></span> <span class='ocrx_word' id='word_1_332' title='bbox 2719 1705 2882 1757; x_wconf 84' lang='lat' dir='ltr'><strong>linem</strong></span> <span class='ocrx_word' id='word_1_333' title='bbox 2922 1706 3073 1775; x_wconf 90' lang='lat' dir='ltr'><strong>(boni</strong></span> <span class='ocrx_word' id='word_1_334' title='bbox 3118 1711 3264 1761; x_wconf 87' lang='lat' dir='ltr'><strong>enim</strong></span> <span class='ocrx_word' id='word_1_335' title='bbox 3294 1710 3471 1766; x_wconf 86' lang='lat' dir='ltr'><strong>bonus</strong></span> <span class='ocrx_word' id='word_1_336' title='bbox 3497 1713 3619 1766; x_wconf 70' lang='lat' dir='ltr'><strong>linis</strong></span> 
     </span>
    </p>
   </div>
   <div class='ocr_carea' id='block_1_47' title="bbox 2036 1789 3620 1864">
    <p class='ocr_par' dir='ltr' id='par_1_47' title="bbox 2036 1789 3620 1864">
     <span class='ocr_line' id='line_1_47' title="bbox 2036 1789 3620 1864; baseline 0.01 -27"><span class='ocrx_word' id='word_1_337' title='bbox 2036 1801 2136 1853; x_wconf 90' lang='lat' dir='ltr'><strong>per</strong></span> <span class='ocrx_word' id='word_1_338' title='bbox 2177 1789 2316 1842; x_wconf 91' lang='lat' dir='ltr'><strong>bona</strong></span> <span class='ocrx_word' id='word_1_339' title='bbox 2346 1799 2427 1845; x_wconf 87' lang='lat' dir='ltr'><strong>est</strong></span> <span class='ocrx_word' id='word_1_340' title='bbox 2464 1795 2766 1862; x_wconf 87' lang='lat' dir='ltr'><strong>proprius).</strong></span> <span class='ocrx_word' id='word_1_341' title='bbox 2800 1798 3033 1864; x_wconf 83' lang='lat' dir='ltr'><strong>teipsum</strong></span> <span class='ocrx_word' id='word_1_342' title='bbox 3064 1811 3118 1852; x_wconf 90' lang='lat' dir='ltr'><strong>et</strong></span> <span class='ocrx_word' id='word_1_343' title='bbox 3147 1815 3245 1853; x_wconf 88' lang='lat' dir='ltr'><strong>nos</strong></span> <span class='ocrx_word' id='word_1_344' title='bbox 3269 1815 3460 1854; x_wconf 82' lang='lat' dir='ltr'><strong>omnes</strong></span> <span class='ocrx_word' id='word_1_345' title='bbox 3497 1807 3620 1855; x_wconf 74' lang='lat' dir='ltr'><strong>red—</strong></span> 
     </span>
    </p>
   </div>
   <div class='ocr_carea' id='block_1_48' title="bbox 2040 1876 3617 1962">
    <p class='ocr_par' dir='ltr' id='par_1_48' title="bbox 2040 1876 3617 1962">
     <span class='ocr_line' id='line_1_48' title="bbox 2040 1876 3617 1962; baseline 0.012 -33"><span class='ocrx_word' id='word_1_346' title='bbox 2040 1876 2155 1931; x_wconf 87' lang='lat' dir='ltr'><strong>dito</strong></span> <span class='ocrx_word' id='word_1_347' title='bbox 2181 1879 2475 1936; x_wconf 78' lang='lat' dir='ltr'><strong>alacriores</strong></span> <span class='ocrx_word' id='word_1_348' title='bbox 2509 1894 2622 1937; x_wconf 92' lang='lat' dir='ltr'><strong>tum</strong></span> <span class='ocrx_word' id='word_1_349' title='bbox 2657 1886 3028 1950; x_wconf 75' lang='lat' dir='ltr'><strong>adhortando,</strong></span> <span class='ocrx_word' id='word_1_350' title='bbox 3062 1900 3171 1942; x_wconf 89' lang='lat' dir='ltr'><strong>tum</strong></span> <span class='ocrx_word' id='word_1_351' title='bbox 3205 1893 3617 1962; x_wconf 76' lang='lat' dir='ltr'><strong>omnihuSpra--</strong></span> 
     </span>
    </p>
   </div>
   <div class='ocr_carea' id='block_1_49' title="bbox 2037 1969 3617 2051">
    <p class='ocr_par' dir='ltr' id='par_1_49' title="bbox 2037 1969 3617 2051">
     <span class='ocr_line' id='line_1_49' title="bbox 2037 1969 3617 2051; baseline 0.011 -29"><span class='ocrx_word' id='word_1_352' title='bbox 2037 1969 2332 2036; x_wconf 82' lang='lat' dir='ltr'><strong>cipiendo;</strong></span> <span class='ocrx_word' id='word_1_353' title='bbox 2370 1973 2747 2030; x_wconf 81' lang='lat' dir='ltr'><strong>beatissimum</strong></span> <span class='ocrx_word' id='word_1_354' title='bbox 2795 1995 3016 2048; x_wconf 90' lang='lat' dir='ltr'><strong>quoque</strong></span> <span class='ocrx_word' id='word_1_355' title='bbox 3057 1993 3288 2049; x_wconf 75' lang='lat' dir='ltr'><strong>patrem.</strong></span> <span class='ocrx_word' id='word_1_356' title='bbox 3328 1987 3374 2038; x_wconf 89' lang='lat' dir='ltr'><strong>si</strong></span> <span class='ocrx_word' id='word_1_357' title='bbox 3412 2002 3515 2051; x_wconf 82' lang='lat' dir='ltr'><strong>qua</strong></span> <span class='ocrx_word' id='word_1_358' title='bbox 3551 2003 3617 2039; x_wconf 75' lang='lat' dir='ltr'><strong>ex</strong></span> 
     </span>
    </p>
   </div>
   <div class='ocr_carea' id='block_1_50' title="bbox 2037 2069 3614 2138">
    <p class='ocr_par' dir='ltr' id='par_1_50' title="bbox 2037 2069 3614 2138">
     <span class='ocr_line' id='line_1_50' title="bbox 2037 2069 3614 2138; baseline 0.01 -26"><span class='ocrx_word' id='word_1_359' title='bbox 2037 2071 2189 2128; x_wconf 88' lang='lat' dir='ltr'><strong>parte</strong></span> <span class='ocrx_word' id='word_1_360' title='bbox 2219 2075 2478 2132; x_wconf 78' lang='lat' dir='ltr'><strong>gravetur</strong></span> <span class='ocrx_word' id='word_1_361' title='bbox 2507 2069 2684 2135; x_wconf 89' lang='lat' dir='ltr'><strong>senio,</strong></span> <span class='ocrx_word' id='word_1_362' title='bbox 2713 2072 3083 2127; x_wconf 81' lang='lat' dir='ltr'><strong>succumbens</strong></span> <span class='ocrx_word' id='word_1_363' title='bbox 3108 2076 3249 2128; x_wconf 80' lang='lat' dir='ltr'><strong>:elati</strong></span> <span class='ocrx_word' id='word_1_364' title='bbox 3283 2091 3347 2129; x_wconf 87' lang='lat' dir='ltr'><strong>ac</strong></span> <span class='ocrx_word' id='word_1_365' title='bbox 3383 2078 3614 2138; x_wconf 73' lang='lat' dir='ltr'><strong>morbis,</strong></span> 
     </span>
    </p>
   </div>
   <div class='ocr_carea' id='block_1_51' title="bbox 2035 2151 3614 2226">
    <p class='ocr_par' dir='ltr' id='par_1_51' title="bbox 2035 2151 3614 2226">
     <span class='ocr_line' id='line_1_51' title="bbox 2035 2151 3614 2226; baseline 0.011 -22"><span class='ocrx_word' id='word_1_366' title='bbox 2035 2151 2101 2204; x_wconf 87' lang='lat' dir='ltr'><strong>ad</strong></span> <span class='ocrx_word' id='word_1_367' title='bbox 2145 2159 2463 2210; x_wconf 84' lang='lat' dir='ltr'><strong>memoriam</strong></span> <span class='ocrx_word' id='word_1_368' title='bbox 2512 2161 2728 2226; x_wconf 77' lang='lat' dir='ltr'><strong>excita,</strong></span> <span class='ocrx_word' id='word_1_369' title='bbox 2791 2171 2847 2216; x_wconf 87' lang='lat' dir='ltr'><strong>et</strong></span> <span class='ocrx_word' id='word_1_370' title='bbox 2906 2165 3159 2218; x_wconf 91' lang='lat' dir='ltr'><strong>stimulos</strong></span> <span class='ocrx_word' id='word_1_371' title='bbox 3216 2167 3448 2220; x_wconf 82' lang='lat' dir='ltr'><strong>admove</strong></span> <span class='ocrx_word' id='word_1_372' title='bbox 3499 2179 3614 2221; x_wconf 89' lang='lat' dir='ltr'><strong>tum</strong></span> 
     </span>
    </p>
   </div>
   <div class='ocr_carea' id='block_1_52' title="bbox 2035 2245 3613 2327">
    <p class='ocr_par' dir='ltr' id='par_1_52' title="bbox 2035 2245 3613 2327">
     <span class='ocr_line' id='line_1_52' title="bbox 2035 2245 3613 2327; baseline 0.011 -29"><span class='ocrx_word' id='word_1_373' title='bbox 2035 2245 2548 2315; x_wconf 80' lang='lat' dir='ltr'><strong>cohortationibus,</strong></span> <span class='ocrx_word' id='word_1_374' title='bbox 2604 2260 2719 2305; x_wconf 93' lang='lat' dir='ltr'><strong>tum</strong></span> <span class='ocrx_word' id='word_1_375' title='bbox 2776 2270 2835 2307; x_wconf 87' lang='lat' dir='ltr'><strong>re</strong></span> <span class='ocrx_word' id='word_1_376' title='bbox 2889 2255 3003 2324; x_wconf 81' lang='lat' dir='ltr'><strong>ipsa</strong></span> <span class='ocrx_word' id='word_1_377' title='bbox 3039 2258 3242 2327; x_wconf 80' lang='lat' dir='ltr'><strong>negotii</strong></span> <span class='ocrx_word' id='word_1_378' title='bbox 3277 2271 3515 2314; x_wconf 88' lang='lat' dir='ltr'><strong>actorem</strong></span> <span class='ocrx_word' id='word_1_379' title='bbox 3561 2273 3613 2316; x_wconf 84' lang='lat' dir='ltr'><strong>te</strong></span> 
     </span>
    </p>
   </div>
   <div class='ocr_carea' id='block_1_53' title="bbox 2037 2335 3616 2416">
    <p class='ocr_par' dir='ltr' id='par_1_53' title="bbox 2037 2335 3616 2416">
     <span class='ocr_line' id='line_1_53' title="bbox 2037 2335 3616 2416; baseline 0.013 -29"><span class='ocrx_word' id='word_1_380' title='bbox 2037 2335 2305 2404; x_wconf 65' lang='lat' dir='ltr'><strong>praebens.</strong></span> <span class='ocrx_word' id='word_1_381' title='bbox 2345 2339 2708 2396; x_wconf 83' lang='lat' dir='ltr'><strong>Reverebitur</strong></span> <span class='ocrx_word' id='word_1_382' title='bbox 2739 2359 2870 2399; x_wconf 86' lang='lat' dir='ltr'><strong>sane</strong></span> <span class='ocrx_word' id='word_1_383' title='bbox 2903 2347 2948 2400; x_wconf 90' lang='lat' dir='ltr'><strong>is</strong></span> <span class='ocrx_word' id='word_1_384' title='bbox 2971 2347 3362 2416; x_wconf 72' lang='lat' dir='ltr'><strong>imperatorem</strong></span> <span class='ocrx_word' id='word_1_385' title='bbox 3396 2352 3616 2407; x_wconf 87' lang='lat' dir='ltr'><strong>hortan-</strong></span> 
     </span>
    </p>
   </div>
   <div class='ocr_carea' id='block_1_54' title="bbox 2038 2434 3612 2499">
    <p class='ocr_par' dir='ltr' id='par_1_54' title="bbox 2038 2434 3612 2499">
     <span class='ocr_line' id='line_1_54' title="bbox 2038 2434 3612 2499; baseline 0.011 -20"><span class='ocrx_word' id='word_1_386' title='bbox 2038 2435 2169 2490; x_wconf 90' lang='lat' dir='ltr'><strong>tem,</strong></span> <span class='ocrx_word' id='word_1_387' title='bbox 2205 2443 2432 2499; x_wconf 86' lang='lat' dir='ltr'><strong>remque</strong></span> <span class='ocrx_word' id='word_1_388' title='bbox 2462 2434 2774 2488; x_wconf 84' lang='lat' dir='ltr'><strong>accuratius</strong></span> <span class='ocrx_word' id='word_1_389' title='bbox 2820 2438 3105 2491; x_wconf 80' lang='lat' dir='ltr'><strong>tractando</strong></span> <span class='ocrx_word' id='word_1_390' title='bbox 3137 2454 3242 2492; x_wconf 90' lang='lat' dir='ltr'><strong>una</strong></span> <span class='ocrx_word' id='word_1_391' title='bbox 3267 2455 3391 2495; x_wconf 91' lang='lat' dir='ltr'><strong>cum</strong></span> <span class='ocrx_word' id='word_1_392' title='bbox 3424 2457 3612 2496; x_wconf 88' lang='lat' dir='ltr'><strong>sacra-</strong></span> 
     </span>
    </p>
   </div>
   <div class='ocr_carea' id='block_1_55' title="bbox 2037 2520 3614 2588">
    <p class='ocr_par' dir='ltr' id='par_1_55' title="bbox 2037 2520 3614 2588">
     <span class='ocr_line' id='line_1_55' title="bbox 2037 2520 3614 2588; baseline 0.009 -14"><span class='ocrx_word' id='word_1_393' title='bbox 2037 2520 2248 2574; x_wconf 80' lang='lat' dir='ltr'><strong>tissimo</strong></span> <span class='ocrx_word' id='word_1_394' title='bbox 2302 2532 2488 2577; x_wconf 74' lang='lat' dir='ltr'><strong>nostro</strong></span> <span class='ocrx_word' id='word_1_395' title='bbox 2523 2526 2832 2588; x_wconf 82' lang='lat' dir='ltr'><strong>patriarcha</strong></span> <span class='ocrx_word' id='word_1_396' title='bbox 2861 2538 2916 2582; x_wconf 90' lang='lat' dir='ltr'><strong>et</strong></span> <span class='ocrx_word' id='word_1_397' title='bbox 2960 2531 3440 2586; x_wconf 73' lang='lat' dir='ltr'><strong>reverendussimis</strong></span> <span class='ocrx_word' id='word_1_398' title='bbox 3484 2550 3614 2587; x_wconf 87' lang='lat' dir='ltr'><strong>sau-</strong></span> 
     </span>
    </p>
   </div>
   <div class='ocr_carea' id='block_1_56' title="bbox 2035 2611 3612 2688">
    <p class='ocr_par' dir='ltr' id='par_1_56' title="bbox 2035 2611 3612 2688">
     <span class='ocr_line' id='line_1_56' title="bbox 2035 2611 3612 2688; baseline 0.008 -25"><span class='ocrx_word' id='word_1_399' title='bbox 2035 2619 2134 2664; x_wconf 79' lang='lat' dir='ltr'><strong>cta:</strong></span> <span class='ocrx_word' id='word_1_400' title='bbox 2161 2611 2532 2667; x_wconf 83' lang='lat' dir='ltr'><strong>Romanorum</strong></span> <span class='ocrx_word' id='word_1_401' title='bbox 2566 2616 2823 2672; x_wconf 70' lang='lat' dir='ltr'><strong>Ecclesia:</strong></span> <span class='ocrx_word' id='word_1_402' title='bbox 2869 2621 3248 2688; x_wconf 86' lang='lat' dir='ltr'><strong>optimatibus,</strong></span> <span class='ocrx_word' id='word_1_403' title='bbox 3291 2639 3355 2677; x_wconf 86' lang='lat' dir='ltr'><strong>ac</strong></span> <span class='ocrx_word' id='word_1_404' title='bbox 3394 2627 3612 2680; x_wconf 60' lang='lat' dir='ltr'><strong>ert-terit</strong></span> 
     </span>
    </p>
   </div>
   <div class='ocr_carea' id='block_1_57' title="bbox 2036 2704 3608 2784">
    <p class='ocr_par' dir='ltr' id='par_1_57' title="bbox 2036 2704 3608 2784">
     <span class='ocr_line' id='line_1_57' title="bbox 2036 2704 3608 2784; baseline 0.012 -31"><span class='ocrx_word' id='word_1_405' title='bbox 2036 2704 2318 2770; x_wconf 92' lang='lat' dir='ltr'><strong>omnibus,</strong></span> <span class='ocrx_word' id='word_1_406' title='bbox 2349 2705 2512 2760; x_wconf 85' lang='lat' dir='ltr'><strong>linem</strong></span> <span class='ocrx_word' id='word_1_407' title='bbox 2549 2707 2656 2761; x_wconf 87' lang='lat' dir='ltr'><strong>Deo</strong></span> <span class='ocrx_word' id='word_1_408' title='bbox 2685 2708 2824 2764; x_wconf 87' lang='lat' dir='ltr'><strong>duce</strong></span> <span class='ocrx_word' id='word_1_409' title='bbox 2861 2711 3065 2766; x_wconf 90' lang='lat' dir='ltr'><strong>bonum</strong></span> <span class='ocrx_word' id='word_1_410' title='bbox 3117 2715 3415 2784; x_wconf 88' lang='lat' dir='ltr'><strong>imponent.</strong></span> <span class='ocrx_word' id='word_1_411' title='bbox 3451 2718 3608 2783; x_wconf 74' lang='lat' dir='ltr'><strong>Quod</strong></span> 
     </span>
    </p>
   </div>
   <div class='ocr_carea' id='block_1_58' title="bbox 2034 2795 3610 2878">
    <p class='ocr_par' dir='ltr' id='par_1_58' title="bbox 2034 2795 3610 2878">
     <span class='ocr_line' id='line_1_58' title="bbox 2034 2795 3610 2878; baseline 0.011 -31"><span class='ocrx_word' id='word_1_412' title='bbox 2034 2795 2247 2849; x_wconf 89' lang='lat' dir='ltr'><strong>utinam</strong></span> <span class='ocrx_word' id='word_1_413' title='bbox 2280 2813 2382 2852; x_wconf 87' lang='lat' dir='ltr'><strong>nos</strong></span> <span class='ocrx_word' id='word_1_414' title='bbox 2408 2813 2622 2855; x_wconf 82' lang='lat' dir='ltr'><strong>,omues</strong></span> <span class='ocrx_word' id='word_1_415' title='bbox 2655 2805 3081 2872; x_wconf 84' lang='lat' dir='ltr'><strong>conspiciamus,</strong></span> <span class='ocrx_word' id='word_1_416' title='bbox 3119 2817 3174 2861; x_wconf 88' lang='lat' dir='ltr'><strong>et</strong></span> <span class='ocrx_word' id='word_1_417' title='bbox 3222 2811 3468 2878; x_wconf 86' lang='lat' dir='ltr'><strong>pleniore</strong></span> <span class='ocrx_word' id='word_1_418' title='bbox 3497 2813 3610 2866; x_wconf 84' lang='lat' dir='ltr'><strong>fru-</strong></span> 
     </span>
    </p>
   </div>
   <div class='ocr_carea' id='block_1_59' title="bbox 2033 2887 3610 2967">
    <p class='ocr_par' dir='ltr' id='par_1_59' title="bbox 2033 2887 3610 2967">
     <span class='ocr_line' id='line_1_59' title="bbox 2033 2887 3610 2967; baseline 0.012 -27"><span class='ocrx_word' id='word_1_419' title='bbox 2033 2895 2190 2940; x_wconf 89' lang='lat' dir='ltr'><strong>entes</strong></span> <span class='ocrx_word' id='word_1_420' title='bbox 2236 2887 2426 2944; x_wconf 70' lang='lat' dir='ltr'><strong>lmtitia</strong></span> <span class='ocrx_word' id='word_1_421' title='bbox 2471 2891 2809 2962; x_wconf 87' lang='lat' dir='ltr'><strong>spiritaliquc</strong></span> <span class='ocrx_word' id='word_1_422' title='bbox 2842 2897 3039 2964; x_wconf 75' lang='lat' dir='ltr'><strong>gaudio</strong></span> <span class='ocrx_word' id='word_1_423' title='bbox 3067 2900 3261 2967; x_wconf 78' lang='lat' dir='ltr'><strong>repleti</strong></span> <span class='ocrx_word' id='word_1_424' title='bbox 3299 2902 3367 2956; x_wconf 87' lang='lat' dir='ltr'><strong>ad</strong></span> <span class='ocrx_word' id='word_1_425' title='bbox 3411 2905 3610 2958; x_wconf 87' lang='lat' dir='ltr'><strong>beatis-</strong></span> 
     </span>
    </p>
   </div>
   <div class='ocr_carea' id='block_1_60' title="bbox 2033 2981 3611 3061">
    <p class='ocr_par' dir='ltr' id='par_1_60' title="bbox 2033 2981 3611 3061">
     <span class='ocr_line' id='line_1_60' title="bbox 2033 2981 3611 3061; baseline 0.011 -29"><span class='ocrx_word' id='word_1_426' title='bbox 2033 2981 2156 3033; x_wconf 89' lang='lat' dir='ltr'><strong>simi</strong></span> <span class='ocrx_word' id='word_1_427' title='bbox 2197 2982 2372 3050; x_wconf 86' lang='lat' dir='ltr'><strong>patris</strong></span> <span class='ocrx_word' id='word_1_428' title='bbox 2409 2984 2596 3053; x_wconf 87' lang='lat' dir='ltr'><strong>tuique</strong></span> <span class='ocrx_word' id='word_1_429' title='bbox 2632 2987 2774 3040; x_wconf 87' lang='lat' dir='ltr'><strong>sacri</strong></span> <span class='ocrx_word' id='word_1_430' title='bbox 2801 2988 3013 3057; x_wconf 90' lang='lat' dir='ltr'><strong>imperii</strong></span> <span class='ocrx_word' id='word_1_431' title='bbox 3046 2991 3233 3046; x_wconf 84' lang='lat' dir='ltr'><strong>laudes</strong></span> <span class='ocrx_word' id='word_1_432' title='bbox 3264 2996 3611 3061; x_wconf 70' lang='lat' dir='ltr'><strong>apertiusex-</strong></span> 
     </span>
    </p>
   </div>
   <div class='ocr_carea' id='block_1_61' title="bbox 2032 3071 3609 3154">
    <p class='ocr_par' dir='ltr' id='par_1_61' title="bbox 2032 3071 3609 3154">
     <span class='ocr_line' id='line_1_61' title="bbox 2032 3071 3609 3154; baseline 0.013 -30"><span class='ocrx_word' id='word_1_433' title='bbox 2032 3071 2286 3139; x_wconf 69' lang='lat' dir='ltr'><strong>citentur,</strong></span> <span class='ocrx_word' id='word_1_434' title='bbox 2324 3076 2662 3130; x_wconf 76' lang='lat' dir='ltr'><strong>admirantes</strong></span> <span class='ocrx_word' id='word_1_435' title='bbox 2694 3087 2857 3147; x_wconf 90' lang='lat' dir='ltr'><strong>atque</strong></span> <span class='ocrx_word' id='word_1_436' title='bbox 2884 3090 2944 3134; x_wconf 91' lang='lat' dir='ltr'><strong>ut</strong></span> <span class='ocrx_word' id='word_1_437' title='bbox 2973 3096 3071 3150; x_wconf 85' lang='lat' dir='ltr'><strong>par</strong></span> <span class='ocrx_word' id='word_1_438' title='bbox 3091 3093 3174 3137; x_wconf 86' lang='lat' dir='ltr'><strong>est</strong></span> <span class='ocrx_word' id='word_1_439' title='bbox 3198 3086 3448 3154; x_wconf 71' lang='lat' dir='ltr'><strong>plausum</strong></span> <span class='ocrx_word' id='word_1_440' title='bbox 3479 3090 3609 3144; x_wconf 74' lang='lat' dir='ltr'><strong>dano</strong></span> 
     </span>
    </p>
   </div>
   <div class='ocr_carea' id='block_1_62' title="bbox 351 3162 1931 3245">
    <p class='ocr_par' dir='ltr' id='par_1_62' title="bbox 351 3162 1918 3245">
     <span class='ocr_line' id='line_1_62' title="bbox 351 3162 1918 3245; baseline 0.011 -33"><span class='ocrx_word' id='word_1_441' title='bbox 351 3162 622 3232; x_wconf 78' lang='grc' dir='ltr'>ρηθὲντας</span> <span class='ocrx_word' id='word_1_442' title='bbox 651 3165 828 3232; x_wconf 80' lang='grc' dir='ltr'>χαρᾶς</span> <span class='ocrx_word' id='word_1_443' title='bbox 859 3167 1247 3236; x_wconf 86' lang='grc' dir='ltr'>καθαρώτερον</span> <span class='ocrx_word' id='word_1_444' title='bbox 1291 3171 1384 3222; x_wconf 77' lang='grc' dir='ltr'><strong>ἐπί</strong></span> <span class='ocrx_word' id='word_1_445' title='bbox 1413 3189 1472 3224; x_wconf 89' lang='grc' dir='ltr'><strong>τε</strong></span> <span class='ocrx_word' id='word_1_446' title='bbox 1495 3173 1588 3225; x_wconf 77' lang='grc' dir='ltr'>τὸν</span> <span class='ocrx_word' id='word_1_447' title='bbox 1614 3174 1709 3226; x_wconf 79' lang='grc' dir='ltr'>τοῦ</span> <span class='ocrx_word' id='word_1_448' title='bbox 1743 3193 1918 3245; x_wconf 71' lang='grc' dir='ltr'>μακαο</span> 
     </span>
    </p>
   </div>
   <div class='ocr_carea' id='block_1_63' title="bbox 2033 3162 3609 3245">
    <p class='ocr_par' dir='ltr' id='par_1_63' title="bbox 2035 3170 3609 3241">
     <span class='ocr_line' id='line_1_63' title="bbox 2035 3170 3609 3241; baseline 0.011 -25"><span class='ocrx_word' id='word_1_449' title='bbox 2035 3170 2149 3229; x_wconf 88' lang='lat' dir='ltr'><strong>tes;</strong></span> <span class='ocrx_word' id='word_1_450' title='bbox 2207 3180 2310 3220; x_wconf 89' lang='lat' dir='ltr'><strong>nec</strong></span> <span class='ocrx_word' id='word_1_451' title='bbox 2342 3181 2449 3220; x_wconf 89' lang='lat' dir='ltr'><strong>non</strong></span> <span class='ocrx_word' id='word_1_452' title='bbox 2500 3170 2843 3224; x_wconf 88' lang='lat' dir='ltr'><strong>sanctissimo</strong></span> <span class='ocrx_word' id='word_1_453' title='bbox 2891 3176 3233 3241; x_wconf 77' lang='lat' dir='ltr'><strong>patriarchae,</strong></span> <span class='ocrx_word' id='word_1_454' title='bbox 3269 3188 3325 3232; x_wconf 91' lang='lat' dir='ltr'><strong>ut</strong></span> <span class='ocrx_word' id='word_1_455' title='bbox 3358 3188 3412 3232; x_wconf 88' lang='lat' dir='ltr'><strong>et</strong></span> <span class='ocrx_word' id='word_1_456' title='bbox 3452 3197 3609 3235; x_wconf 77' lang='lat' dir='ltr'><strong>sacro</strong></span> 
     </span>
    </p>
   </div>
   <div class='ocr_carea' id='block_1_64' title="bbox 351 3252 1928 3335">
    <p class='ocr_par' dir='ltr' id='par_1_64' title="bbox 351 3252 1928 3335">
     <span class='ocr_line' id='line_1_64' title="bbox 351 3252 1928 3335; baseline 0.01 -30"><span class='ocrx_word' id='word_1_457' title='bbox 351 3253 631 3321; x_wconf 66' lang='lat' dir='ltr'><strong>ptwrétzu</strong></span> <span class='ocrx_word' id='word_1_458' title='bbox 672 3257 877 3324; x_wconf 61' lang='grc' dir='ltr'>πατρὸς</span> <span class='ocrx_word' id='word_1_459' title='bbox 905 3252 1076 3320; x_wconf 83' lang='grc' dir='ltr'>αἶνον,</span> <span class='ocrx_word' id='word_1_460' title='bbox 1110 3259 1204 3310; x_wconf 76' lang='grc' dir='ltr'><strong>καὶ</strong></span> <span class='ocrx_word' id='word_1_461' title='bbox 1246 3261 1345 3329; x_wconf 81' lang='grc' dir='ltr'><strong>τὴν</strong></span> <span class='ocrx_word' id='word_1_462' title='bbox 1385 3262 1484 3331; x_wconf 82' lang='grc' dir='ltr'>τῆς</span> <span class='ocrx_word' id='word_1_463' title='bbox 1514 3262 1680 3329; x_wconf 76' lang='grc' dir='ltr'>ἁγίας</span> <span class='ocrx_word' id='word_1_464' title='bbox 1714 3283 1807 3318; x_wconf 85' lang='grc' dir='ltr'><strong>σου</strong></span> <span class='ocrx_word' id='word_1_465' title='bbox 1835 3267 1928 3335; x_wconf 83' lang='grc' dir='ltr'><strong>βα-</strong></span> 
     </span>
    </p>
   </div>
   <div class='ocr_carea' id='block_1_65' title="bbox 345 3344 1928 3422">
    <p class='ocr_par' dir='ltr' id='par_1_65' title="bbox 345 3344 1928 3422">
     <span class='ocr_line' id='line_1_65' title="bbox 345 3344 1928 3422; baseline 0.011 -27"><span class='ocrx_word' id='word_1_466' title='bbox 345 3344 559 3405; x_wconf 74' lang='grc' dir='ltr'>σιλείας</span> <span class='ocrx_word' id='word_1_467' title='bbox 609 3346 892 3414; x_wconf 78' lang='grc' dir='ltr'>εὐφημίαν</span> <span class='ocrx_word' id='word_1_468' title='bbox 949 3348 1326 3420; x_wconf 80' lang='grc' dir='ltr'>διαναστῆναι,</span> <span class='ocrx_word' id='word_1_469' title='bbox 1372 3353 1685 3422; x_wconf 72' lang='grc' dir='ltr'>ἀγαμένους</span> <span class='ocrx_word' id='word_1_470' title='bbox 1721 3374 1780 3410; x_wconf 86' lang='grc' dir='ltr'><strong>τε</strong></span> <span class='ocrx_word' id='word_1_471' title='bbox 1835 3363 1928 3414; x_wconf 77' lang='grc' dir='ltr'><strong>καὶ</strong></span> 
     </span>
    </p>
   </div>
   <div class='ocr_carea' id='block_1_66' title="bbox 343 3436 1929 3514">
    <p class='ocr_par' dir='ltr' id='par_1_66' title="bbox 343 3436 1929 3514">
     <span class='ocr_line' id='line_1_66' title="bbox 343 3436 1929 3514; baseline 0.011 -26"><span class='ocrx_word' id='word_1_472' title='bbox 343 3436 728 3507; x_wconf 80' lang='grc' dir='ltr'>κροτήσαντας</span> <span class='ocrx_word' id='word_1_473' title='bbox 767 3439 834 3489; x_wconf 79' lang='grc' dir='ltr'>τὰ</span> <span class='ocrx_word' id='word_1_474' title='bbox 874 3439 1062 3492; x_wconf 79' lang='grc' dir='ltr'>εἰκότα</span> <span class='ocrx_word' id='word_1_475' title='bbox 1097 3443 1192 3496; x_wconf 73' lang='grc' dir='ltr'><strong>καὶ</strong></span> <span class='ocrx_word' id='word_1_476' title='bbox 1237 3445 1331 3497; x_wconf 85' lang='grc' dir='ltr'><strong>τόν</strong></span> <span class='ocrx_word' id='word_1_477' title='bbox 1359 3462 1419 3498; x_wconf 80' lang='grc' dir='ltr'><strong>τε</strong></span> <span class='ocrx_word' id='word_1_478' title='bbox 1472 3446 1780 3514; x_wconf 81' lang='grc' dir='ltr'>ἁγιώτατον</span> <span class='ocrx_word' id='word_1_479' title='bbox 1822 3470 1929 3505; x_wconf 81' lang='grc' dir='ltr'>πα-</span> 
     </span>
    </p>
   </div>
   <div class='ocr_carea' id='block_1_67' title="bbox 341 3527 1925 3613">
    <p class='ocr_par' dir='ltr' id='par_1_67' title="bbox 341 3527 1925 3613">
     <span class='ocr_line' id='line_1_67' title="bbox 341 3527 1925 3613; baseline 0.012 -35"><span class='ocrx_word' id='word_1_480' title='bbox 341 3529 644 3596; x_wconf 81' lang='grc' dir='ltr'>τριάρχην,</span> <span class='ocrx_word' id='word_1_481' title='bbox 677 3527 892 3613; x_wconf 78' lang='grc' dir='ltr'>καὶτὸν</span> <span class='ocrx_word' id='word_1_482' title='bbox 943 3530 1087 3598; x_wconf 73' lang='grc' dir='ltr'>ἱερὸν</span> <span class='ocrx_word' id='word_1_483' title='bbox 1117 3531 1310 3586; x_wconf 79' lang='grc' dir='ltr'>τοῦτον</span> <span class='ocrx_word' id='word_1_484' title='bbox 1356 3537 1450 3588; x_wconf 75' lang='grc' dir='ltr'><strong>καὶ</strong></span> <span class='ocrx_word' id='word_1_485' title='bbox 1489 3538 1649 3606; x_wconf 79' lang='grc' dir='ltr'>ἅγιον</span> <span class='ocrx_word' id='word_1_486' title='bbox 1679 3539 1791 3613; x_wconf 71' lang='grc' dir='ltr'><strong>[τον.</strong></span> <span class='ocrx_word' id='word_1_487' title='bbox 1830 3546 1925 3597; x_wconf 74' lang='grc' dir='ltr'><strong>καὶ</strong></span> 
     </span>
    </p>
   </div>
   <div class='ocr_carea' id='block_1_68' title="bbox 340 3605 1918 3701">
    <p class='ocr_par' dir='ltr' id='par_1_68' title="bbox 340 3605 1918 3701">
     <span class='ocr_line' id='line_1_68' title="bbox 340 3605 1918 3701; baseline 0.012 -31"><span class='ocrx_word' id='word_1_488' title='bbox 340 3619 418 3681; x_wconf 72' lang='grc' dir='ltr'>εἷς</span> <span class='ocrx_word' id='word_1_489' title='bbox 454 3635 516 3670; x_wconf 87' lang='grc' dir='ltr'><strong>τε</strong></span> <span class='ocrx_word' id='word_1_490' title='bbox 571 3618 664 3671; x_wconf 66' lang='grc' dir='ltr'><strong>τὸν</strong></span> <span class='ocrx_word' id='word_1_491' title='bbox 706 3605 1032 3692; x_wconf 70' lang='grc' dir='ltr'>ἁγιώτατον]</span> <span class='ocrx_word' id='word_1_492' title='bbox 1067 3621 1326 3692; x_wconf 86' lang='grc' dir='ltr'>σύλλογον</span> <span class='ocrx_word' id='word_1_493' title='bbox 1362 3605 1597 3694; x_wconf 76' lang='grc' dir='ltr'>ἅπαντα,</span> <span class='ocrx_word' id='word_1_494' title='bbox 1641 3605 1781 3701; x_wconf 75' lang='grc' dir='ltr'>μετὰ</span> <span class='ocrx_word' id='word_1_495' title='bbox 1827 3635 1918 3688; x_wconf 86' lang='grc' dir='ltr'><strong>τὸν</strong></span> 
     </span>
    </p>
   </div>
   <div class='ocr_carea' id='block_1_69' title="bbox 339 3709 1922 3790">
    <p class='ocr_par' dir='ltr' id='par_1_69' title="bbox 339 3709 1922 3790">
     <span class='ocr_line' id='line_1_69' title="bbox 339 3709 1922 3790; baseline 0.009 -27"><span class='ocrx_word' id='word_1_496' title='bbox 339 3711 414 3782; x_wconf 83' lang='grc' dir='ltr'>τῷ</span> <span class='ocrx_word' id='word_1_497' title='bbox 451 3709 573 3781; x_wconf 84' lang='grc' dir='ltr'><strong>Θεῷ</strong></span> <span class='ocrx_word' id='word_1_498' title='bbox 629 3713 982 3783; x_wconf 73' lang='grc' dir='ltr'>ὀφειλόμενον</span> <span class='ocrx_word' id='word_1_499' title='bbox 1027 3714 1218 3783; x_wconf 76' lang='grc' dir='ltr'>ὕμνον,</span> <span class='ocrx_word' id='word_1_500' title='bbox 1269 3717 1447 3772; x_wconf 82' lang='grc' dir='ltr'>κοινὸν</span> <span class='ocrx_word' id='word_1_501' title='bbox 1499 3723 1593 3773; x_wconf 78' lang='grc' dir='ltr'>καὶ</span> <span class='ocrx_word' id='word_1_502' title='bbox 1649 3723 1778 3790; x_wconf 84' lang='grc' dir='ltr'>ὑμῖν</span> <span class='ocrx_word' id='word_1_503' title='bbox 1829 3725 1922 3777; x_wconf 84' lang='grc' dir='ltr'><strong>τὸν</strong></span> 
     </span>
    </p>
   </div>
   <div class='ocr_carea' id='block_1_70' title="bbox 337 3800 1913 3882">
    <p class='ocr_par' dir='ltr' id='par_1_70' title="bbox 337 3800 1913 3882">
     <span class='ocr_line' id='line_1_70' title="bbox 337 3800 1913 3882; baseline 0.008 -28"><span class='ocrx_word' id='word_1_504' title='bbox 337 3803 449 3854; x_wconf 76' lang='grc' dir='ltr'>ἀπὸ</span> <span class='ocrx_word' id='word_1_505' title='bbox 476 3800 584 3852; x_wconf 86' lang='grc' dir='ltr'><strong>τῶν</strong></span> <span class='ocrx_word' id='word_1_506' title='bbox 613 3801 790 3869; x_wconf 86' lang='grc' dir='ltr'>λόγων</span> <span class='ocrx_word' id='word_1_507' title='bbox 825 3802 1128 3868; x_wconf 81' lang='grc' dir='ltr'>πλέξαντας</span> <span class='ocrx_word' id='word_1_508' title='bbox 1164 3807 1672 3877; x_wconf 66' lang='grc' dir='ltr'>στέφανονίΔοίητε</span> <span class='ocrx_word' id='word_1_509' title='bbox 1725 3814 1788 3882; x_wconf 84' lang='grc' dir='ltr'><strong>δή</strong></span> <span class='ocrx_word' id='word_1_510' title='bbox 1823 3832 1913 3882; x_wconf 87' lang='grc' dir='ltr'><strong>μοι</strong></span> 
     </span>
    </p>
   </div>
   <div class='ocr_carea' id='block_1_71' title="bbox 337 3891 1914 3974">
    <p class='ocr_par' dir='ltr' id='par_1_71' title="bbox 337 3891 1914 3974">
     <span class='ocr_line' id='line_1_71' title="bbox 337 3891 1914 3974; baseline 0.005 -28"><span class='ocrx_word' id='word_1_511' title='bbox 337 3891 534 3946; x_wconf 79' lang='grc' dir='ltr'>τοῦτον</span> <span class='ocrx_word' id='word_1_512' title='bbox 583 3893 897 3946; x_wconf 83' lang='grc' dir='ltr'>τελευταῖον</span> <span class='ocrx_word' id='word_1_513' title='bbox 949 3895 1160 3961; x_wconf 80' lang='grc' dir='ltr'>ἀγῶνα,</span> <span class='ocrx_word' id='word_1_514' title='bbox 1212 3900 1400 3966; x_wconf 82' lang='grc' dir='ltr'>κοινὴν</span> <span class='ocrx_word' id='word_1_515' title='bbox 1457 3900 1586 3968; x_wconf 83' lang='grc' dir='ltr'>ὑμῖν</span> <span class='ocrx_word' id='word_1_516' title='bbox 1639 3903 1914 3974; x_wconf 76' lang='grc' dir='ltr'>εὐφημίαν</span> 
     </span>
    </p>
   </div>
   <div class='ocr_carea' id='block_1_72' title="bbox 339 3987 1912 4067">
    <p class='ocr_par' dir='ltr' id='par_1_72' title="bbox 339 3987 1912 4067">
     <span class='ocr_line' id='line_1_72' title="bbox 339 3987 1912 4067; baseline 0.006 -28"><span class='ocrx_word' id='word_1_517' title='bbox 339 3988 611 4055; x_wconf 79' lang='grc' dir='ltr'>κροτῆσαι</span> <span class='ocrx_word' id='word_1_518' title='bbox 661 4001 677 4017; x_wconf 77' lang='grc' dir='ltr'><strong>ο</strong></span> <span class='ocrx_word' id='word_1_519' title='bbox 717 3987 1012 4056; x_wconf 82' lang='grc' dir='ltr'>τιμήσαιτὲ</span> <span class='ocrx_word' id='word_1_520' title='bbox 1077 4005 1144 4056; x_wconf 85' lang='grc' dir='ltr'><strong>με</strong></span> <span class='ocrx_word' id='word_1_521' title='bbox 1211 3991 1389 4060; x_wconf 81' lang='grc' dir='ltr'>τούτῳ</span> <span class='ocrx_word' id='word_1_522' title='bbox 1453 3993 1602 4062; x_wconf 87' lang='grc' dir='ltr'>πόνῳ</span> <span class='ocrx_word' id='word_1_523' title='bbox 1632 4011 1646 4025; x_wconf 70' lang='grc' dir='ltr'><strong>ο</strong></span> <span class='ocrx_word' id='word_1_524' title='bbox 1681 3996 1912 4067; x_wconf 83' lang='grc' dir='ltr'>κάμοιμι</span> 
     </span>
    </p>
   </div>
   <div class='ocr_carea' id='block_1_73' title="bbox 336 4074 1914 4150">
    <p class='ocr_par' dir='ltr' id='par_1_73' title="bbox 336 4074 1914 4150">
     <span class='ocr_line' id='line_1_73' title="bbox 336 4074 1914 4150; baseline 0.01 -23"><span class='ocrx_word' id='word_1_525' title='bbox 336 4075 533 4128; x_wconf 75' lang='grc' dir='ltr'>τοῦτον</span> <span class='ocrx_word' id='word_1_526' title='bbox 562 4077 872 4128; x_wconf 86' lang='grc' dir='ltr'>τελευταῖον</span> <span class='ocrx_word' id='word_1_527' title='bbox 909 4077 1001 4130; x_wconf 84' lang='grc' dir='ltr'><strong>τὸν</strong></span> <span class='ocrx_word' id='word_1_528' title='bbox 1047 4074 1230 4142; x_wconf 83' lang='grc' dir='ltr'>ἆθλον,</span> <span class='ocrx_word' id='word_1_529' title='bbox 1265 4081 1354 4150; x_wconf 85' lang='grc' dir='ltr'><strong>ὑφ’</strong></span> <span class='ocrx_word' id='word_1_530' title='bbox 1387 4085 1480 4135; x_wconf 81' lang='grc' dir='ltr'>ἑνα</span> <span class='ocrx_word' id='word_1_531' title='bbox 1505 4087 1596 4137; x_wconf 84' lang='grc' dir='ltr'><strong>καὶ</strong></span> <span class='ocrx_word' id='word_1_532' title='bbox 1627 4085 1718 4138; x_wconf 88' lang='grc' dir='ltr'><strong>τὸν</strong></span> <span class='ocrx_word' id='word_1_533' title='bbox 1751 4089 1914 4142; x_wconf 74' lang='grc' dir='ltr'>αὐτὸν</span> 
     </span>
    </p>
   </div>
   <div class='ocr_carea' id='block_1_74' title="bbox 2029 3255 3608 3336">
    <p class='ocr_par' dir='ltr' id='par_1_74' title="bbox 2029 3255 3608 3336">
     <span class='ocr_line' id='line_1_74' title="bbox 2029 3255 3608 3336; baseline 0.013 -27"><span class='ocrx_word' id='word_1_534' title='bbox 2029 3255 2162 3310; x_wconf 84' lang='lat' dir='ltr'><strong>huic</strong></span> <span class='ocrx_word' id='word_1_535' title='bbox 2211 3262 2509 3313; x_wconf 85' lang='lat' dir='ltr'><strong>conventui</strong></span> <span class='ocrx_word' id='word_1_536' title='bbox 2552 3261 2811 3315; x_wconf 74' lang='lat' dir='ltr'><strong>universo</strong></span> <span class='ocrx_word' id='word_1_537' title='bbox 2861 3274 2984 3332; x_wconf 92' lang='lat' dir='ltr'><strong>post</strong></span> <span class='ocrx_word' id='word_1_538' title='bbox 3021 3266 3283 3336; x_wconf 71' lang='lat' dir='ltr'><strong>hymnum</strong></span> <span class='ocrx_word' id='word_1_539' title='bbox 3311 3271 3421 3326; x_wconf 83' lang='lat' dir='ltr'><strong>Deo</strong></span> <span class='ocrx_word' id='word_1_540' title='bbox 3451 3275 3608 3328; x_wconf 85' lang='lat' dir='ltr'><strong>debi-</strong></span> 
     </span>
    </p>
   </div>
   <div class='ocr_carea' id='block_1_75' title="bbox 2029 3353 3605 3434">
    <p class='ocr_par' dir='ltr' id='par_1_75' title="bbox 2029 3353 3605 3434">
     <span class='ocr_line' id='line_1_75' title="bbox 2029 3353 3605 3434; baseline 0.013 -34"><span class='ocrx_word' id='word_1_541' title='bbox 2029 3356 2144 3401; x_wconf 89' lang='lat' dir='ltr'><strong>tum</strong></span> <span class='ocrx_word' id='word_1_542' title='bbox 2162 3364 2511 3405; x_wconf 91' lang='lat' dir='ltr'><strong>communem</strong></span> <span class='ocrx_word' id='word_1_543' title='bbox 2531 3353 2688 3407; x_wconf 84' lang='lat' dir='ltr'><strong>vobis</strong></span> <span class='ocrx_word' id='word_1_544' title='bbox 2704 3355 3000 3408; x_wconf 86' lang='lat' dir='ltr'><strong>verborum</strong></span> <span class='ocrx_word' id='word_1_545' title='bbox 3025 3372 3286 3414; x_wconf 89' lang='lat' dir='ltr'><strong>coronam</strong></span> <span class='ocrx_word' id='word_1_546' title='bbox 3302 3363 3605 3434; x_wconf 77' lang='lat' dir='ltr'><strong>nectentes.</strong></span> 
     </span>
    </p>
   </div>
   <div class='ocr_carea' id='block_1_76' title="bbox 2027 3437 3608 3512">
    <p class='ocr_par' dir='ltr' id='par_1_76' title="bbox 2027 3437 3608 3512">
     <span class='ocr_line' id='line_1_76' title="bbox 2027 3437 3608 3512; baseline 0.012 -20"><span class='ocrx_word' id='word_1_547' title='bbox 2027 3437 2354 3494; x_wconf 79' lang='lat' dir='ltr'><strong>Deturniihi</strong></span> <span class='ocrx_word' id='word_1_548' title='bbox 2385 3451 2700 3511; x_wconf 85' lang='lat' dir='ltr'><strong>postremus</strong></span> <span class='ocrx_word' id='word_1_549' title='bbox 2749 3444 2838 3500; x_wconf 89' lang='lat' dir='ltr'><strong>hic</strong></span> <span class='ocrx_word' id='word_1_550' title='bbox 2879 3446 3058 3512; x_wconf 86' lang='lat' dir='ltr'><strong>labor,</strong></span> <span class='ocrx_word' id='word_1_551' title='bbox 3106 3462 3166 3505; x_wconf 91' lang='lat' dir='ltr'><strong>ut</strong></span> <span class='ocrx_word' id='word_1_552' title='bbox 3197 3458 3477 3509; x_wconf 88' lang='lat' dir='ltr'><strong>communi</strong></span> <span class='ocrx_word' id='word_1_553' title='bbox 3512 3475 3608 3512; x_wconf 77' lang='lat' dir='ltr'><strong>vos</strong></span> 
     </span>
    </p>
   </div>
   <div class='ocr_carea' id='block_1_77' title="bbox 1985 3532 3602 3604">
    <p class='ocr_par' dir='ltr' id='par_1_77' title="bbox 1985 3532 3602 3604">
     <span class='ocr_line' id='line_1_77' title="bbox 1985 3532 3602 3604; baseline 0.013 -20"><span class='ocrx_word' id='word_1_554' title='bbox 1985 3573 1999 3584; x_wconf 94' lang='lat'><em>.</em></span> <span class='ocrx_word' id='word_1_555' title='bbox 2024 3532 2187 3586; x_wconf 87' lang='lat' dir='ltr'><strong>laude</strong></span> <span class='ocrx_word' id='word_1_556' title='bbox 2223 3548 2550 3602; x_wconf 75' lang='lat' dir='ltr'><strong>prosequar,</strong></span> <span class='ocrx_word' id='word_1_557' title='bbox 2587 3535 2826 3590; x_wconf 81' lang='lat' dir='ltr'><strong>lionorer</strong></span> <span class='ocrx_word' id='word_1_558' title='bbox 2852 3554 2880 3590; x_wconf 92' lang='lat' dir='ltr'><strong>a</strong></span> <span class='ocrx_word' id='word_1_559' title='bbox 2919 3542 3077 3596; x_wconf 89' lang='lat' dir='ltr'><strong>vobis</strong></span> <span class='ocrx_word' id='word_1_560' title='bbox 3124 3544 3224 3596; x_wconf 87' lang='lat' dir='ltr'><strong>hac</strong></span> <span class='ocrx_word' id='word_1_561' title='bbox 3270 3548 3552 3604; x_wconf 74' lang='lat' dir='ltr'><strong>[unctione</strong></span> <span class='ocrx_word' id='word_1_562' title='bbox 3589 3571 3602 3604; x_wconf 91' lang='lat'><strong><em>:</em></strong></span> 
     </span>
    </p>
   </div>
   <div class='ocr_carea' id='block_1_78' title="bbox 2031 3623 3606 3708">
    <p class='ocr_par' dir='ltr' id='par_1_78' title="bbox 2031 3623 3606 3708">
     <span class='ocr_line' id='line_1_78' title="bbox 2031 3623 3606 3708; baseline 0.013 -32"><span class='ocrx_word' id='word_1_563' title='bbox 2031 3623 2390 3677; x_wconf 83' lang='lat' dir='ltr'><strong>novissimum</strong></span> <span class='ocrx_word' id='word_1_564' title='bbox 2414 3627 2517 3680; x_wconf 88' lang='lat' dir='ltr'><strong>hoc</strong></span> <span class='ocrx_word' id='word_1_565' title='bbox 2558 3627 2971 3682; x_wconf 88' lang='lat' dir='ltr'><strong>mihisubeatur</strong></span> <span class='ocrx_word' id='word_1_566' title='bbox 2993 3644 3294 3697; x_wconf 85' lang='lat' dir='ltr'><strong>certamen,</strong></span> <span class='ocrx_word' id='word_1_567' title='bbox 3325 3647 3383 3690; x_wconf 88' lang='lat' dir='ltr'><strong>ut</strong></span> <span class='ocrx_word' id='word_1_568' title='bbox 3404 3642 3606 3708; x_wconf 86' lang='lat' dir='ltr'><strong>quibus</strong></span> 
     </span>
    </p>
   </div>
   <div class='ocr_carea' id='block_1_79' title="bbox 2030 3713 3599 3786">
    <p class='ocr_par' dir='ltr' id='par_1_79' title="bbox 2030 3713 3599 3786">
     <span class='ocr_line' id='line_1_79' title="bbox 2030 3713 3599 3786; baseline 0.013 -20"><span class='ocrx_word' id='word_1_569' title='bbox 2030 3728 2172 3768; x_wconf 90' lang='lat' dir='ltr'><strong>unus</strong></span> <span class='ocrx_word' id='word_1_570' title='bbox 2205 3713 2462 3784; x_wconf 90' lang='lat' dir='ltr'><strong>idemque</strong></span> <span class='ocrx_word' id='word_1_571' title='bbox 2499 3716 2758 3773; x_wconf 89' lang='lat' dir='ltr'><strong>dominus</strong></span> <span class='ocrx_word' id='word_1_572' title='bbox 2785 3730 2868 3777; x_wconf 85' lang='lat' dir='ltr'><strong>est</strong></span> <span class='ocrx_word' id='word_1_573' title='bbox 2903 3721 2957 3775; x_wconf 92' lang='lat' dir='ltr'><strong>in</strong></span> <span class='ocrx_word' id='word_1_574' title='bbox 2984 3725 3244 3778; x_wconf 90' lang='lat' dir='ltr'><strong>omnibus</strong></span> <span class='ocrx_word' id='word_1_575' title='bbox 3282 3727 3426 3784; x_wconf 85' lang='lat' dir='ltr'><strong>Deus</strong></span> <span class='ocrx_word' id='word_1_576' title='bbox 3453 3726 3599 3786; x_wconf 69' lang='grc' dir='ltr'>’νωτ-</span> 
     </span>
    </p>
   </div>
   <div class='ocr_carea' id='block_1_80' title="bbox 2030 3806 3600 3880">
    <p class='ocr_par' dir='ltr' id='par_1_80' title="bbox 2030 3806 3600 3880">
     <span class='ocr_line' id='line_1_80' title="bbox 2030 3806 3600 3880; baseline 0.012 -22"><span class='ocrx_word' id='word_1_577' title='bbox 2030 3806 2184 3870; x_wconf 92' lang='lat' dir='ltr'><strong>bum,</strong></span> <span class='ocrx_word' id='word_1_578' title='bbox 2233 3822 2344 3861; x_wconf 91' lang='lat' dir='ltr'><strong>uno</strong></span> <span class='ocrx_word' id='word_1_579' title='bbox 2393 3809 2700 3880; x_wconf 87' lang='lat' dir='ltr'><strong>eodemque</strong></span> <span class='ocrx_word' id='word_1_580' title='bbox 2749 3827 3006 3868; x_wconf 85' lang='lat' dir='ltr'><strong>sermone</strong></span> <span class='ocrx_word' id='word_1_581' title='bbox 3032 3821 3401 3873; x_wconf 88' lang='lat' dir='ltr'><strong>communiter</strong></span> <span class='ocrx_word' id='word_1_582' title='bbox 3443 3839 3472 3877; x_wconf 87' lang='lat' dir='ltr'><strong>a</strong></span> <span class='ocrx_word' id='word_1_583' title='bbox 3513 3840 3600 3879; x_wconf 88' lang='lat' dir='ltr'><strong>me</strong></span> 
     </span>
    </p>
   </div>
   <div class='ocr_carea' id='block_1_81' title="bbox 2024 3904 3600 3980">
    <p class='ocr_par' dir='ltr' id='par_1_81' title="bbox 2024 3904 3600 3980">
     <span class='ocr_line' id='line_1_81' title="bbox 2024 3904 3600 3980; baseline 0.011 -26"><span class='ocrx_word' id='word_1_584' title='bbox 2024 3904 2321 3970; x_wconf 89' lang='lat' dir='ltr'><strong>ornemini,</strong></span> <span class='ocrx_word' id='word_1_585' title='bbox 2355 3905 2618 3960; x_wconf 84' lang='lat' dir='ltr'><strong>reddente</strong></span> <span class='ocrx_word' id='word_1_586' title='bbox 2646 3921 2709 3960; x_wconf 83' lang='lat' dir='ltr'><strong>ex</strong></span> <span class='ocrx_word' id='word_1_587' title='bbox 2761 3906 2830 3962; x_wconf 91' lang='lat' dir='ltr'><strong>iis</strong></span> <span class='ocrx_word' id='word_1_588' title='bbox 2863 3924 2983 3977; x_wconf 70' lang='lat' dir='ltr'><strong>qua:</strong></span> <span class='ocrx_word' id='word_1_589' title='bbox 3013 3911 3168 3966; x_wconf 79' lang='lat' dir='ltr'><strong>vobis</strong></span> <span class='ocrx_word' id='word_1_590' title='bbox 3196 3913 3491 3980; x_wconf 87' lang='lat' dir='ltr'><strong>debentur,</strong></span> <span class='ocrx_word' id='word_1_591' title='bbox 3536 3934 3600 3973; x_wconf 83' lang='lat' dir='ltr'><strong>ca</strong></span> 
     </span>
    </p>
   </div>
   <div class='ocr_carea' id='block_1_82' title="bbox 1973 3995 3601 4074">
    <p class='ocr_par' dir='ltr' id='par_1_82' title="bbox 1973 3995 3601 4074">
     <span class='ocr_line' id='line_1_82' title="bbox 1973 3995 3601 4074; baseline 0.01 -27"><span class='ocrx_word' id='word_1_592' title='bbox 1973 4001 1986 4012; x_wconf 85' lang='lat'>&#39;</span> <span class='ocrx_word' id='word_1_593' title='bbox 2022 4010 2143 4063; x_wconf 73' lang='lat' dir='ltr'><strong>qua:</strong></span> <span class='ocrx_word' id='word_1_594' title='bbox 2179 3995 2393 4049; x_wconf 78' lang='lat' dir='ltr'><strong>viribus</strong></span> <span class='ocrx_word' id='word_1_595' title='bbox 2416 3995 2724 4051; x_wconf 65' lang='lat' dir='ltr'><strong>oin-runtur</strong></span> <span class='ocrx_word' id='word_1_596' title='bbox 2752 3999 2804 4052; x_wconf 90' lang='lat' dir='ltr'><strong>in</strong></span> <span class='ocrx_word' id='word_1_597' title='bbox 2826 3999 3046 4056; x_wconf 87' lang='lat' dir='ltr'><strong>Christo</strong></span> <span class='ocrx_word' id='word_1_598' title='bbox 3077 4003 3207 4069; x_wconf 87' lang='lat' dir='ltr'><strong>Deo,</strong></span> <span class='ocrx_word' id='word_1_599' title='bbox 3240 4022 3401 4074; x_wconf 88' lang='lat' dir='ltr'><strong>quem</strong></span> <span class='ocrx_word' id='word_1_600' title='bbox 3441 4009 3601 4064; x_wconf 85' lang='lat' dir='ltr'><strong>decet</strong></span> 
     </span>
    </p>
   </div>
   <div class='ocr_carea' id='block_1_83' title="bbox 2021 4088 2738 4159">
    <p class='ocr_par' dir='ltr' id='par_1_83' title="bbox 2021 4088 2738 4159">
     <span class='ocr_line' id='line_1_83' title="bbox 2021 4088 2738 4159; baseline 0.003 -17"><span class='ocrx_word' id='word_1_601' title='bbox 2021 4089 2200 4142; x_wconf 86' lang='lat' dir='ltr'><strong>omnis</strong></span> <span class='ocrx_word' id='word_1_602' title='bbox 2228 4088 2398 4159; x_wconf 78' lang='lat' dir='ltr'><strong>gloria</strong></span> <span class='ocrx_word' id='word_1_603' title='bbox 2439 4089 2492 4142; x_wconf 92' lang='lat' dir='ltr'><strong>in</strong></span> <span class='ocrx_word' id='word_1_604' title='bbox 2523 4091 2738 4144; x_wconf 68' lang='lat' dir='ltr'><strong>saecula.</strong></span> 
     </span>
    </p>
   </div>
   <div class='ocr_carea' id='block_1_84' title="bbox 336 4167 3597 4255">
    <p class='ocr_par' dir='ltr' id='par_1_84' title="bbox 336 4167 3597 4255">
     <span class='ocr_line' id='line_1_84' title="bbox 336 4167 3597 4255; baseline 0.01 -38"><span class='ocrx_word' id='word_1_605' title='bbox 336 4167 474 4218; x_wconf 76' lang='grc' dir='ltr'>Θεὸν</span> <span class='ocrx_word' id='word_1_606' title='bbox 503 4168 674 4234; x_wconf 82' lang='grc' dir='ltr'>Λόγον</span> <span class='ocrx_word' id='word_1_607' title='bbox 704 4168 761 4219; x_wconf 85' lang='grc' dir='ltr'>ὲν</span> <span class='ocrx_word' id='word_1_608' title='bbox 790 4169 922 4220; x_wconf 82' lang='grc' dir='ltr'>πᾶσι</span> <span class='ocrx_word' id='word_1_609' title='bbox 968 4169 1318 4233; x_wconf 83' lang='grc' dir='ltr'>τετελεκότας</span> <span class='ocrx_word' id='word_1_610' title='bbox 1350 4173 1638 4246; x_wconf 80' lang='grc' dir='ltr'>δεσπότην,</span> <span class='ocrx_word' id='word_1_611' title='bbox 1683 4177 1764 4230; x_wconf 75' lang='grc' dir='ltr'>ἑνὶ</span> <span class='ocrx_word' id='word_1_612' title='bbox 1813 4183 1904 4233; x_wconf 74' lang='grc' dir='ltr'><strong>καὶ</strong></span> <span class='ocrx_word' id='word_1_613' title='bbox 1944 4182 2126 4252; x_wconf 84' lang='grc' dir='ltr'>ταυτῷ</span> <span class='ocrx_word' id='word_1_614' title='bbox 2177 4179 2320 4247; x_wconf 84' lang='grc' dir='ltr'>λόγῳ</span> <span class='ocrx_word' id='word_1_615' title='bbox 2391 4179 2534 4248; x_wconf 84' lang='grc' dir='ltr'>ὑμᾶς</span> <span class='ocrx_word' id='word_1_616' title='bbox 2580 4183 2854 4252; x_wconf 70' lang='grc' dir='ltr'>κοσμῆσαι</span> <span class='ocrx_word' id='word_1_617' title='bbox 2919 4187 3096 4255; x_wconf 73' lang='grc' dir='ltr'><strong>κοινῇ.</strong></span> <span class='ocrx_word' id='word_1_618' title='bbox 3132 4186 3199 4238; x_wconf 73' lang='grc' dir='ltr'><strong>τὰ</strong></span> <span class='ocrx_word' id='word_1_619' title='bbox 3234 4187 3433 4242; x_wconf 80' lang='grc' dir='ltr'>δυνατά</span> <span class='ocrx_word' id='word_1_620' title='bbox 3488 4191 3597 4246; x_wconf 81' lang='grc' dir='ltr'>τῶν</span> 
     </span>
    </p>
   </div>
   <div class='ocr_carea' id='block_1_85' title="bbox 337 4263 3188 4348">
    <p class='ocr_par' dir='ltr' id='par_1_85' title="bbox 337 4263 3188 4348">
     <span class='ocr_line' id='line_1_85' title="bbox 337 4263 3188 4348; baseline 0.008 -34"><span class='ocrx_word' id='word_1_621' title='bbox 337 4263 708 4333; x_wconf 64' lang='grc' dir='ltr'>ὀφειλομένων</span> <span class='ocrx_word' id='word_1_622' title='bbox 740 4263 868 4334; x_wconf 82' lang='grc' dir='ltr'>ὑμῖν</span> <span class='ocrx_word' id='word_1_623' title='bbox 906 4265 1276 4336; x_wconf 82' lang='grc' dir='ltr'>ἀπονείμαντα</span> <span class='ocrx_word' id='word_1_624' title='bbox 1335 4271 1392 4322; x_wconf 83' lang='grc' dir='ltr'><strong>ἐν</strong></span> <span class='ocrx_word' id='word_1_625' title='bbox 1432 4271 1654 4344; x_wconf 78' lang='grc' dir='ltr'>Χριστῷ</span> <span class='ocrx_word' id='word_1_626' title='bbox 1692 4275 1768 4344; x_wconf 81' lang='grc' dir='ltr'>τῷ</span> <span class='ocrx_word' id='word_1_627' title='bbox 1825 4276 1965 4348; x_wconf 82' lang='grc' dir='ltr'>Θεῷ,</span> <span class='ocrx_word' id='word_1_628' title='bbox 2006 4273 2050 4347; x_wconf 83' lang='grc' dir='ltr'>ᾧ</span> <span class='ocrx_word' id='word_1_629' title='bbox 2083 4279 2282 4348; x_wconf 78' lang='grc' dir='ltr'>πρέπει</span> <span class='ocrx_word' id='word_1_630' title='bbox 2314 4279 2463 4332; x_wconf 78' lang='grc' dir='ltr'>πᾶσα</span> <span class='ocrx_word' id='word_1_631' title='bbox 2497 4278 2623 4345; x_wconf 76' lang='grc' dir='ltr'>δόξα</span> <span class='ocrx_word' id='word_1_632' title='bbox 2681 4281 2761 4343; x_wconf 79' lang='grc' dir='ltr'><strong>εις</strong></span> <span class='ocrx_word' id='word_1_633' title='bbox 2802 4280 2924 4344; x_wconf 82' lang='grc' dir='ltr'>τοὺς</span> <span class='ocrx_word' id='word_1_634' title='bbox 2964 4284 3188 4347; x_wconf 77' lang='grc' dir='ltr'>αἰῶνας.</span> 
     </span>
    </p>
   </div>
  </div>
