4086 6470
346 395 438 458 555

1257 393 1542 454 ORATIO
1581 372 2020 454 Domuum
2064 385 2214 451 PRO
2257 339 2570 449 ument.

1807 502 2035 554 ΚΕιῐιᾹΛ
2050 541 2061 554 .
2103 501 2184 554 Αν.

3477 381 3582 443 5ἰ6

349 626 421 681 De
450 624 620 678 causis
669 621 987 686 schismatis,
1031 631 1078 674 et
1116 622 1252 690 quod
1279 622 1487 674 tantetsi
1537 627 1660 672 ante
1704 617 1950 687 generale
1987 603 2268 670 concilium
2294 615 2500 690 aliqua
2533 615 2678 666 nobis
2709 613 2770 667 de
2802 607 2977 690 nostra
3012 629 3040 666 a
3076 607 3281 690 Latinis
3333 614 3588 690 diuisione

411 695 678 748 excusatio
735 701 874 754 erat,
936 683 1072 756 nunc
1122 683 1298 744 tamen
1333 693 1442 752 iam
1488 683 1750 742 celebrato
1781 689 2002 742 concilio
2051 687 2387 750 (crumenieo,
2414 683 2525 738 non
2573 699 2850 752 possumus
2883 683 3078 752 absque
3105 683 3298 738 scelere
3325 685 3492 737 dividi
3523 685 3588 738 ab

411 768 500 828 eis,
536 765 640 816 nisi
675 773 761 816 eos
786 780 817 815 a
843 764 1060 816 veritate
1087 761 1296 814 deviare
1323 761 1682 829 protrahimus.

412 883 518 937 Ἦν
541 882 630 935 ὅτε
655 883 688 952 ἡ
713 879 809 934 τοῦ
831 879 968 934 Θεοῦ
1001 879 1230 942 ἇσπιλος
1260 878 1446 949 νύμφη
1473 880 1505 950 ἡ
1536 880 1766 948 ἄμωμος
1793 877 1916 928 Ἐκ·
1944 882 1988 936 Α
2021 879 2274 944 μένοντες
2313 875 2401 926 ἐπ’
2443 872 2624 926 αὐτῶν
2659 871 2769 926 τῶν
2815 873 3058 942 ἀρχαίων
3097 873 3191 926 καὶ
3242 873 3587 944 κεκριμένων

348 974 540 1042 πλησία
591 973 871 1024 εὖθυνεῖτο
919 961 1250 1040 ἀκμάζουσα
1303 971 1398 1023 καὶ
1453 969 1638 1032 καλῶς
1689 969 1912 1037 ἔχουσα,

348 1067 504 1138 ήνίκα
547 1067 608 1117 τὸ
642 1063 742 1133 μὲν
777 1061 984 1116 ἁπλοῦν
1017 1063 1112 1116 καὶ
1143 1063 1476 1131 ἀπερίεργον
1521 1063 1618 1128 τῆς
1665 1062 1806 1112 κατὰ
1854 1060 1916 1110 τὺ

351 1155 678 1224 Εὑαγγὲλιον
714 1153 952 1216 πίστεως
987 1154 1120 1222 περὶ
1166 1153 1412 1216 πλείονος
1455 1152 1816 1222 ἐποιούμεθα,
1855 1155 1918 1204 τὸ

348 1249 400 1302 δὲ
443 1247 700 1316 περιττὸν
747 1245 906 1298 τοῦτο
957 1249 1052 1297 καὶ
1109 1246 1672 1316 κατεγλωττισμένον,
1727 1248 1819 1300 καὶ
1850 1247 1918 1298 τὰ

352 1341 454 1394 ἀπὸ
485 1339 592 1391 τῶν
623 1338 846 1391 οἰκείων
873 1336 1148 1406 λογισμῶν
1200 1339 1257 1390 έν
1306 1338 1548 1408 δευτέρῳ
1599 1339 1704 1390 τῶν
1757 1339 1921 1392 θείων

351 1431 544 1501 λογίων
573 1431 870 1501 τιθέμενοι,
907 1428 1088 1500 μόνοις
1115 1431 1230 1493 τοῖς
1254 1430 1670 1500 γεγραμμένοις
1701 1429 1922 1500 προσεί-

351 1541 516 1593 χομεν
547 1527 664 1586 τοῖς
692 1521 802 1576 ἀπὸ
832 1521 926 1574 τοῦ
978 1521 1289 1590 πνεύματος
1323 1521 1666 1589 ἀγαπῶντες,
1717 1522 1813 1574 καὶ
1841 1521 1922 1582 εἰς

351 1617 406 1668 ἓν
461 1617 555 1670 ὑπ’
598 1615 782 1668 αὐτῶν
836 1614 1238 1680 συναγόμενοι,
1301 1615 1395 1666 καὶ
1455 1613 1554 1681 μία
1618 1613 1714 1680 μὲν
1769 1613 1923 1674 hac;

354 1709 578 1777 ποίμνη,
612 1707 834 1774 ποιμένι
863 1705 908 1758 δ’
935 1704 1016 1757 ένὶ
1039 1703 1339 1774 χρώμενοι,
1379 1707 1469 1756 καὶ
1501 1705 1598 1772 τῆς
1624 1703 1792 1772 αὐτῆς
1825 1705 1924 1772 μὲν

352 1800 518 1855 αὑτοῦ
552 1801 826 1862 συνιέντες
865 1799 1072 1868 φωνῆς,
1120 1801 1219 1866 τὴν
1261 1797 1430 1866 αὐτὴν
1474 1797 1530 1850 δὲ
1577 1797 1922 1861 ἀποδιδόντες

356 1891 506 1962 αὐτῷ
529 1893 592 1944 οὐ
627 1891 788 1960 μόνον
817 1889 917 1959 τὴν
946 1891 1130 1941 πίστιν
1161 1885 1262 1960 τὴν
1301 1889 1360 1941 έν
1395 1881 1614 1958 καρδίᾳ,
1657 1885 1795 1940 ἀλλὰ
1831 1889 1926 1950 καὶ

353 1987 448 2056 τὴν
473 1982 764 2052 ὁμολογίαν
790 1981 889 2050 τὴν
912 1979 999 2032 διὰ
1022 1978 1316 2050 στόματος.
1333 1977 1452 2046 Ἆρ’
1475 1979 1534 2032 οὗ
1561 1977 1617 2030 δέ
1649 1993 1700 2029 τι
1730 1993 1926 2048 προσε-

353 2075 667 2142 πινενόηται
699 2077 814 2136 τοῖς
842 2071 1114 2142 ἀρχαίοις,
1147 2071 1240 2124 καὶ
1267 2069 1346 2140 τῷ
1370 2069 1532 2140 κοινῷ
1563 2071 1804 2139 κτήματι
1832 2070 1926 2122 καὶ

355 2167 611 2238 συμϐόλῳ
638 2165 736 2236 τῆς
773 2165 1014 2226 πίστεως
1052 2165 1113 2216 οὐ
1147 2161 1288 2232 μετὰ
1322 2163 1507 2231 κοινῆς
1537 2161 1720 2230 ψήφου
1752 2178 1926 2234 προσ·

353 2263 686 2332 γέγραπται·
729 2256 880 2310 οὔπω
909 2257 1053 2324 λέγω
1087 2256 1136 2307 εἰ
1179 2255 1272 2308 καί
1319 2271 1464 2307 τισιν
1494 2253 1786 2324 εἰρημένον
1815 2253 1924 2306 τῶν

351 2351 718 2413 διδασκάλων,
747 2349 856 2402 εἴτε
891 2351 988 2401 καὶ
1020 2349 1116 2418 μή·
1151 2347 1258 2401 εἴτε
1295 2347 1390 2400 καὶ
1416 2348 1728 2416 εἰρημένον,
1765 2346 1926 2400 πότε-

355 2461 448 2512 ρον
472 2441 598 2494 καθ’
627 2442 686 2494 ὃν
717 2441 850 2493 αὐτὸ
873 2439 999 2493 νοῦν
1029 2439 1466 2510 ὲκλαμῦάνουσιν
1498 2441 1546 2491 οἰ
1579 2438 1784 2501 πολλοὶ,
1815 2440 1924 2491 εἴτε

353 2535 480 2589 καθ’
509 2535 716 2604 ἕτερον.
741 2532 833 2596 Ἐξ
863 2533 984 2584 ὅτου
1015 2531 1061 2584 δ’
1081 2531 1174 2584 οὖν
1203 2529 1620 2600 τοῦτ’ὲγεγόνει,
1651 2533 1729 2592 είς
1757 2531 1929 2584 πολλὰ

359 2629 460 2698 μὲν
497 2628 562 2681 τὸ
593 2626 651 2678 ἓν
683 2627 778 2679 τοῦ
811 2623 1052 2694 Χριστοῦ
1089 2624 1245 2692 σῶμα
1283 2623 1570 2694 διῄρηται,
1607 2621 1744 2690 φεῦί
1778 2622 1844 2675 τὰ
1873 2621 1930 2674 δὲ

359 2717 504 2786 μέλη
545 2717 664 2770 κατ’
699 2714 944 2784 ἀλλήλων
995 2713 1330 2778 ὁπλίζονται,
1393 2713 1468 2783 μὴ
1525 2713 1796 2774 συνιέντες
1857 2711 1932 2775 ὡς

357 2810 580 2870 ἑαυτοῖς
638 2808 904 2877 μάχονται
957 2807 1052 2859 καὶ
1107 2804 1458 2874 λυμαίνονται
1520 2805 1764 2868 ἑαυτοῖς,
1824 2804 1934 2856 τῶν

357 2902 610 2971 ἀδελφῶν
662 2901 886 2962 ἑαυτοὺς
935 2896 1348 2968 διιστάντεςοῆ
1407 2897 1610 2967 μᾶλλον
1661 2897 1932 2960 συνιέντες

361 2995 488 3064 μὶν,
523 2993 631 3046 εἰσὶ
668 2993 779 3060 γὰρ
813 2991 1006 3060 ἄνδρες
1039 2991 1195 3058 σοφοί
1217 3006 1278 3042 τε
1303 2994 1398 3042 καὶ
1429 2989 1628 3057 γνώσει
1661 3005 1934 3059 κεκοσμη-

361 3089 550 3156 μένοι,
579 3087 674 3140 καὶ
700 3087 762 3138 οὐ
797 3085 1022 3154 λέληθεν
1055 3085 1255 3146 αὐτοὺς
1289 3083 1350 3134 τὸ
1380 3079 1551 3138 δεινὸν
1593 3075 1713 3134 ὅσον
1763 3083 1931 3145 ἐστὶν,

359 3180 680 3248 ἀναγκαίως
705 3177 762 3230 δὲ
787 3177 882 3231 καὶ
909 3175 1140 3238 εἰκότως
1170 3173 1266 3244 τῆς
1300 3174 1548 3246 ἀλλήλων
1597 3171 1932 3242 διιστάμενοι

362 3274 679 3340 κοινωνίας,
713 3273 810 3325 καὶ
841 3269 1076 3341 μάλιστα
1113 3285 1174 3337 γε
1205 3269 1303 3338 τῆς
1334 3267 1444 3320 τῶν
1471 3266 1719 3320 Λατίνων
1745 3259 1930 3336 ἡμεῖς,

2024 969 2116 1021 καὶ
2144 967 2400 1035 καθαρῶς
2437 967 2587 1032 παρὰ
2613 965 2794 1034 πάσης
2824 967 3310 1034 ἀποπεφασμένων
3344 967 3586 1026 συνόδου.

2021 1061 2082 1110 τι)
2131 1059 2297 1126 μήπω
2348 1059 2504 1125 κοινῇ
2549 1055 2786 1124 ζητηθὲν
2819 1056 3116 1126 ἑλομένων,
3163 1057 3390 1125 μηδέπω
3443 1057 3590 1110 δοκι-

2027 1149 2235 1218 μασθὲν
2270 1149 2374 1202 ὑπὸ
2403 1149 2585 1200 κοινοῦ
2625 1150 2718 1200 καὶ
2751 1147 3042 1200 καθολικοῦ
3086 1147 3178 1199 καί
3209 1149 3592 1216 οἰκουμενικοῦ

2025 1239 2332 1311 κριτηρίου.
2368 1242 2458 1292 Δεῖ
2489 1239 2598 1307 γὰρ
2628 1239 2685 1290 ἓν
2717 1255 2780 1306 γε
2817 1242 2928 1299 τοῖς
2960 1240 3090 1308 περὶ
3124 1238 3384 1302 πίστεως,
3423 1239 3592 1310 μηδε-

2029 1335 2159 1402 μιᾶς
2194 1334 2292 1402 μὲν
2316 1332 2484 1402 οὔσης
2515 1333 2786 1402 ἀνάγκης.
2823 1333 2960 1401 μηδὲ
2989 1347 3130 1393 τινος
3165 1332 3593 1394 κινδυνεύοντος,

2025 1429 2119 1479 καὶ
2171 1425 2498 1496 ἠρεμουσῶν
2541 1425 2652 1478 τῶν
2706 1425 2996 1494 αἱρέσεων,
3058 1425 3256 1492 μένειν.
3296 1423 3381 1474 ἐπ’
3419 1425 3599 1476 αὐτῶν

2025 1519 2134 1572 τῶν
2163 1519 2606 1592 παραδοθέντων,
2659 1517 2696 1571 ἃ.
2732 1517 2831 1586 μὲν
2871 1516 3441 1585 ἁποκεκαλυμ;.σ.ένως,
3475 1517 3510 1569 ἃ
3543 1516 3602 1568 δὲ

2025 1614 2120 1666 καὶ
2155 1613 2618 1681 συνεπτυγμένως
2647 1609 3012 1679 περιεχόντων
3045 1609 3152 1661 τῶν
3187 1609 3349 1662 θείων
3392 1609 3598 1676 δογμά·

2026 1723 2156 1770 των,
2191 1707 2283 1756 καὶ
2314 1703 2466 1756 οὐδὲν
2511 1704 2538 1753 ὅ
2585 1717 2635 1753 τι
2678 1701 2988 1769 ὁρθοδοξίας
3035 1701 3096 1752 οὐ
3131 1700 3496 1770 περιεχόντων
3547 1702 3602 1751 ἐν

2028 1799 2258 1858 ἑαυτοῖς.
2305 1795 2577 1864 Ἀνάγκης
2621 1793 2678 1846 δὲ
2723 1793 3070 1860 κινηθείσης.
3127 1793 3219 1844 καί
3265 1809 3408 1854 τινος
3463 1794 3600 1844 ἀνα-

2029 1892 2254 1959 φυείσης
2285 1890 2573 1958 αἰρέσεως,
2607 1882 2696 1942 οἷα
2731 1884 2904 1938 πολλὰ
2935 1884 3058 1938 κατζ
3084 1883 3410 1953 ἀνθρώπους
3439 1885 3601 1954 εἴωθε

2031 1983 2295 2051 γίνεσθαι.
2327 1983 2423 2034 καὶ
2459 1981 2646 2050 μέντοι
2675 1982 2770 2032 καὶ
2794 1981 3010 2046 γέγονε,
3043 1979 3134 2030 καὶ
3169 1979 3395 2048 προσέτι
3437 1981 3606 2046 γενή-

2033 2091 2186 2129 σεται
2217 2075 2302 2126 διὰ
2342 2073 2440 2142 τὴν
2469 2073 2566 2141 τῆς
2609 2072 2963 2138 ἀνθρωπίνης
3011 2070 3248 2132 διανοίας
3293 2069 3604 2131 ἀσθένειαν,

2030 2170 2130 2237 τὴν
2168 2167 2497 2236 Ἐκκλησίαν
2529 2166 2592 2217 ὲκ
2623 2164 2806 2232 πάσης
2843 2165 3102 2232 ἐσχατιᾶς
3144 2164 3296 2232 κοινῇ
3327 2161 3607 2227 συλλεγεῖ-

2033 2279 2152 2326 σαν,
2183 2259 2468 2331 κριτήριον
2504 2273 2561 2310 τε
2611 2259 2743 2325 περὶ
2795 2255 2904 2308 τῶν
2957 2254 3307 2322 ζητουμένων
3361 2253 3606 2314 καθίσαι,

2037 2352 2155 2422 xci:
2173 2349 2358 2403 κανόνι
2411 2347 2702 2417 χρωμένην
2743 2349 2809 2416 τῇ
2845 2347 2965 2416 θείᾳ.
3003 2345 3193 2416 Γραφῇ
3225 2347 3320 2397 καὶ
3359 2347 3470 2406 τοῖς
3503 2344 3610 2412 πρὸ

2039 2443 2218 2497 αὐτῶν
2269 2439 2632 2504 διδασκάλοις,
2687 2440 2781 2501 οὓς
2834 2439 3086 2507 φθάσασα
3127 2437 3283 2506 ἔσχεν
3329 2439 3389 2489 ὲν
3435 2437 3608 2504 ἁγίων

2039 2536 2191 2600 τάξει
2238 2531 2330 2586 καὶ
2383 2529 2747 2594 διδασκάλων,
2790 2530 2960 2592 οὕτως
3009 2529 3406 2596 ἀποφαίνεσθαι
3452 2531 3604 2596 κοινῇ

2032 2629 2099 2681 τὰ
2127 2623 2412 2684 δοκοῦντα.
2447 2625 2537 2676 καὶ
2571 2624 2671 2692 τὴν
2718 2623 2903 2675 πίστιν
2951 2619 3374 2692 ἐξεργάζεσθαι,
3414 2621 3608 2672 σκόλο-

2035 2737 2145 2783 πας
2172 2717 2440 2778 ἰστῶντας
2516 2718 2637 2778 ταῖς
2679 2715 2926 2785 αἱρέσεσι
2959 2715 3244 2780 πάντοθεν,
3283 2713 3380 2768 καὶ
3417 2715 3607 2784 τεάρρω

2029 2815 2129 2880 τῆς
2171 2809 2496 2879 Ἐκκλησίιις
2532 2809 2703 2870 αὐτὰς
2755 2807 3186 2871 ἀπελαύνοντας.
3253 2809 3367 2861 Ἀεὶ
3423 2811 3608 2877 μέντοι

2031 2902 2193 2956 τοῦτο
2219 2905 2371 2972 κοινῇ
2407 2904 2696 2972 πράττειν,
2732 2903 2827 2954 καὶ
2856 2901 2922 2953 τὰ
2950 2900 3104 2954 κοινὰ
3131 2903 3324 2964 κοινῶς
3356 2901 3606 2964 διαιτεῖν,

2037 2997 2130 3048 καὶ
2162 2995 2420 3048 οὐδέποτε
2455 2993 2580 3047 καθ’
2607 2993 2803 3055 αὐτούς
2849 3011 2901 3045 τι
2948 2992 3244 3057 ποιοῦντας
3287 2993 3475 3058 ἀξιοῦν
3516 2994 3612 3046 κτι¹ι

2036 3087 2189 3158 παρὰ
2217 3088 2386 3140 πᾶσιν
2419 3086 2478 3152 ὲξ
2499 3086 2748 3156 ἀνάγκης
2777 3086 2846 3138 τὰ
2874 3089 3051 3139 οἰκεῖα
3081 3088 3329 3156 κρατεῖν·
3356 3087 3476 3140 οὐδὲ
3502 3086 3611 3154 γὰρ

2031 3181 2260 3235 δίκαιον.
2289 3179 2450 3233 Οὕτω
2479 3179 2586 3249 γὰρ
2617 3181 2712 3232 καὶ
2742 3179 2790 3232 οἱ
2815 3213 2820 3216 -
2845 3181 3082 3250 πατέρες
3132 3179 3292 3250 ἡμῶν
3339 3179 3614 3233 διετέλουν

2032 3269 2340 3336 ποιοῦντες,
2397 3271 2539 3324 οὕτω
2591 3271 2686 3324 καὶ
2749 3272 2910 3341 ἡμεῖς
2971 3271 3169 3336 αὐτοὺς
3230 3272 3607 3343 μιμησόμιθα.

1815 3410 2042 3469 CAPUT
2085 3414 2124 3468 l.

429 3533 566 3589 Fuit
617 3509 911 3603 aliquando
981 3541 1192 3600 tempus
1257 3545 1366 3599 quo
1439 3530 1784 3585 immaculata
1837 3531 1931 3586 Dei
1963 3535 2009 3598 C
2041 3541 2266 3599 stantes,
2296 3549 2434 3603 quos
2461 3533 2629 3590 latere
2675 3533 2896 3589 minime
2929 3543 3106 3605 potest
3137 3546 3354 3605 quantae
3388 3537 3616 3606 jactura:

359 3641 568 3694 sponsa
619 3625 864 3680 Ecclesia
915 3631 1130 3686 saneta,
1179 3635 1394 3676 summa
1438 3623 1753 3687 com-ordia,
1795 3631 1940 3679 tran-

359 3721 694 3791 quillissima
733 3734 864 3788 pace
907 3727 960 3772 et
1004 3719 1320 3771 intemerata
1357 3717 1584 3771 Veritate
1635 3717 1939 3778 fruebatur,

361 3819 492 3864 eum
524 3808 738 3862 scilicet
759 3806 1162 3876 simplicitatem
1196 3819 1259 3858 ac
1289 3805 1580 3873 puritatem
1614 3807 1940 3877 evangelica:

361 3903 633 3956 doctrina:
685 3900 906 3954 maximi
949 3913 1142 3952 omnes
1189 3899 1544 3962 faciebamus,
1585 3899 1718 3953 solis
1770 3901 1942 3955 sacris

361 3993 605 4062 eloquiis
631 3991 899 4052 contenti,
923 3990 1010 4044 his
1032 3989 1381 4050 inhaerentes,
1403 3989 1488 4042 his
1508 3992 1943 4059 acquiesccntes,

358 4086 420 4140 in
457 4100 630 4138 unum
661 4085 729 4138 ab
761 4085 844 4137 his
865 4083 1078 4138 collecti
1117 4083 1282 4146 ovile,
1313 4083 1414 4136 Sub
1445 4097 1554 4136 uno
1583 4095 1798 4151 pastore
1823 4100 1942 4137 om-

363 4193 466 4232 nes
499 4185 746 4246 agentes,
797 4177 1042 4230 eamdem
1095 4174 1259 4228 unius
1290 4173 1576 4228 audientes
1627 4189 1838 4238 vocem,
1892 4185 1947 4230 et

364 4279 464 4322 aut
501 4267 638 4320 nihil
674 4275 870 4335 pneter
897 4281 962 4320 ea
1005 4281 1127 4335 quae
1179 4266 1336 4319 nobis
1365 4265 1558 4320 tradita
1581 4275 1738 4320 erant
1759 4307 1772 4329 ,
1803 4267 1948 4337 cogi-

369 4371 576 4420 tantes,
609 4359 759 4412 nulla
803 4369 1030 4428 urgente
1071 4358 1435 4410 necessitate:
1479 4369 1572 4410 aut
1625 4360 1949 4412 necessitate

365 4451 576 4512 coacti,
625 4459 682 4504 et
738 4449 1041 4502 haeresibus
1089 4447 1331 4517 undique
1385 4447 1746 4514 scatentibus,
1780 4451 1946 4502 unum

371 4543 425 4595 in
471 4542 654 4596 locum
709 4539 963 4594 universa
995 4539 1232 4593 Ecclesia
1272 4547 1628 4609 congregata,
1685 4541 1952 4610 ambigui-

369 4645 517 4690 tates
548 4635 946 4698 rescindentes,
977 4641 1034 4687 et
1059 4633 1459 4688 declarationes
1491 4633 1830 4687 necessarias
1870 4635 1949 4685 fa-

369 4729 608 4782 cientes.
627 4727 920 4795 Postquam
943 4733 1124 4779 autem
1155 4725 1350 4778 luurcsi
1376 4723 1632 4792 quadam,
1652 4733 1706 4776 ut
1729 4723 1953 4778 Latinos

2049 3639 2211 3680 causa
2239 3627 2353 3680 haec
2377 3625 2649 3683 dissensio
2665 3629 2954 3692 exstiterit,
2977 3628 3093 3690 sed,
3113 3629 3296 3684 nescio
3318 3633 3616 3697 quomoda,

2049 3717 2208 3771 divisi
2257 3718 2487 3773 invicem
2523 3729 2686 3787 atque
2737 3722 2977 3784 alienati,
3013 3731 3068 3775 et
3098 3724 3400 3790 praesertim
3437 3738 3536 3776 nos
3589 3741 3620 3776 ιι

2053 3808 2281 3865 Latinis.
2305 3809 2571 3879 Oportere
2619 3811 2856 3882 majores
2898 3813 3070 3866 nostri
3099 3814 3377 3877 dixerunt,
3413 3815 3504 3883 qui
3559 3831 3622 3867 ea

2054 3911 2374 3970 tempestate
2404 3903 2578 3968 fuere,
2618 3921 2724 3972 qua
2755 3905 2893 3958 ’oriri
2930 3905 3042 3958 Ιιςιτε
3068 3905 3339 3960 dissensio
3367 3909 3534 3974 coepit
3568 3907 3622 3960 in

2053 3995 2218 4048 rebus
2273 3994 2420 4058 ﬁdei,
2463 3995 2592 4048 dum
2649 3997 2796 4049 nulla
2857 3998 3158 4051 necessitas
3214 4009 3390 4067 urget,
3428 3999 3513 4052 his
3536 4015 3626 4050 ac-

2055 4085 2336 4154 quiesccre
2365 4101 2483 4154 qtue
2508 4087 2666 4140 nobis
2695 4087 2750 4140 in
2784 4089 2959 4142 sacris
3001 4089 3200 4143 litteris
3241 4089 3438 4142 tradita
3471 4101 3624 4152 sunt,

2059 4179 2110 4230 in
2165 4178 2364 4246 quibus
2411 4179 2590 4236 omnis
2617 4178 2740 4233 fidei
2782 4179 2984 4234 Veritas
3024 4191 3119 4234 aut
3150 4181 3306 4249 plane
3357 4181 3628 4250 explicata

2056 4279 2161 4332 est,
2195 4277 2288 4322 aut
2313 4269 2489 4323 latens
2515 4269 2633 4322 erui
2667 4269 2812 4322 haud
2841 4269 3134 4324 diliieulter
3173 4279 3380 4339 putesti
3411 4271 3629 4340 quoties

2059 4365 2187 4412 vero
2219 4361 2514 4414 necessitas
2555 4360 2864 4429 ingruat.ct
2901 4362 2944 4413 si
2963 4363 3141 4428 aliqua
3167 4362 3342 4415 oritur
3381 4363 3628 4425 haeresis,

2059 4451 2202 4519 quod
2261 4451 2628 4506 imbecillitate
2697 4452 2921 4506 humani
2981 4453 3185 4521 ingenii
3247 4467 3633 4522 saepenumero

2061 4543 2206 4596 inter
2249 4542 2500 4598 incrtales
2523 4544 2726 4605 evenit.
2771 4544 2973 4598 debere
3011 4543 3306 4600 Eeclesiam
3341 4543 3432 4597 Dei
3462 4560 3628 4597 unum

2063 4635 2117 4688 in
2157 4634 2337 4689 locum
2369 4644 2750 4704 congregatam
2781 4635 2848 4689 de
2875 4637 3041 4691 rebus
3067 4636 3248 4690 dubiis
3279 4637 3549 4708 judicare,
3571 4655 3634 4694 ac

2061 4723 2362 4778 secundum
2395 4733 2662 4794 praecepta
2710 4725 2908 4780 divinae
2936 4726 3072 4796 legis
3101 4735 3158 4780 et
3196 4737 3510 4782 sanctorum
3535 4729 3637 4784 Pa-

369 4830 760 4884 sa'penumero
785 4815 1032 4869 dicentes
1057 4813 1388 4873 audivimus,
1417 4815 1468 4866 in
1512 4814 1836 4867 occidentali
1874 4831 1957 4868 τεο
1987 4831 2033 4890 ο
2063 4821 2229 4878 trum,
2267 4827 2406 4883 quos
2437 4814 2548 4884 jam
2600 4825 2659 4868 ut
2710 4830 2990 4870 sacrarunt
3029 4817 3336 4870 litterarum
3379 4817 3636 4872 doctores

370 4907 784 4976 giune'vigente
809 4945 824 4969 ,
855 4905 1226 4959 Itonianorum
1269 4906 1466 4974 praise]
1500 4904 1744 4974 pontifex
1783 4907 1954 4957 maxi-

369 5014 504 5053 mus
542 5014 638 5052 sua
665 4979 834 5052 utrius
859 4996 1184 5052 auctoritate
1217 4997 1410 5060 fretus,
1451 4997 1708 5050 advocata
1743 4997 1952 5066 synodo

371 5091 644 5161 generali,
679 5089 1000 5158 particulam
1027 5089 1172 5143 illam
1208 5087 1483 5142 communi
1513 5085 1770 5156 Symbolo
1805 5087 1952 5152 ﬁdei,

371 5199 490 5238 non
519 5196 646 5235 cum
702 5183 980 5235 communi
1025 5195 1298 5233 consensu
1341 5180 1621 5247 ascripsit,
1656 5178 1711 5231 in
1759 5179 1957 5234 multas

307 5296 310 5298 ν
372 5285 589 5344 partes,
625 5273 732 5326 heu
764 5289 877 5326 rem
939 5273 1188 5326 miseram
1227 5283 1389 5338 atque
1426 5269 1717 5324 acerbam!
1753 5270 1952 5323 Christi

372 5365 812 5422 sacratissimum
837 5379 1040 5432 corpus
1059 5363 1300 5417 divisum
1318 5370 1422 5424 est,
1443 5361 1790 5428 membraque
1813 5360 1955 5428 ejus,

375 5461 492 5513 hoc
523 5469 610 5512 est
641 5455 940 5511 Christiani
983 5455 1266 5514 homines,
1310 5453 1573 5506 adversus
1621 5462 1677 5505 se
1719 5451 1954 5503 invicem

374 5565 536 5606 arma
575 5557 862 5618 ceperunt,
887 5547 1110 5602 minime
1139 5545 1506 5616 intelligentes
1529 5585 1545 5604 ,
1603 5559 1662 5598 se
1713 5543 1958 5612 sibiipsis

373 5643 574 5696 hostes
625 5655 744 5694 esse
783 5648 840 5696 et
885 5647 1076 5694 contra
1129 5639 1338 5706 seipsos
1383 5637 1607 5701 armari,
1649 5635 1776 5689 dum
1823 5651 1882 5689 se
1925 5649 1956 5689 a

373 5733 648 5789 fratribus
672 5731 960 5796 dividunt;
992 5742 1086 5784 aut
1117 5729 1529 5798 intelligendum
1562 5727 1806 5796 quidem,
1832 5740 1956 5781 cum

373 5825 540 5882 inulti
590 5825 700 5880 sint
755 5823 900 5878 inter
959 5836 1059 5876 nos
1100 5822 1348 5876 doctrina
1395 5833 1458 5874 ac
1515 5818 1780 5888 sapientia
1823 5833 1960 5888 prte-

707 5922 942 5978 Pnnm
963 5958 979 5978 .
1015 5919 1130 5981 Gn.
1168 5916 1368 5976 CLXI.

2059 4904 2404 4973 approbavit.
2457 4906 2732 4958 communi
2797 4907 3044 4960 omnium
3089 4923 3360 4962 consensu
3418 4919 3638 4964 senten-

2063 4996 2191 5047 tiam
2225 4994 2388 5059 ferre,
2416 5001 2472 5048 et
2501 5010 2596 5064 per
2627 4997 2776 5050 hunc
2815 4999 3036 5052 modum
3078 4999 3236 5054 fidem
3265 4999 3636 5054 Christianam

2060 5099 2282 5154 augere,
2301 5085 2518 5140 obviam
2539 5087 2724 5140 eundo
2753 5087 3076 5152 haeresihus,
3099 5092 3288 5158 procul
3308 5091 3376 5144 ab
3400 5091 3634 5145 Ecclesia

2065 5175 2160 5230 Dl'i
2194 5191 2288 5230 eas
2333 5176 2594 5246 fugando.
2636 5178 2848 5248 Ubique
2899 5190 3078 5234 tamen
3111 5193 3428 5236 asseverant
3468 5183 3634 5236 iidem

2063 5270 2295 5337 majores
2346 5272 2542 5334 nostri,
2593 5273 2960 5326 communiter
3000 5274 3116 5326 hinc
3171 5275 3253 5340 agi
3301 5275 3532 5337 debere;
3583 5284 3640 5326 et

2063 5375 2184 5429 qua:
2214 5360 2526 5413 communia
2555 5370 2706 5422 sunt,
2737 5349 3018 5414 commu'ni
3058 5377 3332 5416 consensu
3380 5349 3656 5430 oportere.

2069 5450 2368 5505 terminari.
2395 5451 2498 5504 Per
2534 5452 2681 5504 hunc
2730 5451 2951 5505 modum
2987 5453 3230 5522 synodus
3263 5455 3437 5522 prima
3469 5469 3637 5525 gene—

2068 5543 2197 5596 ralis
2222 5543 2847 5596 consubstautialitatem
2873 5543 3048 5598 Patris
3074 5553 3126 5596 ct
3149 5543 3272 5600 Filii
3297 5545 3635 5615 praedicavit,

2067 5633 2197 5687 Ario
2247 5632 2316 5686 de
2360 5633 2726 5701 inaequalitate
2763 5633 3008 5701 ipsorum
3049 5635 3234 5689 nescio
3267 5651 3405 5705 quas
3465 5651 3640 5706 nugas

2065 5741 2120 5779 ei.
2166 5725 2524 5780 deliramenta
2559 5723 2902 5795 proferente.
2943 5726 3044 5781 Per
3097 5727 3245 5782 hunc
3287 5728 3506 5783 modum
3553 5745 3642 5784 se-

2067 5815 2244 5871 eunda
2281 5816 2519 5890 Spiritus
2543 5817 2882 5872 divinitatem
2915 5817 3166 5874 confessa
3186 5829 3292 5885 est,
3319 5819 3642 5876 Macedonia

3153 5913 3227 5978 18
