4086 6420
532 355 636 418 547

1483 360 1992 427 BESSARIONIS
2035 370 2096 427 S.
2142 370 2213 428 Il.
2260 372 2323 435 E.
2364 374 2832 442 CARDINALIS

3673 395 3771 457 513

532 469 717 532 Οὕτως
750 470 781 538 ἡ
810 466 999 538 πρώτη
1032 469 1139 521 τῶν
1177 470 1573 537 οτκουμενικῶν
1622 474 1865 526 συνόδων
1886 475 1946 527 τὶ
1973 477 2105 546 ὁμο·
2137 477 2181 534 Α
2214 482 2408 550 σθῆναι
2437 489 2629 550 κοινῶς
2657 492 2953 560 οὐκόλίγον
2978 496 3314 565 ἀμφισολίας
3338 499 3393 553 ἐν
3420 496 3597 575 ἐαυτῷ
3627 523 3786 579 περι.

579 566 590 579 .
759 561 1125 579 .,.,.,n
1243 562 1256 579 ς
1388 563 1561 579 η..-
1761 566 1849 579 ,-
2074 567 2099 578 -
2267 577 2273 579 Α

531 566 715 618 ούσιον
748 561 1051 629 ἀνεκήρυξε
1083 561 1296 629 Harpe;
1318 565 1409 616 καὶ
1434 563 1584 627 Tini,
1614 566 1980 630 συνωθοῦντας
2008 567 2100 620 τοῦ

534 656 881 727 πράγματος,
915 651 1128 704 καὶτοῦ
1177 652 1387 722 Ἀρείου
1423 653 1483 705 τὸ
1512 655 1765 724 ἀνόμοιον
1798 656 2104 726 ληρωδοῶ-

530 764 641 809 τος.
677 744 864 804 Οὕτως
898 743 929 809 ή
962 742 1193 811 δευτέρα
1229 742 1327 809 τὴν
1354 741 1448 794 τοῦ
1501 741 1820 812 Πνεύματος
1870 744 2102 812 θεότητα

529 841 877 913 ὡμολόγησε,
931 836 1272 892 Μακεδονίου
1306 835 1549 898 τιθέντος
1615 835 1746 890 αὐτὸ
1802 837 1942 905 μετά
1992 836 2102 891 τῶν

528 942 868 1010 κτισμάτων.
919 931 1108 994 Οὕτως
1150 929 1356 1000 ἑκάστη
1416 928 1633 991 σύνοδος
1666 930 1734 983 τὰ
1769 929 1893 982 καθ’
1929 929 2100 999 αὐτὴν

526 1034 870 1104 ἀπεφήνατο,
907 1026 1013 1079 ὑπὸ
1070 1026 1168 1095 τῆς
1217 1024 1479 1078 ἑκάστοτε
1521 1022 1804 1094 παρούσης
1856 1022 2101 1129 ἀνάγκης

522 1126 842 1196 κινουμένη.
876 1119 1013 1176 Οὕτε
1048 1117 1153 1186 γὰρ
1187 1116 1412 1187 εἰρήνης
1449 1116 1591 1169 κατὰ
1633 1115 1856 1169 πάντων
1905 1114 2100 1169 ἀνθού-

525 1239 648 1292 σης,
681 1217 774 1271 καὶ
805 1211 1152 1287 κρατούντων
1180 1209 1289 1262 τῶν
1319 1207 1607 1278 βελτιόνων
1651 1208 1758 1316 ἔδει
1790 1208 2098 1316 πράγματα

523 1313 777 1381 ἐμποιεῖν
812 1310 930 1369 ταῖς
957 1303 1050 1358 τοῦ
1090 1301 1226 1356 Θεοῦ
1269 1299 1608 1371 ἐκκλησίαις,
1643 1300 1843 1365 αὐτούς
1878 1318 1929 1401 τι
1960 1299 2097 1354 νεώ-

522 1420 683 1476 τερον
718 1384 1298 1471 προσεξευρίσκοντας·
1328 1393 1456 1447 οὔτε
1490 1392 1823 1462 κινηθεισῶν
1858 1390 1966 1446 τῶν
2013 1396 2096 1446 aio

526 1501 728 1570 ρέσεων
757 1496 791 1566 ἢ
828 1488 1213 1565 ήσυχάζειν,ἢ
1275 1486 1458 1541 αὐτῶν
1511 1503 1632 1539 τινα
1690 1486 2094 1555 ἀποφαίνεσθαι

520 1595 777 1652 ἕκαστον,
811 1588 920 1641 εἴτε
946 1584 1041 1638 καὶ
1078 1582 1197 1654 μετ’
1237 1580 1436 1648 ὀλίγων
1471 1578 1731 1652 περὶτῶν
1760 1578 1958 1643 κοινῶς
1989 1579 2096 1633 ὑπὸ

522 1686 741 1739 πάντων
774 1677 1104 1749 ὀφειλόντων
1154 1673 1555 1728 πιστεύεσθαι·
1601 1670 1740 1726 ἀλλά
1774 1674 1927 1745 κοινῇ
1995 1674 2095 1743 μὲν

518 1778 679 1833 τοῦτο
735 1776 931 1837 ποιεῖν,
990 1774 1164 1824 ποιεῖν
1224 1768 1280 1822 δὲ
1328 1765 1766 1836 κατεπειγούσης
1822 1766 2090 1836 ἀνάγκης.

531 1871 675 1925 Ἀλλ’
714 1870 902 1937 ὥσπερ
935 1864 1172 1933 ἀνάγκη.
1229 1860 1504 1931 συνεδρίου
1538 1858 1722 1914 κοινοῦ
1774 1860 2089 1915 κατιιιστάν⁴

517 1983 634 2027 τος,
684 1962 824 2033 μετά
855 1957 1061 2028 πολλῆς
1092 1956 1191 2027 τῆς
1238 1973 1297 2008 τε
1333 1953 1567 2023 βασάνου
1619 1952 1749 2021 περί
1788 1952 1899 2005 τῶν
1932 1968 2091 2024 κινη-

521 2058 723 2109 θέντων
753 2053 999 2119 ὲξέτασιν
1029 2049 1310 2111 εἰσελθεῖν,
1345 2046 1439 2099 καὶ
1488 2044 1548 2099 τὸ
1600 2047 1666 2098 ἐκ
1713 2044 1812 2115 τῆς
1853 2044 2090 2116 συζητή.

519 2166 660 2212 σεως
695 2144 966 2215 ἐκφανθὲν
1009 2139 1357 2195 ἀσπάσασθαί
1388 2155 1447 2192 τε
1495 2138 1588 2192 καὶ
1645 2135 2046 2209 προσδέξασθαι
2072 2151 2087 2167 ο

513 2242 712 2304 οὕτως,
774 2240 826 2292 εἰ
883 2235 989 2306 πρὸ
1043 2233 1137 2288 τοῦ
1190 2231 1372 2287 κοινοῦ
1428 2230 1718 2301 κριτηρίου
1771 2230 1896 2300 περί
1943 2244 2091 2293 τινος

511 2336 786 2403 δόγματος
822 2327 1146 2399 κινηθέντος
1176 2342 1261 2387 τις
1299 2323 1673 2426 ἀμφιδάλλει,
1707 2322 1777 2426 τά
1808 2321 1996 2376 δίκαιά
2024 2337 2088 2426 τε

520 2425 687 2486 ποιεῖ,
731 2422 827 2475 καὶ
861 2419 1091 2481 εἰκότως
1129 2416 1197 2471 ἂν
1244 2414 1518 2486 ἀποσταίη
1572 2415 1684 2467 τῶν
1733 2415 1864 2469 ἀνευ
1901 2414 2091 2482 κοινῆς

514 2515 848 2583 ἀποφάσεως
882 2509 1013 2581 περί
1052 2509 1163 2563 τῶν
1198 2506 1396 2561 κοινῶν
1429 2507 1888 2577 ἀποφηναμένων
1926 2505 2088 2569 αὐτὸς

514 2609 614 2681 μὲν
651 2606 747 2660 ἐπὶ
778 2605 888 2659 τῶν
918 2602 1117 2657 κοινῶν
1143 2599 1241 2656 καὶ
1287 2601 1443 2671 κοινῇ
1492 2599 1948 2671 παραδεδομένων
1991 2602 2089 2668 ἐμ-

518 2706 719 2775 μένων,
768 2700 860 2754 καὶ
911 2694 993 2762 οἷς
1045 2694 1275 2764 οὐδεμία
1327 2693 1631 2763 ἀμφιϐολία
1680 2691 1789 2745 οὐδ’
1837 2691 2087 2757 ἐξέτασις

498 2796 783 2861 λείπεται,
820 2788 1051 2845 ἐκείνων
1101 2786 1158 2840 δέ
1207 2801 1259 2838 τι
1318 2782 1613 2852 λεγόντων,
1659 2781 1689 2836 ὃ
1735 2782 1867 2853 πρὶν
1899 2783 2087 2850 ἐξετα-

511 2971 666 3024 illum
720 2963 991 3022 creaturis
1052 2970 1473 3016 annumerante.
1528 2956 1634 3013 Per
1673 2957 1821 3014 hunc
1863 2958 2083 3015 modum

509 3062 747 3120 subinde
774 3072 1115 3129 unaquaeque
1137 3054 1398 3127 synodus,
1416 3068 1536 3123 qum.
1559 3054 1733 3123 posita
1766 3054 1821 3108 in
1857 3054 2082 3124 ancipiti

2211 592 2392 646 φῖρει.

2278 669 2377 722 Διά
2413 673 2584 727 ταῦτα
2618 677 2908 748 τοιγαροῦν
2941 681 3034 734 καὶ
3070 684 3233 753 ἡμεῖς
3268 686 3499 750 εἰκότως
3546 690 3644 760 τῆς
3679 693 3785 747 Δα-

2211 761 2369 813 τίνων
2404 765 2725 836 ἀπέστημεν
2783 773 3096 839 κοινωνίας,
3157 778 3232 846 μὴ
3272 778 3595 851 ἀνεχόμενοι
3650 788 3783 856 πρὸς

2207 853 2402 909 ἕνωσιν
2428 859 2616 924 αὐτοῖς
2674 865 2972 934 συνελθεῖν,
3012 871 3143 940 πρὶν
3178 871 3476 929 ὑποπεσεῖν
3524 879 3780 950 οἰκουμε-

2205 951 2328 1019 νικῇ
2357 952 2545 1021 κρίσει
2576 956 2636 1009 τδ
2666 958 2798 1028 παρ’
2827 960 3009 1017 αὐτῶν
3035 965 3315 1036 είσαχοὲν,
3343 973 3435 1023 καὶ
3462 971 3585 1043 διχῆ
3611 974 3783 1029 διετε·

2204 1036 2404 1107 λοῦμεν
2436 1042 2798 1111 ἐγκαλοῦντες
2828 1050 3038 1119 αὐτοῖς,
3080 1058 3140 1107 τὸ
3170 1059 3270 1125 μὲν
3310 1075 3363 1111 τι
3404 1036 3655 1134 δίχα-τῆς
3690 1067 3783 1120 καὶ

2205 1130 2365 1198 ήμῶν
2400 1134 2579 1189 αὐτῶν
2616 1139 2843 1211 γνώμης
2896 1144 3292 1214 εἰσαγαγοῦσιν
3337 1153 3416 1215 είς
3452 1154 3552 1223 τήν
3598 1130 3784 1227 κοινὴν

2214 1220 2563 1293 Ἐκκλησίαν,
2615 1230 2676 1283 τὸ
2726 1231 2784 1285 δὲ
2826 1234 2949 1305 μηδ’
2992 1238 3345 1309 ἀνεχομένοις
3403 1220 3782 1317 συστήσασθαι

2202 1314 2421 1372 σύνοδον
2456 1324 2595 1376 κατὰ
2626 1324 2723 1391 τάς
2758 1328 2999 1399 ἀρχαίας
3034 1335 3248 1400 ὲκείνας
3303 1340 3403 1401 τὰς
3438 1314 3569 1412 πρὸ-
3593 1344 3775 1412 ἡμῶν.

2212 1410 2374 1467 Ἀλλά
2401 1414 2562 1485 μέχρι
2596 1419 2698 1488 μὲν
2732 1424 2906 1497 ταύτῃ
2938 1425 3216 1496 χρώμενοι
3246 1410 3520 1488 διετέλουν
3541 1410 3780 1507 τῇγνώ-

2200 1518 2297 1574 μῃ,
2341 1507 2434 1559 καὶ
2471 1509 2539 1561 τά
2599 1512 2734 1583 παρ’
2791 1516 2949 1586 ήμῶν
3002 1520 3190 1585 αὐτοῖς
3256 1524 3582 1597 ἐγκλήματα
3636 1533 3780 1593 μετὰ

2198 1599 2401 1663 παντὸς
2437 1603 2655 1674 ἀπήντα
2690 1607 2928 1678 δικαίου,
2961 1613 3058 1667 καὶ
3089 1615 3249 1685 ἡμεῖς
3304 1618 3411 1685 ἔξω
3461 1620 3645 1692 πάσης
3699 1626 3782 1677 αἰ-

2196 1688 2336 1753 τίας.
2388 1692 2542 1749 Ἑπεί
2572 1696 2631 1749 δὲ
2662 1699 2859 1754 τούτου
2905 1702 3006 1773 μὲν
3039 1706 3141 1778 ήδη
3193 1709 3569 1779 κατέγνωσαν,
3599 1688 3725 1769 ’καὶ
3753 1718 3780 1769 ὃ

2199 1782 2599 1852 προύϐάλλοντο
2648 1790 2866 1863 ἀξίωμα
2922 1797 3056 1851 ίδιον
3101 1800 3445 1869 ἀπεώσαντο,
3503 1809 3643 1876 μετὰ
3680 1811 3780 1877 τῆς

2201 1870 2323 1941 ἴσης
2353 1874 2410 1928 δὲ
2462 1879 2557 1931 καὶ
2612 1880 2771 1936 αὐτοὶ
2820 1887 3211 1956 ταπεινώσεως
3260 1895 3338 1957 εἰς
3395 1870 3778 1968 οἰκουμενικδν

2196 1963 2473 2020 ἐθελονταὶ
2504 1972 2764 2041 συνῆλθον
2800 1980 3108 2050 κριτήριον,
3148 1984 3241 2037 καὶ
3265 1986 3342 2057 τῷ
3365 1989 3428 2042 ἐκ
3460 1963 3570 2044 τῶν
3598 1991 3776 2058 λόγων

2196 2062 2564 2133 φανησομένῳ
2593 2064 2989 2139 ἀκολουθήσειν
3019 2075 3326 2143 συνέθεντο,
3357 2079 3512 2135 αὐτοί
3541 2099 3601 2136 τε
3631 2101 3777 2139 παν-

2194 2147 2285 2211 τὸς
2310 2150 2662 2223 ἐγκλήματος
2693 2158 2852 2213 τοῦτο
2883 2161 2944 2216 τὸ
2977 2165 3145 2235 μέρος
3169 2170 3311 2238 σφᾶς
3345 2172 3544 2238 αὐτοὺς
3572 2176 3781 2232 ἀνωτέ-

2195 2258 2325 2313 ρους
2358 2246 2661 2318 ἐτήρησαν*
2687 2253 2781 2305 καί
2811 2255 2958 2326 ἡμᾶς
2990 2258 3074 2313 δεῖ
3097 2262 3176 2332 τῷ
3211 2263 3500 2335 πράγματι
3533 2274 3775 2341 προσελ-

2193 2334 2305 2388 θεῖν
2335 2338 2475 2406 μετά
2510 2341 2714 2412 πολλῆς
2760 2345 2999 2415 βασάνου
3031 2353 3127 2407 καὶ
3162 2334 3409 2427 μεγάλης
3446 2361 3549 2431 τῆς
3578 2334 3774 2429 εξετά-

2194 2441 2354 2494 σεως,
2391 2430 2486 2484 καί
2538 2451 2671 2488 ποτε
2731 2439 3117 2504 μεταϐαλόντα
3169 2446 3237 2500 τά
3294 2430 3600 2522 πράγματα
3647 2458 3777 2511 καθ’

2188 2520 2349 2588 ήμῶν
2377 2522 2559 2577 αὐτῶν
2590 2527 2955 2602 ἀντιστραφῇ,
2989 2538 3083 2588 καί
3119 2520 3610 2618 πολλαπλασιασθῇ
3646 2552 3775 2605 καθ’

2190 2612 2370 2681 ἡμῶν,
2420 2616 2456 2670 ἀ
2493 2616 2615 2670 κατ’
2641 2618 2822 2675 αὐτῶν
2871 2624 3224 2699 ὲπεφέρομεν
3274 2637 3548 2708 πρότερον
3584 2612 3775 2697 δίκαια

2188 2704 2535 2776 ἐγκλήματα.
2587 2710 2822 2783 Εἴρηται
2874 2716 2985 2788 γὰρ
3019 2724 3114 2777 καὶ
3143 2724 3297 2781 δοκεῖ
3342 2704 3773 2797 μοι-συνδοκεῖν

2188 2794 2415 2864 ἅπασιν,
2456 2798 2648 2872 ὥσπερ
2677 2806 2848 2877 μήπω
2878 2810 3099 2866 συνόδου
3135 2794 3610 2896 συγκρο-τηθείσης
3658 2846 3774 2884 κοι-

2189 2992 2571 3048 saepenumero
2591 2998 2775 3040 coram
2805 2989 3129 3061 objecimus,
3156 2998 3448 3073 palamque
3479 3006 3533 3061 in
3560 3023 3657 3064 eos
3683 3011 3773 3068 in-

2188 3071 2330 3125 vecti
2359 3075 2800 3143 sumus.Quibus
2826 3083 2955 3152 quid
2981 3085 3057 3140 illi
3090 3071 3645 3169 responderint,quas
3677 3121 3775 3161 ex-

510 3160 754 3216 fuerunt,
794 3148 1187 3221 pronuntiavit,
1245 3148 1482 3201 instante
1526 3144 1795 3227 duntaxat
1848 3145 2084 3255 necessi-

2842 3144 2859 3152 _
3181 3144 3195 3161 ι
3678 3144 3773 3161 ην

2187 3165 2497 3221 cusationes
2524 3168 2576 3222 in
2607 3171 2847 3227 medium
2873 3176 3223 3249 adduxerim,
3248 3188 3446 3255 quibus
3465 3195 3773 3255 rationibus

512 3256 645 3301 tate.
668 3244 856 3313 Neque
879 3240 1023 3296 enim
1047 3240 1212 3295 licere
1241 3236 1519 3307 inquiunt,
1552 3251 1685 3306 pace
1718 3251 1782 3292 ac
1810 3236 2079 3336 tranquil-

508 3340 665 3393 litate
723 3334 849 3389 tidei
907 3332 1147 3401 vigente,
1210 3341 1378 3382 novas
1446 3340 1666 3381 movere
1715 3332 2079 3395 quaestiones,

514 3444 690 3501 neque
717 3426 854 3483 ortis
907 3421 1211 3479 hazresibus
1259 3432 1353 3476 aut
1399 3430 1600 3518 tacere,
1632 3419 1945 3518 aut.solut_n
1993 3418 2081 3473 vel

503 3535 628 3577 cum
669 3518 857 3589 paucis
888 3515 955 3570 de
1008 3513 1095 3567 his
1130 3524 1251 3582 quae
1289 3508 1443 3566 credi
1477 3507 1842 3562 communiter
1868 3507 1935 3562 ab
1965 3522 2083 3560 om-

505 3610 669 3665 nibus
697 3607 921 3672 debent,
957 3614 1212 3667 tractare,
1246 3602 1339 3658 sed
1368 3600 1649 3657 communi
1695 3599 1917 3669 quidem
1948 3614 2079 3654 con-

504 3715 670 3756 sensu
697 3700 803 3754 hoc
834 3697 951 3752 ﬁeri
983 3704 1266 3765 oportere,
1292 3693 1412 3747 ﬁeri
1436 3706 1563 3748 vero
1595 3692 1859 3746 duntaxat
1887 3705 2077 3746 neces-

503 3794 662 3847 sitate
707 3798 955 3859 urgente.
988 3788 1054 3842 Et
1083 3783 1550 3856 quemadmodum
1582 3783 1820 3853 generali
1844 3784 2078 3886 concilio

502 3890 850 3950 congregato,
906 3893 1046 3948 opus
1112 3891 1261 3933 esse,
1294 3876 1450 3930 aiunt
1506 3888 1724 3979 summo
1775 3874 1960 3979 studio
2017 3890 2079 3929 ac

500 3973 830 4043 Cogitatione
880 3970 1063 4025 omnia
1105 3968 1422 4035 discutere;
1469 3975 1547 4036 et,
1580 3967 1727 4038 quod
1785 3967 1925 4072 ratio
1961 3976 2079 4072 tan-

498 4064 620 4116 dem
657 4060 976 4125 obtinuerit,
1018 4059 1273 4130 accipere
1312 4073 1507 4115 omnes
1555 4068 1722 4129 atque
1767 4058 2023 4128 amplecti
2058 4076 2072 4112 :

497 4155 594 4220 ita,
636 4155 678 4209 si
712 4164 839 4210 ante
882 4168 1171 4209 commune
1207 4151 1478 4224 judicium
1516 4150 1586 4207 de
1615 4151 1799 4222 aliqua
1835 4167 1894 4207 re
1920 4151 2076 4222 quis-

493 4249 638 4318 piam
678 4246 1033 4311 dubitaverit,
1071 4256 1219 4300 mota
1245 4245 1571 4315 quaestione,
1606 4252 1663 4300 et
1696 4244 1766 4299 ab
1795 4244 2075 4314 aliquibus

492 4340 877 4405 determinata,
905 4340 1029 4408 jure
1073 4336 1127 4391 id
1162 4336 1365 4399 facere,
1402 4336 1712 4407 meritoque
1758 4336 1827 4392 ab
1866 4335 1953 4391 his
1992 4336 2074 4390 di-

494 4429 602 4483 vidi
640 4431 730 4498 qui
787 4429 996 4499 absque
1028 4426 1306 4482 communi
1356 4439 1625 4482 consensu
1671 4425 1792 4481 ausi
1838 4436 1966 4481 sunt
2003 4425 2072 4481 de

496 4523 660 4576 rebus
691 4521 1076 4575 communibus
1101 4518 1372 4590 judicium
1415 4517 1586 4585 ferre,
1624 4517 2069 4589 quandoquidem
2106 4500 2149 4556 θ

496 4615 611 4679 ipse
658 4611 1044 4667 communibus
1093 4610 1260 4665 rebus
1315 4618 1370 4665 et
1432 4610 1801 4666 communiter
1857 4610 2071 4666 traditis

496 4702 848 4767 as-‘etttiatur,
882 4702 976 4755 ille
1015 4713 1150 4756 vero
1182 4700 1386 4769 aliquid
1405 4700 1591 4757 dicant
1611 4700 1759 4771 quod
1778 4709 2070 4772 antequam

494 4794 860 4847 communiter
899 4792 1228 4846 discutiatur
1278 4806 1389 4846 non
1442 4807 1637 4863 parum
1672 4791 1726 4846 in
1771 4807 1831 4847 se
1871 4791 2072 4847 habeat

494 4882 873 4939 dubitationis.

562 4973 707 5039 Quas
741 4975 811 5029 ob
844 4990 935 5029 res
984 4981 1228 5028 nostrum
1276 4975 1522 5044 plerique
1579 4986 1852 5044 asserunt,
1924 4977 2068 5033 haud

492 5081 550 5121 se
586 5067 784 5135 injuria
828 5084 856 5121 a
891 5066 1209 5121 Latinorum
1248 5069 1524 5122 consortio
1554 5069 1884 5137 abhorrere;
1922 5072 2069 5142 quod

491 5174 602 5214 non
637 5159 708 5214 sit
737 5158 1021 5214 ferendum
1045 5197 1061 5223 ,
1102 5160 1246 5213 uniri
1282 5173 1382 5214 nos
1424 5160 1507 5215 eis
1538 5170 1823 5231 antequam
1855 5164 2067 5234 judicio

492 5250 815 5305 universalis
870 5248 1147 5316 Ecciesiaa,
1184 5250 1329 5320 quod
1375 5265 1566 5308 recens
1600 5269 1698 5321 per
1748 5270 1847 5309 eos
1899 5256 2070 5309 intro-

490 5345 715 5399 ductum
751 5343 878 5409 fuit,
922 5343 1269 5412 subjiciatur.
1311 5345 1490 5413 Atque
1542 5344 1630 5400 his
1676 5347 1899 5416 quidem
1961 5348 2068 5402 du-

440 5434 443 5439 ’
490 5437 616 5506 plici
648 5438 1005 5492 accusatione
1032 5434 1467 5490 succcnsendum
1489 5438 1838 5493 existimant:
1868 5440 2066 5508 primo,

488 5527 635 5597 quod
675 5528 875 5596 ignaris
930 5534 984 5581 et
1036 5541 1380 5597 nequaquam
1407 5528 1844 5586 assentientibus
1906 5532 2068 5587 nobis

490 5618 789 5686 quidquam
820 5619 874 5672 iu
900 5632 1247 5673 communem
1280 5619 1578 5675 Ecclesiatn
1619 5621 2062 5689 introduxerint;

493 5714 631 5773 tum,
665 5711 809 5780 quod
837 5712 948 5780 pati
980 5714 1187 5775 nollent
1213 5714 1522 5784 generalem
1558 5714 1823 5782 synodum
1841 5728 1897 5772 et
1922 5720 2066 5773 anti-

502 5800 626 5866 quis
664 5800 769 5854 illis
789 5801 1021 5857 similem
1071 5808 1384 5861 convocari.
1421 5803 1544 5859 "th
1575 5822 1674 5860 nos
1704 5823 1921 5876 quoque
1955 5809 2063 5868 illis

2186 3253 2397 3325 objecta
2440 3263 2813 3331 purgaverint,
2848 3266 3111 3328 latissime
3134 3290 3331 3334 omnes
3371 3282 3769 3345 intelleximus.

2185 3345 2371 3415 itaque
2399 3364 2505 3404 non
2537 3361 2624 3407 est
2658 3355 2713 3408 in
2754 3362 3045 3426 prtesentia
3083 3371 3365 3435 repetendi
3416 3374 3597 3443 locus,
3630 3395 3770 3448 pra:-

2183 3437 2371 3490 sertim
2400 3454 2524 3493 cum
2561 3454 2746 3499 nostra
2795 3450 2974 3506 omnis
3003 3458 3231 3523 quaestio
3279 3461 3506 3521 minime
3568 3469 3620 3523 in
3663 3471 3769 3528 hoc

2182 3538 2456 3592 versetur,
2511 3540 2696 3588 utrum
2753 3552 2851 3605 per
2897 3554 2957 3595 se
3013 3544 3157 3612 soli,
3202 3563 3269 3604 an
3335 3555 3623 3613 nobiscum
3658 3579 3765 3619 una

2182 3622 2506 3686 particulam
2540 3625 2686 3680 illam
2731 3629 3083 3701 addiderint,
3118 3650 3175 3695 et
3202 3644 3490 3705 licueritne
3538 3655 3763 3721 addere,

2182 3724 2390 3777 necne;
2440 3716 2532 3769 sed
2561 3727 2739 3774 utrum
2770 3738 2963 3780 verum
3010 3727 3280 3790 falsumve
3325 3738 3397 3793 sit
3430 3744 3575 3811 quod
3609 3750 3766 3802 add:—

2184 3807 2296 3853 tum
2322 3812 2427 3867 est,
2479 3805 2584 3861 hoc
2636 3810 2691 3864 in
2750 3814 2945 3880 primis
3001 3822 3459 3883 considerandum
3520 3849 3548 3886 a
3603 3840 3765 3894 nobis

2180 3906 2303 3947 esse
2334 3897 2572 3953 universi
2603 3901 2994 3970 judicavimus.
3042 3911 3244 3970 Verum
3288 3918 3478 3977 demus
3515 3926 3566 3979 in
3621 3944 3761 3996 pae-

2182 3985 2500 4046 sentia.non
2535 4001 2682 4047 recte
2713 3995 2834 4052 illos
2866 3997 3083 4069 fecisse,
3117 4008 3265 4075 quod
3312 4013 3431 4067 sine
3463 4018 3628 4071 totius
3654 4021 3759 4076 Ec-

2178 4075 2375 4168 clesiae,
2404 4085 2828 4152 congregatione
2859 4088 2926 4145 de
2978 4094 3143 4151 rebus
3197 4102 3457 4167 gravibus
3490 4107 3557 4162 ad
3594 4075 3759 4168 ﬁdem

2176 4164 2542 4225 Christianam
2570 4176 2978 4242 pertinentibus
3001 4164 3303 4256 tractarint,
3332 4207 3619 4268 quousque
3637 4205 3762 4271 qui-

2176 4258 2300 4312 dem
2320 4260 2372 4313 in
2396 4260 2498 4316 hac
2529 4268 2803 4323 sententia
2825 4284 3201 4346 permansere,
3226 4294 3297 4335 ne
3316 4258 3760 4361 aliquod-dogma

2176 4347 2231 4403 in
2260 4354 2500 4419 generali
2536 4357 2749 4425 synodo
2801 4365 3144 4432 prepositum
3183 4347 3579 4445 discuteretur,
3632 4347 3761 4435 ior-

2177 4444 2337 4499 tassis
2370 4446 2515 4500 haud
2550 4448 2749 4519 injuria
2800 4468 3130 4514 succensere
3169 4462 3275 4519 illis
3323 4466 3667 4538 videbamur,
3701 4487 3759 4531 et

2177 4545 2375 4593 nostra:
2416 4539 2682 4596 adversus
2740 4544 2862 4600 illos
2924 4552 3304 4611 accusationes
3368 4558 3493 4628 jure
3544 4566 3752 4632 optimo

2175 4627 2392 4683 defendi
2439 4641 2711 4701 poterant.
2774 4637 2931 4697 Nunc
3001 4653 3183 4700 autem
3255 4627 3380 4704 cum
3440 4627 3752 4723 hujusmodi

2175 4720 2331 4790 culpa
2372 4734 2590 4791 vacent,
2654 4738 2958 4800 sponteque
3008 4734 3063 4788 in
3116 4741 3427 4806 generalem
3481 4720 3751 4815 synodum

2175 4816 2555 4882 convenerint,
2590 4835 2653 4873 ac
2682 4823 2868 4876 omnia
2908 4839 2968 4880 se
3011 4825 3253 4886 facturos
3284 4831 3606 4893 aﬂirmarint
3631 4855 3755 4909 qua:

2178 4904 2317 4959 ratio
2380 4912 2757 4977 persuaserit,
2809 4925 2866 4968 et
2928 4916 3033 4985 ipsi
3085 4935 3146 4975 se
3198 4926 3348 4980 omni
3403 4933 3754 4990 accusatione

2175 5006 2398 5060 prorsus
2426 4996 2697 5054 immunes
2734 5004 3107 5075 reddiderint,
3141 5022 3200 5066 et
3242 5028 3344 5071 nos
3387 5028 3608 5087 oportet
3639 5039 3750 5079 non

2174 5083 2450 5139 mediocre
2506 5090 2749 5145 studium
2804 5097 3301 5173 cogitationemque
3352 5083 3634 5175 adhibere.
3692 5126 3753 5170 ut

2172 5188 2293 5243 qua:
2319 5177 2528 5247 agenda
2556 5194 2584 5233 a
2623 5183 2783 5239 nobis
2821 5186 2934 5241 sint
2976 5202 3134 5247 caute
3171 5198 3579 5272 prudenterque
3620 5222 3751 5275 aga-

2174 5282 2314 5333 mus,
2374 5284 2441 5324 ne
2489 5273 2635 5341 quod
2684 5284 2811 5331 ante
2873 5279 3021 5338 hunc
3066 5284 3212 5341 diem
3247 5289 3487 5361 objicere
3541 5273 3751 5355 Latinis

2173 5362 2579 5431 consuevimus,
2621 5365 2674 5419 in
2711 5382 2811 5423 nos
2843 5371 3081 5440 recidat;
3122 5377 3363 5451 denique
3411 5399 3473 5437 ea
3528 5401 3751 5445 accusa-

2176 5452 2320 5508 tione
2345 5455 2677 5526 judicemur,
2714 5446 2872 5531 cujus
2915 5465 3035 5521 illos
3067 5468 3197 5525 olim
3250 5488 3373 5529 reos
3431 5480 3748 5548 agebamus.

2171 5543 2305 5598 Nam
2339 5548 2406 5612 si,
2450 5558 2508 5602 ut
2529 5549 2709 5605 dicere
2742 5552 2842 5620 ipsi
2870 5560 3277 5627 consuevimus,
3307 5566 3551 5622 nondum
3581 5571 3751 5627 advo-

2172 5646 2291 5691 cata
2326 5639 2533 5708 synodo
2566 5644 2805 5712 generali
2844 5651 3137 5707 accusandi
3172 5667 3330 5709 erant
3368 5656 3572 5721 Latini.
3601 5663 3746 5730 quod

2172 5738 2272 5779 suo
2296 5725 2788 5799 duntaxatjudicio
2826 5734 2893 5790 de
2930 5752 2989 5792 re
3018 5740 3155 5795 adeo
3183 5746 3335 5813 gravi
3357 5725 3743 5818 credidissent,

2170 5818 2360 5887 quidni
2398 5835 2496 5873 nos
2526 5838 2762 5893 quoque,
2798 5842 2919 5881 eum
2957 5830 3009 5884 id
3047 5836 3191 5903 quod
3239 5841 3617 5909 quatrcbatnus
3663 5844 3742 5898 fa-
