4086 6400
452 376 555 440 ιιι

1421 375 1926 438 BESSARIONIS
1957 375 2018 437 s.
2056 375 2128 439 Β.
2168 373 2234 440 Ε.
2279 366 2746 442 CARDINALlS

3598 366 3702 443 ξ)εὲ

452 485 492 562 ᾗ
548 489 620 542 οὐ
665 487 1039 554 δυνήσονται
1091 487 1410 554 ἀντειπεῖν,
1463 489 1608 542 οὐδὲ
1662 486 2026 556 ἀντιστῆναι
2055 489 2280 556 Λτάδε,
2331 493 2420 547 ὁτὲ
2461 491 2516 544 δὲ
2566 487 2631 544 αῦ
2691 491 2870 558 λέγειν
2904 488 2970 543 τά
3009 485 3270 543 ἐναντίά’
3321 486 3513 558 ὥσπερ
3547 485 3698 559 οἶμαι

455 581 679 647 πάντες
706 582 765 634 οἱ
800 580 1203 649 ἀντικείμενοι
1245 579 1387 649 ὑμῖν
1408 597 1420 612 ·
1449 581 1540 634 διά
1571 580 1776 634 τούτων
1810 579 2028 640 δεικνὺς

453 670 560 724 τῶν
591 671 876 743 ῥημάτων,
902 671 976 733 ὡς
1009 671 1154 741 ειπερ
1204 671 1270 724 ἂν
1303 671 1458 724 αὐτοὶ
1494 673 1675 741 φαῖεν,
1701 669 1866 724 αὑτοῦ
1929 670 2027 740 ρη-

457 780 605 832 ματα
650 763 887 828 ἔσονται,
926 763 1022 817 καὶ
1057 764 1148 816 τοῦ
1201 763 1524 835 ἐνηχοῦντος
1559 765 1743 826 αὐτοῖς
1780 762 2029 832 Πνεῦμα-

451 872 543 918 τος
566 870 580 885 ·
617 855 646 908 ὃ
675 855 909 926 ἀλλαχοῦ
934 855 1038 924 ἔφη
1077 857 1254 910 πᾶσαν
1283 857 1481 920 αὐτοὺς
1512 857 1746 922 διδάξειν
1771 857 1872 928 τὴν
1896 855 2028 926 ἀλή-

451 946 601 1002 θειαν
631 947 881 1012 ἐπελθὸν,
915 948 992 1012 ὡς
1023 944 1168 1001 εἷναι
1199 949 1294 1002 καὶ
1334 950 1403 1003 τά
1437 948 1617 1003 αὐτῶν
1647 949 1895 1020 ῥήματα,
1934 947 2029 1000 τοῦ

436 1041 765 1110 Ὴνεύματος
819 1043 920 1110 τῆς
965 1039 1229 1110 ἀληθείας
1288 1042 1346 1092 ὲν
1387 1039 1571 1104 αὐτοῖς
1624 1040 2026 1109 φθεγγομένου,

451 1135 712 1204 ἀλήθειαν
745 1137 841 1190 καὶ
896 1133 1069 1203 ζωήν.
1096 1133 1223 1187 Ὅτι
1251 1133 1308 1188 δὲ
1342 1133 1520 1187 ταῦτα
1554 1133 1623 1187 τά
1681 1135 1902 1205 ῥήματα
1930 1132 2031 1185 οὐκ

433 1227 532 1288 -είς
573 1225 775 1289 αὐτοὺς
832 1225 995 1295 μόνον
1029 1226 1154 1288 τοὺς
1193 1225 1470 1288 αὐτόπτας
1509 1227 1602 1278 τοῦ
1634 1227 1808 1292 Λόγου
1851 1225 2028 1291 διέϐη,

445 1321 592 1375 ἀλλά
618 1321 713 1375 καὶ
752 1321 833 1383 εις
863 1321 1073 1382 πάντας
1101 1319 1230 1383 τοὺς
1279 1320 1400 1390 μετ’
1430 1319 1628 1381 αὐτοὺς
1672 1319 1732 1371 τὸ
1767 1319 2030 1388 σωτήριον

451 1413 870 1481 διαγγέλλοντος
905 1413 1169 1482 κήρυγμα
1225 1411 1492 1480 ποιμένας
1523 1411 1617 1464 καὶ
1646 1410 2026 1473 διδασκάλους,

453 1511 655 1568 πάντες
689 1522 747 1557 τε
789 1505 990 1570 ἴσασιν,
1027 1501 1188 1566 αὑτός
1223 1519 1283 1556 τε
1314 1505 1342 1556 δ
1391 1503 1585 1572 Σωτὴρ
1627 1501 1755 1570 ἔφη,
1787 1502 1848 1555 Ἃ
1889 1501 2030 1570 ὑμῖν

448 1603 626 1669 λέγω,
654 1597 806 1655 πᾶσι
841 1599 1020 1670 λέγω,
1056 1599 1297 1667 φάμενος
1319 1612 1334 1627 ⁸
1368 1595 1508 1649 αὑτά
1537 1612 1596 1646 τε
1628 1594 1695 1647 τά
1730 1595 2030 1665 πράγματα

455 1692 747 1762 μαρτυρεῖ,
803 1690 1022 1744 πάντων
1065 1688 1172 1742 τῶν
1206 1687 1346 1757 μετὰ.
1394 1687 1572 1740 ταῦτα
1604 1685 2030 1757 θαυμαστωοέν-

449 1801 558 1836 των
589 1785 702 1846 τοῖς
740 1783 924 1844 αὐτοῖς
975 1780 1158 1851 έργο;ς
1211 1797 1270 1833 τε
1327 1782 1423 1836 καὶ
1471 1783 1744 1852 σημείοις,
1780 1778 1874 1831 καὶ
1919 1780 2030 1839 τιῖς

437 1877 550 1946 ’τῆς
582 1875 931 1937 διδασκαλίας
961 1874 1215 1947 ἀφθόνοις
1249 1876 1458 1944 νάμασι
1511 1875 1608 1928 καὶ
1643 1873 1852 1943 πηγαῖς
1907 1871 2032 1923 ἁεν-

452 1973 632 2033 νάοιςσ
687 1969 764 2032 ὠς
817 1968 1051 2038 φανερὸν
1102 1963 1242 2020 εἶναι
1295 1967 1484 2021 λοιπὸν
1538 1966 1632 2019 καὶ
1684 1966 1808 2027 τοὺς
1845 1963 2031 2031 ἁγίους

455 2065 702 2135 Πατέρας
727 2064 822 2117 καὶ
872 2060 1228 2123 διδασκάλους
1259 2057 1349 2112 διά
1378 2057 1470 2111 τοῦ
1526 2057 1797 2125 παναγίου
1833 2055 2020 2108 λαλεῖν

455 2157 802 2228 Πνεύματος,
838 2157 932 2208 καὶ
983 2155 1210 2226 ῥήματα
1262 2153 1602 2222 φθέγγεσθαι
1651 2149 1748 2204 ἰτοὖ
1780 2149 2035 2220 Σωτῆρος

453 2249 595 2304 κατά
649 2249 933 2319 τυράννων
964 2249 1059 2301 καὶ
1096 2247 1203 2316 ,ήγε
1214 2245 1413 2316 μόνων,
1451 2246 1544 2298 καὶ
1572 2243 1678 2296 τῶν
1708 2244 1774 2312 τῇ
1805 2240 2036 2312 ἀληθείᾳ

455 2342 780 2412 μαχομένων
811 2340 1107 2408 αἱρετικῶν
1152 2338 1653 2407 συγγραψαμένους
1692 2339 1785 2389 καί
1831 2335 2034 2404 δογμα-

452 2438 725 2500 τίζοντας,
765 2435 862 2487 καί
901 2431 1275 2502 κηρύττοντας
1305 2431 1405 2500 τὴν
1459 2428 1744 2498 ἀλήθειαν.
1795 2426 1951 2480 Οῦτω
1979 2427 2036 2480 δὲ

453 2531 700 2600 ἔχοντας,
735 2528 831 2579 καὶ
861 2525 1176 2594 συμφωνεῖν
1208 2523 1423 2586 ἑαυτοῖς
1457 2521 1552 2575 καὶ
1585 2521 1837 2590 ἀλλήλοις
1868 2521 2038 2587 ἀνάγ-

452 2636 565 2692 κη·
612 2623 710 2674 καὶ
751 2619 917 2690 μηδὲν
951 2617 1218 2680 ὲναντίον,
1255 2616 1315 2668 οὗ
1373 2615 1592 2684 μικρὸν,
1646 2615 1706 2667 οὐ
1767 2615 1932 2682 μέγα,
1973 2613 2035 2666 οὐ

451 2717 591 2786 πρὸς
622 2714 916 2783 ἀλλήλους,
949 2711 1007 2764 οῦ
1045 2711 1180 2780 πρὶς
1207 2710 1457 2773 ἑαυτοὺς,
1488 2709 1599 2761 οὐδ’
1629 2708 1884 2776 ἐννοῆσαι
1908 2707 2038 2774 γοῦν

451 2807 589 2870 ὃλως
620 2805 843 2876 θεμιτὸν
873 2804 1074 2866 αὐτοὺς
1103 2804 1271 2872 φάναι
1294 2819 1308 2833 ο
1347 2801 1487 2855 οὕτω
1537 2803 1646 2870 γάρ
1678 2802 1744 2855 ἂν
1773 2803 1874 2856 οὐκ
1904 2802 2036 2871 άλη-

455 2901 604 2961 θιία;
634 2898 837 2969 μᾶλλον
864 2896 897 2965 ἢ
954 2893 1165 2962 πλάνης
1197 2896 1256 2947 ὲν
1297 2894 1480 2956 αύεοῖς
1511 2893 1738 2962 ἑλάλησε⁹
1774 2893 1994 2964 πνεῦμα
2021 2909 2036 2925 ⁸

456 2993 634 3065 πλάνη
667 2993 775 3061 γάρ
811 2991 1050 3052 καὶτοῖς
1103 2987 1485 3056 πλανωμένοις
1537 2989 1760 3054 οἰκεῖον,
1811 2987 1900 3040 δτὲ
1937 2988 2038 3058 μὲν

2131 581 2225 636 καὶ
2248 584 2614 652 ἐπιστήμονος
2637 583 2830 653 ἀνδρὸς
2859 581 3100 645 άπλανές
3129 581 3247 635 ἐστι
3274 584 3502 652 σημεῖον
3525 582 3701 650 ἐαυτῷ

2131 677 2226 728 καὶ
2251 677 2365 740 τοῖς
2398 676 2579 738 ἄλλοις
2617 677 2800 744 σοφοῖς
2824 675 3162 745 συμφωνεῖν.
3191 675 3343 744 Ὂσῳ
3367 669 3458 726 οῦν
3493 675 3704 742 ἀνθρὼ-

2130 784 2248 820 πων
2272 768 2452 838 σοφῶν
2487 768 2549 821 τὸ
2583 769 2680 837 τῆς
2711 770 2902 836 σοφίας
2936 768 3028 820 καὶ
3059 766 3319 836 ἀληθείας
3377 767 3704 837 ὑπέρκειται

2130 859 2378 929 Πνεῦμα,
2415 861 2655 932 τοσούτῳ
2677 859 2770 913 καὶ
2805 858 3094 928 σύμφωνον
3117 859 3296 929 ἑαυτῷ
3332 859 3540 928 μᾶλλον
3563 855 3707 911 εἶναι

2129 954 2366 1022 ἀνάγκη.
2398 954 2472 1007 Ού
2509 952 2614 1025 μὴν
2649 953 2764 1006 ἀλλ’
2796 954 2846 1006 εῖ
2877 971 2959 1016 τις
2993 953 3091 1006 καὶ
3124 953 3336 1014 ἑαυτοῖς
3383 952 3416 1022 ἢ
3445 951 3702 1020 ἀλλήλοις

2130 1045 2247 1098 ἔσθ’
2303 1047 2392 1100 ὅτε
2437 1045 2564 1109 τοὺς
2620 1048 2868 1117 Πατέρας
2912 1047 3369 1116 ἐναντιουμένους
3410 1045 3708 1115 τολμήσειε

2131 1141 2319 1209 φάναι,
2352 1139 2472 1210 ὥρα
2497 1139 2686 1195 λοιπὸν
2718 1140 2864 1208 αὑτῷ
2912 1140 3054 1210 μετὰ
3089 1139 3202 1193 τῶν
3228 1138 3475 1192 ἀπίστων
3503 1137 3712 1207 ταχθῆ-

2133 1249 2223 1284 ναι
2253 1232 2477 1285 καὶτῶν
2522 1231 2733 1303 ἐχθρῶν
2766 1229 3139 1300 τοῦσταυροῦ
3163 1246 3176 1261 ·
3213 1225 3293 1292 οἷς
3330 1229 3491 1298 ἔργον
3519 1227 3710 1280 ἐντεῦ-

2131 1323 2224 1377 θεν
2261 1328 2326 1380 τὰ
2362 1326 2606 1396 ἡμέτερα
2641 1326 2943 1395 ἐπιχειρεῖν
2979 1323 3343 1377 ὑποσαλεύειν
3406 1322 3710 1390 μυστήρια,

2131 1419 2430 1489 τεκμήριον
2462 1417 2563 1487 τῆς
2611 1415 2708 1470 τοῦ
2765 1417 3124 1486 κηρύγματος
3174 1415 3488 1480 ἀσθενείας,
3542 1413 3713 1466 πλάτ-

2132 1527 2314 1564 τουσιν
2348 1509 2793 1580 ὲναντιοφανείας
2821 1509 2974 1570 τινάς
2995 1510 3092 1578 τῆς
3112 1507 3264 1569 θείας
3293 1507 3540 1577 Γραφῆς.
3568 1504 3714 1573 πλὴν

2131 1603 2312 1658 αὐτῶν
2341 1602 2514 1656 οὐδενὶ
2548 1603 2720 1674 ἑτέρῳ
2764 1603 3062 1664 δοκούσαςο
3102 1599 3224 1652 καθ’
3266 1593 3340 1652 ὧν
3408 1599 3514 1662 ’πᾶς
3563 1597 3719 1650 διδά-

2136 1695 2337 1759 σκαλος
2390 1695 2745 1760 {eratsimul
2793 1693 3154 1762 ἀγωνίζονται
3199 1693 3401 1753 πάντες
3440 1708 3720 1760 συκοφανο

2137 1789 2364 1851 τοῦντας
2393 1788 2633 1850 ἐκείνους
2663 1787 2760 1855 τὴν
2792 1787 3051 1856 ἀλήθειαν
3083 1785 3274 1849 δεῖξαι,
3307 1782 3718 1853 συμϐαίνουσαν

2141 1883 2307 1950 ἑαυτῇ
2337 1879 2434 1951 τὴν
2469 1879 2622 1933 θείαν
2650 1878 3072 1940 ἀποδεικνύντες
3098 1876 3187 1930 διά
3214 1875 3434 1930 πάντων
3462 1875 3715 1944 Γραφήν.

2140 1975 2352 2038 ’Λλλως
2380 1991 2438 2026 τε
2471 1973 2565 2027 καὶ
2593 1973 2754 2042 ἡμεῖς
2783 1971 2913 2032 τοὺς
2944 1968 3050 2034 ἔξω
3097 1968 3198 2038 τῆς
3228 1967 3506 2039 ἡμετέρας
3542 1966 3720 2035 αὐλῆς

2136 2083 2196 2118 τε
2245 2067 2341 2118 καὶ
2384 2065 2720 2128 Ἐκκλησίας
2773 2060 2862 2114 διὰ
2901 2061 3109 2114 τούτων
3161 2057 3584 2132 συμποδίζοντες
3620 2058 3723 2110 καὶ

2135 2157 2557 2228 ἀνατρέποντες,
2607 2155 2732 2219 τοὺς
2763 2156 2863 2225 τῆς
2895 2152 3054 2222 δόξης
3113 2154 3295 2208 αὐτῶν
3330 2154 3606 2223 ἡγεμόνας
3657 2155 3723 2204 ἐν

2137 2249 2414 2312 πλείστοις
2466 2248 2816 2318 μαχομένους
2847 2247 3108 2318 ἀλλήλοις
3157 2247 3582 2315 ἀποφαίνοντες,
3621 2244 3724 2298 καὶ

2137 2340 2222 2393 διὰ
2254 2339 2458 2391 τούτων
2511 2337 2612 2410 τὴν
2649 2338 2828 2392 αὐτῶν
2872 2339 3184 2409 ἐλέγχοντες
3221 2339 3465 2406 ἄγνοιαν,
3497 2336 3613 2398 πῶς
3650 2338 3725 2391 ἂν

2140 2435 2233 2486 καὶ
2266 2432 2389 2486 καθ’
2426 2434 2584 2503 ἡμῶν
2632 2432 2812 2485 αὐτῶν
2855 2433 3014 2485 τοῦτο
3063 2433 3364 2502 δεξαίμεθα
3411 2434 3469 2486 τὸ
3517 2431 3722 2496 δεινὸν,

2140 2528 2235 2580 καὶ
2283 2527 2408 2590 τοὺς
2445 2525 2743 2597 ἡμετέρους
2781 2526 3030 2595 Πατέρας
3081 2526 3186 2579 ὑπὸ
3225 2525 3424 2578 ταυτὸν
3482 2543 3726 2594 περιπε-

2143 2621 2258 2673 σεῖν
2291 2619 2760 2688 συγχωρήσαιμεν
2795 2615 2990 2682 πάθος,
3027 2617 3076 2670 εί
3113 2619 3187 2688 μὴ
3229 2618 3324 2672 καὶ
3356 2620 3457 2688 τὴν
3485 2619 3722 2674 καθόλου

2143 2715 2326 2766 πίστιν
2351 2712 2508 2782 ἡμῶν
2538 2711 2814 2764 ἐθελονταὶ
2843 2709 3001 2764 αὐτοὶ
3027 2710 3335 2781 ἀνατρέψαι
3367 2711 3674 2782 θελή-σομεν
3706 2731 3722 2778 ;

2156 2807 2294 2861 Ἀλλ’
2322 2809 2490 2875 ἀπείη
2517 2823 2578 2874 γε
2637 2805 2796 2858 τοῦτο
2833 2804 2934 2872 τῆς
2965 2804 3208 2874 Χριστοῦ
3255 2805 3580 2873 Ἐκκλησίας
3623 2809 3727 2858 καὶ

2143 2901 2248 2954 τῶν
2285 2901 2485 2970 ταύτης
2547 2900 2856 2970 τροφίμων.
2897 2897 3148 2968 Ὀρῶμεν
3184 2898 3241 2951 δὲ
3284 2900 3511 2961 καὶτὰς
3539 2900 3729 2953 οἰκου-

2147 2995 2374 3065 μενικάς
2410 2991 2630 3055 ἁπάσας
2669 2991 2921 3056 συνόδους
2952 2991 3206 3062 περὶτῶν
3234 2991 3444 3066 ἑκάστῃ
3492 3007 3728 3064 προκειο

453 3179 665 3248 vobis‘)
697 3195 712 3244 ;
746 3176 1038 3231 manifeste
1072 3174 1158 3229 bis
1192 3171 1376 3228 verbis
1425 3171 1738 3241 signiﬁcans
1779 3185 2034 3239 quaecun-

2141 3188 2244 3238 est.
2289 3192 2390 3232 nec
2449 3177 2550 3230 hoc
2588 3190 2688 3230 nec
2741 3175 2874 3228 illud
2917 3187 3163 3228 asserere
3194 3211 3208 3237 ,
3256 3170 3724 3242 quemadmodum

452 3289 563 3343 que
592 3271 659 3326 ab
689 3269 796 3324 illis
823 3268 1160 3331 dicerentur,
1203 3282 1299 3320 sua
1344 3280 1463 3318 esse
1509 3264 1674 3316 verba
1704 3272 1759 3315 et
1794 3261 2034 3330 Spiritus

453 3365 630 3421 sancti
665 3364 718 3417 itt
741 3362 847 3416 illis
866 3359 1190 3430 loquentis:
1230 3373 1390 3426 quem
1424 3355 2032 3422 alibisuperventurum

453 3457 766 3521 afﬁrmavit,
790 3455 1192 3521 docturutnque
1234 3466 1331 3505 eos
1359 3465 1578 3503 omnem
1636 3448 1945 3510 veritatem,
1979 3456 2035 3499 ut

451 3552 622 3606 etiam
675 3550 840 3603 verba
898 3546 1180 3615 ipsorum,
1223 3543 1432 3613 Spiritu
1464 3541 1711 3596 verita‘is
1754 3540 1806 3593 in
1835 3539 1916 3594 eis
1953 3539 2033 3592 lo-

451 3655 678 3726 qqente,
723 3641 926 3697 veritas
971 3649 1028 3694 et
1068 3638 1177 3691 vita
1227 3643 1429 3690 essent.
1465 3633 1630 3702 Atqui
1683 3633 1845 3686 verba
1895 3630 2031 3696 hate,

455 3725 616 3795 nemo
671 3747 756 3791 est
801 3733 894 3807 qui
927 3732 1186 3801 ambigat,
1220 3745 1330 3783 non
1365 3729 1527 3783 modo
1561 3728 1626 3780 ad
1675 3728 1880 3794 primos
1913 3725 2034 3779 illos

455 3833 646 3890 referri
676 3827 973 3887 Salvatoris
1017 3824 1346 3893 discipulos,
1392 3822 1594 3892 quibus
1639 3821 1824 3874 datum
1854 3832 1945 3872 est
1977 3827 2035 3871 ttt

454 3934 778 3996 praesentem
814 3937 938 3977 eum
975 3921 1346 3978 intuerentur,
1382 3915 1476 3968 sed
1499 3914 1667 3968 etiam
1697 3910 1762 3964 ad
1786 3920 2036 3979 pastores

453 4017 820 4074 Eeclesiarutn
845 4024 901 4068 et
931 4012 1188 4067 doctores
1225 4022 1456 4064 caeteros
1484 4006 1576 4076 qui
1609 4017 1728 4074 post
1757 4006 2035 4074 apostolos

454 4107 804 4180 Evangeliutn
863 4105 1258 4176 pradicavere.
1309 4102 1424 4152 Hoc
1455 4100 1604 4153 enim
1647 4108 1702 4152 et
1743 4101 1858 4166 ipse
1924 4098 2036 4152 Sal-

452 4212 610 4255 vator
638 4200 830 4268 prohat
861 4211 984 4250 cum
1019 4193 1238 4263 inquit:
1279 4190 1410 4255 Quae
1439 4190 1580 4244 vobis
1614 4190 1758 4250 dico,
1795 4189 2034 4241 omnibus

448 4297 618 4350 dico:
649 4301 704 4347 et
751 4304 841 4346 res
893 4287 1024 4358 ipsa:
1062 4281 1513 4339 manifestissime
1576 4281 1896 4336 ostendunt;
1946 4279 2035 4335 Si-

447 4387 672 4457 quidem
705 4383 919 4454 priores
955 4379 1136 4434 cuncti
1182 4379 1434 4432 doetores
1491 4373 1682 4429 iisdem
1715 4376 2037 4428 claruerunt

449 4475 868 4550 Operationibus
905 4481 962 4529 et
991 4473 1184 4542 signis,
1214 4468 1359 4539 quod
1386 4467 1559 4522 divini
1594 4467 1743 4522 verbi
1770 4467 2033 4536 pradica-

453 4576 602 4628 tione
628 4568 874 4643 divinum
917 4564 1148 4619 verbum
1203 4576 1312 4616 non
1376 4560 1558 4614 minus
1608 4575 1703 4625 per
1737 4573 1833 4612 eos
1867 4573 2031 4627 quam
2065 4548 2108 4602 Ι)

453 4680 552 4734 per
569 4659 848 4730 apostolos
887 4654 1251 4726 sequentibus
1277 4653 1448 4725 signis
1477 4651 1862 4708 conﬁrmatum
1889 4650 1991 4705 fuit
2015 4671 2029 4706 :

456 4763 516 4808 ut
543 4751 722 4822 palam
762 4746 1020 4803 omnibus
1049 4745 1140 4810 sit,
1175 4747 1321 4814 ipsos
1353 4759 1572 4814 quoque
1600 4753 1821 4799 sanctos
1847 4743 2036 4800 Patres

453 4856 510 4898 et
543 4841 796 4895 doctores
820 4834 1144 4893 Christianae
1196 4833 1320 4887 ﬁdei
1349 4849 1446 4903 per
1485 4833 1750 4903 Spiritum
1785 4845 2032 4888 sanctum

452 4936 669 4992 locutos
703 4929 894 4994 fuisse,
939 4929 1212 4997 verbaque
1253 4926 1498 4995 ipsorum
1533 4925 1833 4980 Salvatoris
1860 4924 2032 4980 nostri

421 5019 426 5026 ’
454 5028 622 5082 verba
649 5023 950 5084 exstitisse,
975 5035 1099 5074 cum
1127 5019 1392 5074 adversus
1418 5029 1676 5089 tyrannos
1697 5026 1754 5073 et
1775 5017 2034 5086 praesides

454 5131 510 5176 et
544 5119 789 5174 veritatis
843 5116 1032 5170 hostes
1082 5121 1389 5172 certavere,
1427 5111 1702 5180 scripsere
1753 5120 1810 5165 et
1857 5112 2033 5182 palam

457 5215 742 5269 veritatem
770 5205 1167 5281 ,pracdicavere.
1200 5203 1321 5270 Quo
1361 5204 1418 5258 (it
1471 5213 1530 5258 ut
1564 5217 1788 5260 necesse
1825 5205 1916 5269 sit,
1937 5221 2036 5261 eos

456 5306 561 5362 sibi
621 5303 856 5358 invicem
890 5309 1259 5354 consentanea
1313 5296 1541 5362 dicere;
1586 5304 1643 5349 et
1701 5294 1840 5349 ratio
1893 5298 2039 5367 cegit

457 5398 616 5454 fateri
653 5393 790 5450 nihil
840 5391 910 5446 ab
942 5390 1055 5444 illis
1086 5388 1292 5443 dictum
1321 5403 1464 5454 esse,
1495 5386 1640 5455 quod
1679 5385 1914 5441 invicem
1951 5402 2041 5442 re-

460 5501 664 5562 pugnet
705 5505 774 5544 ne
814 5485 1056 5542 minimis
1085 5482 1308 5555 quidem
1365 5483 1418 5536 in
1457 5480 1666 5535 rebus;
1703 5480 1864 5534 aliter
1891 5479 2038 5535 enim

461 5602 566 5640 non
620 5583 864 5638 veritatis
914 5579 1086 5650 magis
1139 5592 1303 5646 quam
1372 5574 1645 5629 mendacii
1704 5573 1933 5644 Spiritus
1983 5572 2037 5626 in

458 5678 569 5732 illis
610 5678 828 5731 locutus
867 5674 1080 5728 fuisset.
1149 5668 1418 5726 Mendacii
1475 5679 1710 5737 namque
1750 5665 2034 5736 pr0prium

529 5856 546 5888 ⁸
581 5853 766 5908 Matth.
797 5867 851 5918 ι,
895 5850 974 5917 19,
1014 5848 1106 5902 20.

2145 3270 2407 3340 sapientis
2439 3269 2653 3336 signum
2685 3277 2786 3328 est,
2817 3265 2921 3320 sibi
2961 3265 3179 3320 assidue
3218 3274 3498 3334 constare,
3531 3264 3729 3317 nullis-

2143 3380 2250 3434 que
2303 3363 2356 3416 in
2418 3363 2583 3415 rebus
2638 3375 2667 3413 a
2707 3358 2919 3413 caeteris
2974 3355 3314 3425 sapientibus
3384 3355 3725 3424 discrepare.

2143 3456 2360 3523 Quanto
2395 3454 2559 3523 igitur
2592 3452 2844 3506 homines
2894 3450 3167 3517 sapientes
3217 3446 3499 3515 sapientia:
3537 3455 3593 3500 et
3631 3461 3731 3499 ve-

2145 3550 2320 3605 ritatis
2341 3548 2579 3618 Spiritus
2607 3545 2904 3609 antecellit,
2944 3553 3095 3596 tanto
3153 3541 3326 3610 magis
3365 3553 3588 3593 necesse
3638 3549 3729 3593 est

2145 3657 2270 3697 eum
2307 3639 2413 3696 sibi
2449 3638 2554 3708 ipsi
2584 3645 3016 3692 consentaneum
3057 3647 3200 3688 esse.
3235 3631 3300 3684 Et
3348 3632 3392 3684 si
3423 3630 3547 3700 quis
3581 3629 3725 3683 forte

2144 3737 2233 3799 sit,
2252 3735 2345 3804 qui
2368 3739 2587 3788 sanctos
2617 3719 2806 3784 Patres
2833 3734 2886 3781 et
2915 3727 3170 3782 doctores
3201 3734 3419 3779 nostros
3442 3723 3724 3776 contraria

2147 3827 2379 3882 invicem
2422 3823 2630 3878 dixisse
2667 3819 2963 3884 existimet,
3002 3834 3128 3874 eum
3167 3816 3413 3887 profecto
3443 3830 3566 3869 cum
3599 3814 3726 3868 infi-

2143 3919 2356 3974 delibus
2390 3925 2444 3972 et
2469 3916 2653 3970 crucis
2693 3912 2944 3968 hostibus
2972 3907 3362 3966 connumerari
3388 3907 3467 3961 fas
3491 3916 3596 3966 est,
3623 3906 3721 3974 qui

2145 4012 2274 4066 hinc
2323 4022 2558 4080 arguere
2599 4005 2757 4060 [idem
2813 4012 3056 4059 nostram
3115 4008 3541 4062 consueverunt,
3581 4013 3722 4052 con-

2146 4105 2454 4155 trarietates
2511 4097 2778 4166 quasdam
2829 4102 2884 4149 et
2911 4091 3377 4148 contradictiones
3437 4103 3723 4143 sacrarum

2145 4195 2446 4250 litterarum
2510 4191 2653 4244 inter
2702 4202 2760 4242 se
2818 4185 3127 4255 ﬁngentes:
3164 4199 3301 4254 quas
3337 4193 3514 4237 tamen
3556 4195 3727 4236 nemo

2145 4285 2513 4356 praeteripsos
2553 4281 2687 4335 tales
2718 4278 3012 4342 existimat,
3059 4286 3252 4331 contra
3299 4290 3438 4344 quos
3478 4274 3726 4328 universi

2144 4380 2400 4434 doctores
2438 4382 2648 4430 certant
2671 4411 2686 4438 ,
2721 4385 2927 4441 eosque
2963 4369 3389 4424 calumniatores
3423 4381 3542 4421 esse
3578 4365 3733 4419 veri-

2147 4470 2270 4525 tatis
2304 4475 2560 4537 arguunt,
2590 4473 3015 4518 eonsentaneam
3073 4458 3177 4514 sibi
3209 4472 3328 4511 esse
3379 4455 3582 4524 ubique
3631 4470 3730 4509 s.-

2137 4576 2283 4616 cram
2319 4557 2661 4627 Scripturam
2700 4539 3097 4609 asseverantes.
3156 4549 3424 4605 Praeterea
3469 4564 3592 4602 eum
3623 4563 3728 4603 nos

2137 4669 2234 4724 per
2259 4651 2406 4706 hunc
2430 4649 2653 4703 modum
2686 4646 2919 4716 gentiles
2951 4652 3004 4700 et
3043 4657 3140 4697 eos
3162 4643 3256 4711 qui
3297 4653 3451 4695 extra
3477 4651 3724 4694 nostram

2139 4743 2440 4799 Ecclesiam
2473 4747 2622 4805 sunt,
2667 4751 2983 4809 arguamus,
3021 4735 3497 4806 ignorantiamque
3524 4747 3723 4786 eorum

2138 4831 2719 4904 comprehendamus,
2787 4827 3148 4900 philosophos
3211 4827 3422 4881 scilicet
3467 4834 3524 4878 et
3593 4824 3726 4879 ﬁdei

2142 4941 2334 4984 eorum
2395 4939 2694 4996 praecones,
2758 4922 2814 4976 in
2863 4919 3284 4990 quatnplurimis
3337 4918 3442 4971 sibi
3485 4917 3727 4971 invicem

2145 5020 2610 5082 contradicentes,
2654 5014 3009 5070 ostendentes
3037 5029 3049 5066 :
3085 5009 3361 5080 quomodo
3392 5009 3557 5065 etiam
3586 5023 3728 5064 con-

2146 5124 2228 5170 tra
2265 5127 2363 5166 nos
2403 5113 2551 5179 ipsos
2585 5110 2690 5162 hoc
2717 5106 2865 5161 idem
2911 5103 3344 5173 acceptabimus,
3401 5110 3458 5156 et
3501 5108 3731 5155 nostros

2146 5205 2402 5260 doctores
2425 5199 2668 5272 ejusdem
2700 5197 2951 5252 criminis
2991 5209 3117 5249 rccs
3145 5209 3265 5249 esse
3307 5193 3728 5256 arbitrabimur,

2146 5297 2252 5351 nisi
2282 5305 2338 5350 et
2377 5307 2615 5351 nostram
2647 5291 2748 5361 ipsi
2779 5301 2972 5360 sponte
3002 5297 3187 5344 nostra
3219 5298 3470 5343 evertere
3494 5285 3732 5339 velimus

2144 5393 2303 5448 Iidem
2328 5390 2352 5443 ‘I
2378 5388 2484 5446 Sed
2507 5387 2651 5442 absit
2672 5386 2776 5441 hoc
2801 5401 2832 5440 a
2859 5383 3062 5440 Christi
3091 5383 3339 5438 Ecclesia
3373 5381 3729 5449 alumnisque

2140 5479 2280 5554 ejus.
2315 5481 2574 5537 Videmus
2617 5478 2766 5534 enim
2812 5493 2959 5532 nunc
2994 5475 3323 5532 universalia
3361 5489 3556 5530 cuncta
3591 5489 3730 5528 con-

2142 5574 2290 5638 cilia,
2328 5573 2626 5640 Palresque
2652 5571 2706 5624 in
2745 5569 2828 5625 eis
2849 5579 3232 5640 congregatos,
3273 5567 3340 5622 de
3373 5565 3730 5638 dogmatibus

2147 5665 2440 5738 propositis
2480 5678 2588 5719 non
2631 5663 2884 5718 humanae
2932 5662 3215 5733 sapientia:
3247 5658 3726 5732 persuasionibus,
