4086 6422
323 421 430 483 553

1277 421 1564 483 unum
1605 419 2048 483 DOGMATICA
2084 402 2234 484 tino
2271 419 2588 484 UNIONE.

3464 409 3576 472 554'

324 529 498 599 μένων
521 526 812 598 δογμάτων
849 527 949 582 οὐκ
981 527 1328 600 ἀνθρωπίνης
1367 534 1558 599 σοφίας
1602 531 1798 590 πειθοῖ.
1829 529 1890 582 οὗ
1919 530 1971 590 Δ
1997 532 2162 601 ναμίς
2195 549 2256 585 τε
2305 533 2400 585 καὶ
2450 515 2742 600 ἑλλαμψιςζ
2789 523 3070 581 ’Ἐντεῦθεν
3137 521 3409 593 φαίνεται,
3463 521 3574 574 τῶν

319 620 684 692 τεχνολογίαις
720 621 1008 689 ῥημάτων,
1044 622 1106 673 οὐ
1146 625 1397 688 φυσικοῖς
1433 623 1634 687 λόγοις,
1661 623 1722 674 οὐ
1765 621 1894 674 συλ-

318 712 594 780 λογισμοῖς
643 713 1048 781 χρησαμένους,
1101 713 1238 766 ἀλλά
1297 713 1444 782 μόνῳ
1494 714 1896 782 στοιχήσαντας

319 805 586 874 κριτηρίῳ
612 806 740 868 τοὺς
773 806 1026 875 Πατέρας
1053 807 1180 868 τοὺς
1214 807 1275 858 ἐν
1307 805 1498 870 αὑταῖς
1525 807 1764 874 γυμναῖς
1787 805 1896 860 τῶν

317 899 422 962 πρὸ
467 895 650 949 αὐτῶν
699 897 964 968 Πατέρων
999 898 1094 950 καὶ
1149 897 1491 952 διδασκάλων
1519 897 1894 960 διδασκαλίαις

318 990 406 1042 καὶ
436 989 634 1057 λόγοις,
672 991 765 1044 καὶ
795 990 883 1042 διὰ
923 991 1131 1043 τούτων
1165 991 1634 1060 συμπεράναντας
1657 991 1728 1043 τά
1763 989 1894 1059 περὶ

315 1079 422 1132 τῶν
451 1078 714 1133 ἑκάστοτε
745 1079 1102 1152 ζητουμένων
1128 1083 1442 1152 δογμάτων,
1467 1084 1559 1136 καὶ
1593 1082 1714 1134 κατ’
1749 1084 1896 1150 ἴχνος

315 1171 794 1242 ἀκολουθήσαντας
823 1176 942 1236 ταῖς
977 1175 1086 1226 τῶν
1121 1175 1292 1241 άγίων
1327 1177 1554 1242 φωναῖς.
1591 1174 1748 1226 Ὠστ’
1793 1174 1896 1226 οὐκ

315 1259 412 1316 οἷδ’
440 1266 470 1318 ὃ
501 1281 556 1316 τι
587 1267 718 1335 περὶ
741 1267 836 1334 τῆς
871 1267 1102 1319 καθόλου
1137 1267 1372 1330 πίστεως
1399 1267 1556 1338 ἡμῶν
1579 1266 1732 1319 ἔσται
1763 1283 1898 1335 φρο-

317 1359 445 1420 νεῖν,
504 1357 557 1408 ei
578 1373 664 1420 τις
699 1357 760 1409 τὸ
793 1359 1053 1428 άτὸπημα
1119 1357 1280 1410 τοῦτο
1328 1355 1778 1426 παρακολουθοῦν
1811 1358 1898 1409 δέ·

317 1447 468 1508 ξαιτο
491 1450 604 1510 τοῖς
649 1448 951 1518 Πατράσιν.
979 1447 1042 1502 Ei
1081 1449 1189 1516 γὰρ
1223 1449 1274 1501 οί
1301 1450 1396 1518 τῆς
1425 1452 1660 1510 πίστεως
1688 1449 1894 1519 ἡγεμό-

314 1557 402 1602 νις
459 1540 524 1592 οὐ
579 1540 754 1594 ταυτὰ
791 1541 1014 1602 πάντες,
1053 1541 1170 1594 ἀλλ’
1202 1543 1252 1594 oi
1313 1541 1412 1611 μὲν
1441 1541 1716 1611 ἀλλήλοις,
1751 1543 1800 1593 οἱ
1838 1541 1896 1592 δὲ

315 1633 408 1684 καὶ
431 1633 668 1698 ἑαυτοῖς,
711 1632 814 1702 φεῦ
843 1633 944 1702 τῆς
974 1633 1242 1697 ἀτοπίαςι
1279 1635 1497 1687 ἐναντία
1540 1634 1726 1704 φασὶν,
1772 1635 1802 1702 ἡ
1841 1634 1896 1686 δὲ

315 1723 500 1786 πίστις
534 1723 568 1792 ἡ
609 1723 858 1793 ἡμετέρα
896 1726 1008 1786 τοῖς
1035 1723 1262 1776 ἐκείνων
1299 1723 1516 1793 ἵδρυται
1548 1724 1726 1790 λόγοις
1749 1741 1762 1754 ·
1803 1740 1894 1775 κε-

315 1816 400 1868 νὸν
429 1815 542 1884 ἄρα
599 1816 662 1868 τὸ
713 1816 980 1886 κήρυγμα
1025 1816 1208 1884 ἡμῶν,
1257 1817 1392 1887 κενὴ
1421 1817 1476 1869 δὲ
1510 1817 1668 1886 καὶὴ
1713 1817 1894 1878 πίστις

1995 623 2292 692 αῖρετικῶν
2338 623 2758 693 συγκρουόντων
2790 621 2916 684 τοὺς
2949 617 3141 686 άγίους
3173 615 3448 698 ἀλλήλοις,
3477 614 3575 668 καί

1994 728 2146 775 τινας
2201 711 2476 764 δλκὸντων
2543 711 2680 781 πρὸς
2736 710 2796 762 τὸ
2851 710 3057 762 ἑαυτῶν
3113 705 3391 776 βούλημα,
3448 703 3575 756 οὔτε

1995 803 2409 874 άπαρνούμενος
2437 805 2466 858 ὁ
2508 805 2778 874 μακάριος
2823 803 3078 872 Ἰωάννης
3117 800 3248 859 τοὺς
3277 796 3572 860 δοκοῦντας

1997 897 2180 960 αὐτοῖς
2239 899 2587 966 συνηγορεῖν,
2652 894 2775 950 οὔτε
2825 895 3136 966 δεχόμενος,
3194 893 3268 955 ὡς
3333 891 3570 944 ἐκεῖνοι⁸

1996 986 2132 1039 ἀλλα
2165 987 2526 1056 προσιέμενος
2551 989 2648 1055 μὲν
2673 986 2893 1049 αὐτοὺς,
2925 986 3264 1055 πειρώμενος
3289 983 3333 1035 δ’
3375 980 3578 1042 αὐτοὺς

1999 1077 2092 1131 καὶ
2145 1078 2360 1140 ἑαυτοῖς
2415 1080 2508 1131 καὶ
2563 1078 2817 1148 ἀλλήλοις
2889 1077 3290 1144 συμϐαίνοντας
3358 1072 3572 1136 δεῖξαι·

1998 1167 2158 1223 τοῦτο
2191 1170 2300 1242 γὰρ
2347 1170 2508 1240 ἔργον
2554 1171 2670 1223 ἐστὶ
2712 1169 3064 1235 διδασκάλου,
3095 1169 3258 1224 τοῦτο
3307 1169 3574 1236 Χριστια-

1999 1263 2112 1314 νοῦ.

2083 1353 2144 1405 Ἦ
2169 1353 2225 1407 δὲ
2269 1353 2472 1425 ἑϐδόμη
2506 1355 2614 1407 τῶν
2663 1355 3060 1425 οίκουμενικῶν
3106 1353 3342 1407 συνόδων
3375 1352 3465 1406 διὰ
3485 1353 3577 1404 τοῦ

2001 1445 2156 1514 ἁγίου
2195 1449 2330 1514 φησὶ
2380 1446 2658 1516 Ταρασίου
2695 1449 2752 1500 ἑν
2786 1450 2850 1519 τῇ
2891 1445 3088 1520 πρώτῃ
3120 1445 3295 1513 αὐτῆς
3337 1443 3576 1514 πράξει·

2003 1537 2139 1590 Κατ’
2172 1538 2323 1591 οὐδὲν
2353 1540 2478 1602 τοὺς
2503 1539 2755 1610 Πατέρας
2787 1539 3118 1608 εὑρίσκομεν
3144 1535 3578 1606 διαφωνοῦντας,

2001 1629 2116 1682 ἀλλ’
2147 1630 2222 1692 ὡς
2252 1630 2347 1684 τοῦ
2383 1630 2550 1683 αὐτοῦ
2589 1631 2902 1700 πνεύματος
2931 1631 3082 1693 ὄντες
3119 1628 3322 1692 πάντες
3357 1629 3417 1681 τδ
3447 1627 3580 1680 αὐτὸ

2000 1722 2332 1791 κηρύττουσι
2367 1723 2462 1776 καὶ
2496 1723 2833 1776 διδάσκουσι.
2867 1723 2974 1775 Καὶ
3005 1723 3036 1792 ἡ
3065 1720 3206 1790 αὑτὴ
3239 1719 3328 1772 διὰ
3359 1717 3452 1772 τοῦ
3485 1719 3582 1770 αὖ·

2000 1809 2094 1864 τοῦ
2115 1811 2270 1875 αὖθις
2295 1813 2352 1865 ἐν
2379 1815 2444 1882 τῇ
2465 1811 2604 1884 αὐτῇ
2635 1811 2833 1882 πράξει
2858 1828 2872 1843 ·
2901 1809 3188 1880 Πανταχοῦ
3223 1809 3331 1878 γὰρ
3361 1809 3409 1860 oi
3433 1806 3580 1876 άγιοι

313 1909 494 1979 ἡμῶν.
539 1909 705 1962 Ἀλλά
729 1873 930 1978 πὲλλῆξ
955 1873 1124 1972 ὅντως
1152 1910 1340 1974 ἀνοίας
1373 1873 1632 1979 ἐννοῆσαι
1657 1873 1803 1978 ⁵γοῦν
1831 1913 1899 1962 τα
1933 1873 1974 1931 Β
2004 1900 2248 1970 Πατέρες
2305 1873 2886 1971 ἀλλίίλοιςᾌύιλφωνοί
2949 1901 3111 1964 είσιν,
3147 1897 3466 1958 ἐναντίωσις
3523 1896 3578 1948 δὲ

315 2001 542 2055 τοιαῦτα
563 2001 818 2072 περὶτῶν
850 2001 1131 2072 θεοφόρων
1155 2003 1378 2056 ἐκείνων
1401 2003 1620 2073 άρδρῶν
1647 2020 1660 2034 ·
1688 2003 1899 2072 ἀνάγκη

317 2097 422 2162 γὰρ
455 2093 656 2155 αὐτοὺς
689 2092 779 2145 διά
833 2109 890 2146 τε
921 2093 988 2146 τὰ
1015 2095 1306 2162 εἰρημένα,
1341 2095 1434 2146 καὶ
1473 2095 1680 2147 τούτων
1737 2094 1900 2162 ἐτερα

319 2188 564 2250 πλείονα,
598 2185 633 2239 ἃ.
667 2187 767 2238 οὐκ
799 2186 1017 2254 ἀνάγκη
1050 2187 1170 2238 νυνὶ
1201 2187 1546 2255 καταλέγειν,
1585 2191 1902 2256 συμφωνεῖν

315 2279 574 2356 ἀλλήλοις
635 2278 730 2346 κοιλἱ
763 2279 1001 2342 ἑαυτοῖς,
1039 2279 1134 2330 καὶ
1175 2279 1319 2332 κατὰ
1357 2281 1524 2348 μηδὲν
1573 2281 1792 2334 ἐναντία
1827 2280 1901 2352 μὴ

317 2373 504 2440 λέγειν
567 2369 706 2440 μηδὲ
744 2371 985 2439 φρονεῖν.
1017 2371 1156 2437 Φησὶ
1203 2371 1259 2422 δὲ
1318 2374 1448 2442 περὶ
1501 2373 1708 2426 τούτων
1747 2376 1843 2427 καὶ
1873 2376 1901 2426 δ

317 2463 588 2534 μακάριος
621 2463 870 2530 Ἰωάννης
923 2463 950 2514 ὁ
985 2463 1348 2532 Δαμασκηνὸς
1395 2467 1452 2516 ἑν
1483 2469 1548 2535 τῇ
1593 2467 1730 2537 πρὸς
1770 2468 1904 2536 Ἰορ.

315 2559 484 2628 δάνην
515 2557 774 2630 ἐπιστολῇ
799 2575 814 2588 ·
852 2559 990 2612 Ἀλλ’
1018 2560 1116 2626 ἄγε
1149 2559 1212 2628 δὴ
1237 2559 1330 2612 καὶ
1355 2559 1419 2622 ἂς
1453 2560 1780 2632 προφέρουσι
1807 2561 1904 2630 ῥή-

318 2667 430 2712 σεις
457 2649 906 2718 ἐπισκεψώμεθα,
935 2651 1026 2702 καὶ
1054 2649 1150 2718 τὴν
1171 2649 1378 2719 ἀκριϐῆ
1406 2649 1612 2703 τούτων
1654 2650 1902 2715 ἐξέτασιν

316 2741 704 2811 ποιησώμεθα,
730 2741 997 2810 πατρικαὶ
1029 2739 1140 2810 γάρ
1173 2737 1360 2808 αῦται,
1398 2741 1492 2794 καὶ
1522 2741 1772 2810 οὐδαμῶς
1810 2743 1902 2794 άν-

317 2831 614 2902 τεροῦμεν.
661 2831 823 2902 Ἀλλά
859 2831 964 2901 χρὴ
1000 2830 1328 2900 συμφώνους
1383 2833 1476 2885 καὶ
1527 2831 1604 2902 μὴ
1649 2832 1902 2902 ἀλλήλοις

317 2923 620 2986 ἐναντίους,
649 2921 804 2976 οὐδὲν
839 2922 894 2974 δὲ
935 2921 1157 2974 ἔλαττον
1207 2923 1424 2985 ἑαυτοῖς
1456 2921 1776 2989 άντιλόγους
1810 2921 1904 2974 καὶ

320 3012 668 3088 μαχομένους
718 3012 1098 3066 ἀποδεικνύειν
1125 3013 1250 3074 τοὺς
1288 3013 1481 3081 άγίονς
1523 3011 1776 3080 Πατέρας
1809 3009 1902 3064 καὶ

315 3104 680 3167 διδασκάλους
701 3119 717 3137 ⁸
758 3097 834 3158 ὧν
860 3105 918 3156 τδ
953 3105 1082 3176 περὶ
1139 3105 1375 3167 πίστεως
1408 3103 1664 3174 φρόνημα
1699 3105 1902 3157 ἑνιαῖον

317 3198 408 3248 καὶ
433 3195 870 3267 ἀπαράλλακτον
900 3195 1102 3260 ἔδειξεν
1135 3195 1168 3264 ἡ
1204 3195 1303 3264 μία
1337 3192 1429 3246 τοῦ
1465 3193 1782 3263 Πνεῦματος
1811 3191 1902 3247 δύ·
1928 3233 1974 3294 c

319 3393 424 3432 non
479 3376 714 3433 artiﬁcio
747 3377 1070 3443 verborum,
1109 3395 1218 3434 non
1279 3378 1588 3438 rationibus
1630 3379 1898 3440 naturali-

321 3470 442 3536 bus,
478 3485 586 3524 non
642 3469 880 3538 denique
920 3471 1251 3540 syllogismis
1287 3487 1412 3526 usos
1454 3471 1641 3538 fuisse,
1677 3472 1772 3528 sed
1809 3489 1904 3528 au-

319 3565 578 3618 ctoritate
601 3563 900 3629 duntaxat;
928 3563 1182 3632 nudaque
1213 3566 1332 3634 ipsa
1363 3565 1530 3619 verba
1555 3566 1902 3634 superiorum

315 3654 630 3716 doctorum,
655 3655 750 3724 qui
789 3671 888 3710 eos
923 3666 1166 3724 tempore
1199 3665 1600 3724 praevenerunt,
1645 3669 1902 3727 tanquam

319 3761 528 3806 rectam
571 3750 836 3818 regulam,
878 3749 1106 3820 gloriam
1143 3749 1393 3804 veritatis
1423 3764 1640 3804 secutos
1691 3751 1899 3804 fuisse:

317 3849 372 3896 et
421 3855 524 3911 per
576 3853 640 3892 ea
671 3853 1024 3907 quascunque
1061 3839 1130 3893 de
1163 3827 1268 3892 ﬁde
1319 3840 1652 3908 qumstioncs
1714 3839 1903 3892 terrui-

320 3945 512 3994 nasse,
535 3939 853 3984 sanctorum
881 3928 1108 3984 Patrum
1135 3929 1362 3999 vestigia
1394 3931 1694 3999 sequendo.
1723 3931 1904 3996 Quare

319 4023 514 4078 nescio
555 4021 686 4089 quid
737 4019 804 4074 de
841 4028 1028 4074 nostra
1053 4019 1158 4074 ﬁde
1188 4033 1376 4088 sapere
1420 4019 1628 4084 liceret,
1685 4021 1729 4074 si
1782 4021 1906 4088 quis

319 4111 591 4168 concedat
648 4125 808 4178 posse
855 4110 958 4164 hoc
997 4110 1390 4164 inconveniens
1419 4111 1677 4164 Patribus
1727 4110 1906 4180 impu-

324 4207 454 4260 tari.
513 4203 572 4258 Si
606 4203 758 4258 enim
796 4201 920 4258 ﬁdei
969 4211 1171 4258 nostra:
1215 4201 1497 4272 principes
1549 4217 1658 4256 non
1714 4201 1904 4256 eadem

322 4311 544 4358 omnes,
605 4295 699 4349 sed
748 4294 840 4348 alii
874 4293 1092 4362 quidem
1130 4293 1390 4358 invicem,
1431 4293 1522 4346 alii
1579 4295 1904 4348 vero’etiam

319 4391 426 4446 sibi
490 4389 646 4458 ipsis,
683 4403 716 4441 ο
767 4402 880 4442 rem
931 4386 1268 4440 absurdam!
1317 4385 1718 4451 contradicunt,
1775 4387 1907 4442 ﬁdes

323 4493 510 4538 autem
572 4489 756 4536 nostra
819 4481 872 4533 in
943 4479 1160 4533 illorum
1235 4478 1543 4533 rationibus
1609 4478 1902 4544 fundetur;

2001 1992 2226 2061 οὐδεμία
2259 1991 2412 2046 ἐστὶν
2462 1993 2521 2045 ἐν
2556 1993 2762 2054 αὐτοῖς,
2807 1991 2924 2044 ἀλλ’
2969 1985 3340 2042 ἐναντιοῦνται
3396 1987 3584 2048 αὐτοῖς

2002 2084 2048 2136 οἱ
2087 2083 2183 2146 τὰς
2217 2081 2535 2152 οἰκονομίας
2569 2084 2664 2135 καὶ
2700 2083 2828 2144 τοὺς
2869 2083 3110 2144 σκοποὺς
3147 2080 3326 2133 αὐτῶν
3355 2079 3431 2150 μὴ
3462 2080 3585 2130 ἑπι-

2005 2176 2284 2244 στάμενοι.
2322 2175 2482 2230 Οὕτω
2514 2177 2608 2228 καὶ
2638 2177 2686 2228 οἱ
2727 2177 2826 2243 τῆς
2864 2175 3100 2244 ἑϐδόμης
3151 2173 3376 2227 συνόδου
3411 2172 3584 2224 Πατί-

2004 2284 2095 2336 ρες
2131 2267 2306 2320 ταυτα
2353 2269 2484 2338 περὶ
2528 2269 2720 2322 τούτου
2755 2267 3032 2338 φρονοῦσι,
3089 2268 3186 2319 καὶ
3254 2264 3581 2333 συμφώνους

2004 2361 2218 2422 ἑαυτοῖς
2252 2361 2344 2413 καὶ
2375 2359 2628 2429 ἀλλήλοις
2682 2355 2823 2412 εἶναι
2859 2360 2984 2423 τοὺς
3020 2357 3208 2427 ἁγίους
3240 2357 3579 2419 διδάσκουσι,

2003 2453 2098 2504 καὶ
2135 2452 2318 2504 αἰτίαν
2349 2451 2668 2510 ἀποδιδόασι
2693 2451 2793 2523 τὴν
2829 2453 3002 2522 αὐτὴν
3031 2450 3108 2521 τῷ
3157 2449 3288 2520 ἱερῷ
3335 2447 3582 2516 Ἰωάννῃ,

2003 2546 2078 2598 Τὸ
2111 2543 2218 2614 γάρ
2254 2543 2387 2596 αὐτὸ
2443 2543 2690 2613 Πνεῦμα,
2728 2543 2920 2614 φησὶν,
2954 2547 3014 2596 ἑν
3071 2546 3239 2596 πᾶσιν
3281 2539 3576 2608 ἐλάλησεν·

2002 2637 2030 2690 δ
2054 2637 2347 2706 διαφωνεῖν
2377 2635 2557 2705 ἑαυτῷ
2589 2637 2698 2691 οὐδ’
2733 2638 2986 2706 ἐννοῆσαι
3019 2635 3150 2704 γοῦν
3195 2635 3439 2704 θεμιτόν.
3470 2632 3582 2686 Καὶ

2007 2730 2220 2802 μακρὸν
2255 2730 2352 2798 μὲν
2384 2728 2448 2782 ἂν
2485 2729 2569 2797 εἴη
2605 2727 2959 2795 καταλέγειν,
3009 2727 3156 2789 ὅπως
3191 2727 3240 2779 oi
3269 2725 3581 2779 διδάσκαλοι
3629 2741 3636 2748 ·

2005 2821 2206 2882 πάντες
2238 2823 2295 2872 ἐν
2324 2821 2472 2892 πάσῃ
2515 2823 2581 2890 τῇ
2614 2819 2734 2890 θείᾳ
2769 2821 2961 2890 Γραφῇ
2997 2818 3158 2871 τοῦτο
3204 2817 3577 2888 προτίθενται,

2004 2913 2105 2976 τὰς
2153 2911 2419 2974 δοκούσας
2471 2912 2772 2982 διαφωνίας
2803 2911 2878 2974 ὡς
2926 2905 3036 2964 οἷόν
3065 2927 3125 2962 τε
3183 2907 3578 2980 συμϐιϐάζειν·

2003 3007 2080 3070 ὡς
2109 3008 2302 3060 ταυτὸν
2332 3005 2390 3060 ὃν
2421 3005 2582 3058 τοῦτό
2616 3023 2675 3058 τε
2731 3003 3024 3076 κρατῆσαι,
3055 3004 3114 3056 τὺ
3146 3003 3378 3072 φάσκοιν
3409 3001 3578 3071 ἑαυτῇ

2007 3099 2256 3154 ἐναντίαν
2287 3093 2448 3164 εἶναι,
2483 3099 2579 3150 καὶ
2613 3097 2796 3150 πᾶσαν
2831 3095 3220 3164 ἀνατραπῆναι
3248 3095 3346 3164 τὴν
3371 3093 3580 3146 πίστιν.

2005 3191 2456 3264 Συμπεραίιεται
2487 3190 2544 3242 δὲ
2572 3189 2658 3244 διά
2679 3189 2926 3256 πάντων,
2963 3191 3091 3254 τοὺς
3141 3188 3395 3258 Πατέρας
3425 3185 3584 3256 ἡμῶν

2005 3377 2170 3449 quam
2200 3391 2310 3434 non
2354 3375 2543 3433 eadem
2578 3376 2860 3442 dicentes,
2915 3374 3239 3444 aliquosquc
3274 3387 3464 3428 eorum
3512 3369 3582 3425 ad

2005 3485 2158 3526 suam
2210 3483 2432 3540 pravam
2462 3467 2778 3538 Opinionem
2831 3465 3166 3535 probandam
3217 3463 3586 3538 trahentibus,

2004 3563 2197 3618 beatus
2252 3561 2489 3616 Joannes
2523 3576 2700 3630 neque
2749 3575 2846 3615 eos
2877 3559 2970 3629 qui
3012 3558 3266 3612 videntur
3297 3555 3589 3610 lueretieos

2000 3654 2212 3724 juvarc,
2245 3663 2425 3723 negat,
2459 3667 2562 3706 nec
2616 3665 2796 3707 tamen
2831 3665 2928 3705 eos
2977 3649 3253 3718 intelligit,
3291 3655 3455 3716 prout
3487 3646 3586 3709 illi,

2005 3744 2100 3800 sed
2154 3755 2400 3815 acccptat
2447 3743 2669 3815 quidem
2715 3759 2830 3808 eos,
2881 3751 3112 3798 conatur
3157 3749 3339 3794 autem
3374 3747 3429 3793 et
3479 3738 3587 3792 sibi

2007 3837 2140 3907 ipsis
2191 3847 2248 3891 et
2279 3837 2510 3892 invicem
2559 3837 2948 3892 convenientes
2981 3833 3232 3902 probare.
3269 3829 3382 3885 lloc
3437 3829 3584 3884 enirn

2009 3931 2269 3994 doctoris,
2301 3929 2404 3983 hoc
2430 3943 2512 3984 est
2545 3918 2850 3984 Christiani
2879 3927 3138 3982 ollicium.

2077 4019 2320 4088 Septima
2354 4019 2481 4073 item
2516 4019 2787 4088 generalis
2842 4017 3104 4088 synodus.
3142 4031 3238 4086 per
3265 4029 3360 4068 eos
3411 4014 3584 4068 sancti

2009 4109 2221 4163 Tarasii
2273 4110 2324 4162 in
2385 4111 2553 4179 prima
2600 4109 2720 4178 ejus
2749 4111 2984 4174 actione,
3046 4109 3101 4162 lu
3159 4107 3312 4161 nullo
3367 4115 3588 4160 sanctos

2011 4200 2219 4264 Patres,
2241 4201 2440 4270 inquit,
2463 4201 2773 4256 invenimus
2795 4199 3078 4256 discordes
3101 4215 3114 4265 ,'
3138 4198 3230 4254 sed
3254 4213 3377 4252 cum
3398 4213 3591 4252 omnes

2010 4293 2252 4363 ejusdem
2289 4294 2576 4349 sententia:
2606 4295 2736 4358 sint,
2770 4293 2912 4347 idem
2943 4307 3162 4363 quoque
3196 4290 3495 4361 praedicant
3532 4299 3591 4344 et

2011 4385 2227 4438 docent.
2259 4384 2326 4438 Et
2357 4386 2546 4440 eadem
2579 4401 2769 4438 rursus
2795 4384 2848 4438 in
2871 4384 3060 4439 eadem
3094 4383 3309 4438 actione
3339 4426 3348 4436 .
3375 4383 3589 4453 Ubique

2011 4475 2215 4529 etenim
2235 4475 2424 4530 Patres
2445 4475 2746 4530 concordes
2777 4475 3010 4530 invicem
3044 4489 3194 4538 sunt,
3223 4475 3588 4529 contrarietas

325 4577 510 4630 inanis
538 4585 622 4630 est
647 4589 780 4642 ergo
811 4573 1126 4642 praedicatio
1169 4581 1377 4636 nostra,
1431 4572 1609 4626 inanis
1639 4580 1724 4626 est
1770 4571 1906 4627 ﬁdes
1945 4574 1983 4628 D
2015 4583 2146 4621 νωεο
2187 4567 2335 4620 "Ulla
2368 4567 2420 4620 ill
2455 4567 2535 4621 eis
2562 4576 2662 4621 csl-
2713 4567 2914 4620 Verum
2968 4567 3242 4620 contraria
3277 4582 3372 4622 eos
3405 4566 3588 4622 dicere

325 4680 538 4722 nostra.
565 4667 634 4719 At
667 4681 872 4734 magna:
903 4663 1146 4718 stultitia:
1187 4673 1291 4726 est,
1324 4666 1562 4731 cogitare
1589 4665 1752 4717 etiam
1779 4664 1905 4718 talia

324 4762 392 4814 de
419 4759 532 4814 illis
557 4757 766 4829 Spiritu
799 4756 974 4826 plenis
1031 4757 1366 4820 hominibus,
1397 4769 1622 4810 necesse
1649 4764 1734 4810 est
1759 4757 1906 4810 enim

324 4863 382 4908 et
421 4861 646 4921 pr0pter
677 4851 933 4921 praedicta
965 4858 1034 4904 et.
1073 4849 1176 4903 alia
1223 4848 1402 4918 plura,
1435 4859 1804 4903 consentanea
1851 4857 1907 4902 et

323 4944 436 4999 sibi
490 4943 628 5012 ipsis
655 4952 711 4996 et
760 4943 1016 5002 invicem,
1051 4941 1298 5010 nihilque
1324 4941 1547 4994 omnino
1572 4941 1906 4994 contrarium

325 5051 438 5090 non
471 5035 680 5099 dicere,
710 5050 818 5088 non
863 5047 1082 5102 sapere.
1131 5033 1272 5088 Dicit
1313 5032 1477 5086 etiam
1508 5031 1574 5085 de
1604 5033 1686 5085 eis
1719 5031 1910 5085 beatus

323 5107 569 5183 Joannes
591 5124 760 5196 Syrus
783 5126 848 5179 ad
871 5123 1162 5179 Jordanem
1187 5123 1434 5178 scribens
1470 5141 1480 5174 :
1513 5121 1618 5176 Sed
1645 5123 1750 5184 eia,
1775 5137 1910 5190 quas

327 5219 648 5286 producunt
678 5217 1032 5270 auctoritates
1063 5215 1496 5276 consideremus,
1521 5229 1644 5267 cum
1669 5225 1910 5282 paterna:

329 5314 464 5377 sint,
487 5321 546 5367 et
573 5313 652 5368 eis
680 5313 832 5366 nullo
851 5311 1012 5366 modo
1042 5309 1532 5374 contradicendum
1553 5310 1642 5380 sit.
1681 5309 1748 5364 At
1779 5325 1911 5364 vero

331 5406 656 5470 concordes,
714 5421 893 5474 neque
947 5404 1258 5464 contrarios
1306 5401 1564 5466 invicem,
1621 5409 1674 5454 et
1739 5401 1910 5454 multo

331 5497 520 5549 minus
545 5495 652 5549 sibi
711 5495 848 5565 ipsis
880 5501 1258 5563 oppugnantes
1281 5529 1298 5556 ,
1329 5490 1484 5545 decet
1519 5490 1750 5558 probare
1781 5505 1908 5542 san-

332 5598 456 5642 ctos
511 5586 696 5644 Patres
745 5597 802 5646 et
853 5586 1108 5642 doctores
1148 5593 1364 5639 nostros
1395 5599 1408 5636 :
1441 5598 1675 5654 quorum
1707 5581 1776 5635 de
1807 5580 1914 5636 ﬁde

335 5679 686 5748 sententiam
703 5679 922 5742 unicam
956 5687 1014 5732 et
1055 5677 1464 5731 indiﬁ‘crentcm
1496 5691 1616 5729 esse
1645 5673 1774 5728 fecit
1806 5691 1914 5728 una

337 5769 576 5840 Spiritus
607 5769 782 5826 sancti
815 5769 990 5823 virtus
1023 5779 1077 5822 ct
1103 5767 1447 5822 illuminatio.
1478 5766 1616 5819 llinc
1665 5757 1914 5834 apparet,

337 5861 504 5933 quod
525 5864 797 5932 lncreticis
825 5862 1287 5930 calumniantibus
1318 5869 1534 5917 Sanctos
1563 5859 1770 5922 Patres,
1801 5871 1906 5914 tan-

2014 4667 2246 4727 putant,
2317 4660 2408 4727 qui
2458 4659 2796 4714 mcunomias
2852 4664 2908 4711 et
2985 4658 3342 4712 intentionem
3393 4674 3586 4713 eorum

2015 4749 2286 4820 ignorant.
2319 4750 2474 4810 Vide.
2508 4748 2652 4819 quod
2683 4749 2848 4804 etiam
2896 4749 3114 4819 septimi
3142 4749 3360 4804 concilii
3397 4750 3589 4806 Patres

2017 4843 2206 4897 cadent
2233 4843 2332 4896 hac
2359 4843 2424 4897 de
2457 4859 2514 4896 re
2549 4842 2814 4907 sentiunt,
2836 4851 2892 4896 et
2916 4841 3218 4899 concordes
3244 4845 3348 4899 sibi
3379 4845 3514 4915 ipsis
3537 4857 3594 4901 et

2015 4935 2248 4990 invicem
2301 4952 2422 4990 esse
2475 4947 2692 4992 sanctos
2745 4937 3000 4992 doctores
3039 4937 3310 5000 dicentes,
3341 4939 3591 4994 eamdem

2015 5029 2178 5082 etiam
2228 5029 2494 5082 rationem
2531 5030 2829 5098 assignant,
2863 5045 3026 5098 quam
3085 5029 3276 5084 beatus
3325 5029 3592 5085 Joannes.

2014 5120 2161 5174 Idem
2185 5121 2332 5175 enim
2365 5121 2622 5189 Spiritus,
2657 5121 2829 5185 aiunt,
2853 5121 2904 5175 in
2939 5123 3198 5178 omnibus
3227 5125 3446 5177 locutus
3469 5133 3554 5176 est
3579 5142 3620 5175 :.

2016 5226 2178 5281 quem
2213 5214 2316 5268 sibi
2352 5214 2450 5281 ipsi
2499 5229 2604 5268 non
2637 5224 3070 5270 consentaneum
3104 5230 3260 5280 esse,
3294 5231 3470 5283 neque
3500 5229 3590 5266 co-

2016 5307 2187 5376 gitare
2210 5306 2290 5360 fas
2315 5317 2416 5362 est.
2455 5308 2516 5361 Et
2548 5308 2765 5378 longum
2799 5307 3020 5376 quidem
3049 5315 3196 5363 esset
3238 5321 3591 5368 enumerare,

2016 5398 2477 5468 quemadmodum
2509 5416 2701 5454 onmes
2728 5401 2982 5454 doctores
3011 5401 3066 5458 in
3095 5409 3204 5453 tota
3231 5410 3418 5454 sancta
3447 5397 3596 5451 Scri-

2017 5499 2177 5559 ptura
2203 5491 2304 5543 hoc
2335 5489 2439 5544 sibi
2473 5499 2806 5560 protionunt,
2840 5501 3166 5560 apparentes
3201 5491 3256 5544 in
3285 5506 3346 5544 ea
3374 5498 3597 5544 contra-

2019 5579 2240 5634 rietatcs
2267 5581 2606 5636 concordare
2633 5598 2646 5644 ;
2676 5581 3006 5636 concludere
3035 5597 3164 5636 vero
3191 5579 3474 5634 titaniieste
3499 5593 3594 5647 per

2021 5672 2301 5740 praedicta.
2339 5671 2462 5726 ﬁdei
2487 5685 2688 5728 nostrae
2741 5673 3018 5743 principes
3057 5681 3112 5727 et
3142 5672 3418 5736 doctores,
3457 5685 3594 5740 quo-

2023 5779 2140 5818 rum
2173 5763 2444 5818 doctrinis
2492 5774 2547 5818 et
2599 5763 2889 5818 illuminati
2929 5773 2984 5818 et
3020 5761 3198 5818 cdocti
3253 5777 3464 5827 sumus,
3501 5773 3598 5814 ne-

2021 5873 2172 5912 cesse
2203 5873 2324 5914 esse
2369 5857 2556 5912 eadem
2591 5869 2645 5913 ct
2677 5867 3042 5916 consentanea
3097 5871 3203 5912 non
3259 5857 3433 5912 solum
3487 5851 3593 5908 sini
