4086 6422
287 389 389 452 557

1245 387 1534 448 ORATIO
1576 387 2013 452 DOGMATICA
2056 391 2208 451 PRO
2249 391 2565 454 UNIONE.

3442 389 3545 454 558

281 523 473 579 φασιν·
516 506 664 574 Ἕλω
690 502 884 558 τούτου
918 503 1090 558 πολλά
1115 504 1538 575 παραδείγματα
1567 505 1664 556 ἀπ’
1691 507 1861 575 αὒτῆς
1890 512 1934 568 Α
1965 509 2069 562 Τὸν
2117 510 2252 564 Θεὸν
2309 514 2402 566 καὶ
2434 512 2652 583 Πατέρα
2711 512 2890 565 αἰτίαν
2924 509 3054 566 Υίοῦ
3089 527 3146 563 τε
3179 508 3269 563 καὶ
3294 509 3546 577 Πνεῦμα-

278 597 381 666 ·ιῆς
401 596 558 659 θείας
586 594 814 664 Γραφῆς
841 610 856 625 ·
874 596 935 647 Ὀ
959 593 1157 662 πατήρ
1171 612 1314 664 μου,
1335 597 1490 664 φησι.
1509 594 1726 662 μείζων
1739 595 1862 665 μού

279 691 460 743 ἐστιν
483 704 497 719 ·
540 687 633 741 καὶ
663 686 828 740 «diu:
857 703 873 719 υ
905 685 1048 755 Ἐγὼ
1085 686 1184 740 καί
1221 689 1254 740 ὀ
1295 685 1501 755 Πατὴρ
1527 687 1600 741 ἓν
1648 686 1856 755 ἐσμεν.

281 781 494 835 Τούτου
525 780 608 842 τίς
643 777 848 849 μείζων
889 779 1126 832 δοκοῦσα
1159 779 1492 848 ἀντίφασιςς
1537 779 1678 832 aur
1709 779 1861 848 ὅμως

279 871 688 941 ἀντιφάσκουσι
717 869 795 941 τῷ
849 869 1039 941 ἀληθεῖ
1069 871 1120 924 oi
1155 871 1450 939 ἀντίφασιν
1481 871 1638 924 τοῦτο
1677 872 1862 937 λέγον-

281 982 391 1027 τες.
411 961 476 1017 'O
502 964 773 1032 Στέφανος
799 962 1064 1032 ὑπάρχων
1093 962 1310 1032 πλήρης
1337 962 1651 1032 Πνεύματος
1680 964 1859 1031 ἁγίου,

279 1055 541 1118 ἀτενίσας
567 1055 651 1118 είς
686 1054 781 1108 τὸν
813 1054 1048 1124 οὐρανὸν
1087 1049 1196 1108 εἶδε
1239 1053 1400 1120 δόξαν
1432 1054 1590 1121 Θεοῦ,
1622 1056 1716 1108 καὶ
1757 1055 1864 1124 Ἰη-

281 1147 410 1200 σοῦν
436 1147 656 1201 ἑστῶτα
685 1148 751 1200 ἐκ
807 1145 999 1214 δεξιῶν
1052 1147 1147 1200 τοῦ
1181 1147 1317 1201 Θεοῦ
1346 1163 1360 1179 ο
1401 1147 1518 1200 ἀλλ’
1565 1151 1594 1201 6
1649 1145 1862 1210 Παῦλος

281 1240 380 1292 σὺν
413 1237 495 1308 τῷ
528 1238 703 1291 Δασὶδ
735 1238 894 1292 αὑτὸν
921 1239 980 1290 ὲν
1006 1237 1161 1309 δεξιᾷ
1187 1255 1322 1308 φησι
1360 1240 1712 1292 κεκαθικέναι
1763 1239 1862 1308 τῆς

280 1332 688 1402 μεγαλωσύνης
717 1333 776 1384 ἐν
811 1331 1042 1402 ὑψηλοῖς
1063 1347 1078 1364 ·
1106 1334 1169 1385 τὸ
1202 1331 1259 1385 δὶ
1313 1332 1588 1402 καθῆσθαι
1638 1337 1733 1385 καὶ
1783 1333 1860 1404 μὴ

277 1425 579 1492 καθῆσθαι,
608 1423 671 1476 τὸ
697 1422 950 1477 ἵστασθαι
969 1423 1078 1494 γὰρ
1116 1423 1176 1477 ού
1220 1423 1495 1494 καθῆσθαί
1528 1425 1668 1488 ἔστι,
1709 1441 1865 1492 περι-

277 1515 456 1584 φανής
502 1515 657 1566 ἐστιν
719 1514 1033 1583 ἀντίφασις.
1094 1515 1312 1576 Λουκᾶς
1361 1513 1389 1566 6
1453 1516 1723 1584 μακάριος
1772 1515 1864 1567 τὸν

277 1606 418 1658 θεῖον
463 1606 744 1673 Στέφανον
800 1606 1018 1673 είσάγει
1076 1605 1176 1680 τὴν
1210 1606 1374 1670 δόξαν
1422 1604 1516 1658 τοῦ
1572 1605 1709 1659 Θεοῦ
1765 1606 1865 1659 καὶ

278 1697 514 1767 Πατρδς,
558 1697 654 1752 καὶ
702 1698 795 1750 τὸν
827 1699 1098 1766 μονογενῆ
1141 1696 1306 1751 αὑτοῦ
1344 1697 1472 1750 Υίὸν
1499 1698 1677 1750 ίδόντα
1699 1713 1712 1728 ο
1748 1699 1776 1750 6
1807 1699 1864 1750 δὲ

279 1791 495 1859 μύστης
547 1791 658 1842 τῶν
685 1793 1038 1861 ἀπορρήτων,
1080 1791 1230 1845 Θεὸν
1279 1791 1417 1844 οὔτε
1445 1787 1608 1844 εἶδεν
1636 1791 1864 1857 οὐδεὶς.

1963 619 2054 663 τος
2082 602 2300 672 τρανῶς
2323 603 2762 675 ἀνακηρύττουσί
2787 622 2844 657 τε
2878 605 2974 657 καὶ
2998 602 3311 656 διδάσκουσι
3342 601 3544 660 πάντες

1962 694 2012 746 oi
2031 693 2089 758 ἑξ
2111 694 2402 764 Ἀνατολῆς
2424 696 2568 764 ἆγιοι
2592 697 2833 764 ῐῖατέρες
2854 712 2911 747 τε
2933 695 3026 762 κα)
3042 691 3353 756 διδάσκαλοι
3370 707 3381 720 ·
3407 689 3546 742 ἀλλὰ

1967 786 2105 854 μετὰ
2135 786 2244 839 τῶν
2282 787 2346 840 ἐκ
2367 790 2466 856 τῆς
2487 788 2727 857 ἑσπέρας
2753 791 2779 841 6
2808 788 3079 858 μακάριος
3111 785 3382 855 Κύριλλος
3424 784 3544 836 0‘33?-

1965 875 2254 944 προσίεται
2297 879 2456 933 τοῦτο
2506 879 2566 932 τὺ
2596 880 2766 948 ὄνομα
2813 880 2896 944 τὸ,
2929 879 3131 941 αἰτίαν,
3165 878 3221 930 ἐν
3242 880 3356 938 τοῖς
3377 875 3544 935 θείοις

1967 967 2278 1036 προσώποις
2306 984 2322 1000 ⁸
2358 969 2416 1021 τὸ
2463 969 2522 1022 δὲ
2557 970 2647 1023 τὸν
2681 969 2843 1023 αὑτὸν
2897 971 3078 1022 αἰτίαν
3122 968 3228 1029 πᾶς
3251 984 3334 1028 τις
3369 966 3435 1019 ἂν
3465 961 3543 1016 οἷ-

1966 1075 2067 1127 μαι
2099 1061 2471 1128 ὸ.ντιφατικῶς
2505 1062 2884 1129 συγχωρήσειε
2911 1059 3190 1126 λέγεσθαι.
3227 1059 3336 1110 Καὶ
3360 1057 3444 1120 τίς
3476 1056 3541 1108 ειν

1963 1151 2418 1223 ἐξαριθμήσαιτο,
2447 1152 2548 1206 ὅσα
2574 1151 2946 1219 ἀντιφατικῶς
2974 1151 3227 1222 εἰρῆσθαι
3254 1149 3538 1210 δοκοῦντα,

1964 1244 2115 1312 ὅμως
2151 1243 2394 1307 εὐσεϐῶς
2439 1244 2546 1298 ύπδ
2572 1243 2680 1297 τῶν
2732 1244 3078 1300 διδασκάλων
3128 1240 3402 1304 νοοῦνται,
3450 1242 3543 1291 καὶ

1965 1335 2101 1406 πρὸς
2130 1336 2228 1390 ἕνα
2281 1337 2378 1391 καὶ
2409 1336 2500 1388 τὸν
2534 1335 2700 1389 αὑτὸν
2744 1334 3194 1389 ἀναπτύσσοντιι
3239 1333 3399 1396 νοῦν;
3432 1328 3542 1392 Οὓς

1966 1431 2057 1481 καὶ
2085 1430 2234 1497 ἡμᾶς
2277 1428 2671 1498 μιμουμένους,
2709 1427 2804 1480 καὶ
2847 1427 2978 1496 περὶ
3025 1424 3119 1478 τοῦ
3169 1424 3542 1493 προκειμένου

1966 1520 2302 1590 ζητήματος,
2333 1525 2382 1578 εί
2435 1521 2751 1575 συνέϐαινεν
2783 1520 3008 1574 ἐναντία
3033 1533 3094 1572 τε
3139 1518 3233 1570 καί¹
3263 1518 3546 1583 ἀντιφατι-

1967 1614 2076 1676 κῶς
2106 1613 2462 1682 ἀντικείμενα
2496 1612 2676 1680 λέγειν
2699 1615 2828 1677 τοὺς
2865 1609 3246 1673 διδασκάλους,
3284 1611 3416 1681 ἡμῖν
3450 1609 3548 1660 αὑ-

1965 1709 2075 1769 τοῖς
2108 1706 2213 1758 ἔδει
2253 1705 2455 1772 μᾶλλον
2506 1705 2854 1774 προσάπτειν
2885 1703 3111 1772 ἀγνοίας
3143 1704 3324 1758 αἰτίαν
3368 1703 3398 1768 ἢ
3429 1701 3543 1753 δια-

1969 1799 2178 1868 φωνίαν
2211 1797 2466 1862 ἐκείνοις,
2509 1798 2606 1850 καὶ
2661 1795 2963 1868 πειρᾶσθαι
2999 1794 3340 1850 διαλλάττειν
3373 1792 3538 1859 ἀλλή-

275 1881 412 1935 οὕτε
446 1881 604 1935 ίδεῖν
633 1883 966 1950 δυνήσεται
998 1882 1261 1948 πώποτε,
1292 1885 1442 1953 παρὰ
1472 1883 1568 1953 τῆς
1595 1883 1864 1952 αὖτοαλη-
1898 1857 1940 1912 Β
1969 1893 2085 1953 λοις
2119 1889 2342 1953 αὐτοὺς,
2379 1891 2472 1942 καὶ
2502 1889 2592 1942 διὰ
2625 1891 2851 1944 πάντων
2893 1888 2968 1952 ὡς
3004 1889 3124 1941 ἐνὸν
3158 1883 3543 1957 συμσιὸἀζειν.
3624 1920 3631 1929 .

276 1971 424 2034 θείας
457 1972 848 2043 δεδιδαγμένος
901 1973 1072 2043 φησί·
1106 1975 1164 2027 τὸ
1189 1974 1244 2027 δὲ
1281 1976 1411 2028 ἰδεῖν
1469 1976 1563 2027 καὶ
1597 1976 1672 2045 μὴ
1728 1975 1860 2028 ἰδεῖν

274 2063 362 2115 τὶν
385 2063 525 2117 Θεὸν
582 2064 682 2118 οὐκ
732 2059 834 2118 οἷδ’
862 2066 916 2118 εί
937 2083 1043 2118 τινι
1082 2067 1157 2136 μὴ
1186 2065 1480 2134 ἀντίφασις
1530 2065 1754 2129 δόξειεν.
1793 2064 1854 2120 Ὀ
1893 2137 1896 2140 ,

277 2155 373 2224 μὲν
403 2155 516 2208 τῶν
548 2155 960 2224 εύαγγελιστῶν
987 2157 1146 2226 τρίτῃ
1169 2156 1288 2224 ὥρᾳ
1310 2158 1403 2208 τὸν
1439 2156 1640 2224 Κύριον
1661 2158 1856 2208 ἐσταυ-

276 2247 484 2317 ρῶσθαι
512 2265 702 2318 φησιν,
732 2250 761 2301 6
792 2250 847 2302 δέ
883 2266 944 2318 γε
989 2249 1122 2320 βοᾷ·
1153 2245 1274 2302 Ἦν
1301 2247 1369 2300 δὲ
1408 2247 1530 2316 ὥρα
1559 2248 1724 2315 ἕκτη,
1754 2249 1852 2302 καὶ

272 2340 674 2408 ἐσταύρωσαν
694 2342 902 2396 αὐτόν.
951 2342 1013 2396 Ἦ
1041 2342 1097 2394 δὲ
1129 2341 1261 2412 ἕκτη
1286 2342 1529 2408 δηλονότι
1554 2340 1714 2409 τρίτη
1756 2341 1856 2393 οὐκ

273 2432 417 2486 εστιν
439 2449 456 2477 ε
486 2437 520 2505 ή
548 2434 608 2488 δὲ
625 2435 784 2506 τρίτη
817 2452 876 2488 τε
908 2435 1000 2488 καὶ
1027 2435 1086 2488 ού
1118 2434 1277 2506 τρίτη
1309 2434 1522 2496 πάντως
1550 2433 1856 2502 ἀντίφασις.

1971 1979 2083 2034 Νῦν
2116 1979 2173 2032 δὲ
2202 1978 2426 2046 λέγουσι
2462 1980 2560 2048 μὲν
2598 1979 2754 2032 οὐδὲν
2797 1979 3064 2045 ἐναντίον,
3103 1974 3457 2046 συμφωνοῦσι
3489 1972 3546 2026 δὲ

1963 2070 2163 2134 παντὸς
2194 2070 2396 2139 μᾶλλον
2427 2070 2700 2140 ἀλλήλοις.
2741 2071 2853 2123 Καὶ
2897 2069 3064 2122 τοῦτο
3097 2068 3412 2136 συνήσομεν
3449 2063 3544 2117 καὶ

1963 2164 2132 2234 πείρᾳ
2180 2163 2512 2233 εὑρήσομεν,
2551 2163 2600 2214 εί
2653 2162 2794 2215 κατὰ
2841 2162 3044 2231 τρόπον
3087 2161 3271 2222 αὐτοῖς
3306 2158 3539 2220 καὶτοῖς

1963 2253 2144 2308 αὐτῶν
2174 2252 2494 2324 χρησόμεθα
2547 2251 2748 2319 λόγοις.
2785 2251 2848 2304 '0
2895 2251 2951 2304 δὲ
2981 2248 3182 2319 τρόπος
3213 2243 3347 2310 οἷος,
3375 2245 3541 2300 61x96-

1968 2364 2119 2413 σατε,
2146 2349 2242 2401 καὶ
2272 2345 2554 2411 σκοπεῖτε,
2599 2343 2675 2407 ὡς
2702 2342 2912 2412 ἀληθής
2943 2356 3002 2394 τε
3038 2339 3133 2392 καὶ
3165 2337 3394 2396 δίκαιος.

1734 2592 1986 2646 ΚΕΦΔΛ.
2032 2593 2104 2650 Δ’.

341 2707 497 2774 Quod
548 2707 618 2760 ad
646 2707 1055 2777 intelligentiam
1089 2707 1306 2764 illorum
1344 2709 1640 2774 doctorum,
1671 2711 1761 2779 qui
1809 2712 2080 2766 obscurius
2128 2709 2290 2765 locuti
2342 2718 2489 2776 sunt,
2525 2707 2778 2762 utendum
2813 2712 2884 2760 est
2934 2702 3040 2757 illis
3067 2699 3336 2768 Panibus,
3379 2699 3471 2771 qui

1467 2782 1709 2849 apertius
1738 2788 1785 2834 et
1816 2781 2017 2836 clarius
2051 2783 2368 2852 loquuntur.

343 2896 500 2948 Πᾶσα
536 2894 719 2956 πίστις
746 2910 804 2946 τε
839 2894 929 2946 καὶ
961 2893 1233 2958 ἀπόδειξις
1258 2893 1371 2964 εχει
1412 2893 1516 2962 μέν
1550 2911 1600 2946 τι
1635 2892 1848 2962 ἕτερον,

273 2983 298 3036 ὃ
355 2985 652 3054 πρόκειται
709 2985 923 3050 δεῖξαι,
975 2983 1088 3054 ἔχει
1144 2983 1200 3036 δέ
1253 3000 1305 3036 τι
1377 2983 1603 3055 ἕτερον,
1666 2983 1733 3036 δι’
1792 2983 1852 3036 οὗ

272 3081 330 3128 τὺ
382 3077 753 3147 προκείμενον
797 3075 1103 3129 δείκνυσιν·
1147 3077 1207 3129 οὐ
1264 3075 1485 3130 δύναται
1540 3075 1597 3129 δὲ
1657 3076 1856 3130 ταυτὸν

274 3168 404 3224 εἶναι
463 3173 531 3223 τ’,
582 3170 830 3222 δεικνύον
881 3185 941 3222 τε
1003 3168 1093 3222 καὶ
1149 3168 1536 3238 δεικνύμενονο
1591 3169 1725 3222 αὐτὸ
1751 3169 1860 3240 γάρ

277 3349 535 3405 tradictio
560 3348 584 3402 ί
614 3347 868 3402 Altamen
903 3344 1294 3403 contradicunt
1330 3345 1573 3411 veritati,
1623 3347 1714 3416 qui
1753 3347 1856 3403 hoc

277 3441 774 3498 contradictionem
824 3447 1036 3510 putant.
1108 3437 1460 3507 Stephanus,
1505 3453 1629 3495 cum
1711 3447 1858 3494 esset

275 3539 468 3608 plenus
501 3535 716 3601 Spiritu
767 3541 960 3588 saneto
982 3571 998 3597 ,
1033 3529 1327 3586 intendens
1367 3531 1420 3584 in
1472 3531 1695 3594 cretum,
1722 3529 1858 3584 vidit

281 3631 508 3700 gloriam
541 3627 659 3693 Dei,
681 3635 737 3681 et
759 3625 948 3682 Jesum
991 3631 1228 3679 stantem
1269 3637 1298 3677 a
1332 3621 1541 3676 dextris
1569 3622 1686 3687 Dei,
1710 3621 1856 3676 Luca

282 3725 336 3780 in
362 3723 598 3778 Actibus
633 3720 843 3785 teste‘;
879 3725 936 3772 at
972 3716 1176 3772 Paulus
1207 3730 1315 3770 una
1361 3729 1486 3770 cum
1531 3715 1698 3770 David
1727 3730 1855 3769 eum

278 3817 343 3870 ad
370 3816 659 3870 dexteram
685 3807 988 3880 maiestatis
1017 3807 1072 3862 in
1101 3805 1335 3862 excelsis
1365 3805 1555 3861 sedere
1587 3806 1665 3860 ait
1691 3806 1732 3858 '.
1759 3804 1857 3861 Se-

276 3907 406 3963 dere
435 3914 650 3969 autem,
679 3910 738 3956 et
771 3915 882 3955 non
913 3897 1111 3955 sedere
1148 3898 1321 3968 (stare
1351 3899 1498 3952 enim
1527 3912 1634 3952 non
1665 3899 1856 3952 sedere

276 4002 398 4065 est),
465 3996 760 4052 manifesta
817 3989 1184 4049 contradictio
1237 3998 1344 4045 est.
1402 3987 1668 4044 Eumdem
1723 3989 1852 4044 item

275 4091 614 4160 Stephanum
650 4089 842 4144 beatus
888 4087 1191 4144 introducit
1223 4088 1426 4151 Lucas,
1465 4087 1560 4141 Dei
1587 4096 1644 4142 et
1679 4087 1855 4142 Patris

276 4186 478 4238 vidisse
548 4181 778 4252 gloriam
829 4189 886 4234 et
933 4182 1056 4250 ejus
1119 4180 1461 4250 unigenitum
1510 4178 1730 4232 Filium.
1787 4177 1855 4231 At

276 4289 499 4334 sanctus
535 4277 776 4332 Joannes
805 4273 1172 4343 Evangelista,
1213 4272 1379 4325 Deum
1414 4286 1564 4324 nemo
1599 4271 1724 4324 vidit
1752 4287 1856 4324 un-

275 4373 498 4439 quam',
523 4369 592 4422 ab
625 4368 740 4437 ipsa
769 4366 1013 4422 Veritute
1047 4363 1277 4418 edoctus
1326 4370 1623 4417 asseverat.
1656 4362 1854 4418 Videre

276 4475 484 4529 autem,
508 4469 566 4516 et
601 4475 712 4514 non
745 4458 933 4512 videre
967 4457 1160 4521 Deum,
1203 4454 1392 4509 nescio
1417 4453 1462 4508 si
1485 4454 1573 4508 cui
1600 4469 1708 4508 non
1731 4468 1854 4509 esse

276 4551 702 4610 contradictoria
725 4549 1036 4605 videantur.
1053 4547 1205 4604 Unus
1222 4545 1679 4616 evangelistarum
1697 4555 1852 4601 sexta

277 4646 408 4701 hora
449 4643 744 4698 Dominum
783 4639 1106 4696 cruciﬁxum
1149 4638 1322 4694 fuisse
1353 4637 1507 4702 ait‘;
1550 4638 1688 4692 alter
1747 4637 1859 4692 cla-

279 4750 422 4793 mat:
454 4738 590 4793 Ernt
623 4744 800 4790 autem
828 4735 958 4788 liora
989 4733 1165 4799 tertia,
1195 4743 1243 4786 et
1273 4731 1648 4799 cruci/imarum
1670 4747 1787 4786 eum
1811 4732 1852 4785 '.

278 4833 439 4888 Sexta
459 4849 611 4898 vero,
648 4839 798 4900 patet
823 4828 967 4900 quod
995 4843 1104 4882 non
1135 4837 1219 4881 est
1257 4826 1416 4880 tertia
1447 4842 1460 4889 ;
1507 4825 1666 4879 tertia
1701 4839 1854 4887 vero,

277 4936 330 4980 et
386 4943 496 4981 non
550 4925 732 4989 tertia,
782 4919 1086 4976 manifesta
1132 4918 1494 4975 contradictio
1526 4926 1630 4971 est.
1683 4915 1852 4969 Deum

279 5018 490 5073 Patrem
515 5032 739 5073 causam
776 5031 898 5070 esse
926 5013 1051 5074 Filii
1081 5023 1138 5069 et
1183 5011 1422 5080 Spiritus
1450 5009 1647 5071 sancti,
1673 5009 1853 5078 palam

281 5112 576 5177 praedicant
610 5118 664 5163 et
704 5107 908 5164 docent
962 5119 1154 5160 omnes
1202 5100 1513 5161 Orientales
1553 5101 1740 5156 Patres
1798 5109 1856 5154 et

1963 2913 2015 2948 τι
2071 2895 2234 2949 ἑαυτό
2276 2913 2330 2949 τι
2369 2894 2437 2949 δι’
2488 2891 2684 2948 ἑαυτοῦ
2736 2888 3011 2944 δεικνύναι
3067 2888 3348 2942 ἀδύνατον.
3394 2883 3519 2939 Ἀλλ

1966 2988 2156 3058 ἐπειδὴ
2186 2987 2249 3040 εκ
2281 3003 2445 3040 τινων
2497 2982 2951 3052 ὁμολογουμένων
2980 2996 3040 3032 τε
3101 2978 3196 3033 καὶ
3223 2976 3539 3033 δοκούντων

1966 3082 2121 3152 κοινῇ
2155 3079 2247 3134 ὲπί
2283 3097 2334 3133 τι
2363 3078 2698 3150 ζητούμενον
2731 3074 2946 3144 ἀνάγκη
2995 3074 3160 3138 ἰέναι,
3189 3072 3277 3124 διὰ
3303 3069 3412 3123 τῶν
3447 3085 3542 3121 σα-

1966 3171 2083 3240 φῶν
2107 3172 2201 3226 ὲπὶ
2241 3172 2308 3226 τὰ
2339 3173 2525 3242 ἀσαφῆ
2559 3170 2653 3223 καὶ
2679 3168 2992 3239 ζητούμενα
3024 3163 3344 3234 προϐαίνειν
3369 3161 3540 3225 είκδς,

1962 3352 2250 3424 doctores;
2275 3361 2332 3406 at
2351 3352 2546 3407 beatus
2563 3349 2826 3422 Cyrillus,
2845 3347 2902 3404 in
2922 3346 3004 3404 eis
3025 3360 3148 3418 quae
3168 3343 3236 3401 ad
3265 3343 3542 3400 Hermiam

1961 3447 2175 3509 scribit,
2213 3462 2318 3502 una
2362 3460 2488 3500 eum
2531 3442 2983 3500 Occidentalibus
3012 3441 3274 3498 Patribus
3304 3453 3413 3495 non
3447 3440 3545 3494 ad-

1960 3536 2128 3590 mittit
2154 3535 2374 3605 quidem
2400 3535 2502 3588 hoc
2534 3547 2734 3587 nomen
2761 3545 2938 3586 causae
2957 3529 3012 3584 in
3033 3528 3236 3585 divinis
3264 3530 3541 3596 personis.

1960 3627 2228 3683 Eumdem
2261 3635 2441 3682 autem
2471 3625 2656 3680 dicere
2686 3637 2933 3688 causam,
2965 3632 3021 3678 et
3054 3637 3165 3677 non
3205 3635 3449 3685 causam,
3485 3627 3545 3674 et

1958 3720 2266 3792 prasertim
2316 3717 2382 3773 ad
2438 3717 2608 3781 idem,
2639 3717 2826 3772 nullus
2870 3713 3073 3783 estqui
3110 3727 3219 3767 non
3267 3710 3541 3766 concedat

1957 3811 2386 3868 contradictorie
2443 3809 2650 3866 dictum
2681 3811 2873 3863 fuisse.
2906 3807 2974 3862 Et
2998 3805 3124 3875 quis
3151 3802 3314 3858 facile
3347 3816 3540 3858 recen-

1959 3921 2085 3961 sere
2137 3911 2344 3974 posset,
2391 3912 2526 3973 quot
2577 3911 2707 3958 sunt
2741 3916 2884 3972 quat,
2930 3914 3056 3956 cum
3113 3896 3538 3953 contradictoria

1959 3998 2270 4061 videantur,
2301 3995 2390 4065 pie
2429 4004 2612 4049 tamen
2644 4009 2673 4048 a
2705 3991 3025 4048 doctoribus
3070 3989 3351 4045 intellecta
3383 3996 3534 4051 sunt,

1957 4099 2016 4145 et
2037 4090 2101 4143 ad
2129 4104 2299 4143 unum
2329 4097 2387 4142 et
2415 4087 2670 4144 eumdem
2704 4100 2928 4140 sensum
2961 4084 3031 4140 ab
3058 4083 3141 4139 eis
3170 4081 3533 4138 referuntur?

1957 4180 2110 4248 Quod
2144 4193 2200 4234 et
2224 4194 2324 4234 nos
2350 4178 2579 4239 imitari.
2599 4177 2814 4233 etiamsi
2841 4175 2909 4230 de
2932 4173 3207 4245 proposita
3233 4173 3538 4243 quaestione
3637 4169 3654 4182 '

1958 4273 2250 4328 accidisset
2278 4271 2554 4326 contraria
2606 4267 3149 4336 contradictoriaque
3181 4265 3384 4318 dixisse
3408 4278 3535 4316 san-

1957 4373 2075 4420 ctos
2103 4363 2380 4426 doctores,
2401 4359 2561 4416 nobis
2591 4359 2723 4430 ipsis
2761 4359 2943 4430 potius
2975 4356 3293 4426 ignorantiae
3323 4354 3536 4422 culpam

1960 4456 2232 4525 imputare
2267 4452 2555 4518 debemus,
2575 4464 2736 4522 quam
2770 4450 2894 4504 illos
2925 4449 3150 4503 credere
3182 4445 3498 4501 discordare
3524 4462 3536 4499 :

1959 4554 2016 4601 et
2043 4560 2140 4602 eos
2171 4545 2356 4600 conari
2376 4542 2734 4599 reconciliare
2761 4541 2902 4594 inter
2939 4555 3019 4602 se,
3060 4548 3116 4594 et
3151 4537 3328 4608 quoad
3365 4537 3540 4607 possit

1963 4651 2060 4708 per
2089 4636 2274 4690 omnia
2305 4635 2607 4690 concordes
2646 4636 2958 4688 ostendere.
2993 4632 3152 4687 Nunc
3182 4648 3314 4688 vero
3346 4631 3539 4685 dicunt

1963 4729 2184 4798 quidem
2214 4727 2349 4782 nihil
2378 4726 2713 4782 contrarium
2741 4767 2756 4792 ,
2787 4734 3155 4781 consentanea
3189 4735 3374 4778 autem
3434 4723 3540 4778 sibi

1965 4821 2096 4890 ipsis
2117 4830 2172 4875 et
2201 4820 2434 4874 invicem
2465 4819 2640 4872 aiunt.
2668 4818 2735 4872 Et
2764 4819 2865 4874 hoc
2903 4817 3240 4888 experientia
3275 4818 3542 4886 percipie-

1964 4929 2106 4980 mus,
2129 4915 2174 4968 si
2208 4913 2370 4968 modo
2399 4912 2588 4968 debito
2615 4913 2695 4967 eis
2726 4921 2782 4966 et
2807 4927 2997 4966 eorum
3023 4911 3272 4965 doctrinm
3296 4924 3540 4966 utamur.

1962 5006 2156 5065 Modus
2177 5005 2562 5076 autemqualis
2596 5007 2688 5069 sit,
2720 5005 2927 5070 audite,
2956 5015 3010 5060 et
3051 5004 3340 5067 attendite,
3377 5018 3539 5072 quam

1961 5113 2126 5154 verus
2164 5113 2436 5169 quamque
2459 5098 2642 5169 justus
2673 5096 2763 5159 sit.

1766 5253 1990 5312 CAPUT
2021 5257 2108 5318 ιν.

347 5385 540 5442 Omnis
582 5382 723 5438 ﬁdes
773 5391 830 5436 ct
873 5376 1129 5449 probatio
1188 5373 1358 5428 habet
1403 5355 1628 5441 quidem
1685 5369 1861 5435 aliud,

282 5478 424 5549 quod
459 5478 844 5533 demonstrare
868 5469 1158 5542 proponit;
1194 5465 1356 5520 habet
1390 5480 1520 5520 vero
1549 5462 1720 5526 aliud,
1767 5477 1863 5530 per

283 5570 427 5642 quod
459 5570 659 5641 probat
685 5565 833 5637 quod
862 5564 969 5619 sibi
993 5562 1270 5631 proponit.
1307 5559 1487 5629 Neque
1516 5565 1693 5629 potest
1717 5556 1859 5610 idem

283 5679 401 5718 esse
424 5661 571 5733 quod
612 5659 808 5730 probat
842 5667 897 5711 et
927 5655 1072 5726 quod
1095 5653 1390 5724 probatur.
1432 5652 1607 5722 Ipsum
1637 5649 1856 5721 quidem

286 5753 550 5824 seipsum,
597 5761 694 5807 aut
729 5752 908 5820 ipsum
941 5748 1147 5817 aliquid
1175 5763 1272 5816 per
1314 5746 1557 5815 seipsum
1601 5745 1857 5813 probare,

1966 5371 2301 5440 impossibile
2353 5383 2471 5437 est;
2527 5373 2620 5428 sed
2662 5390 2788 5429 cum
2834 5390 2900 5429 ex
2947 5373 3226 5444 aliquibus
3258 5368 3542 5426 concessis

1965 5474 2021 5518 et
2063 5464 2321 5517 omnibus
2359 5465 2504 5520 notis
2532 5465 2597 5518 ad
2630 5466 2853 5535 aliquod
2897 5467 3189 5536 quaesitum
3236 5462 3540 5532 procedere

1965 5567 2235 5626 oporteat,
2265 5572 2361 5625 per
2390 5573 2452 5610 ea
2496 5573 2620 5626 qute
2664 5557 2952 5613 n‘tanil‘esta
2983 5565 3132 5622 sunt,
3169 5559 3236 5609 ad
3264 5555 3538 5623 incognita

1963 5660 2016 5704 et
2043 5649 2271 5718 qmesita
2306 5647 2548 5702 cundum
2574 5657 2659 5703 est
2685 5666 2698 5701 :
2721 5658 2778 5703 et
2804 5665 2902 5718 per
2932 5650 3150 5703 notoria
3190 5646 3537 5717 probandum

1965 5759 2086 5811 quin
2115 5740 2270 5796 nobis
2303 5741 2572 5810 ignotiora
2611 5750 2758 5795 sunt.
2799 5741 2913 5796 Hoc
2941 5757 3072 5798 vero
3103 5742 3172 5796 ita
3199 5753 3284 5796 cst
3319 5756 3535 5805 verum,

361 5874 372 5901 ι
410 5876 525 5928 Act,
563 5868 790 5935 x\'1,55.
873 5869 891 5898 ²
927 5865 1090 5920 llebr.
1133 5881 1167 5931 ι,
1217 5864 1312 5928 IS;
1356 5863 1492 5917 Psal.
1537 5879 1643 5927 cn,
1687 5862 1732 5916 ι.
1812 5863 1829 5891 ³
1869 5860 2026 5916 Jonn.
2066 5879 2099 5925 ι,
2151 5860 2232 5913 18.
2317 5860 2334 5888 ⁸
2370 5858 2529 5913 Joan.
2566 5873 2677 5925 six,
2720 5860 2800 5913 Ha.
2879 5860 2899 5890 ⁸
2938 5861 3104 5918 Marc.
3141 5877 3229 5919 xv.
3261 5862 3350 5918 ‘23.
