4086 6406
472 347 583 415 559

1428 357 1932 423 BESSARIONIS
1961 363 2022 424 S.
2059 364 2132 425 Π.
2184 365 2241 427 E.
2293 366 2762 430 CARDlNALlS

3633 369 3744 436 560

473 475 570 528 xui.
609 469 700 525 διὰ
731 470 841 524 τῶν
868 470 1042 540 δήλων
1077 472 1349 525 δεικνύναι
1391 475 1459 528 τὰ
1486 475 1682 544 ἄδηλα.
1733 478 1838 530 Καὶ
1883 479 2042 532 τοῦτο
2076 487 2116 540 Α
2154 482 2418 553 μηδαμῶς
2469 486 2584 549 τοῖς
2632 487 2759 553 παρ’
2790 485 3119 555 ἀμφοτέρων
3170 463 3614 558 προσχρώμενος,
3651 491 3746 545 διὰ

473 563 648 630 οὕτως
679 567 828 618 ἐστὶν
854 565 1074 633 ἀληθὲς.
1107 565 1185 628 ὠς
1213 566 1287 636 μὴ
1315 566 1522 621 δεῖσθαι
1554 569 1728 637 λόγων
1764 569 2049 625 πλειόνων.

473 658 686 714 Οὐκοῦν
725 659 822 712 καὶ
871 655 1100 712 ἐνταῦθα
1139 658 1518 728 προκειμένων
1556 660 1656 729 μὲν
1681 663 1818 732 ἡμῖν
1869 663 2053 733 ῥητῶν

473 751 584 804 τῶν
611 751 897 820 μακαρίων
926 749 1036 802 τῶν
1061 749 1116 815 ἐξ
1151 751 1330 820 Τᾠας
1365 752 1645 822 Πατέρων,
1668 757 2053 825 προκειμένων

429 829 449 847 ’
470 844 525 896 δὲ
552 843 644 896 καὶ
670 843 781 896 τῶν
814 846 878 898 ἐκ
913 845 1014 908 τῆς
1050 843 1347 915 Ἐσπέρας,
1376 846 1530 910 ὄντος
1557 847 1614 900 δὲ
1644 849 1970 917 ἀναγκαίου,
2005 851 2052 899 εἰ

475 937 744 1005 μέλὶομεν
796 936 886 988 τὸν
936 935 1374 1007 Χριστιανισμὸν
1430 939 1644 1004 σώζειν,
1681 941 2052 1010 συμϐαίνοντα

471 1026 724 1097 ἀλλήλοις
768 1026 942 1092 δεῖξαι
992 1027 1062 1080 τα
1109 1027 1244 1099 παρ’·
1275 1028 1561 1100 ἀλλήὶων·
1612 1031 1665 1082 εἰ
1709 1031 1808 1100 μὲν
1853 1031 2054 1100 ἐπίσης

471 1119 641 1188 ἄμφω
670 1118 841 1189 σαφῆ.
865 1121 960 1173 καὶ
985 1121 1217 1188 οὐδεμία
1242 1123 1375 1190 ἡμῖν
1400 1122 1698 1191 ἀμφιϐολία
1721 1123 1907 1195 λοιπὴ,
1932 1125 2077 1183 οὐδὲ,

469 1210 632 1279 λόγου
661 1213 848 1282 δεήσει
902 1213 1120 1280 λοιπὸν,
1163 1216 1396 1269 αὐτόθεν
1425 1217 1646 1285 εὑροῦσι
1681 1218 1740 1270 τὸ
1781 1219 2054 1288 ξητοῦμε·

470 1321 584 1358 νον.
616 1305 679 1358 Εἰ
707 1304 764 1357 δέ
798 1321 884 1368 τις
910 1307 967 1358 ὲν
989 1306 1175 1370 αὐτοῖς
1203 1307 1410 1379 ἀπορία
1440 1309 1785 1379 ἐμφαίνεται,
1815 1312 1910 1364 καί
1934 1329 2054 1367 τινα

474 1399 931 1465 σννεπτυγμένως
978 1399 1248 1469 λεγόμενα
1299 1401 1472 1455 δεῖται
1523 1402 1770 1466 πλείονος
1811 1393 2052 1457 ἀναπτύ-

476 1487 632 1554 ξεως,
677 1489 756 1561 τῷ
790 1491 1068 1562 εἰρημένῳ
1101 1494 1284 1547 κανόνι
1346 1496 1650 1565 χρηστέον·
1710 1494 1888 1559 ἄλλως
1945 1498 2054 1566 γὰρ

472 1579 740 1636 ἀδύνατον
781 1585 1025 1654 ἐντυχεῖν
1073 1585 1151 1655 τῷ
1200 1585 1521 1658 ζητουμένῳ
1569 1589 1748 1642 τέλει·
1793 1591 1888 1644 καὶ
1923 1591 2056 1660 παρ’·

471 1673 678 1744 ἄλληλα
710 1674 920 1738 Θέντας.
966 1677 1061 1731 καὶ
1117 1678 1186 1731 τὰ
1237 1679 1550 1748 σαφέστερα
1599 1679 1733 1749 πρὸς
1774 1683 1842 1733 τὰ
1887 1675 2052 1750 ἦττον

472 1765 620 1834 σαφῆ
672 1767 1114 1836 παρασαλόντας,
1164 1769 1255 1823 διὰ
1307 1771 1417 1825 τῶν
1450 1773 1800 1843 σαφεστέρων
1839 1773 1933 1826 καὶ
1960 1774 2050 1826 τὸν

2157 577 2265 629 τῶν
2291 578 2444 644 παρᾶ
2493 577 2742 648 θατέροις
2782 577 2944 646 μόνον
2993 578 3158 631 ταυτὶ,
3203 582 3554 650 συμπερᾶναι
3605 598 3749 651 συμ-

2160 673 2437 738 πέρασμα.
2479 672 2585 725 Καὶ
2609 671 2767 724 τοῦτο
2791 671 3038 740 δείξομεν
3068 671 3207 740 μετᾶ
3237 671 3431 738 ταῦτα,
3463 671 3531 726 ἂν
3556 675 3584 727 ὁ
3604 673 3745 738 Θεὸς

2157 765 2449 834 ἐπιτρέψῃ,
2470 764 2832 834 διὰβραχέων.
2869 764 3212 818 Ὑποκείσθω
3237 765 3292 818 δὲ
3319 766 3466 836 ὅμως
3491 767 3565 836 μὴ
3593 767 3743 822 πάνυ

2161 855 2346 924 σαφῶς
2389 857 2517 920 τοὺς
2558 856 2976 919 Ἀνατο).ικοὺς,
3025 856 3147 926 μηδ’
3190 859 3363 921 οὕτως
3414 860 3741 914 ἀναπεπτα-

2141 949 2337 1026 μένως
2365 948 2440 1010 ὡς
2469 949 2520 1002 οἱ
2556 948 2622 1002 ὲκ
2661 948 2768 1002 τῶν
2791 949 3044 1018 Δυσμῶν,
3075 951 3176 1018 τὴν
3205 951 3270 1002 ἐκ
3299 949 3394 1003 τοῦ
3455 951 3587 1004 Υἱοῦ
3640 952 3743 1006 τοῦ

2158 1043 2480 1113 Πνε-ἇματος
2507 1042 2744 1116 κηρύξαι
2783 1043 3133 1114 ὲκπόρευσιν.
3167 1041 3232 1097 Τί
3255 1039 3349 1098 οῦν
3397 1046 3739 1114 ποιήσομενς

2158 1137 2223 1188 Τί
2255 1136 2299 1189 δ’
2330 1136 2460 1189 ἄλλο
2490 1152 2554 1204 γε
2648 1135 2762 1189 τῶν
2796 1135 2886 1202 Ἓξ
2915 1136 3154 1206 ἑσπέρας
3187 1136 3447 1207 Πατέρων
3473 1135 3616 1189 οὕτω
3645 1146 3744 1190 σατ

2159 1228 2275 1290 σῶς
2321 1227 2780 1296 ἀποφαινομένων
2821 1227 3028 1298 ταύτην
3074 1229 3176 1296 τὴν
3222 1228 3437 1293 πίστιν,
3486 1229 3746 1292 καὶτοὺς

2156 1320 2540 1382 Ἀνατολικοὺς
2580 1319 2819 1390 ἡγητέον
2851 1319 3015 1374 ταυτδ
3055 1321 3216 1374 τοῦτο
3256 1321 3437 1388 λέγειν
3481 1320 3540 1385 ἐξ
3569 1320 3747 1389 ἁνάγτ

2158 1431 2286 1484 κης,
2321 1414 2416 1466 καὶ
2463 1414 2537 1482 μή
2596 1413 2869 1482 μάχεσθαι
2920 1415 3030 1475 τοῖς
3086 1414 3417 1483 ὁμόφροσιν;
3456 1412 3486 1466 ὃ
3535 1413 3646 1484 γὰρ
3683 1414 3746 1468 ἐν

2158 1488 2595 1568 ἐκείνοις,τοῦτο
2635 1504 2730 1558 καὶΙ
2761 1505 2818 1556 ὲν
2847 1504 3032 1565 αὐτοῖς
3065 1503 3292 1572 ἐλάλησε
3332 1503 3558 1572 Πνεῦμα
3593 1522 3608 1536 ο
3646 1505 3747 1558 καὶ

2158 1597 2302 1666 ἅπερ
2346 1599 2406 1649 ἐν
2451 1595 2663 1659 τούτοις
2705 1595 3158 1664 ἁνεπτυγμένως,
3207 1595 3379 1651 ταῦτα
3411 1598 3631 1661 πάντως
3682 1599 3748 1651 ὲν

2157 1688 2384 1750 ἐκείνοις
2434 1685 2890 1754 συνεπτυγμένως
2951 1686 3294 1754 ἐφθέγξατο,
3352 1687 3424 1740 δι’
3476 1689 3542 1758 ἢν
3597 1683 3746 1741 οἶδεν

2156 1783 2334 1834 ὲκείνο
2368 1780 2573 1846 αἰτίαν,
2605 1780 2698 1834 καὶ
2729 1778 2814 1833 διὰ
2860 1779 2958 1848 τὴν
3002 1779 3123 1831 τότε
3159 1780 3288 1836 ἴσως
3317 1781 3496 1834 ἐκεῖσε
3532 1781 3748 1849 προσή-

469 1857 578 1911 τῶν
604 1859 834 1930 ἀσαφῶν
866 1861 991 1915 νοῧν
1017 1862 1370 1933 ἀνιχνεῦσαιο
1401 1865 1496 1918 καί
1528 1863 1675 1918 οὕτω
1704 1865 1834 1933 μίαν
1867 1866 2044 1936 ἁρμο·
2085 1846 2127 1903 Β
2160 1889 2359 1926 κουσαν
2389 1872 2727 1941 οίκονομίαν.
2769 1871 3020 1924 Δεικτέον
3053 1870 3106 1923 δὲ
3142 1872 3310 1939 ὅμως,
3345 1872 3438 1923 καὶ
3474 1870 3603 1925 ἄνευ
3637 1871 3746 1941 τῆς

469 1951 586 2002 νέαν
619 1951 677 2017 ἐξ
733 1952 1068 2023 ἀμφοτέρων
1122 1957 1590 2026 συστησαμένους,
1641 1958 1718 2020 εἰς
1763 1960 2048 2029 ὁμόφωιον

469 2045 781 2114 δοξολογίαν
807 2049 1086 2118 τραπῆναι
1121 2049 1278 2103 Θεοῦ.
1325 2050 1469 2118 Ἐγὼ
1497 2051 1595 2119 μὲν
1626 2050 1718 2103 οῦν
1749 2070 1914 2121 φημι,
1955 2055 2046 2106 καὶ

469 2139 815 2210 ἀμφοτέρους
857 2142 983 2200 τοὺς
1013 2141 1368 2205 διδασκάλους
1423 2146 1570 2212 σαφῆ
1601 2146 1666 2198 τὰ
1697 2147 1828 2216 παρ’
1863 2149 2048 2202 αὐτῶν

469 2233 547 2294 εἰς
575 2231 672 2300 τὴν
709 2231 1040 2302 Ἐκκλησίαν
1073 2239 1423 2304 συναγαγεῖν.
1460 2238 1567 2290 Καὶ
1604 2239 1814 2292 δύναιτ’
1839 2241 1903 2294 ἄν
1941 2258 2045 2308 τις,

2159 1965 2298 2035 πρὸς
2353 1966 2482 2027 τοὺς
2531 1965 2795 2026 Antinoi);
2853 1965 3042 2027 ἁγίους
3097 1965 3345 2030 Ιιατέρας
3401 1963 3741 2034 παραϐολῆς,

2157 2059 2253 2110 καὶ
2315 2057 2435 2109 κατ’·
2487 2057 2684 2117 αὐτοὺς
2737 2057 2864 2117 τοὺς
2917 2055 2976 2119 ἐξ
3029 2053 3206 2124 Ἐᾡας
3266 2055 3514 2123 Ηατέρας
3570 2054 3743 2106 ταυτὺ

2161 2151 2632 2219 συμπεραίνοντας
2660 2150 2788 2217 περὶ
2824 2148 2925 2216 τῆς
2962 2149 3055 2200 τοῦ
3089 2149 3364 2215 παναγίου
3420 2146 3744 2215 Πνεῦματος

2157 2242 2564 2311 ἐκπορεῦσεως,
2598 2242 2694 2293 καὶ
2750 2240 2908 2293 τοῦτο
2964 2240 3296 2310 φρονοῦντας
3345 2241 3481 2311 ὅπερ
3515 2241 3745 2311 mam,

1872 2383 1911 2434 Κ
1925 2379 2123 2435 ΕΦΑΛ.
2172 2381 2248 2435 Ε’.

469 2495 724 2566 Proponit
752 2498 911 2572 nunc
959 2498 1343 2553 conclusionem
1381 2513 1444 2551 rx
1499 2501 1650 2554 dictis
1709 2498 2069 2572 Orientalium
2122 2501 2399 2570 doctorum
2449 2503 2712 2557 duntaxat
2752 2503 2975 2572 probare
3014 2504 3298 2572 dupliciter
3334 2501 3612 2555 :videlicet
3645 2518 3744 2569 per

537 2569 962 2645 prwpositionern
990 2583 1106 2645 per,
1145 2581 1193 2622 et
1223 2586 1314 2637 per
1340 2586 1426 2635 ex,
1463 2580 1511 2623 et
1557 2572 1728 2638 primo
1779 2571 1843 2621 de
1880 2571 1926 2623 vi
1958 2571 2122 2636 ipsius
2167 2569 2557 2640 pru'positionis
2609 2589 2724 2643 per,
2753 2569 3029 2644 disputat,
3063 2569 3290 2645 probans
3354 2589 3468 2627 eam
3517 2587 3742 2625 causam

536 2638 853 2695 mediantem
885 2639 1208 2710 signiﬁcare.

539 2761 651 2832 Τὴν
683 2761 782 2817 διὰ
812 2763 1069 2833 πρόθεσιν
1098 2761 1259 2832 ἴσμεν
1308 2764 1511 2825 πάντες
1544 2764 1723 2818 αἰτίαν
1759 2763 2053 2833 σημαίνου-

469 2871 571 2907 σαν
608 2857 702 2908 Eni.
757 2855 978 2908 πάντων
1015 2853 1101 2923 ἐφ’
1132 2848 1317 2925 ὧνπερ
1351 2856 1841 2925 παραλαμβάνεται
1865 2873 1882 2907 ο.
1905 2857 2056 2915 οὐδέ-τ

469 2963 598 3000 ποτε
635 2945 692 2998 δὲ
727 2945 1026 3016 λεγομένην
1058 2946 1186 2998 ἄνευ
1231 2946 1328 3000 τοῦ
1365 2947 1760 3016 μεσιτεύουσάν
1783 2965 1906 3001 τινα
1949 2961 2054 3001 παλ-

2153 2783 2263 2826 ται,
2317 2767 2397 2828 τὸ,
2455 2763 2530 2816 δι’
2584 2759 2678 2824 οὗ,
2732 2763 2805 2826 ὡς
2862 2761 3159 2816 κοινωνοῦν
3209 2762 3241 2832 ἤ
3308 2760 3610 2832 συνεργοῦν
3661 2760 3743 2829 τῷ

2156 2857 2388 2929 πρώτως
2436 2855 2753 2926 ἐνεργοῦντι
2801 2853 3319 2925 παραλαμϐάνεται·
3353 2851 3540 2922 ὥσπερ
3569 2852 3618 2904 εί
3644 2851 3745 2904 τὸν

2157 2951 2390 3004 τέκτονα
2413 2949 2503 3002 διὰ
2541 2947 2636 3001 τοῦ
2672 2947 2894 3018 πρίονος
2916 2933 3296 3000 τεκταίνεσθαι
3346 2946 3611 3015 φαίημεν,
3643 2947 3745 2998 καὶ

472 3040 797 3110 ρεμφαίνειν
847 3041 1050 3094 αἰτίαν.
1094 3024 1208 3092 Ἀεὶ
1263 3042 1370 3110 γὰρ
1405 3043 1497 3093 καὶ
1557 3043 1650 3093 ἐπὶ
1689 3041 1928 3105 πάντων,
1966 3041 2052 3111 ἐφ’
2079 3081 2124 3142 C
2156 3042 2250 3096 τὸν
2279 3044 2479 3112 πρὲονα
2513 3043 2801 3110 συνεργεῖν
2848 3037 2925 3112 τῷ
2969 3040 3184 3092 τέκτονι
3222 3038 3358 3109 πρὸς
3407 3038 3468 3090 τὸ
3521 3037 3744 3108 πρίζειν

471 3127 548 3188 ὧν
574 3133 692 3186 τόδε
730 3132 884 3202 παρά
920 3149 1062 3196 τινος
1093 3133 1184 3185 διά
1213 3149 1353 3196 τινος
1383 3129 1524 3187 εἶναι
1550 3133 1582 3204 ἥ
1619 3133 2050 3202 γίνεσθαιὶὲγε-

470 3313 622 3368 etab
645 3313 904 3369 omnibus
927 3329 1274 3378 concessum,
1303 3325 1362 3371 ut
1396 3333 1502 3373 non
1534 3317 1776 3390 indigeat
1805 3320 2057 3389 pluribus

471 3407 680 3462 verbis.
714 3409 780 3463 Et
819 3409 873 3462 in
919 3410 1205 3478 proposito
1254 3410 1458 3480 igitur,
1505 3427 1631 3467 cum
1675 3422 2057 3484 proponantur

473 3501 635 3555 nobis
689 3502 1045 3557 auctoritates
1098 3503 1388 3558 doctorum
1426 3503 1814 3574 Orientalium,
1851 3521 2058 3577 propo-

473 3603 676 3648 nantur
711 3608 840 3649 vero
884 3594 1052 3649 etiam
1095 3592 1553 3663 Occidentalium,
1585 3598 1767 3669 sitque
1798 3613 2054 3654 necessa-

471 3685 640 3748 rium,
688 3686 734 3740 si
782 3685 1264 3741 Christianismum
1307 3687 1538 3742 velimus
1587 3688 2054 3750 nobisservare,

471 3787 839 3834 consentanea
871 3778 1056 3832 omnia
1087 3779 1346 3833 omnibus
1377 3793 1500 3834 esse
1530 3780 1762 3849 probare
1799 3781 1882 3835 :si
1903 3782 2059 3852 aéque

472 3871 618 3926 clara
647 3883 702 3926 et
740 3882 929 3941 aperta
961 3871 1125 3928 nobis
1157 3887 1349 3928 eorum
1380 3873 1526 3928 dicta
1563 3877 1697 3941 sint,
1735 3891 1917 3945 neque
1955 3876 2056 3930 ali-

473 3963 620 4030 quod
653 3962 884 4017 dubium
915 3963 1057 4018 inest
1088 3963 1143 4018 in
1175 3965 1278 4032 eis,
1307 3979 1414 4019 non
1439 3976 1524 4020 est
1545 3981 1684 4034 opus
1711 3967 2057 4025 discussione

475 4057 734 4127 amplius,
785 4057 1012 4111 invento
1040 4055 1188 4127 quod
1235 4058 1524 4128 quwritur.
1557 4059 1712 4124 Quod
1756 4061 1798 4114 si
1838 4060 1967 4130 quid
2002 4058 2079 4114 in'

475 4152 557 4204 eis
589 4150 743 4204 dubii
781 4148 933 4214 insit,
965 4150 1226 4219 etaliqna
1254 4166 1362 4206 non
1411 4151 1485 4204 ita
1518 4161 1706 4221 aperte
1739 4152 1886 4208 dicta
1917 4153 2059 4209 incli-

473 4252 603 4314 gent
627 4244 1002 4309 declarationc
1036 4243 1256 4313 majori,
1287 4243 1478 4313 regula
1502 4245 1760 4313 praedicta
1793 4244 2058 4300 intendunt

471 4347 578 4396 est.
605 4339 777 4392 Aliter
797 4339 943 4415 enim
974 4337 1314 4415 impossibile
1333 4346 1420 4394 est
1436 4339 1708 4408 attingere
1726 4337 1888 4391 linem
1913 4353 2059 4407 qua:-

2156 3133 2415 3203 νοοῦμεν,
2468 3132 2566 3184 nol.
2601 3130 2692 3182 τίιν
2729 3129 3012 3198 σύστοιχον
3071 3127 3221 3197 αὑτῷ
3277 3129 3501 3198 τρόπον,
3559 3129 3744 3180 εῐτουν

2159 3321 2281 3375 ﬁdei
2317 3319 2475 3374 nobis
2513 3317 2881 3372 tradiderunt.
2919 3315 2986 3370 Et
3022 3313 3184 3370 facile
3219 3314 3346 3384 quis
3374 3319 3561 3382 posset
3591 3309 3739 3364 alte-

2158 3417 2276 3470 rius
2323 3412 2496 3484 partis
2531 3409 2958 3467 auctoritatibus
3005 3423 3162 3473 usus,
3197 3423 3291 3477 per
3337 3420 3432 3461 eas
3474 3407 3746 3459 duntaxat

2160 3501 2494 3573 propositam
2527 3501 2888 3569 quaestionem
2939 3497 3291 3576 concludere.
3338 3496 3406 3551 Et
3437 3496 3543 3550 hoc
3575 3495 3747 3565 paulo

2161 3605 2302 3667 post.
2358 3594 2405 3648 si
2451 3592 2595 3647 Deus
2635 3592 2924 3659 concedet,
2968 3589 3352 3662 probabimus.
3393 3588 3750 3645 Concedatur

2163 3704 2366 3754 tamen,
2418 3705 2526 3743 non
2563 3689 2637 3744 ita
2688 3689 2856 3754 clare,
2885 3702 2987 3743 nec
3027 3688 3101 3742 ita
3143 3702 3404 3758 expresse
3435 3686 3753 3743 Orientales

2161 3784 2375 3837 locutos
2420 3781 2590 3838 fuisse
2639 3779 2708 3835 de
2743 3779 2984 3850 Spiritus
3023 3779 3198 3835 sancti
3231 3793 3297 3833 ex
3331 3778 3472 3832 Filio
3526 3791 3753 3846 proces-

2160 3876 2336 3938 sione,
2395 3871 2862 3943 quemadmodum
2915 3870 3296 3927 Occidentales
3344 3869 3526 3940 :quid
3577 3869 3750 3938 igitur
3800 3916 3810 3922 .

2164 3966 2478 4022 faciendum
2503 3966 2623 4021 est?
2645 3965 2853 4034 Nempe
2883 3965 2962 4018 nil
2990 3965 3159 4030 aliud,
3194 3964 3304 4023 nisi
3332 3978 3455 4018 cum
3480 3960 3755 4031 Occiden-

2167 4059 2304 4114 tales
2339 4058 2530 4112 Patres
2557 4057 2908 4126 apertissime
2937 4055 3082 4113 banc
3109 4041 3530 4124 pra-dicaverint
3556 4052 3748 4116 ﬁdem,

2163 4150 2471 4207 Orientales
2493 4164 2713 4220 quoque
2743 4147 3044 4217 putandum
3081 4147 3187 4205 hoc
3235 4147 3384 4204 idem
3416 4145 3624 4211 dicere,
3647 4160 3755 4198 nec

2163 4257 2480 4313 Oppugnare
2540 4242 2665 4297 illos
2692 4243 2783 4311 qui
2819 4241 2966 4298 idem
3021 4239 3090 4296 de
3136 4239 3242 4294 ﬁde
3275 4247 3592 4297 senserunt.
3647 4236 3694 4304 Q
3741 4239 3762 4308 i

2164 4342 2312 4396 enim
2360 4341 2413 4394 in
2447 4340 2578 4404 illis,
2611 4338 2839 4394 idemet
2871 4340 2925 4392 in
2957 4338 3045 4394 liis
3071 4339 3293 4393 locutus
3319 4347 3406 4393 est
3456 4337 3698 4408 Spiritus
3734 4356 3748 4390 :

474 4433 644 4487 situm
685 4449 700 4486 :
737 4440 794 4488 et
837 4430 1233 4504 contrapositis
1266 4433 1540 4499 utrisque,
1575 4447 1602 4483 a
1627 4430 1960 4486 clarioribus
1989 4431 2056 4486 ad
2094 4442 2135 4498 ο
2165 4443 2220 4490 et
2251 4449 2371 4504 quae
2406 4447 2505 4502 per
2537 4432 2660 4486 illos
2687 4431 3050 4498 subobscure,
3077 4432 3270 4486 eadem
3305 4448 3403 4502 per
3431 4431 3533 4487 bos
3557 4441 3753 4502 aperte

475 4542 540 4580 ea
572 4540 695 4596 quze
740 4541 849 4578 non
877 4527 950 4580 ita
981 4526 1128 4601 clara
1160 4535 1286 4581 sunt
1320 4514 1676 4594 comparatis,
1705 4542 1804 4597 per
1823 4527 2059 4582 clariora

477 4617 641 4670 etiam
674 4618 1014 4674 intellectum
1047 4633 1240 4672 eorum
1298 4619 1652 4688 investigare.
1705 4635 1829 4689 qua:
1863 4620 2064 4676 obscu-

481 4710 594 4762 rius
626 4709 771 4762 dicta
821 4721 971 4773 sunt,
1006 4709 1186 4764 ethoc
1210 4712 1374 4765 modo
1402 4727 1510 4764 una
1542 4711 1826 4768 harmonia
1856 4729 1921 4768 ex
1945 4730 2058 4768 οων

480 4800 654 4852 Ιιςιιιιη
693 4797 942 4866 partibus
967 4800 1290 4867 composita.
1329 4801 1382 4855 in
1409 4805 1742 4858 concordem
1775 4813 1832 4859 et
1862 4819 2063 4860 conso-

481 4904 702 4947 nantem
737 4891 1191 4960 gloriticationem
1243 4893 1337 4947 Dei
1373 4895 1656 4950 accedere.
1684 4897 1750 4950 Et
1782 4912 1904 4952 meo
1938 4898 2064 4967 qni-

478 4991 602 5042 (icm
631 4983 865 5055 judicio.
908 4993 1020 5036 tum
1051 4985 1360 5045 Orientales
1395 4994 1512 5040 tttm
1552 4987 1939 5046 Occidentales
1969 4991 2063 5045 Pa-

481 5095 593 5138 tres
629 5083 777 5138 clare
821 5079 1225 5150 manifestoque
1261 5078 1430 5132 locuti
1472 5091 1624 5143 sunt.
1666 5093 1737 5153 et
1772 5087 2060 5140 veritatem

2159 4527 2370 4590 docuit,
2401 4525 2476 4579 ob
2505 4539 2629 4580 eam
2664 4539 2828 4594 quam
2864 4524 2954 4578 ille
2980 4525 3144 4578 scivit
3176 4533 3496 4589 causam,et
3521 4535 3752 4594 propter

2161 4617 2536 4674 necessariam
2562 4626 2692 4670 tunc
2731 4615 2988 4670 fortassis
3010 4615 3508 4685 dispensationem.
3543 4615 3613 4669 At
3642 4629 3751 4673 no-

2165 4715 2252 4770 bis
2279 4713 2625 4784 probandum
2659 4721 2762 4776 est,
2801 4711 2970 4766 etiam
2991 4712 3200 4781 absque
3232 4713 3650 4782 comparatione
3680 4713 3755 4766 ad

2165 4802 2548 4858 Occidentales
2589 4801 2799 4864 Patres,
2836 4800 2986 4868 ipsos
3019 4817 3120 4872 per
3148 4817 3208 4858 Se
3245 4803 3396 4872 ipsos
3444 4801 3757 4859 Orientales

2168 4899 2426 4953 doctores
2461 4895 2604 4949 idem
2652 4907 2777 4948 cum
2806 4893 3261 4950 Occidentalibus
3293 4894 3362 4950 de
3390 4894 3754 4966 processione

2167 4989 2409 5060 Spiritus
2450 4986 2627 5046 sancti
2686 4986 3112 5052 concludentes,
3169 4998 3225 5044 et
3263 4988 3409 5045 idem
3463 4989 3611 5059 quod
3670 4989 3751 5043 illi

2167 5085 2494 5140 sentientes.

1976 5240 2204 5298 CAPUT
2233 5243 2292 5299 V.

549 5365 1007 5435 l’rzepositionem
1052 5363 1218 5431 igitur
1249 5381 1363 5435 per,
1405 5364 1457 5418 in
1490 5363 1749 5418 omnibus
1773 5364 1826 5416 in
1859 5363 2062 5434 quibus

477 5461 762 5527 accipitur,
794 5473 1015 5514 causam
1049 5447 1362 5528 signiﬁcare
1387 5472 1774 5534 nunquamque
1797 5456 1924 5528 dici,
1954 5456 2062 5510 nisi

478 5555 718 5624 aliquam
749 5553 1085 5610 mediantem
1123 5549 1487 5606 subostendat
1517 5564 1760 5614 causam,
1795 5564 1956 5604 nemo
1979 5555 2065 5612 est

478 5631 580 5718 qui
607 5648 841 5726 ignoret.
875 5647 1107 5715 Semper
1134 5645 1278 5700 enim
1299 5653 1355 5698 et
1382 5643 1434 5696 in
1459 5641 1721 5720 omnibus
1737 5641 1936 5710 quibus
1960 5641 2066 5694 hoc

479 5740 546 5794 ab
575 5741 678 5795 hoc
699 5755 798 5810 per
827 5741 933 5795 hoc
965 5755 1086 5795 esse
1116 5749 1211 5794 aut
1243 5735 1358 5792 fieri
1399 5734 1624 5798 dicitur,
1661 5733 1793 5788 illud
1824 5750 1918 5803 per
1937 5741 2057 5788 tan-

481 5847 641 5897 quatn
701 5831 1118 5888 communicatis
1177 5841 1274 5886 aut
1314 5841 1621 5899 cooperans
1665 5827 1841 5896 primo
1878 5825 2055 5898 agenti

2170 5365 2456 5434 accipitur.
2486 5363 2961 5431 Quemadmodum
2989 5364 3031 5418 si
3059 5362 3277 5420 fabrum
3297 5377 3397 5433 per
3429 5379 3639 5418 serram
3669 5365 3756 5420 ia-

2169 5456 2374 5512 bricari
2422 5456 2694 5525 dicamus,
2735 5473 2944 5514 serram
2976 5471 3198 5528 quoque
3243 5459 3530 5526 eooperari
3590 5459 3754 5515 fabro

2169 5551 2237 5606 ad
2263 5549 2558 5607 secandum
2589 5550 2974 5620 intelligimus,
3002 5560 3058 5605 et
3089 5549 3251 5604 modo
3277 5550 3330 5605 ei
3363 5551 3750 5617 convenienti,

2172 5639 2280 5694 hoc
2324 5648 2432 5703 est,
2462 5639 2968 5694 instrumentaliter
2995 5639 3172 5707 ipsam
3208 5637 3377 5692 etiam
3408 5653 3618 5700 secare,
3649 5655 3756 5697 nec

2169 5746 2638 5801 supervacaneam
2685 5745 2807 5786 eam
2834 5730 3031 5800 accipi.
3067 5729 3172 5784 Per
3201 5732 3386 5785 locum
3432 5732 3623 5794 etiam,
3654 5741 3759 5788 aut

2169 5839 2268 5894 per
2303 5831 2523 5894 tempus
2556 5821 2765 5893 aliquid
2791 5821 3062 5878 fuissevel
3093 5821 3418 5880 transivissc
3442 5823 3649 5889 dicere,
3675 5825 3755 5879 nil
