4086 6442
337 348 446 416 553

1299 360 1802 427 BESSARIONIS
1843 369 1901 429 S.
1945 369 2022 430 Β.
2062 372 2131 432 Ε.
2178 374 2646 439 CARDINALIS

3480 390 3583 455 δδι
3608 389 3635 397 ’

334 473 496 539 ἡμῶν
536 471 935 575 ἐκπορεύεσθαι
965 474 1024 529 τὸ
1054 479 1276 549 Πνεῦμα
1305 498 1318 511 ·
1370 483 1605 538 καθόσον
1628 486 1684 539 δὲ
1715 487 1791 552 ὥς
1816 488 1909 556 ὅρ-
1936 489 1981 546 Α
2012 493 2106 545 καὶ
2135 496 2201 565 τῇ
2235 495 2372 567 αὐτῇ
2400 496 2656 570 ἐνεργείᾳ
2687 516 2745 553 τε
2770 500 2862 555 καὶ
2888 501 3115 575 δυνάμει
3145 506 3214 561 τὰ
3248 508 3426 564 πάντα
3457 529 3584 566 συν-

335 578 502 630 γανον
560 565 1081 635 παραλαμϐάνεται,
1132 572 1588 642 ἁπεμφαίνουσαν
1638 579 1754 648 ἔχει
1804 581 1913 648 τὴν

331 657 629 727 ὁμοιότητα
649 674 665 692 ·
693 659 754 713 οὐ
785 661 890 728 γὰρ
933 660 1009 724 ὡς
1044 662 1115 716 δι’
1140 663 1398 732 ὀργάνου,
1430 667 1461 738 ἢ
1493 670 1682 734 τόπου,
1717 670 1749 741 ἢ
1781 672 1908 742 χρόη-

2009 584 2512 656 δημιουργήσαντα.
2566 591 2675 645 Καὶ
2703 592 2796 646 ἐπὶ
2838 594 2938 665 τῆς
2983 594 3052 648 δι’
3084 597 3213 652 Υξοῦ
3253 599 3434 655 τοίνυν
3482 602 3580 658 τοῦ

2011 675 2328 746 Πνεύματος
2358 681 2743 752 ὲκπορεύσεως
2786 686 3089 760 ὀργανικὴν
3137 692 3239 760 μὲν
3271 692 3455 748 αίτίαν
3487 697 3580 748 ὲν·-

332 764 452 852 νρυί
483 749 516 820 ἧ
547 768 701 852 τινρς.
735 752 1081 852 τῶνβτελῶν
1125 758 1318 810 αἰτίων
1367 760 1550 829 φαμὲν
1578 761 1641 814 τὺ
1684 763 1907 835 Πνεῦμα
2006 766 2199 835 νοῆσαι
2230 768 2362 836 γοῦν
2394 749 2718 844 βλάσφημὸν
2745 792 2760 807 ο
2789 749 2970 832 αἰτίαν
3004 749 3192 850 μέντοι
3232 800 3295 852 γε
3328 784 3424 838 καὶ
3447 787 3580 840 ταῦ·-

325 840 389 891 τὸ
420 838 578 908 ἅγιον
624 840 713 896 διὰ
767 843 865 898 τοῦ
904 844 1039 900 Υίοῦ
1094 848 1533 921 ὲκπορειέεσθαν
1563 853 1742 908 ταῦτα
1793 858 1904 928 γὰρ

327 928 518 1000 πόῤῥω
547 933 645 1002 τῆς
690 934 900 989 ὶκείνου
931 939 1232 1005 παντελοῦς
1279 943 1643 1013 τελειότητος,
1678 946 1775 1000 καὶ
1804 950 1903 1018 τῆς

324 1022 504 1093 ἄκρας
549 1024 686 1095 πρὸς
736 1026 830 1081 τὸν
858 1028 1080 1100 Πατέρα
1135 1032 1380 1104 ἰσότητος
1426 1036 1460 1107 ἢ
1516 1037 1793 1106 ἑνότητος.
1826 1039 1902 1093 Οὐ

324 1113 436 1182 γὰρ
483 1114 621 1189 ἄλλῃ
668 1116 902 1189 δυνάμει
947 1121 1028 1192 τῷ
1080 1124 1301 1196 ἀριθμῷ
1333 1127 1487 1198 παρὰ
1534 1129 1627 1184 τὸν
1684 1131 1904 1203 Πατέρα

326 1205 626 1274 προϐάλλει
676 1209 740 1262 τὸ
778 1212 1005 1282 Πνεῦμα
1038 1214 1098 1268 τὸ
1140 1217 1298 1285 ἅγιον
1332 1219 1361 1271 6
1400 1220 1547 1285 Υίδς,
1608 1222 1678 1276 ἶν’
1710 1222 1902 1294 ὥσπερ

321 1296 551 1367 δευτέρα
575 1299 606 1367 ἢ
636 1302 911 1375 ὀργανική
942 1307 1090 1359 αἰτία
1114 1308 1599 1380 παραλαμϐάνοιτο
1624 1330 1639 1345 ο
1665 1315 1803 1371 ἀλλὰ
1826 1317 1902 1388 τῷ

322 1390 424 1483 τῂν
462 1393 634 1483 αυτὴν
666 1396 761 1449 καὶ
794 1396 928 1467 μίαν
960 1399 1019 1452 ἐν
1052 1401 1227 1470 Πατρὶ
1253 1403 1347 1457 καὶ
1387 1403 1502 1474 Υίῷ
1532 1407 1901 1483 προϐλητικὴν

321 1474 467 1535 εἶναι
500 1481 757 1553 δύναμιν,
784 1487 985 1551 ἐπίσης
1002 1490 1139 1561 παρ’
1161 1492 1440 1562 ἑκατέρων
1462 1474 1681 1564 λέγεται
1712 1474 1901 1569 προϊέ-

321 1591 434 1630 ναι.
483 1577 638 1632 Ἐπεὶ
672 1582 767 1637 καὶ
801 1583 830 1635 6
864 1583 1064 1651 πρίων,
1099 1585 1261 1658 εἴπερ
1292 1589 1582 1661 ἄνθρωπος
1610 1586 1681 1665 ἦν
1706 1591 1898 1664 ὥσπερ

320 1667 417 1721 καὶ
446 1670 474 1722 6
505 1671 736 1737 τέκτων,
794 1678 888 1730 καὶ
925 1680 953 1731 6
1004 1679 1169 1743 αὐτὸς
1205 1683 1514 1754 ἄνθρωπος,
1557 1687 1748 1758 ὥσπερ
1802 1691 1897 1745 ἐπὶ

2006 875 2106 928 την
2138 860 2238 915 οὐκ
2275 863 2440 934 ἀτελῆ
2481 866 2802 934 ἀναγκαῖον.
2837 869 2909 923 Τὸ
2953 871 3057 942 μὲν
3093 874 3201 945 γὰρ
3231 876 3420 941 ἀτελὶς
3479 881 3580 949 τῆς

2005 950 2104 1006 διὰ
2138 953 2667 1027 ἀποδιαπομπητέον
2695 960 2981 1016 ἐντεῦθεν·
3024 964 3150 1019 ὅσον
3195 965 3253 1020 δὲ
3292 969 3582 1036 εὐσεϐείας

2006 1045 2101 1103 καὶ
2144 1045 2489 1117 τελειότητος
2543 1050 2892 1122 ἐπιφέρεται,
2944 1054 3105 1110 τοῦτο
3162 1059 3577 1128 παραληπτέον.

2003 1138 2147 1209 Φησὶ
2171 1139 2227 1193 δὲ
2264 1142 2293 1194 6
2330 1142 2505 1213 μέγας
2535 1144 2819 1210 Βασίλειος
2866 1147 2926 1201 ἐν
2956 1147 3033 1219 τῷ
3060 1149 3234 1221 ὀγδόῳ
3289 1150 3404 1205 τῶν
3441 1152 3580 1223 πρὸς

2017 1233 2368 1305 Ἀμφιλόχιον
2396 1251 2412 1268 ο
2445 1236 2518 1289 Τὸ
2542 1236 2630 1291 διὰ
2668 1239 2760 1292 τοῦ
2794 1239 2926 1295 Υίοῦ
2953 1242 3314 1313 δημιουργεῖν
3347 1245 3439 1299 τὸν
3469 1247 3583 1300 Πα-

2002 1325 2141 1397 τέρα
2179 1326 2305 1381 οὔτε
2335 1328 2501 1399 ἀτελῆ
2528 1330 2626 1384 τοῦ
2654 1332 2872 1404 nam;
2903 1335 3004 1404 τὴν
3034 1336 3422 1407 δημιουργίαν,
3453 1339 3580 1393 οὔτε

2002 1418 2194 1475 ἄτονον
2218 1421 2314 1475 τοῦ
2358 1421 2489 1477 Υίοῦ
2524 1425 2830 1497 παραδηλοῖ
2860 1427 2960 1498 τὴν
3007 1414 3314 1499 ἐνέργειαν,
3348 1430 3481 1486 ἀλλὰ
3517 1433 3580 1485 τὸ

2002 1512 2411 1583 ἡνωμένοντοῦ
2455 1515 2766 1588 θελήματος
2801 1519 2983 1574 αὐτῶν
3016 1520 3371 1591 παρίστησιν.
3410 1524 3575 1576 Ὥστε

2000 1605 2069 1675 ἡ.
2114 1604 2192 1660 δι’
2246 1607 2408 1674 Υίοῦ,
2463 1609 2646 1679 φωνὴ,
2699 1612 2800 1680 τῆς
2845 1615 3337 1684 προκαταρκτικῆς
3394 1616 3577 1677 αίείας

2000 1699 2296 1768 ὁμολογίαν
2342 1699 2481 1771 ἔχει,
2536 1701 2637 1756 οὐκ
2670 1704 2765 1757 ἐπὶ
2800 1705 3110 1778 κατηγορίᾳ
3140 1707 3233 1760 τοῦ
3287 1707 3575 1776 ποιητικοῦ

321 1763 536 1873 “ne;
573 1767 669 1821 καὶ
718 1768 851 1881 Υξοτξ
878 1773 907 1825 ὁ
938 1775 1119 1881 ,αὐτὸς
1150 1777 1303 1881 θεδςι
1341 1779 1577 1881 ’ἕξειν-,ξεν
1594 1782 1677 1881 ’ἂν
1706 1784 1896 1836 κάκεῖ·
1928 1824 1970 1881 η
1998 1763 2190 1844 αἰίτίου⁷
2214 1763 2729 1862 παραλαμϐάνεται.
2781 1763 3097 1867 Οὓτωυμιὲν.
3143 1797 3235 1851 οὖν
3269 1799 3302 1868 ἡ
3350 1763 3447 1852 διιὰ
3482 1816 3576 1852 πε-

319 1873 429 1918 νος,
461 1856 652 1930 ὥσπερ
706 1864 798 1917 καὶ
824 1865 853 1917 6
891 1869 1103 1923 τέκτων
1125 1885 1139 1900 θ
1183 1873 1277 1925 καὶ
1306 1872 1366 1925 τὸ
1408 1873 1497 1926 διὰ
1525 1876 1621 1928 τοῦ
1672 1878 1893 1946 πρίονος

320 1949 614 2020 λεγόμενον
658 1957 919 2025 οὐδεμίαν
957 1962 1024 2015 ἂν
1059 1964 1149 2016 τοῦ
1195 1965 1414 2035 πρίθνος
1448 1969 1743 2039 κατηγόρει
1775 1971 1897 2023 ἀτέ-

319 2040 490 2099 λειαν.
548 2046 879 2117 Θαυμαστὸν
911 2052 968 2105 δὲ
1021 2056 1195 2120 οὐδὲν,
1241 2059 1289 2111 εί
1334 2059 1617 2114 ἀσθενέσιν
1660 2062 1894 2116 ἐπὶτῶν

315 2130 482 2186 θείων
535 2132 741 2206 φωναῖς
769 2158 827 2194 τε
868 2145 960 2220 καὶ
1013 2148 1219 2215 ρξμασι
1256 2153 1542 2222 χρώμεθα,
1595 2153 1669 2225 μὴ
1716 2155 1895 2219 ἄλλως

274 2287 284 2293 _
313 2227 630 2320 δυνάμενοι.
661 2233 740 2285 Τὰ
777 2235 886 2306 γὰρ
916 2238 1039 2292 Θεία
1065 2240 1154 2294 διὰ
1189 2243 1299 2296 τῶν
1325 2243 1600 2299 εἰωθότων
1627 2247 1728 2317 μὲν
1756 2251 1788 2320 ή
1800 2252 1893 2319 μίν

316 2318 598 2389 ὀνομάτων
629 2326 911 2395 ἐκφαίνειν
960 2335 1286 2404 πειρώμεθα
1310 2352 1323 2367 '
1365 2337 1543 2401 ἄλλως
1572 2342 1682 2411 γὰρ
1727 2318 1896 2412 φθέγο

320 2413 515 2476 γεσοαί
544 2432 597 2467 τι
627 2417 758 2483 γοῦν
788 2421 913 2488 περὶ
949 2423 1173 2478 ἐκείνων
1219 2428 1506 2498 ἀμήχανον
1526 2446 1540 2461 ⁸
1576 2432 1634 2484 τθι
1679 2432 1737 2485 δὲ
1762 2433 1893 2502 περὶ

316 2505 418 2574 τὴν
448 2508 759 2581 ἐκφώνησιν
791 2514 900 2569 τῶν
928 2517 1211 2587 ὀνομάτων
1243 2522 1545 2602 συμϐαῖνον
1595 2527 1891 2595 ἐπιχειρεῖν

316 2600 411 2652 καὶ
435 2603 544 2665 τοῖς
574 2604 668 2658 ὐπ’
696 2608 876 2662 αὐτῶν
903 2615 1329 2683 σημαινομένοις
1364 2600 1686 2686 πράγμασιν
1716 2619 1891 2689 ἐφαρ-

316 2696 503 2762 μόζειν
536 2699 611 2770 μὴ
654 2702 714 2754 οὐ
752 2702 976 2773 θεμιτὸν
1069 2723 1082 2735 ·
1119 2708 1293 2761 πολλὰ
1341 2712 1448 2778 γὰρ
1487 2711 1555 2763 ἂν
1606 2710 1751 2766 οὕτω
1781 2714 1891 2767 τῶν

310 2791 768 2863 ὁμολογουμένων
799 2800 894 2849 καὶ
924 2799 1238 2866 ἀναγκαίων
1273 2802 1636 2874 ἀνατραπείη,
1680 2806 1791 2859 Καὶ
1822 2807 1891 2861 τὰ

309 2883 491 2936 πάντα
541 2885 654 2953 γὰρ
693 2891 756 2941 ὲκ
793 2889 1004 2959 Πατρὶς
1038 2891 1107 2944 δι’
1148 2893 1279 2946 Υἰοῦ
1329 2895 1560 2963 λέγομεν
1610 2898 1888 2964 γενέσθαι.

322 2973 459 3024 Ἀλλ’
492 2976 553 3028 οὐ
578 2977 754 3045 δήπου
778 2980 1073 3050 τολμήσειέ
1103 3000 1186 3047 τις
1213 2985 1513 3055 ὀργανικὴν
1543 2989 1747 3056 αίτίαν,
1771 2989 1889 3042 ἀλλ’

306 3065 433 3134 οὐχὶ
462 3064 561 3137 τὴν
595 3069 769 3140 αὐτὴν
815 3072 892 3141 τῷ
925 3073 1101 3144 Πατρὶ
1149 3077 1239 3173 te?
1274 3077 1403 3130 Υίὸν
1438 3079 1643 3146 λέγειν,
1680 3081 1757 3144 ὡς
1782 3083 1892 3153 μιᾷ

308 3251 573 3307 convenit
593 3251 722 3308 huic
754 3256 1073 3326 quastioni,
1100 3274 1225 3314 cum
1249 3260 1486 3317 dicimus
1518 3278 1585 3319 ex
1611 3263 1769 3320 Patre
1788 3281 1889 3336 per

308 3339 508 3396 Filium
543 3346 848 3414 procedere
880 3348 1147 3418 Spiritum
1176 3369 1190 3405 :
1225 3351 1280 3406 in
1306 3362 1572 3422 quantum
1607 3371 1737 3412 vero
1766 3366 1886 3412 tan-

305 3445 472 3500 quam
512 3432 943 3493 instrumentum
1002 3441 1362 3513 intelligatur,
1409 3446 1567 3501 valde
1611 3447 1880 3503 dissimile

306 3521 475 3576 habet
492 3523 865 3596 signiﬁcatum
911 3529 1031 3584 Non
1063 3532 1211 3586 enim
1239 3543 1300 3588 ut
1328 3549 1427 3603 per
1453 3535 1881 3594 instrumentum

302 3617 389 3671 vel
422 3632 520 3688 per
548 3619 752 3681 locum,
776 3620 862 3677 vel
887 3637 984 3691 per
1007 3631 1244 3694 tempus,
1276 3634 1372 3681 aut
1400 3628 1640 3698 aliquam
1659 3644 1882 3691 causam

305 3707 681 3779 imperfectam
715 3710 1248 3790 dicimus~Spiritum
1276 3727 1529 3774 sanetum
1552 3735 1651 3790 per
1681 3721 1879 3778 Filium

303 3803 602 3889 pr..cedere
633 3821 647 3859 :
684 3804 845 3877 longe
885 3789 1096 3863 etenim
1129 3808 1247 3864 hare
1278 3810 1349 3869 ab
1380 3810 1473 3871 illa
1502 3789 1626 3881 ejus
1663 3828 1875 3873 summa

301 3897 668 3981 perfectione,
723 3907 782 3956 et
826 3915 1043 3956 summa
1090 3903 1156 3957 ad
1220 3904 1436 3965 Patrem
1479 3908 1792 3977 aequalitate
1825 3919 1883 3965 et

301 3990 513 4057 pnitate
540 3992 761 4049 absunt.
791 3992 904 4059 Nec
928 3996 1074 4057 enim
1102 3995 1208 4063 alia
1232 4000 1476 4073 potentia
1506 4014 1741 4055 numero
1754 4016 1883 4071 pro-

298 4081 457 4144 ducit
491 4083 782 4153 Spiritum,
815 4101 978 4156 quam
1010 4087 1192 4152 Pater,
1234 4097 1291 4145 et
1322 4089 1515 4155 Filius,
1544 4101 1877 4162 uttanquam

295 4173 542 4247 secunda
580 4175 667 4246 vel
712 4176 1153 4235 instrumentalis
1193 4195 1358 4236 causa
1398 4181 1749 4251 accipiatur:
1782 4183 1878 4239 sed

293 4282 423 4332 ,cum
445 4270 636 4323 eadem
660 4281 716 4325 et
749 4287 855 4325 una
889 4271 948 4327 in
976 4271 1140 4328 Patre
1173 4284 1230 4329 et
1260 4273 1399 4329 Filio
1431 4275 1758 4342 productiva
1782 4291 1881 4346 po-

296 4361 472 4429 tentia
503 4360 597 4425 sit,
634 4363 923 4434 aequaliter
943 4379 1013 4420 ex
1046 4373 1287 4437 utroque
1319 4369 1622 4437 procedere
1648 4368 1877 4430 dicitur,

297 4453 435 4531 i\'am
469 4463 527 4509 et
556 4471 733 4522 serra,
771 4457 819 4513 si
850 4459 1019 4515 homo
1046 4468 1218 4527 esset,
1249 4460 1720 4531 quemadmodum
1756 4462 1877 4532 ipse

1910 3169 1957 3232 ο

2003 1881 2244 1951 ριφανῶς
2278 1884 2462 1937 αίτίιν
2507 1883 2786 1954 σημαίνει.
2817 1886 2891 1939 Οὐ
2921 1886 3033 1956 γὰρ
3065 1888 3254 1941 ἄτονον
3292 1887 3386 1941 τοῦ
3417 1888 3570 1952 Υἱοῦ,

1997 1972 2154 2041 φησὶ,
2214 1972 2522 2043 παραδηλοῖ
2567 1975 2668 2045 τὴν
2718 1975 3043 2046 ἐνέργειαν,
3089 1977 3208 2030 ἀλλ’
3265 1980 3446 2032 αἰτίαν
3474 1979 3577 2051 τὴν

1999 2063 2139 2132 μετὰ
2167 2065 2373 2130 τάξεως
2400 2082 2414 2099 ο
2448 2065 2545 2134 τῆς
2572 2067 2680 2135 γὰρ
2712 2068 3226 2137 προκαταρκτικῆς,
3260 2071 3449 2137 φησὶν,
3490 2073 3578 2124 al-

1994 2153 2115 2216 τξας
2159 2152 2452 2221 ὁμολογίαν
2500 2155 2637 2224 ἔχει.
2693 2155 2805 2210 Ἀεὶ
2853 2156 2962 2227 γὰρ
3006 2158 3136 2213 ὅταν
3187 2160 3252 2212 ἐκ
3309 2176 3455 2223 τινος
3482 2162 3574 2215 διά
3653 2159 3658 2163 ’

1993 2260 2140 2309 τινος
2187 2243 2327 2299 εἶναί
2358 2265 2412 2300 τι
2444 2245 2678 2316 λέγοιτο,
2716 2249 2879 2313 ιτάξις
2934 2249 3193 2321 δηλοῦται
3245 2253 3382 2321 πρὸς
3422 2254 3483 2306 τὸ
3514 2254 3572 2319 ἐξ

1992 2333 2055 2388 οῦ
2084 2333 2180 2387 τοῦ
2209 2334 2277 2390 δι’
2303 2334 2388 2400 οὗ,
2421 2335 2517 2389 τοῦ
2554 2338 2654 2407 μὲν
2684 2337 2744 2405 ἐξ
2787 2332 2849 2391 οὗ
2881 2337 2958 2402 ὡς
2987 2338 3223 2409 ἀρχικοῦ
3274 2342 3568 2411 νοουμένου

1994 2427 2193 2493 αίτίου,
2219 2426 2315 2481 τοῦ
2338 2427 2395 2481 δὲ
2424 2427 2497 2482 δι’
2528 2421 2592 2481 οὗ
2639 2429 2715 2493 ὡς
2752 2431 2987 2502 ὀργάνου
3035 2430 3068 2501 ἢ
3100 2432 3400 2496 συναιτίου,
3442 2433 3574 2487 ἑαυ-

1995 2519 2091 2573 τοῦ
2121 2519 2622 2591 προεπινοούμενον
2656 2520 2874 2591 ἔχοντος
2906 2522 2998 2575 τὸν
3035 2520 3120 2592 ἐφ’
3149 2522 3210 2575 οὗ
3255 2523 3478 2592 λέγεται
3510 2529 3572 2578 τὸ

1992 2613 2053 2676 ἐξ
2100 2606 2186 2668 οὗ.
2226 2613 2443 2680 Ταύτην
2496 2614 2556 2669 δέ
2589 2629 2654 2684 γε
2686 2613 2785 2684 τὴν
2811 2613 2965 2679 τάξιν
2994 2614 3292 2683 ἀναγκαῖον
3341 2617 3437 2671 καὶ
3477 2618 3570 2671 ἐπὶ
3594 2614 3607 2629 “

1995 2708 2213 2778 Πατρὸς
2256 2707 2639 2778 λαμϐάνεσθαι
2671 2710 2764 2761 καὶ
2793 2707 2925 2761 Υἱοῦ
2947 2723 2963 2740 ο
2996 2709 3149 2779 παρὰ
3180 2708 3292 2778 γὰρ
3327 2709 3424 2762 τοῦ
3452 2710 3567 2763 [la-

1993 2802 2122 2873 τρὸς
2159 2800 2342 2855 πάντα
2386 2800 2572 2855 λαϐὼν
2596 2802 2666 2855 τὰ
2686 2801 2797 2855 τοῦ
2826 2801 3037 2872 Πατρὶις
3064 2803 3091 2854 6
3129 2800 3259 2864 Υίδς
3308 2800 3446 2871 ἔχει,
3473 2804 3568 2856 καὶ

1997 2893 2137 2963 μετὰ
2165 2892 2261 2947 τοῦ
2305 2894 2516 2963 Πατρὺς
2565 2892 2660 2947 καὶ
2693 2893 2810 2964 ἃμα
2856 2891 3004 2962 αὐτῷ
3034 2891 3202 2955 εὐθὺς
3234 2892 3569 2945 συνεπινοεῖ-

1992 3001 2082 3038 ται
2114 2984 2404 3056 προσεχῶς
2439 2985 2467 3037 6
2503 2984 2630 3049 Υίός
2655 2999 2670 3014 ⁶
2708 2988 2803 3038 καὶ
2827 2983 2957 3037 Υίὸν
2990 2983 3262 3052 λέγοντες,
3296 2977 3459 3046 εὐθὺς
3487 2982 3568 3044 είς

1992 3077 2088 3130 τὸν
2122 3075 2183 3130 οῦ
2212 3079 2359 3135 ἐστιν
2387 3078 2416 3129 ὀ
2436 3060 2581 3139 ¹Υίδς
2611 3075 2927 3147 ἅναγόμεθα
2945 3078 3011 3147 τῇ
3045 3075 3281 3145 διανοίᾳ,
3310 3073 3562 3144 Πατέρα·

1990 3261 2075 3309 tre
2113 3267 2334 3311 causam
2365 3252 2575 3308 diceret
2596 3252 2819 3322 Filium,
2847 3257 3054 3325 quippe
3076 3252 3171 3325 qui
3204 3252 3401 3310 eadem
3429 3268 3566 3308 una-

1990 3361 2098 3416 que
2129 3345 2371 3416 potentia
2400 3354 2457 3400 et
2489 3347 2709 3401 actione
2742 3360 2867 3400 cum
2900 3344 3065 3400 Patre
3097 3344 3367 3399 mundum
3407 3356 3568 3399 crea-

1993 3436 2158 3492 verit.
2189 3435 2367 3491 Simili
2402 3435 2569 3507 igitur
2601 3437 2769 3491 modo
2783 3435 2953 3491 etiam
2981 3435 3051 3491 de
3082 3434 3325 3506 Spiritus
3355 3450 3454 3505 per
3472 3434 3567 3489 Fi-

1988 3531 2125 3593 lium
2155 3529 2545 3601 productione,
2577 3529 3062 3584 instrumentalem
3081 3528 3304 3599 quidem
3341 3540 3564 3583 causam

1989 3625 2161 3683 etiam
2185 3622 2362 3680 solum
2389 3623 2659 3692 cogitare,
2686 3620 3029 3692 blasphemia
3054 3628 3176 3677 est:
3200 3632 3426 3675 causam
3464 3634 3565 3675 au—

1990 3726 2125 3782 tem,
2156 3727 2213 3773 et
2247 3716 2390 3771 hanc
2421 3730 2534 3770 non
2569 3713 2971 3784 imperfectam,
3001 3713 3109 3768 hoc
3137 3727 3273 3769 vero
3311 3728 3565 3770 necessa-

1987 3811 2131 3866 rium
2161 3817 2245 3864 est
2276 3824 2294 3875 ;
2341 3804 2816 3876 imperfectionem
2848 3806 3055 3862 etenim
3105 3804 3271 3873 hujus
3295 3807 3565 3879 pmposi-

1987 3905 2159 3960 tionis
2189 3920 2283 3974 per
2305 3902 2463 3972 longe
2496 3896 2878 3969 repellendum
2903 3905 3206 3968 :quantum
3237 3904 3425 3952 autem
3440 3912 3564 3968 per-

1985 3995 2248 4053 lectionis
2283 4002 2341 4051 et
2364 3990 2588 4065 pietatis
2617 3989 2808 4058 habet,
2846 3990 2959 4046 hoc
2979 4004 3111 4046 vero
3134 3989 3558 4059 acccptandum.

1985 4088 2080 4144 Ait
2100 4087 2248 4143 enim
2271 4086 2329 4141 in
2359 4093 2556 4141 octavo
2586 4082 2656 4140 ad
2680 4081 3137 4153 Amphilochium
3173 4080 3374 4138 beatus
3404 4081 3562 4137 Basi-

1985 4182 2094 4237 lius
2127 4200 2141 4236 :
2180 4180 2398 4235 Patrem
2427 4192 2623 4232 creare
2657 4190 2759 4247 per
2788 4173 3014 4241 Filium,
3041 4188 3148 4230 nec
3179 4173 3560 4244 imperfectam

1988 4273 2167 4328 Patris
2208 4271 2566 4333 creationem,
2600 4282 2704 4322 nec
2742 4266 3074 4322 imbecillem
3121 4265 3249 4324 Filii
3283 4267 3561 4325 actionem

1984 4365 2285 4438 significat,
2321 4365 2417 4418 sed
2461 4361 2730 4417 unitatem
2763 4359 3065 4416 voluntatis
3100 4374 3293 4415 eorum
3333 4357 3562 4414 manife-

1986 4468 2099 4516 stat
2128 4475 2144 4512 :
2180 4469 2357 4527 quare
2388 4453 2506 4510 hac
2534 4467 2665 4520 vos,
2718 4468 2817 4522 per
2847 4451 3079 4517 Filium,
3110 4466 3222 4507 non
3255 4449 3460 4506 minuit
3481 4450 3564 4506 ef-

296 4528 452 4621 fabor
481 4555 537 4602 et
565 4547 712 4604 idem
747 4549 932 4616 homo,
964 4550 1127 4608 sicuti
1176 4528 1339 4608 Pater
1380 4562 1437 4608 et
1487 4553 1683 4621 Filius,
1726 4528 1871 4609 idem
1909 4528 1952 4584 θ
1982 4550 2238 4608 fectivam
2293 4560 2541 4611 causam,
2597 4543 2696 4602 sed
2741 4543 2808 4600 ad
2849 4542 3299 4615 principaliorem
3335 4556 3555 4604 causam

298 4636 449 4708 Deus
474 4647 583 4703 est,
608 4649 826 4697 secaret
850 4644 1046 4712 utique
1067 4644 1235 4700 etiam
1278 4646 1392 4713 illa,
1431 4656 1598 4717 prout
1628 4647 1745 4715 ipse
1783 4645 1868 4703 fa-

297 4728 399 4793 ber
436 4746 450 4782 :
483 4740 541 4783 et
569 4732 716 4800 quod
739 4730 1024 4788 diceretur
1045 4751 1142 4804 per
1170 4752 1406 4803 serram,
1435 4739 1639 4793 nullam
1669 4739 1877 4807 imper-

299 4821 598 4895 fectionem
633 4822 703 4878 de
733 4838 889 4879 serra
926 4835 1168 4882 notaret.
1205 4828 1314 4884 Nec
1346 4828 1573 4894 mirum,
1621 4834 1665 4885 si
1706 4831 1761 4886 in
1793 4832 1877 4885 di-.-

300 4914 449 4970 yinis
477 4924 704 4970 utamur
737 4916 1112 4979 imbecillihus
1148 4930 1206 4975 et
1231 4921 1572 4990 imperfectis
1604 4923 1790 4978 verbis
1819 4932 1876 4978 et

298 5006 641 5081 potiiinibus,
669 5024 795 5065 cum
815 5011 979 5067 aliter
1008 5028 1114 5067 non
1141 5027 1453 5083 possumus.
1481 5015 1704 5070 Divinas
1726 5017 1873 5072 enim

301 5117 389 5182 res
421 5118 521 5173 per
574 5102 801 5165 nomina
837 5112 894 5159 et
942 5103 1280 5160 intentiones
1317 5106 1540 5176 quidem
1582 5119 1876 5163 consuetas

301 5197 461 5269 nobis
495 5198 848 5259 manifestare
865 5211 1151 5253 conamur.
1174 5199 1348 5253 Aliter
1365 5198 1513 5253 enim
1541 5200 1876 5270 impossibile

298 5301 386 5363 pst
406 5289 566 5345 nobis
595 5305 762 5346 sensu
786 5288 1105 5373 viventibus
1132 5288 1200 5343 de
1218 5288 1329 5343 illis
1361 5287 1532 5357 loqui.
1556 5272 1712 5355 Quod
1740 5305 1876 5347 vero

341 5382 598 5438 relationi
634 5383 936 5439 verborum
965 5381 1188 5445 accidit,
1228 5381 1396 5436 etiam
1434 5381 1755 5453 significatis
1789 5399 1878 5438 re-

341 5395 598 5438 rotationi
634 5395 936 5439 verborum
965 5395 1188 5445 aecum,
1228 5395 1396 5436 etiam
1434 5395 1755 5453 sugnmcaus
1789 5399 1878 5438 re-

300 5395 406 5550 {ius
437 5477 575 5533 velle
610 5478 909 5548 imputare,
933 5475 1244 5533 cavendum
1274 5490 1345 5530 ne
1377 5475 1449 5529 sit
1472 5474 1627 5531 nefas
1653 5492 1669 5530 :
1691 5476 1878 5532 multa:

298 5570 446 5623 t‘nim
480 5572 584 5628 hoc
610 5573 775 5629 modo
817 5583 1095 5643 certaeque
1126 5570 1253 5626 fidei
1282 5569 1545 5623 veritates
1576 5583 1876 5624 evanesce-

299 5673 443 5718 reut.
476 5666 686 5722 Etenim
740 5666 1060 5723 universum
1092 5678 1316 5735 quoque
1360 5678 1423 5717 ex
1461 5661 1623 5716 Patre
1655 5676 1753 5730 per
1784 5657 1877 5714 Fi-

301 5754 435 5827 lium
469 5771 709 5810 creatum
742 5772 862 5811 esse
904 5757 1166 5811 dicimus.
1217 5753 1411 5809 Nullus
1461 5762 1642 5806 tamen
1681 5759 1763 5805 est
1802 5751 1876 5805 ita

302 5845 503 5917 audax,
539 5856 595 5901 ut
624 5847 1097 5906 iitsirumcntalem
1120 5856 1310 5919 etnon
1346 5845 1595 5910 eamdem
1625 5858 1749 5901 cum
1777 5843 1873 5900 Pa-

1983 4661 2090 4703 nos
2116 4646 2309 4701 refert.
2344 4641 2532 4703 Palam
2566 4642 2751 4712 itaque
2780 4649 2952 4712 patet,
2988 4639 3435 4712 praepositionem
3463 4655 3560 4711 per

1979 4752 2201 4793 causam
2235 4734 2572 4805 signiﬁcare.
2605 4732 2725 4791 Non
2751 4732 2903 4793 enim
2942 4731 3300 4797 imbecillem,
3344 4731 3441 4797 ait,
3465 4746 3560 4787 os-

1983 4827 2155 4882 tendit
2185 4825 2306 4891 Filii
2347 4825 2648 4891 actionem,
2687 4823 2782 4878 sed
2817 4837 3038 4878 causam
3069 4837 3194 4878 cum
3222 4823 3435 4877 ordine.
3478 4820 3559 4875 Ad

1980 4919 2342 4991 principalem
2368 4917 2536 4979 enim,
2572 4916 2771 4985 inquit,
2799 4931 3022 4971 causam
3050 4929 3151 4969 nos
3180 4913 3369 4969 refert.
3404 4913 3563 4970 Sem-

1982 5028 2083 5085 per
2113 5013 2318 5067 etenim
2344 5024 2470 5065 cum
2499 5007 2708 5077 aliquid
2739 5023 2807 5063 ex
2834 5007 3022 5076 aliquo
3048 5023 3146 5077 per
3168 5007 3409 5075 aliquem
3439 5019 3560 5059 esse

1980 5102 2205 5171 dicitur,
2259 5102 2396 5158 ordo
2424 5098 2646 5170 quidam
2680 5099 2745 5154 ad
2776 5100 2931 5153 illum
2986 5114 3053 5153 ex
3104 5114 3238 5167 quo.
3271 5096 3421 5151 illius
3465 5109 3561 5167 per

1979 5213 2167 5267 quem,
2200 5192 2561 5267 significatur.
2597 5191 2670 5245 Ex
2697 5205 2807 5262 quo
2833 5191 3082 5259 quidem,
3113 5199 3373 5259 tanquam
3406 5190 3561 5259 prin-

1979 5289 2138 5359 cipali
2166 5303 2368 5354 causa;
2411 5302 2509 5357 per
2541 5301 2705 5355 quem
2733 5298 2894 5349 vero,
2922 5292 3185 5353 tanquam
3220 5282 3558 5337 instrumen-

1980 5379 2074 5434 tali
2123 5388 2349 5448 accc-pta
2387 5379 2473 5432 vel
2527 5390 2821 5441 concausa,
2871 5390 2995 5445 quae
3038 5374 3421 5446 praesupponit
3453 5372 3560 5428 sibi

1980 5469 2157 5535 illum,
2181 5470 2274 5540 qui
2298 5468 2504 5524 dicitur
2527 5483 2592 5523 ex
2618 5483 2727 5538 quo
2760 5484 2775 5522 :
2802 5467 2950 5523 hunc
2977 5474 3164 5522 autem
3185 5466 3441 5521 ordinem
3460 5480 3560 5521 ne-

1980 5576 2134 5618 cesse
2165 5562 2331 5616 etiam
2368 5562 2515 5617 inter
2564 5561 2781 5617 Patrem
2812 5573 2866 5616 et
2903 5561 3102 5616 Filium
3126 5576 3269 5617 esse.
3299 5560 3374 5616 Ex
3397 5560 3560 5619 Patre

1982 5653 2183 5708 etenim
2229 5657 2433 5719 omnia,
2470 5671 2591 5724 quia
2627 5653 2802 5709 Patris
2848 5663 3004 5718 sunt,
3037 5654 3242 5724 accipit
3291 5653 3467 5711 Filius
3500 5664 3559 5710 et

1985 5748 2145 5802 habet
2174 5763 2187 5809 ;
2222 5758 2449 5817 postque
2477 5748 2689 5802 Patrem
2731 5755 2787 5802 et
2829 5746 2992 5802 simul
3017 5762 3141 5802 cum
3168 5765 3256 5810 cn,
3290 5748 3476 5802 subito
3505 5758 3560 5802 ct

1986 5839 2304 5904 immediate
2363 5839 2689 5909 intelligitur
2725 5838 2917 5894 Filius.
2972 5838 3107 5895 Cum
3150 5839 3299 5895 enim
3360 5839 3557 5896 Filium
3659 5889 3673 5901 ,
