4086 6404
405 375 514 438 569

1373 381 1660 442 ORATIO
1693 380 2126 441 DOGMATICA
2161 380 2313 440 PRO
2359 383 2680 444 UNIONE.

3553 395 3659 456 570

406 489 590 552 ἐξοτου
629 485 704 558 τῷ
737 487 928 557 κόσμῳ
961 485 1091 540 αὐτὸ
1141 489 1481 556 ἐνεφάνισεν,
1513 490 1540 542 ὃ
1575 491 1763 559 πόρρω
1799 491 1980 558 πάσης
2011 492 2052 548 Λ
2085 489 2192 556 ἄρα
2231 492 2550 560 περιφανῶς
2603 493 2664 544 τὸ
2715 491 2782 544 δι’
2837 495 3006 549 αὐτοῦ
3063 497 3364 570 πεξηνέναι
3413 499 3506 552 τοῦ
3560 501 3660 554 σὺν

411 581 633 645 μανίας.
693 580 799 632 Τοῦ
857 581 966 650 γὰρ
1021 580 1470 651 ἀποτελέσματος
1525 581 1977 651 προεπινοεῖσθιαι

407 673 505 740 τὴν
535 673 714 725 αἰτίαν
759 673 1000 741 ἀνάγκη,
1033 674 1182 726 αἰτία
1233 674 1289 726 δὲ
1335 673 1427 726 τοῦ
1477 676 1537 726 τὺ
1575 673 1792 742 Πνεῦμα
1841 671 1978 725 εἶναι

406 764 622 836 πνεῦμα.
655 764 788 818 Υἱοῦ
819 767 880 818 τδ
929 767 1000 819 δι’
1031 766 1162 819 Τίοῦ
1196 769 1518 836 πεφηνέναι.
1559 767 1618 818 Εἰ
1665 763 1758 820 οὖν
1791 767 1976 828 ἁῖὸἰως

406 859 499 909 καὶ
532 857 692 923 φύσει
737 856 794 908 τὸ
831 855 1054 926 Πνεῦμα
1101 856 1230 910 Υὶοῦ
1275 857 1512 926 πνεῦμα,
1561 859 1654 911 καὶ
1695 859 1878 918 ἀϊδίως
1907 856 1976 908 δι’

408 946 538 999 Υίοῦ
580 947 790 1016 πέφηνε
815 988 830 1011 ,
865 948 924 1000 τὸ
961 947 1018 1001 δὲ
1054 949 1236 1011 ἁῖδὶως
1272 949 1339 1002 δι’
1374 948 1540 1003 αὐτοῦ
1573 951 1897 1018 πεφηνέναι,
1929 949 1976 999 εἰ

407 1042 482 1108 μὴ
515 1039 574 1091 τὸ
599 1039 786 1102 didita;
823 1039 891 1094 δι’
917 1039 1084 1095 αὑτοῦ
1117 1043 1516 1110 ἐκπορεύεσθαι
1549 1043 1645 1094 καὶ
1677 1041 1774 1111 τὴν
1803 1041 1978 1109 ὕπαρ-

407 1132 488 1196 ξιν
537 1131 683 1200 ἐλειν
719 1131 1000 1200 σημαίνει,
1045 1132 1236 1200 θαῦμα
1287 1132 1352 1186 ἂν
1397 1133 1502 1202 εἴη.
1546 1133 1708 1186 Ἀλλὰ
1759 1135 1854 1186 καὶ
1892 1133 1972 1196 τὸ,

404 1225 660 1293 καθάπερ
712 1229 806 1277 καὶ
859 1225 1019 1292 Θεοῦ,
1051 1225 1128 1294 τῷ
1169 1225 1312 1295 λόγῳ
1357 1227 1777 1294 προσκείμενον,
1833 1226 1976 1294 μέγα

404 1319 468 1386 τῇ
496 1317 742 1386 ἡμετέρα
789 1316 1049 1386 ἐξηγήσει
1091 1317 1496 1386 συμϐάλλεται·
1527 1317 1671 1370 οὕτω
1711 1321 1840 1390 γὰρ,
1875 1335 1976 1386 φη-

407 1409 513 1470 σὶν,
551 1407 682 1460 Υἱοῦ
717 1408 938 1474 λέγεται
969 1405 1184 1476 πνεῦμα
1209 1407 1458 1477 καθάπερ
1497 1412 1592 1460 καὶ
1619 1408 1776 1462 Θεοῦ.
1815 1408 1978 1461 Ἀλλὰ

405 1495 499 1549 τοῦ
535 1496 670 1550 Θεοῦ
699 1497 918 1565 λέγεται
953 1497 1200 1566 Πνεῦμα,
1231 1499 1306 1562 ὡς
1334 1501 1768 1570 ἐκπορευόμενον
1793 1501 1848 1565 ἐξ
1875 1502 1976 1554 αὑ-

405 1587 524 1642 τοῦ.
561 1589 670 1642 Καὶ
715 1589 808 1643 τοῦ
847 1591 976 1642 Υἱοῦ
1009 1591 1114 1660 ἄρα
1163 1591 1384 1658 λέγεται
1415 1591 1658 1659 Πνεῦμα,
1695 1593 1771 1654 ὡς
1809 1594 1976 1645 ἐκπο-

407 1680 702 1750 ρευόμενον
749 1681 820 1734 δι’
873 1682 1062 1744 αὑτοῦ,
1122 1685 1300 1737 εἰτουν
1345 1683 1410 1736 δι’
1467 1685 1658 1737 αὐτοῦ·
1695 1683 1970 1753 πεφηνᾶς⁶

405 1779 606 1829 ταυτὸν
637 1777 745 1845 γὰρ
777 1777 1060 1846 ἀμφότερα
1092 1779 1386 1846 σημαίνειν
1417 1779 1812 1832 ἀποδέδεικται.
1863 1781 1974 1830 Ἐν-

405 1866 583 1920 ταῦθα
616 1867 672 1920 δὲ
707 1869 800 1920 καὶ
833 1869 1064 1937 μάλιστα
1098 1869 1350 1938 φαίιεται
1385 1871 1658 1940 μηδεμίαν
1689 1870 1833 1939 ἔχειν
1859 1869 1970 1939 χώ-

410 1975 508 2050 ραν
565 1959 709 2050 ἀντὶῌ
761 1963 855 2030 τῆς
908 1961 1061 2050 ιηετὰ
1115 1963 1638 2032 μεταλαμϐάνεσθαι
1688 1965 1788 2034 τὴν
1849 1961 1970 2016 διά.

408 2049 480 2103 Τὸ
512 2051 618 2120 γὰρ
657 2046 815 2116 εἶναι,
851 2046 1006 2122 φησὶ,
1041 2053 1268 2123 Πνεῦμα
1307 2054 1374 2106 δι’
1407 2053 1537 2106 Υξοῦ
1581 2055 1809 2123 σημεῖόν
1857 2055 1973 2106 ἐστι

407 2141 500 2195 τοῦ
551 2141 621 2195 δι’
655 2142 821 2196 αὑτοῦ
861 2143 1186 2213 πεφηνέναι.
1226 2145 1287 2197 Εἰ
1313 2145 1445 2212 γοῦν
1489 2147 1551 2198 τὸ
1585 2147 1652 2199 ὃ;’
1685 2147 1850 2199 αὑτοῦ
1881 2163 1976 2198 πε-

406 2235 636 2302 φηνέναι
671 2237 730 2288 τὸ
764 2237 884 2305 μετ’
931 2238 1098 2290 αὐτοῦ
1136 2239 1438 2308 πεφηνέναι
1477 2241 1792 2308 ἐσήμαινεν,
1825 2239 1976 2292 οὐδὲν

404 2326 462 2380 δὲ
519 2327 720 2396 μᾶλλον
751 2329 888 2398 μετὰ
937 2329 1030 2383 τοῦ
1067 2330 1198 2383 Υίοῦ
1253 2331 1314 2384 τὸ
1356 2332 1576 2400 Πνεῆια
1622 2333 1654 2402 ἢ
1710 2334 1849 2402 μετᾶ
1880 2332 1972 2385 τοῦ

407 2419 722 2485 Πνεύματος
765 2427 1008 2492 πέφηνεν
1057 2427 1083 2477 6
1127 2424 1274 2488 Υἱὸς,
1332 2427 1437 2478 ἔδει
1481 2425 1546 2478 ἂν
1581 2427 1673 2478 καὶ
1707 2425 1803 2478 τοῦ
1837 2427 1975 2495 μετὰ

403 2509 500 2563 τοῦ
529 2511 847 2582 Πνεύματος
877 2515 970 2566 τὸν
1023 2515 1146 2567 ra.»
1185 2516 1477 2586 πεφηνέναι
1526 2519 1750 2586 σημεῖον
1789 2497 1974 2586 ἕτερον

404 2599 565 2670 εἶναι,
601 2603 661 2657 τὸ
687 2606 780 2658 τὸν
809 2605 938 2660 Υῐδν
981 2606 1074 2660 τοῦ
1127 2609 1446 2679 Πνεῦματος
1497 2609 1772 2675 λέγεσθαι.
1815 2610 1974 2664 Ἀλλὰ

403 2693 566 2748 τοῦτο
588 2695 650 2747 οὐ
681 2695 904 2764 λέγεται
931 2713 944 2727 ·
983 2698 1084 2751 οὐκ
1109 2699 1216 2768 ἄρα
1259 2699 1378 2753 οὐδὲ
1411 2701 1550 2768 μετὰ
1581 2701 1672 2754 τοῦ
1715 2703 1976 2770 live-Spa-

383 2803 496 2852 ¹τος
526 2787 554 2839 6
582 2786 709 2850 Υἱὸς
767 2791 1034 2857 πέφηνεν.
1080 2790 1240 2844 Ἀλλὰ
1285 2791 1447 2844 τοῦτο
1497 2793 1588 2845 καὶ
1639 2793 1836 2862 ψεῦδος
1881 2795 1978 2846 καὶ

409 2879 729 2951 βλάσφημον
751 2897 764 2912 ·
799 2884 1010 2953 πέφηνε
1042 2884 1150 2955 γὰρ
1184 2886 1281 2937 σὺν
1319 2887 1396 2955 τῷ
1429 2887 1708 2958 Πνεύμστι
1735 2892 1828 2942 καὶ
1859 2889 1974 2960 ἅμα

408 2973 485 3042 τῷ
515 2974 814 3042 Πνεὲματι,
845 2973 918 3028 δι’
937 2975 1104 3028 αὐτοῦ
1138 2977 1192 3029 δὲ
1227 2978 1376 3047 ὅμως
1399 2979 1458 3032 οὐ
1483 2980 1725 3049 πέφηνεν
1749 2997 1760 3012 ·
1789 2980 1976 3050 ἕτερον

409 3127 786 3196 temporaliter
819 3127 970 3181 illum
1021 3129 1206 3194 habet,
1251 3147 1316 3185 ex
1365 3147 1474 3202 quo
1519 3135 1728 3188 scilicet
1775 3138 1978 3188 mundo

409 3218 565 3270 illum
598 3217 975 3274 manifestavit
1007 3236 1022 3278 :
1049 3221 1194 3290 quod
1237 3222 1464 3292 impium
1489 3234 1570 3278 est
1602 3226 1766 3280 ctiam
1818 3229 1970 3297 cogi-

409 3319 543 3365 tare.
603 3309 842 3364 Ell'ectus
888 3311 1036 3366 enim
1081 3321 1136 3365 ut
1170 3325 1552 3383 praesupponat
1609 3333 1830 3371 causam
1882 3337 1975 3374 ne-

405 3419 556 3458 cesse
587 3413 693 3458 est.
727 3404 880 3470 Quod
922 3415 1104 3459 autem
1157 3421 1254 3476 per
1287 3408 1483 3462 Filium
1523 3409 1756 3479 Spiritus
1803 3415 1974 3466 niani-

407 3497 661 3560 Testetur,
699 3495 802 3550 hoc
832 3505 916 3550 est
948 3512 1134 3564 causa,
1168 3507 1226 3552 ιιι
1251 3499 1488 3569 Spiritus
1520 3503 1586 3556 sit
1613 3505 1850 3573 Spiritus
1890 3507 1974 3560 Fi-

405 3588 486 3642 Iii.
529 3587 586 3644 Si
617 3591 782 3660 igitur
831 3589 1085 3656 eﬁ'ectus,
1137 3592 1393 3648 videlicet
1441 3599 1584 3664 quod
1630 3597 1867 3666 Spiritus
1907 3601 1976 3652 sit

407 3679 645 3749 Spiritus
685 3682 828 3744 Filii,
855 3684 1190 3736 :eternaliter
1220 3685 1384 3737 etiam
1423 3695 1528 3750 est,
1587 3689 1758 3742 multo
1805 3692 1976 3758 magis

407 3781 462 3826 et
482 3789 666 3836 causa,
697 3774 952 3828 videlicet
975 3773 1120 3844 quod
1157 3789 1251 3842 per
1285 3791 1410 3829 eum
1445 3779 1828 3833 manilestatus
1863 3781 1978 3834 fue-

409 3864 498 3929 rit,
534 3873 735 3919 mterna
763 3874 816 3920 et
839 3867 1102 3921 naturalis
1137 3867 1202 3921 sit
1237 3883 1461 3922 necesse
1496 3878 1581 3922 est
1615 3871 1866 3923 :zeternal
1897 3881 1976 3922 ter

406 3965 586 4010 autem
619 3971 719 4024 per
752 3971 878 4010 eum
905 3959 1272 4024 manifestari,
1310 3959 1439 4028 quid
1469 3959 1642 4023 aliud,
1681 3961 1784 4016 nisi
1823 3963 1972 4030 quod

406 4052 732 4106 aeternaliter
764 4053 926 4106 abeo
965 4053 1230 4119 procedit,
1264 4051 1579 4122 signiﬁcat?
1613 4054 1749 4107 Illud
1809 4057 1974 4108 etiam

408 4141 552 4210 quod
571 4142 814 4207 additur,
855 4143 1332 4210 Quemadmodum
1365 4153 1419 4197 et
1443 4143 1564 4206 Dei,
1601 4157 1840 4198 nostram
1879 4160 1976 4198 ex.

408 4231 736 4300 positionem
767 4232 1113 4286 corroborat.
1143 4231 1220 4284 Ita
1252 4231 1421 4295 enim,
1459 4232 1556 4294 ait,
1581 4229 1782 4284 dicitur
1806 4229 1978 4299 Spiri-

411 4333 495 4378 tus
529 4323 674 4388 Filii,
711 4324 1170 4392 quemadmodum
1197 4333 1253 4377 et
1286 4322 1396 4374 Dei.
1421 4321 1599 4374 Αιῡεὶ
1631 4322 1831 4374 dicitur
1860 4322 1982 4390 Spi-

411 4416 570 4482 ritus,
607 4425 868 4484 tanquam
897 4430 964 4470 ex
999 4429 1067 4469 eo
1099 4415 1445 4484 procedens;
1484 4413 1652 4482 igitur
1680 4414 1844 4466 etiam
1891 4413 1980 4466 Fi-

406 4505 464 4559 lii
500 4505 702 4559 dicitur
728 4505 990 4574 Spiritus,
1028 4515 1288 4575 tanquam
1313 4521 1374 4558 ex
1403 4521 1468 4558 eo
1501 4504 1831 4573 procedens,
1864 4505 1977 4558 sive
2011 4523 2054 4580 ῃ
2085 4521 2232 4570 vum,
2281 4497 2744 4575 quemadmodum
2791 4513 2847 4558 et
2893 4504 2982 4558 illa
3025 4521 3038 4556 :

407 4613 503 4668 per
523 4613 650 4652 eum
687 4601 1092 4652 manifestatus.
1118 4597 1266 4650 Idem
1293 4597 1437 4649 enim
1469 4597 1630 4649 ambo
1669 4597 1976 4666 signiﬁcare

407 4691 700 4760 probatum
745 4699 849 4745 est.
905 4689 1006 4744 Hic
1053 4701 1234 4743 autem
1294 4688 1642 4758 potissimum
1704 4699 1968 4754 apparet,

403 4783 557 4836 nullo
609 4781 772 4836 modo
801 4781 1244 4851 praepositionem
1277 4795 1372 4849 per
1398 4781 1602 4832 debere
1647 4781 1822 4848 accipi
1872 4797 1973 4848 pro

402 4891 539 4928 cum.
575 4872 730 4939 Quod
765 4873 910 4928 enim
960 4871 1021 4926 ﬁt
1049 4869 1450 4940 FiliiSpiritus,
1485 4869 1701 4938 signum
1741 4879 1848 4934 est,
1893 4870 1974 4922 in-

402 4969 544 5038 quit,
573 4967 718 5036 quod
745 4982 843 5036 per
881 4982 1008 5021 eum
1041 4964 1428 5018 tnanil'estatus
1467 4964 1560 5016 sit.
1595 4962 1648 5016 Si
1689 4962 1854 5031 igitur
1878 4978 1978 5031 per

401 5074 528 5113 eum
563 5057 920 5122 manifestari,
969 5057 1110 5110 idem
1152 5071 1319 5124 atque
1349 5069 1472 5109 cum
1499 5070 1562 5109 eo
1609 5055 1974 5118 manifestari,

405 5149 764 5220 signiﬁcaret,
782 5164 908 5204 cum
935 5147 1011 5202 nil
1035 5148 1217 5201 minus
1235 5163 1358 5201 cum
1387 5147 1524 5200 Filio
1553 5145 1790 5215 Spiritus
1813 5161 1975 5215 quam

406 5256 532 5296 cum
574 5241 785 5310 Spiritu
817 5238 990 5294 Filius
1023 5240 1408 5294 manifestatus
1451 5241 1546 5302 sit,
1589 5247 1868 5309 oporteret
1919 5249 1978 5293 ut

401 5329 568 5383 etiam
607 5329 780 5384 Filius
818 5329 1062 5398 Spiritus
1113 5326 1416 5391 diceretur,
1465 5327 1520 5379 in
1562 5326 1780 5396 signum
1829 5327 1978 5396 quod

411 5433 536 5473 cum
585 5419 795 5488 Spiritu
847 5419 1017 5473 Filius
1070 5416 1455 5470 manifestatus
1493 5415 1586 5469 sit.
1621 5417 1689 5471 At
1727 5419 1834 5472 hoc
1863 5429 1975 5472 non

403 5510 629 5576 dicitur,
675 5511 844 5582 igitur
872 5525 978 5564 nec
999 5524 1124 5565 eum
1156 5507 1362 5577 Spiritu
1391 5505 1564 5562 Filius
1592 5509 1976 5564 manifestatus

403 5612 504 5657 est.
536 5602 644 5657 Sed
681 5605 781 5658 hoc
809 5601 1153 5658 mendacium
1185 5609 1239 5655 et
1257 5600 1484 5670 impium
1507 5609 1590 5654 est
1616 5599 1828 5667 dicere;
1861 5617 1974 5656 ma-

403 5695 695 5750 nilestatus
737 5705 820 5750 est
853 5696 998 5750 enim
1033 5707 1156 5749 cum
1209 5690 1440 5762 Spiritu,
1492 5707 1600 5747 non
1648 5700 1826 5750 tamen
1877 5709 1974 5764 per

477 5813 686 5868 'Zaclt.
754 5828 826 5880 tv,
877 5809 932 5864 2.

2085 582 2232 649 αὖτῷ
2269 583 2301 653 ἦ
2339 586 2456 651 μετ’
2482 584 2649 637 αὑτοῦ
2691 589 3012 654 πεφηνέναι.
3056 589 3220 641 Ἀλλὰ
3245 591 3436 654 φησίν·
3469 594 3544 644 Οὐ
3577 593 3661 644 7.6-

2103 691 2238 737 γεται
2271 674 2365 726 τοῦ
2417 675 2733 744 Πνεῦματος
2766 680 2792 729 ὁ
2829 678 2972 740 Υἱὸς.
3020 679 3106 732 ἵνα
3150 680 3224 748 μὴ
3263 681 3452 751 Πατὴρ
3489 684 3658 736 αὑτοῦ

2081 763 2203 832 δόξῃ
2235 765 2296 816 τὸ
2349 767 2574 835 Πνεῦμα
2609 768 2668 819 τὸ
2721 767 2896 836 ἅγιον.
2943 771 3306 840 Ἀναφορικδν
3349 777 3456 843 γὰρ
3488 775 3659 842 δνομα

2081 853 2154 906 ὢν
2183 858 2384 922 ὀυὶὺς,
2444 859 2758 913 ἀποδίδοται
2815 863 2948 930 πρὸς
2995 864 3228 932 πατέρα.
3280 865 3440 917 Ὥστε
3496 871 3542 917 εξ
3583 869 3656 934 μὴ

2080 947 2242 1000 τοῦτο
2272 949 2551 1003 ὑπενοεῖτο
2583 954 2642 1004 τὸ
2677 954 2897 1013 ἄτοπον,
2933 956 3028 1006 καὶ
3059 957 3084 1006 6
3109 955 3230 1018 Υἱὸς
3259 956 3323 1008 ἂν
3360 957 3453 1010 τοῦ
3485 959 3656 1009 Πνεῦ-

2083 1055 2254 1106 ματος
2291 1039 2626 1108 ὠνομάζετο,
2657 1043 2744 1094 διὰ
2775 1044 2834 1096 τὸ
2868 1047 2963 1098 σὺν
2997 1046 3072 1114 τῷ
3103 1047 3377 1116 Πνεύματι
3411 1055 3502 1102 καὶ
3535 1051 3656 1118 ἅμα

2081 1127 2233 1196 αὐτῷ
2267 1131 2551 1198 προελθεῖν
2583 1135 2644 1184 ἐκ
2681 1135 2910 1202 Πατρός.
2949 1135 3110 1198 ’Λ)λ’,
3144 1131 3188 1188 ὦ
3228 1137 3516 1206 βέλτιστοι,
3557 1142 3658 1192 καὶ

2079 1221 2142 1272 τὸ
2193 1221 2418 1290 Πνεῦμα
2474 1225 2808 1294 ἀναφορικόν
2863 1227 3010 1277 ἐστιν
3039 1227 3232 1295 ὖνομα,
3283 1231 3373 1280 καὶ
3405 1231 3539 1298 πρὶς
3567 1233 3656 1284 τὶν
3719 1241 3722 1246 ’

2083 1315 2318 1366 πνέοντα
2373 1314 2682 1369 ἀποδίδοται
2743 1319 2798 1382 ἐξ
2858 1319 3127 1389 ἀνάγκης,
3189 1321 3284 1373 καὶ
3333 1321 3392 1373 οὗ
3443 1322 3656 1388 λέγεται

2079 1405 2324 1474 πνεῦμα,
2341 1407 2400 1470 ἐξ
2423 1407 2630 1460 ἐκείνου
2653 1409 2867 1471 πάντως
2887 1412 2980 1462 καὶ
3003 1414 3234 1464 πνεῖιαι.
3261 1411 3382 1462 ’Ὅτι
3403 1415 3510 1480 γὰρ
3531 1416 3658 1466 ἀναδ-

2079 1499 2286 1568 φορικὰ
2315 1499 2381 1550 τὰ
2424 1499 2761 1554 ὑποστλτκὰ
2790 1503 3031 1571 ὀνόματα
3060 1505 3154 1574 τῆς
3205 1505 3454 1574 Τριάδἰς,
3485 1508 3658 1570 οζόεὶς

2078 1591 2313 1657 ἀντερεῖ.
2354 1589 2750 1644 ’Υποστατικὸν
2807 1593 2860 1645 δὲ
2907 1593 2998 1646 τοῦ
3038 1595 3344 1664 πνεύματος
3389 1597 3558 1664 ὄνομα
3597 1601 3658 1649 τὺ

2077 1680 2300 1750 Πνεῦμα
2320 1681 2380 1733 τὸ
2403 1682 2558 1748 ἆγιον
2581 1683 2819 1750 λέγεται,
2839 1685 3026 1754 ὥςπερ
3048 1689 3142 1740 καὶ
3157 1687 3249 1740 τοῦ
3271 1688 3474 1756 πατρὸς
3495 1692 3521 1742 ὀ
3543 1692 3654 1743 Πα-

2078 1773 2202 1842 τὴρ,
2225 1775 2316 1826 καὶ
2337 1777 2364 1827 6
2388 1775 2512 1837 Υἱὸς
2535 1779 2628 1828 τοῦ
2655 1778 2770 1830 υίοῦ
2797 1793 2810 1805 ·
2832 1781 2926 1831 καὶ
2949 1781 3280 1850 ἀναφορικὺν
3299 1781 3356 1844 ἐξ
3384 1783 3652 1854 ἀνάγκης,

2027 1863 2042 1892 ⁵
2074 1863 2262 1936 ὥσπερ
2295 1863 2584 1922 καὶταῦτα
2607 1885 2620 1898 ·
2657 1872 2818 1940 εἴπερ
2857 1872 3011 1924 οὐσία
3052 1875 3153 1942 μὲν
3199 1873 3299 1927 οῦκ
3343 1877 3502 1942 εἰσιν,
3526 1877 3654 1930 ἄλλο

2075 1956 2132 2010 δὲ
2187 1960 2338 2027 παρὰ
2379 1961 2478 2021 τὰς
2527 1965 2808 2032 ἀναφορᾶς
2839 1981 2896 2016 τε
2951 1965 3045 2016 καὶ
3079 1966 3175 2034 τὴν
3225 1968 3411 2019 οὐσίαν
3445 1973 3501 2019 ἐν
3539 1973 3654 2031 τοῖς

2075 2047 2240 2111 θείοις
2267 2051 2366 2102 οὐκ
2399 2051 2570 2104 ἔστιν.
2597 2053 2806 2120 Ὠσπερ
2837 2055 2930 2108 οῦν
2961 2059 3052 2108 τὸν
3077 2057 3222 2124 Υῐὸν,
3251 2059 3338 2112 διὰ
3363 2061 3426 2112 τὸ
3455 2065 3652 2130 ἀναξιο-

2076 2143 2228 2208 ρικὸν
2258 2143 2431 2211 ὖνομα
2461 2139 2602 2198 εἴναι
2627 2147 2981 2200 ἀποδίδοσθαι
3011 2149 3148 2220 πρὸς
3201 2153 3440 2222 Πατέρα,
3473 2154 3652 2208 δεδία-

2077 2249 2174 2301 μεν
2206 2235 2316 2285 υἱὸν
2369 2235 2460 2288 τοῦ
2499 2237 2816 2306 Πνεύματος
2851 2240 3056 2308 λέγειν,
3095 2242 3180 2296 ἵνα
3215 2242 3288 2311 μὴ
3323 2245 3504 2314 πατὴρ
3553 2246 3650 2298 αὖά

2073 2328 2164 2380 τοῦ
2213 2329 2480 2398 νο;.ι.ισθῇ·
2516 2329 2658 2383 οὕτω
2721 2333 2812 2385 καὶ
2879 2333 2936 2384 τὸ
3001 2334 3256 2403 πνεῦμα,
3315 2336 3652 2406 ἀναφορικὸν

2074 2419 2246 2489 ὄνομα
2281 2421 2359 2484 ὃν,
2395 2423 2488 2473 καὶ
2527 2423 2740 2486 πάντως
2797 2424 3182 2492 ἀποδιδόμενον
3220 2428 3356 2496 πρ⁵ις
3387 2429 3474 2480 τὸν
3521 2432 3651 2480 πνέ-

2075 2531 2224 2577 οντα,
2263 2513 2320 2577 EE
2379 2515 2588 2566 ἐκείνου
2640 2517 2734 2566 καὶ
2781 2519 3015 2576 πνεῖται,
3051 2512 3110 2568 οὗ
3163 2518 3385 2586 Πνεῦμα
3429 2519 3646 2586 λέγεται

2077 2601 2236 2660 εἶναι.
2277 2606 2364 2669 Ὠς
2397 2607 2462 2659 ἂν
2495 2607 2550 2659 δὲ
2583 2607 2827 2676 μηδεμία
2859 2611 2969 2671 τοῖς
2999 2609 3182 2675 λόγοις
3213 2610 3422 2674 τούτοις
3471 2629 3644 2664 κατειο

2077 2698 2319 2751 λείποιτο
2363 2700 2654 2768 πρόφασις,
2714 2703 2806 2752 καὶ
2858 2702 3049 2770 φανείη
3104 2704 3439 2772 σαφέστερον
3469 2706 3652 2757 αἰτίαν

2081 2788 2422 2855 σημαίνουσα
2471 2791 2503 2857 ἡ
2561 2790 2679 2850 διὰ,
2731 2792 2980 2860 Μάξιμος
3039 2795 3066 2844 6
3123 2795 3264 2855 θεῖος
3318 2796 3550 2863 παρίτω,
3595 2797 3652 2846 ἐν

2079 2877 2156 2940 οἷς
2190 2880 2506 2948 ἐρμηνεύει.
2537 2881 2588 2931 τί
2621 2881 2756 2947 δῆτα
2791 2879 3039 2948 βούλετει
3082 2881 3156 2949 τῷ
3187 2885 3444 2953 προξὴτῃ
3481 2883 3654 2951 Ζαχῖ-

2083 2975 2172 3043 pia
2207 2974 2237 3041 ἡ
2274 2971 2470 3040 χρυσῆ
2503 2972 2748 3041 λυχνία,
2781 2972 2878 3026 καὶ
2919 2973 2980 3026 τὸ
3004 2973 3095 3028 ἐπ’
3127 2973 3282 3042 αὐτῇ
3309 2974 3656 3042 λαμπίὶδιιν

2083 3131 2370 3202 Spiritum.
2426 3133 2544 3198 Quo
2599 3131 2677 3193 ﬁt,
2713 3141 2772 3184 ut
2805 3129 2951 3184 aliud
2987 3130 3077 3190 sit.
3121 3146 3215 3199 per
3261 3145 3384 3184 eum
3432 3133 3658 3184 manife-

2039 3223 2049 3240 '
2082 3225 2234 3286 stari,
2265 3236 2320 3278 et
2363 3225 2532 3288 aliud,
2563 3224 2708 3293 quod
2742 3239 2864 3278 cum
2898 3241 2962 3277 eo
3005 3225 3404 3280 manil'esmtur.
3440 3225 3544 3278 Sed
3575 3227 3660 3278 «li-

2078 3329 2162 3372 cet
2195 3319 2393 3386 aliquis
2436 3335 2447 3370 :
2482 3317 2606 3370 Ideo
2659 3316 2830 3370 Filius
2891 3333 2996 3368 non
3046 3317 3250 3372 dicitur
3283 3318 3540 3387 Spiritus,
3585 3335 3660 3372 ne

2079 3410 2240 3464 Pater
2271 3409 2391 3478 ejus
2438 3407 2686 3462 videatur
2728 3421 2848 3460 esse
2894 3405 3134 3473 Spiritus
3185 3419 3444 3473 sanctus;
3489 3409 3660 3462 Filius

2077 3502 2247 3564 enini,
2301 3513 2425 3553 cum
2481 3513 2679 3552 nomen
2713 3499 2786 3552 sit
2833 3497 3141 3558 relativum,
3189 3497 3425 3552 refertur
3458 3499 3524 3552 ad
3563 3501 3660 3553 Pa-

2083 3601 2239 3644 trem.
2273 3587 2476 3654 Quare,
2517 3589 2562 3642 si
2606 3603 2710 3641 non
2765 3589 3050 3642 timeretur
3099 3589 3200 3642 hoc
3237 3589 3654 3653 inconveniens.

2081 3683 2252 3737 Filius
2283 3683 2449 3736 etiam
2482 3681 2725 3750 Spiritus
2758 3680 3061 3745 diceretur,
3092 3697 3158 3735 eo
3189 3683 3335 3751 quod
3369 3699 3494 3736 cum
3529 3683 3654 3752 Spi-

2081 3775 2210 3838 ritu,
2243 3781 2296 3827 et
2323 3773 2488 3828 simul
2519 3787 2644 3826 cum
2691 3771 2897 3841 Spiritu
2945 3772 3332 3842 progrediatur
3366 3790 3432 3828 ex
3473 3776 3656 3832 Patre.

2079 3867 2168 3930 At,
2198 3881 2230 3918 0
2259 3865 2344 3918 vir
2383 3865 2610 3933 optime,
2643 3863 2879 3934 Spiritus
2899 3879 3116 3934 quoque
3147 3865 3430 3918 relativum
3457 3883 3654 3921 nomen

2079 3967 2184 4021 est,
2209 3967 2264 4010 et
2297 3957 2363 4010 ad
2397 3956 2696 4024 spirantem
2733 3955 3010 4010 refertur:
3041 3965 3097 4009 et
3131 3957 3289 4026 cujus
3315 3955 3654 4023 dieiturSpi-

2082 4048 2255 4108 ritus,
2295 4045 2363 4100 ab
2397 4046 2488 4098 illo
2543 4044 2710 4100 etiam
2771 4044 3034 4112 spiratur.
3062 4043 3218 4110 Quod
3262 4046 3409 4100 enim
3468 4063 3656 4118 perso-

2082 4137 2474 4192 nalia'nomina
2501 4136 2788 4190 Trinitatis
2818 4135 3043 4190 relativa
3064 4137 3394 4200 sint,nuIIus
3414 4140 3650 4210 ignorat.

2082 4229 2374 4282 Personale
2403 4243 2535 4282 vero
2568 4243 2766 4282 nomen
2798 4227 3036 4295 Spiritus
3065 4242 3211 4294 esse,
3242 4229 3388 4298 quod
3419 4241 3645 4284 sanctus

2083 4321 2324 4391 Spiritus
2366 4321 2607 4382 dicatur,
2649 4336 2811 4373 nemo
2845 4320 3148 4382 inliciatur,
3184 4321 3651 4388 quemadmodum

2081 4413 2260 4469 Patris
2296 4423 2473 4480 pater,
2517 4421 2572 4465 et
2621 4411 2742 4464 Filii
2779 4411 2960 4475 ﬁlius;
2999 4421 3054 4466 et
3100 4411 3414 4467 necessario
3461 4414 3651 4466 relati-

2547 4487 2744 4558 nodum
2791 4513 2847 4558 et
2893 4504 2982 4558 illa
3025 4521 3038 4556 :
3096 4503 3365 4573 siquidem
3412 4507 3654 4559 essentia

2083 4613 2191 4652 non
2224 4606 2374 4664 sunt,
2425 4613 2525 4651 nec
2571 4598 2718 4650 aliud
2755 4606 2839 4650 est
2886 4596 2942 4650 in
2988 4595 3198 4651 divinis
3233 4607 3433 4664 praeter
3468 4611 3656 4654 essen-

2081 4689 2211 4743 tiam
2261 4700 2317 4744 et
2369 4689 2686 4743 relationes.
2733 4687 3206 4754 Quemadmodum
3239 4687 3404 4755 igitur
3433 4689 3652 4754 Filium,

2079 4798 2205 4837 eum
2241 4782 2312 4836 sit
2343 4796 2542 4834 nomen
2576 4779 2888 4843 relativum,
2925 4788 2979 4833 et
3014 4779 3286 4833 referatur
3307 4777 3374 4833 ad
3415 4777 3649 4839 Patrem,

2082 4887 2342 4927 veremur
2389 4869 2558 4923 ﬁlium
2594 4867 2836 4938 Spiritus
2881 4868 3088 4934 dicere,
3121 4883 3192 4923 ne
3232 4867 3474 4936 Spiritus
3499 4878 3654 4937 pater

2081 4964 2200 5034 ejus
2230 4970 2548 5032 putaretur;
2577 4961 2651 5014 ita
2683 4967 2741 5015 et
2772 4958 3036 5028 Spiritus,
3070 4975 3193 5014 cum
3230 4959 3303 5014 sit
3335 4973 3538 5013 nomen
3569 4975 3654 5013 rc-

2083 5055 2315 5110 Iativum
2363 5062 2421 5106 et
2461 5051 2773 5106 necessario
2809 5051 2876 5105 ad
2921 5051 3224 5120 spirantem
3253 5050 3549 5114 referatur,
3585 5049 3656 5104 ab

2083 5161 2151 5201 eo
2199 5146 2365 5201 etiam
2400 5143 2662 5213 spiratur,
2700 5143 2860 5213 cujus
2888 5142 3090 5198 dicitur
3125 5141 3364 5211 Spiritus
3409 5157 3550 5196 esse.
3587 5141 3655 5196 Ut

2085 5251 2212 5292 vero
2244 5235 2392 5290 nulla
2425 5237 2682 5304 cuiquam
2733 5234 3014 5288 excusatio
3055 5233 3420 5301 relinquatur,
3459 5242 3514 5285 et
3545 5235 3652 5286 cla-

2081 5327 2197 5382 rius
2227 5335 2491 5396 appareat
2524 5323 2840 5394 praepositio
2893 5339 3006 5393 per,
3043 5323 3358 5393 signiﬁcans
3405 5337 3650 5382 causam.

2079 5427 2304 5472 sanctus
2335 5416 2604 5470 Maximus
2639 5415 2695 5469 in
2725 5415 2966 5470 medium
3001 5415 3193 5478 adeat;
3228 5414 3344 5482 qui,
3377 5428 3659 5483 exponens

2080 5511 2214 5580 quid
2247 5509 2377 5564 velit
2415 5509 2546 5563 illud
2585 5507 2863 5562 Zachariae
2913 5507 3200 5576 prophetae
3233 5523 3248 5561 :
3285 5507 3464 5561 Aurea
3516 5506 3654 5560 lam-

2081 5617 2202 5669 pas,
2238 5610 2286 5656 et
2314 5606 2452 5670 quod
2481 5616 2645 5670 supra
2673 5613 2792 5653 eam
2827 5601 2870 5666 ⁸,
2905 5602 2985 5653 sic
3012 5599 3148 5653 dicit
3179 5615 3194 5653 :
3230 5597 3468 5669 Spiritus
3505 5599 3653 5654 enim

2077 5703 2320 5760 sanctus,
2354 5691 2816 5763 quemadmodum
2866 5699 3062 5745 natura
3111 5692 3417 5746 secundum
3463 5701 3657 5744 esseu—
