4086 6404
386 356 481 416 ΓΙ

387 559 609 626 Πνεῦμα
639 558 697 610 τὸ
730 558 907 625 ἅγιον.
938 557 1125 626 ὥσπερ
1158 557 1315 623 φύσει
1347 556 1469 609 κατ’
1494 557 1687 610 οὐσίαν
1722 558 1958 625 ὑπάρχει

382 650 476 702 τοῦ
505 650 637 702 Θευῦ
666 650 754 701 καὶ
795 649 1032 718 Πατρδς,
1065 647 1208 699 οῦτω
1244 648 1339 699 καὶ
1397 647 1492 700 τοῦ
1528 648 1659 700 Υίοῦ
1695 649 1816 701 κατ’
1873 650 1961 699 ού-

385 742 506 793 σίαν
544 742 713 805 ἐστὶν,
750 740 823 800 ὠς
874 740 937 790 ἐκ
995 740 1089 791 τοῦ
1126 739 1336 808 ΙΙατρδς
1391 739 1663 798 ούσιωδῶς
1716 740 1784 791 δι’
1832 740 1959 792 ΥΞςῦ

383 834 734 903 γεννηθέντος
794 835 1093 903 ἀφράστως
1160 836 1622 904 ἐκπορευόμενον.
1675 834 1781 888 Τοῦ
1830 835 1960 887 Υἱοῦ

383 929 510 997 γὰρ,
538 928 725 995 φησὶν,
751 927 1028 988 οὖσιωδῶς
1058 929 1175 979 ἐστι
1222 927 1283 980 τὸ
1320 926 1568 995 Πνεῦμα,
1604 928 1704 979 οὐκ
1735 927 1963 991 ἐπίκτη.

381 1037 474 1072 τον
498 1021 631 1072 αὐτὸ
654 1020 746 1072 καὶ
775 1018 997 1083 ἔξωθεν,
1031 1018 1152 1070 οὐδὲ
1179 1020 1447 1086 χρονικῶς
1505 1019 1814 1087 εἰληφότος.
1848 1017 1963 1067 ἀλλ’

380 1114 438 1178 ἐξ
493 1112 665 1166 ἀϊδίου
724 1113 843 1164 κατ’
896 1110 1089 1163 οὐσίαν
1134 1110 1268 1163 αὐτὸ
1307 1111 1674 1178 κεκτημένον,
1711 1108 1963 1175 καθάπερ

328 1222 341 1231 “
382 1205 479 1258 καὶ
527 1207 553 1258 ὁ
604 1205 816 1274 Πατήρ.
856 1204 965 1256 Kal
1018 1205 1048 1274 ἡ
1088 1204 1257 1267 αἰτία,
1291 1205 1374 1257 ὅτι
1405 1205 1469 1255 ἐκ
1523 1202 1617 1255 τοῦ
1652 1202 1865 1271 Πατρὶς
1898 1197 1964 1253 δ.⁹

383 1297 548 1349 αὐτοῦ
580 1296 857 1360 ούσιωδῶς
890 1297 1277 1367 ἐκπορεύεται.
1309 1298 1415 1351 Κα“;
1452 1297 1618 1366 βἰἐπε
1641 1299 1721 1349 ὅτι
1755 1296 1847 1348 τοῦ
1871 1298 1969 1347 αὑ-

383 1389 478 1442 τοῦ
511 1391 605 1443 καὶ
636 1391 754 1451 ἐνὸς
790 1390 1120 1459 πράγματος
1148 1390 1176 1443 ὃ
1200 1407 1259 1443 τε
1306 1391 1478 1460 μέγας
1514 1390 1815 1452 Βασίλειος.
1844 1389 1871 1441 ὅ
1906 1406 1966 1441 τε

391 1483 672 1546 Θειὸτατος
699 1483 958 1554 Μάξιμος
982 1484 1167 1538 αἰτίαν
1196 1483 1547 1545 ἀποδιδόντες
1582 1483 1674 1536 τοῦ
1708 1483 1794 1535 δια
1822 1483 1874 1534 τί
1908 1486 1967 1535 τὺ

391 1574 618 1645 Πνεῦμα
647 1576 861 1644 λέγεται
889 1574 1116 1646 Πνεῦμα
1140 1575 1294 1638 Υἰοῦ,
1323 1558 1423 1643 τὴν
1447 1573 1619 1644 αὐτὴν
1650 1573 1967 1628 ἁπλῖιῗόισι

385 1671 482 1723 καὶ
516 1668 850 1739 ἀμφότεροι·
885 1669 972 1722 διὰ
1024 1669 1136 1740 γὰρ
1184 1668 1246 1721 τὸ
1294 1668 1361 1722 δι’
1418 1668 1584 1720 αὑτοῦ
1638 1669 1702 1719 ἐκ
1754 1664 1968 1732 Πατρὶς

388 1760 808 1831 ἐκπορεύεσθαι,
840 1760 936 1813 καὶ
967 1760 1193 1828 Πνεῦμα
1221 1753 1362 1813 εἶναι
1394 1758 1561 1812 αὑτοῦ
1589 1759 1965 1812 διατεῗνονται.

394 1856 460 1907 '0
494 1854 587 1907 οῦν
647 1853 920 1924 Μάξιμος,
969 1852 1037 1906 δι’
1071 1853 1238 1907 αὐτοῦ
1287 1852 1714 1924 ἐκπορεύεσθαι,
1770 1849 1964 1921 ἔφησε,

386 1944 548 1999 τοῦτο
572 1948 600 1999 ὁ
632 1950 775 2009 θεῖος
801 1946 1084 2007 Βασίλειος
1116 1946 1183 1999 δι’
1227 1944 1395 1998 αὐτοῦ
1445 1944 1752 2014 πεφηνέναι
1780 1943 1965 2011 φησιν,

389 2040 470 2101 εἰς
521 2037 636 2090 ἴσον
669 2038 840 2102 τιθεὶς
870 2039 931 2091 τὸ
986 2039 1287 2107 πεφηνέναι
1319 2037 1397 2108 τῷ
1444 2035 1865 2107 ἐκπορεύεσθαι.
1910 2036 1971 2087 Εἰ

386 2130 447 2185 δὲ
478 2131 535 2182 τὴ
564 2131 633 2184 δι’
659 2130 825 2184 αὐτοῦ
856 2129 1255 2200 ἐκπορεύεσθαι
1289 2130 1350 2182 τὸ
1378 2128 1447 2183 δι’
1474 2127 1641 2183 αὑτοῦ
1667 2130 1765 2197 τὴν
1795 2127 1970 2197 ῦπαρ-

392 2224 472 2288 ξιν
502 2226 645 2293 ἔχειν
673 2224 845 2295 δηλοῖ,
875 2225 983 2294 ἄρα
1015 2223 1108 2277 καὶ
1159 2224 1219 2276 τὸ
1274 2223 1346 2277 δι’
1375 2222 1542 2276 αὐτοῦ
1579 2222 1880 2291 πεφηνέναι
1910 2220 1971 2272 τό

388 2317 457 2369 δι’
485 2315 652 2369 αὐτοῦ
681 2316 778 2387 τὴν
805 2314 1039 2385 ὕπαρξιν
1088 2316 1235 2383 ἔχειν
1269 2315 1609 2384 παρίστησιο
1659 2316 1746 2365 καῖ
1789 2311 1970 2365 αἰτίαν

388 2411 421 2474 ἠ
475 2407 571 2461 διὰ
626 2407 684 2471 ἐξ
734 2407 981 2476 ἀνάγκης
1038 2405 1276 2458 ἐνταῦθα
1337 2406 1525 2473 δηλοῖ,
1571 2404 1665 2458 καὶ
1720 2402 1972 2472 οὐδαμῶς

391 2500 567 2562 ἄλλως
630 2498 1008 2569 λαμϐάνεσθαι
1042 2498 1290 2552 δύναται.
1325 2498 1401 2551 υύ
1467 2498 1573 2565 μὴν
1619 2498 1756 2551 ἀλλὰ
1809 2498 1905 2549 καὶ
1943 2495 1972 2545 ὁ

390 2591 614 2662 Νύσσης
640 2591 942 2662 Γρηγόριος
971 2590 1242 2660 πολλαχοῦ
1280 2589 1378 2660 μὲν
1406 2589 1505 2643 καὶ
1532 2588 1771 2657 ἀλλαχοῦ
1808 2586 1973 2655 σαφέ-

392 2700 565 2738 στατα
610 2685 769 2736 τοῦτο
808 2684 1006 2754 φησίνο
1044 2683 1142 2736 οὐκ
1191 2683 1249 2734 ἐν
1279 2676 1363 2743 οἷς
1414 2682 1577 2748 μόνον
1612 2678 1690 2747 τῷ
1740 2678 1972 2747 αἰτιατῷ

390 2774 485 2828 καὶ
520 2776 677 2845 αἰτίῳ
706 2775 1084 2844 διακρίνεσθαι
1115 2774 1267 2842 λέγει
1324 2772 1424 2843 τὴν
1458 2772 1668 2841 Τριάδα
1695 2770 1969 2840 ἀλλήλων,

388 2866 525 2918 ἀλλὰ
565 2868 663 2919 καὶ
689 2868 744 2918 ἐν
779 2865 854 2935 τῲ
881 2865 1081 2936 πρώτῳ
1122 2864 1233 2918 τῶν
1286 2865 1423 2933 πρὸς
1454 2863 1743 2932 Εὐνόμιον,
1782 2862 1972 2931 σαφῶς

395 2957 524 3023 περὶ
552 2955 881 3023 διακρίσεως
936 2955 1045 3007 τῶν
1098 2954 1257 3007 θείων
1314 2952 1628 3021 προσώπων
1662 2954 1754 3005 τὸν
1812 2953 1973 3021 λόγον

392 3048 715 3117 ποιούμενος
743 3065 756 3081 ο
793 3049 868 3100 Τὸ
920 3046 1163 3116 Πνεῦμα,
1223 3048 1381 3116 φησι,
1410 3046 1488 3115 τῷ
1518 3046 1691 3116 Πατρὶ
1725 3046 1868 3098 κατὰ
1912 3044 1972 3097 τὸ

1342 350 1844 413 BESSARIONIS
1886 354 1943 412 ὃ.
1996 350 2059 408 li.
2109 350 2177 409 Ε.
2221 338 2697 407 C.\i’.l)l.\".-\l.iS

383 471 479 523 imi
517 471 569 522 oi
627 468 866 537 λύχνοι,
922 466 1096 533 λέγων
1130 467 1186 518 ἐν
1241 466 1473 528 ἐκείνοις
1523 467 1658 519 ὡδί·
1711 466 1785 517 Τὸ
1842 466 1951 531 γὰρ
1981 465 2027 523 Α
2059 464 2247 533 Πατὴρ
2306 458 2471 519 εἶναι,
2507 461 2757 526 καθάπερ
2804 459 3029 523 ἐκεῖνος,
3084 458 3508 528 διαχωρίζετκι·

3540 340 3643 411 57⁵2

3554 464 3653 531 τῆς

2064 556 2119 609 δὲ
2157 556 2290 626 πρὸς
2322 556 2412 607 τὸν
2442 553 2569 605 Ti?»
2604 552 2742 606 κατὰ
2786 552 2846 604 τὸ
2900 552 3160 605 ἄκτιστον
3205 552 3525 617 συναλςείας,
3557 558 3653 607 καὶ

2066 649 2218 717 ἐντῷ
2249 648 2349 719 τὴν
2406 647 2588 701 αἰτίαν
2639 649 2739 717 τῆς
2775 644 3065 713 ὑπάρξεως
3119 646 3182 697 ἐκ
3225 645 3321 698 τοῦ
3373 646 3511 699 Θεοῦ
3543 647 3654 699 τῶν

2066 744 2202 795 ὅλων
2256 743 2423 812 ἔχειν.
2462 741 2759 810 ἀφίσταται
2822 741 2986 793 πάλιν
3036 740 3115 809 τῷ
3152 740 3411 805 ἰδιάζοντι
3468 745 3523 794 ἐν
3572 741 3652 811 τῷ

2070 842 2209 904 μήτε
2242 836 2547 904 μονογενῶς
2594 839 2654 886 ἐκ
2692 834 2785 886 τοῦ
2835 834 3047 902 [ἰατρὸς
3099 834 3431 901 ὑποστῆναι,
3466 834 3557 885 καὶ
3593 837 3652 886 ἐν

2068 931 2143 997 τῷ
2176 929 2244 981 δι’
2292 929 2457 980 αὐτοῦ
2510 930 2603 980 τοῦ
2654 927 2781 979 Υἱοῦ
2843 927 3171 996 πεφηνέναι.
3216 926 3387 979 Πάλιν
3444 926 3501 979 δὲ
3548 926 3652 994 τῆς

2067 1023 2298 1083 κτίσεως
2326 1022 2413 1074 διὰ
2446 1020 2540 1073 τοῦ
2601 1019 2940 1086 Μονογενοῦς
2974 1020 3312 1088 ὑποστάσης,
3342 1018 3416 1081 ὡς
3447 1018 3516 1071 ἂν
3573 1019 3650 1087 μὴ

2070 1114 2360 1184 κοινότητά
2381 1132 2502 1165 τινα
2525 1112 2659 1179 πρὸς
2685 1114 2890 1183 ταᾶτην
2912 1114 3059 1182 ἔχειν
3085 1113 3314 1183 νομισῢῇ
3343 1114 3403 1165 τὸ
3424 1111 3651 1180 Πνεῦμα

2069 1210 2133 1260 ἐκ
2161 1206 2253 1259 τοῦ
2284 1207 2369 1259 διὰ
2400 1206 2491 1258 τοῦ
2519 1205 2649 1259 Υξοῦ
2682 1208 3007 1275 πεφηνέναι,
3046 1207 3104 1259 ἐν
3135 1207 3212 1275 τῷ
3264 1206 3520 1275 ἀτρέπτῳ
3554 1207 3649 1257 καὶ

2069 1300 2415 1369 ἁναλλοιὼτῳ
2461 1300 2557 1352 καὶ
2588 1301 2883 1367 ἁπροσδεεϊ
2912 1302 3010 1367 τῆς
3074 1298 3346 1371 ἑτέρωθεν
3375 1299 3647 1368 ἀγαοότη-

2070 1411 2160 1455 τος
2195 1393 2535 1463 διακρίνεται
2571 1393 2630 1444 τι
2665 1380 2889 1459 Πνεῦμα
2933 1390 3040 1444 ἀπὸ
3074 1391 3175 1461 τῆς
3228 1391 3483 1454 κτίσεως.
3531 1390 3651 1443 Ἐν-

2069 1487 2243 1539 ταῦοα
2282 1489 2407 1554 περὶ
2440 1487 2593 1549 θείας
2616 1484 2863 1548 ἐνώσεώς
2898 1501 2957 1537 τε
2996 1485 3089 1538 καὶ
3119 1485 3455 1555 διακρίσεως
3488 1483 3518 1535 δ
3567 1482 3653 1535 δι-

2070 1578 2338 1641 δασκαλος
2369 1578 2650 1641 τὸνλόγον
2697 1576 3048 1646 ποιούμενος,
3103 1577 3513 1646 προχειρίζεται
3553 1579 3655 1645 μὶν

2071 1672 2131 1724 τὸ
2162 1671 2385 1740 Πνεῦμα
2418 1670 2478 1721 τὸ
2537 1670 2714 1737 ἅγιον,
2752 1670 3116 1740 παραϐάλλων
3153 1668 3199 1721 δ’
3253 1669 3389 1723 αὐτὸ
3422 1669 3559 1737 πρός
3595 1686 3655 1721 τε

2025 1808 2043 1835 ,
2072 1764 2164 1816 τὸν
2199 1764 2417 1834 Πατέρα
2445 1766 2540 1817 καὶ
2567 1764 2658 1815 τὸν
2696 1764 2844 1830 Υξδν,
2875 1764 3121 1834 εὑρίσκει
3154 1763 3276 1817 τίνα
3333 1765 3432 1835 μὲν
3466 1764 3657 1825 αὐτοῖς

2072 1855 2227 1907 κοινὰ
2254 1854 2348 1906 καὶ
2398 1854 2647 1919 ἐνοῦντα,
2683 1854 2804 1907 τίνα
2833 1853 2890 1906 δὲ
2925 1854 3031 1907 ἰδιὰ
3064 1871 3120 1907 τε
3155 1856 3252 1908 καὶ
3280 1853 3653 1922 διακρίνοντα.

2072 1946 2162 2014 Τῷ
2191 1946 2289 2015 έιέν
2318 1941 2410 1999 οὖν
2467 1944 2672 2014 Πατρὶ,
2705 1947 2841 2015 φησὶ
2863 1988 2878 2011 ,
2909 1946 3053 1999 κατὰ
3117 1946 3177 1998 τὸ
3216 1945 3475 1999 ἄκτιστον
3529 1965 3652 1999 ouu-

2079 2039 2427 2105 απτοίρενον·
2461 2038 2622 2091 τοῦτο
2656 2039 2701 2091 δ’
2751 2041 2869 2093 ἐστὶ
2918 2040 3030 2094 toi;
3090 2039 3519 2109 ἀπολελυμένοις
3562 2044 3657 2093 καὶ

2072 2128 2413 2193 οῦσιὼδεσιν,
2463 2128 2499 2183 ἃ
2547 2129 2637 2182 διὰ
2668 2132 2765 2199 τῆς
2818 2129 3080 2182 ἀκτίστου
3117 2131 3374 2200 σημαίνει
3428 2132 3656 2199 φωνῆς’

2072 2223 2149 2293 τῷ
2182 2224 2255 2291 μὴ
2314 2223 2504 2293 Πατὴρ
2563 2218 2727 2285 εἶναι,
2760 2222 3017 2291 καθάπερ
3075 2224 3305 2287 ἐκεῖνος,
3356 2222 3454 2277 ἀπ’
3486 2222 3655 2276 αὑτοῦ

2074 2315 2235 2367 πάλιν
2267 2314 2672 2384 διαχωρίζεται.
2710 2314 2799 2385 Τῷ
2828 2315 2884 2367 δὲ
2925 2315 3036 2385 Υἱῷ
3062 2316 3355 2369 κοινωνοῦν
3384 2316 3565 2370 αὐτῶν
3596 2334 3656 2369 τε

2072 2406 2181 2459 τῶν
2211 2406 2634 2475 ἀπολελυμένων
2667 2409 2758 2461 καὶ
2792 2409 2890 2477 τῆς
2930 2406 3070 2460 κατὰ
3116 2398 3178 2461 τὸ
3229 2408 3490 2462 ἄκτιστον
3525 2426 3656 2460 συνι-

2071 2499 2268 2567 epeia;
2294 2513 2308 2528 °
2336 2501 2435 2568 μία
2478 2499 2586 2568 γὰρ
2615 2499 2726 2552 τῶν
2759 2499 2928 2568 τριῶν
2956 2499 3132 2560 οὐσία,
3151 2499 3231 2553 ἔτι
3259 2517 3319 2552 τε
3348 2498 3548 2571 καὶτῷ
3572 2504 3659 2554 αἰ-

2072 2592 2235 2644 τιατὰ
2282 2587 2425 2644 εἶναι
2462 2590 2659 2654 κοινῶς
2693 2591 2987 2661 ἀμφότερα
3022 2590 3115 2644 τοῦ
3162 2592 3272 2645 τῶν
3327 2591 3465 2644 ὅλων
3492 2592 3655 2653 Θεοῦ,

2073 2684 2224 2749 ὅμως
2278 2682 2449 2736 αὑτοῦ
2503 2681 2845 2751 διακρίνεται
2908 2681 3072 2735 πάλιν
3114 2681 3235 2734 δυσὶ
3290 2681 3523 2746 τούτοις.
3577 2684 3659 2752 τῷ

2077 2776 2215 2844 μήτε
2242 2774 2546 2844 μονογενῶς
2575 2773 2651 2835 ὡς
2709 2775 2737 2829 ὁ
2769 2773 2920 2836 Υἱὸς,
2945 2772 3062 2827 ἀλλ’
3082 2775 3433 2843 ἐκπορευτῶς
3453 2775 3658 2844 δηλαδὴ

2076 2868 2381 2937 ὑποστῆναι
2401 2885 2413 2898 ο
2447 2866 2608 2920 τοῦτο
2629 2866 2673 2920 δ’
2706 2869 2823 2920 ἐστὶ
2854 2865 2932 2936 τῷ
2960 2866 3207 2937 διαφόρῳ
3237 2867 3336 2935 τῆς
3369 2866 3658 2936 ὑπάρξεως

2073 2960 2261 3029 τρόπῳ
2285 2977 2299 2991 °
2334 2961 2430 3013 καὶ
2454 2962 2509 3012 ἐν
2543 2960 2616 3029 τῷ
2652 2960 2720 3012 δι’
2744 2958 2913 3011 αὐτοῦ
2938 2958 3034 3010 τοῦ
3074 2957 3203 3011 Υίοῦ
3244 2961 3568 3029 πεφηνέναι.
3596 2959 3659 3013 ΕΞ

2075 3045 2169 3103 οὖν
2225 3048 2462 3104 ἐνταῦθα
2523 3051 2605 3114 τὸ,
2651 3050 2725 3103 δι’
2771 3049 2978 3118 αὐτοῦ,
3013 3051 3122 3105 ἴσον
3149 3050 3366 3104 δύναται
3402 3051 3502 3120 τῷ,
3530 3053 3660 3120 μετ’

390 3141 652 3194 ἄκτιστσν
704 3142 1137 3210 συναπτόμενον,
1196 3139 1359 3192 πάλιν
1407 3139 1503 3192 ἀπ’
1556 3137 1722 3191 αὐτοῦ
1782 3138 1859 3209 τῷ
1896 3137 1971 3207 μὴ
1999 3155 2042 3212 c
2076 3137 2284 3205 αὑτοῦ,
2320 3137 2507 3209 Οαῦμα
2538 3140 2603 3193 ἂν
2634 3139 2745 3209 εἴη,
2782 3140 2831 3192 εί
2860 3139 2937 3210 τῷ
2966 3142 3105 3209 μετᾷ
3136 3138 3231 3193 τοῦ
3257 3139 3386 3193 Υἱοῦ
3419 3142 3659 3211 πεφηνέ-

391 3321 521 3375 tiam
553 3321 645 3375 Dei
670 3336 721 3373 et
749 3319 925 3374 Patris
946 3330 1049 3385 est,
1073 3328 1130 3373 et
1168 3318 1291 3373 Filii
1342 3318 1645 3373 secundum
1677 3320 1971 3374 essentiam

390 3423 499 3475 est,
553 3425 810 3480 tanquam
874 3427 935 3464 ex
1002 3411 1161 3465 l‘atre
1210 3410 1581 3465 essentialitcr
1626 3426 1721 3480 per
1768 3411 1972 3464 Filium

392 3500 745 3555 iueﬂ‘ahiliter
796 3510 982 3551 natum
1032 3498 1341 3567 procedens
1386 3513 1400 3551 :
1450 3497 1571 3551 Filii
1628 3499 1773 3551 euiut
1847 3508 1971 3565 est,

392 3592 607 3659 inquit,
688 3588 1059 3641 essentialiter
1117 3585 1393 3655 Spiritus,
1445 3602 1555 3640 non
1637 3586 1973 3640 adventitius

389 3688 443 3733 et
474 3676 706 3743 deforis,
734 3692 834 3730 nee
886 3675 1264 3745 temporaliter
1299 3676 1450 3729 illum
1488 3674 1834 3744 accipientis,
1876 3673 1973 3728 sed

390 3771 461 3826 ab
505 3779 713 3825 aeterno
765 3768 1147 3824 essentialiter
1187 3768 1347 3822 illum
1396 3768 1672 3825 habentis.
1711 3766 1997 3843 quqmad»

392 3858 616 3913 modum
658 3866 715 3913 et
748 3858 913 3911 Pater
946 3876 958 3911 :
993 3856 1156 3925 cujus
1208 3856 1348 3910 ratio
1378 3864 1481 3916 est,
1523 3859 1666 3924 quod
1700 3870 1767 3909 ex
1811 3854 1973 3907 Patre

393 3963 491 4017 per
520 3962 646 4001 eum
684 3945 1059 4001 essentialiter
1108 3944 1381 4014 procedit.
1419 3944 1485 3997 Et
1524 3944 1769 4007 attende,
1822 3941 1968 4012 quod

390 4035 559 4089 unius
618 4044 674 4088 et
736 4033 982 4104 ejusdem
1039 4034 1126 4088 rei
1175 4034 1445 4087 ratiomm
1500 4031 1816 4093 reddentes,
1863 4042 1970 4085 tam

393 4124 587 4179 beatus
618 4123 876 4189 Basilius,
926 4139 1090 4193 quam
1121 4133 1348 4179 sanctus
1378 4122 1665 4187 Maximus,
1714 4124 1972 4177 videlicet

387 4229 490 4267 cur
525 4212 761 4282 Spiritus
793 4212 999 4267 dicitur
1037 4211 1277 4282 Spiritus
1328 4212 1471 4273 Filii,
1505 4214 1756 4266 eamdem
1816 4220 1971 4264 uter-

384 4317 494 4372 que
527 4303 727 4357 reddit.
776 4302 911 4368 Quia
945 4302 1090 4357 enini
1118 4318 1182 4357 ex
1216 4301 1374 4355 Patre.
1410 4317 1507 4371 per
1533 4317 1658 4355 eum
1696 4300 1969 4370 procedit,

387 4398 515 4450 ideo
570 4394 835 4465 Spiritum
894 4396 1017 4464 eius
1076 4410 1198 4449 esse
1256 4404 1309 4447 et
1360 4395 1469 4449 dici
1507 4402 1844 4449 asseverant.
1904 4392 1971 4445 Et

385 4488 535 4555 quod
585 4496 809 4540 sanctus
858 4480 1131 4541 Maximus
1171 4501 1268 4554 per
1316 4500 1444 4540 eum
1521 4484 1821 4554 procedere
1896 4484 1976 4562 in;

387 4577 532 4646 quit,
568 4575 697 4629 illud
729 4576 923 4629 beatus
953 4574 1187 4629 Basilius
1218 4590 1313 4643 rer
1345 4590 1474 4629 eum
1515 4572 1852 4629 maniiestari
1887 4573 1969 4628 di—

391 4667 490 4728 xit,
523 4664 839 4733 signiﬁcans
873 4664 1018 4717 idem
1074 4680 1234 4733 posse
1273 4665 1613 4721 manifesteri
1643 4675 1807 4734 atque
1842 4680 1968 4733 pro.

389 4752 613 4806 cedere.
656 4752 811 4816 Quod
843 4751 888 4806 si
923 4766 1019 4820 per
1051 4767 1175 4805 eum
1214 4754 1535 4819 procedere,
1562 4766 1659 4821 per
1683 4768 1809 4806 eum
1846 4767 1969 4805 esse

387 4858 441 4899 et
466 4842 841 4895 exsistentiam
868 4842 1068 4896 habere
1092 4843 1399 4911 signiﬁcat;
1445 4844 1611 4914 igitur
1642 4854 1695 4899 et
1718 4860 1815 4913 per
1844 4858 1968 4895 eum

391 4932 755 4997 manifestari,
792 4950 889 5003 per
914 4949 1038 4987 eun
1073 4949 1195 4987 esse
1243 4944 1299 4988 et
1341 4936 1715 4991 exsistentiatn
1768 4934 1971 4987 habere

393 5021 709 5091 signiﬁcat:
755 5031 814 5074 et
858 5020 1171 5090 prmpositio
1198 5037 1289 5090 per
1322 5036 1541 5076 causam
1585 5022 1676 5078 ltic
1722 5037 1972 5078 necessa-

392 5110 475 5163 rio
525 5108 819 5177 signiﬁcat,
876 5122 979 5161 nec
1029 5106 1139 5160 ullo
1176 5106 1338 5161 modo
1386 5110 1546 5162 aliter
1599 5109 1718 5179 capi
1768 5116 1968 5177 potest.

392 5204 458 5255 At
509 5201 792 5273 Nyssenus
834 5200 997 5253 etiam
1047 5198 1347 5268 Gregorius
1406 5201 1548 5253 idem
1599 5200 1877 5270 plerisque
1916 5201 1970 5255 in

391 5295 525 5349 locis
553 5296 658 5359 ait;
687 5310 795 5347 non
850 5293 1028 5345 solum
1055 5306 1181 5343 cum
1210 5290 1537 5343 Trinitatem
1567 5307 1731 5344 «ansa
1762 5299 1817 5344 et
1843 5307 1970 5345 eau-

352 5360 357 5375 4
390 5393 511 5436 sato
541 5381 804 5451 distingui
839 5388 1142 5443 asseverat,
1192 5379 1286 5431 sed
1324 5378 1489 5431 etiam
1534 5378 1589 5432 in
1630 5378 1807 5448 primo
1842 5394 1973 5431 suo-

393 5486 511 5523 rum
546 5483 737 5524 contra
780 5468 1115 5523 Eunomium
1169 5466 1463 5529 librorum,
1512 5464 1581 5517 de
1614 5466 1971 5521 distinctione

391 5558 706 5611 divmaruui
739 5571 1100 5625 personarum
1149 5564 1431 5608 tractans:
1466 5552 1727 5621 Spiritus,
1769 5551 1971 5620 inquit,

391 5640 542 5697 Patri
576 5647 930 5715 conjunctus,
957 5644 1261 5698 secundum
1293 5640 1442 5710 quod
1476 5648 1711 5709 uterque
1758 5641 1973 5693 increa-

396 5739 506 5794 tus,
542 5741 598 5785 et
629 5747 823 5785 rursus
857 5732 927 5785 ab
958 5748 1023 5783 eo
1057 5730 1440 5797 distinguitur,
1475 5738 1533 5782 et
1562 5728 1707 5797 quod
1741 5742 1848 5780 non
1887 5737 1974 5781 est

389 5814 574 5876 Pater.
629 5828 795 5887 prout
843 5820 929 5873 ille
979 5829 1110 5873 est:
1170 5818 1308 5873 Filio
1361 5833 1513 5884 vero,
1564 5826 1618 5870 et
1665 5813 1970 5870 secundum

2078 3324 2223 3393 quod
2276 3332 2507 3394 uterque
2552 3324 2834 3381 increatus
2879 3333 2991 3389 est,
3042 3335 3099 3381 et
3156 3326 3459 3382 secundum
3515 3328 3661 3397 quod

2080 3424 2313 3484 uterque
2366 3433 2432 3472 ex
2484 3417 2666 3487 primo
2713 3419 2988 3488 principio
3038 3436 3194 3474 suam
3238 3422 3659 3477 subsistt-ntiatn

2080 3507 2262 3571 habet,
2297 3509 2650 3577 coniunctus,
2684 3509 3043 3581 distinguitur
3070 3512 3137 3565 ab
3169 3527 3236 3565 eo
3271 3528 3366 3567 sua
3410 3529 3528 3583 pro;
3554 3516 3663 3569 rita-

2080 3607 2213 3664 tate,
2260 3615 2382 3669 qua:
2431 3610 2540 3665 est,
2575 3602 2722 3670 quod
2775 3617 2876 3656 nec
2927 3612 2984 3656 ut
3036 3604 3355 3671 unigenitus
3401 3622 3468 3659 ex
3503 3607 3661 3661 Patre

2078 3694 2385 3760 productus
2415 3701 2523 3755 est,
2568 3704 2623 3747 et
2670 3693 2816 3761 quod
2851 3710 2954 3763 per
3000 3698 3177 3764 ipsum
3206 3696 3407 3751 Filium
3440 3699 3513 3753 sit
3545 3717 3661 3753 ina-

2080 3785 2393 3839 nifi-status.
2435 3784 2502 3838 Et
2548 3800 2674 3839 eum
2726 3799 2982 3842 creatura
3034 3803 3130 3857 per
3186 3788 3384 3844 Filium
3428 3795 3501 3845 sit
3537 3809 3655 3860 pro-

2078 3874 2264 3939 ducta,
2301 3892 2369 3929 ne
2403 3877 2529 3945 quis
2564 3886 2718 3947 putet
2752 3879 2959 3948 aliquid
2994 3896 3288 3936 commune
3323 3898 3445 3938 esse
3482 3882 3664 3954 Spiri-

2080 3965 2157 4018 tui
2186 3976 2241 4018 et
2269 3976 2560 4031 creaturae,
2597 3980 2889 4037 propterea
2918 3972 3064 4040 quod
3093 3972 3302 4029 dicitur
3331 3990 3432 4045 per
3457 3974 3660 4031 Filium

2080 4056 2480 4123 maluit-status,
2556 4060 3005 4117 imtnutaliilitate
3068 4074 3125 4118 et
3186 4064 3567 4123 immobilitate
3631 4085 3663 4124 a

2081 4158 2337 4202 creatura
2394 4150 2778 4220 distinguitur.
2813 4154 2911 4208 Hic
2945 4171 3069 4209 cum
3122 4157 3412 4213 manifeste
3458 4160 3525 4214 de
3576 4159 3661 4213 di-

2081 4243 2205 4294 vina
2237 4244 2439 4297 unione
2460 4254 2515 4297 et
2543 4244 2902 4300 distinctione
2936 4259 3158 4304 sanctus
3188 4251 3381 4305 doctor
3407 4253 3665 4322 loquere-

2082 4344 2190 4395 tur,
2228 4338 2489 4404 proiionit
2540 4336 2645 4391 sibi
2699 4327 2968 4408 Spiritum
3006 4353 3259 4396 sanctum
3310 4361 3324 4397 :
3374 4360 3542 4413 quem
3591 4346 3660 4400 ad

2081 4428 2297 4482 Patrem
2330 4443 2662 4498 comparans
2708 4438 2765 4484 et
2808 4431 3035 4495 Filium,
3086 4432 3299 4489 invenit
3346 4451 3470 4506 quae
3506 4451 3663 4491 com-

2081 4520 2267 4572 munia
2302 4520 2385 4573 eis
2413 4530 2469 4575 et
2507 4522 2777 4589 unientia,
2812 4538 2935 4592 qua:
2963 4538 3095 4578 vero
3127 4526 3353 4596 prepria
3377 4537 3433 4581 et
3463 4528 3659 4584 distin-

2081 4609 2303 4680 guentis
2328 4621 2478 4666 sunt.
2513 4613 2657 4667 Patri
2689 4615 2900 4684 itaque,
2940 4616 3145 4686 inquit,
3177 4621 3530 4688 coniunctus,
3567 4638 3661 4676 se-

2082 4703 2322 4757 cundum
2358 4708 2502 4774 quod
2536 4716 2769 4777 uterque
2799 4709 3083 4765 inereatus
3121 4719 3237 4778 est;
3262 4728 3324 4766 ac
3349 4715 3395 4766 si
3428 4714 3663 4775 diceret.

2081 4813 2178 4865 per
2230 4798 2481 4852 absoluta
2531 4811 2586 4854 et
2629 4802 2971 4865 essentialia,
3004 4818 3128 4872 quae
3176 4819 3273 4873 per
3322 4821 3523 4861 nomen
3579 4806 3668 4861 in-

2079 4891 2248 4945 ereati
2287 4893 2702 4963 signiﬁcantur;
2745 4908 2938 4948 rursus
2967 4894 3036 4950 ab
3068 4910 3136 4950 eo
3178 4897 3560 4965 distinguitur,
3593 4912 3665 4952 eo

2080 4983 2227 5053 quod
2275 5001 2384 5039 non
2430 4996 2515 5041 est
2564 4988 2729 5043 Pater
2770 4997 2830 5044 ut
2864 4990 2954 5045 ille
2999 5000 3105 5045 est.
3149 4989 3287 5044 Cum
3338 4989 3481 5045 Filio
3529 5007 3665 5045 vero

2080 5090 2374 5130 commune
2406 5079 2638 5144 habens,
2671 5079 2822 5149 quod
2853 5087 3092 5149 uterque
3125 5079 3426 5147 increatus,
3460 5092 3518 5137 et
3544 5097 3667 5137 om-

2084 5170 2174 5222 nia
2208 5169 2288 5221 eis
2325 5171 2577 5224 absoluta
2626 5173 2947 5226 communia
2981 5173 3114 5238 sint,
3151 5189 3276 5227 cum
3307 5190 3414 5227 una
3444 5177 3665 5229 eadem-

2081 5278 2188 5332 que
2239 5263 2529 5332 utriusque
2577 5267 2817 5319 essentia
2877 5266 2971 5327 sit,
3032 5267 3162 5319 item
3221 5268 3368 5335 quod
3428 5278 3666 5337 uterque

2081 5353 2252 5407 Deum
2285 5364 2339 5407 et
2366 5350 2586 5407 Patrem
2630 5356 2714 5409 sui
2765 5356 3101 5427 principium
3140 5356 3328 5421 habet,
3376 5367 3554 5413 tamen
3594 5360 3664 5413 ab

2081 5460 2147 5498 eo
2180 5446 2264 5499 liis
2298 5446 2513 5499 duobus
2559 5445 2961 5517 distinguitur:
2999 5448 3199 5518 primo,
3242 5450 3388 5517 quod
3420 5466 3529 5503 non
3567 5468 3666 5519 per

2082 5539 2493 5605 generatimicm
2529 5548 2587 5591 ut
2636 5538 2829 5603 Filius,
2862 5541 2958 5594 sed
3006 5557 3106 5609 per
3142 5544 3549 5610 processionem
3584 5545 3665 5595 vi-

2083 5630 2285 5684 delicet
2329 5646 2397 5684 ex
2437 5632 2597 5685 Patre
2643 5633 2749 5697 sit;
2790 5646 2856 5685 ac
2886 5634 2933 5686 si
2973 5633 3207 5696 diceret,
3242 5650 3339 5701 per
3381 5635 3663 5688 diversum

2082 5719 2455 5774 subsistentia!
2504 5726 2763 5788 modum;
2813 5722 3081 5788 secundo,
3141 5724 3287 5788 quod
3339 5740 3436 5792 per
3484 5724 3663 5792 ipsum

2084 5804 2285 5869 Filium
2330 5814 2714 5870 ntanifesmtus
2773 5814 2865 5869 sit.
2902 5812 2962 5869 Si
2998 5816 3165 5885 igitur
3201 5832 3293 5886 per
3331 5833 3449 5870 eum
3514 5816 3661 5871 idem
