4086 6404
382 364 484 426 573

1313 364 1600 427 ORATIO
1650 368 2097 429 DOGMATICA
2148 369 2293 429 PRO
2335 368 2645 430 UleﬁE.

3542 371 3645 431 5ῖὶ

381 502 467 539 ναι
495 481 552 534 τὸ
582 480 804 551 Πνεῦμα
842 482 1181 551 διακρίνεται
1210 483 1302 536 τοῦ
1336 486 1463 538 Υίοῦ
1492 505 1502 515 ·
1541 488 1713 540 ἑνοῖτο
1756 490 1864 560 γὰρ
1894 490 1957 543 ἂν
1991 498 2030 549 Α
2065 489 2122 539 τὸ
2165 490 2260 557 μὲν
2286 489 2614 556 πεφηνέναι,
2650 487 2747 555 τὴν
2777 487 2831 537 δὲ
2869 486 3193 553 ὑποστῆναι,
3222 485 3428 547 δεδιὼς,
3460 491 3531 556 μή
3563 506 3645 549 τ.ς

320 586 327 593 ’
380 576 768 645 ﬁndi-633.19".
792 575 851 626 οὗ
888 575 1218 647 διακρίνοιτο
1242 595 1252 607 ·
1289 580 1379 629 καὶ
1414 581 1740 633 συνάπτοιτο
1772 584 1954 645 πλέων,

379 673 409 736 ἢ
442 671 724 737 διαιροῖτο.
757 670 831 720 0'5
884 670 990 738 μὴν
1026 670 1145 723 οὐδὲ
1180 671 1305 739 περὶ
1332 674 1691 740 χαρισμάτων
1724 676 1959 730 ἐνταῦθα

380 764 642 829 διανομῆς
688 762 713 812 ὁ
765 760 922 827 λόγος
970 761 1143 829 αὐτῷ,
1181 761 1319 812 ἀλλὰ
1352 762 1481 832 περὶ
1532 766 1629 832 τῆς
1656 764 1767 816 τῶν
1798 766 1958 817 θείων

382 855 736 909 ὑποστάσεων
764 855 1113 922 διακρίσεως.
1151 853 1289 905 Οὔτε
1317 854 1372 907 δέ
1411 871 1494 917 τις
1526 857 1701 907 εἰπεῖν
1724 857 1834 925 ἔχει
1862 860 1959 925 τὴν

380 950 458 1011 εἰς
494 947 585 998 τὸν
612 947 817 1013 κότμιν
849 945 935 997 διὰ
961 944 1057 997 τοῦ
1085 944 1214 997 Υἱοῦ
1248 944 1556 1013 φανέρωσιν
1586 945 1678 997 τοῦ
1707 946 1957 1012 Πνεῦμα-

378 1058 465 1100 τος
496 1037 587 1089 τοῦ
612 1037 773 1105 ἁγίου
797 1035 884 1087 διὰ
907 1036 1100 1087 τούτου
1127 1034 1392 1103 τοῦλόγου
1413 1036 1731 1106 δηλοῦσθαι.
1754 1039 1957 1106 Πρῶτα

380 1134 479 1201 μὲν
509 1134 617 1200 γὰρ
648 1132 778 1199 περὶ
813 1131 1144 1201 διακρίσεως
1168 1130 1320 1193 ὄντος
1359 1130 1453 1183 τοῦ
1488 1130 1646 1199 λόγου
1676 1132 1788 1185 τῶν
1822 1134 1958 1185 ὑποο

380 1228 649 1288 στάσεων,
685 1224 779 1276 καὶ
806 1222 924 1285 πῶς
956 1224 1022 1275 ἂν
1056 1221 1155 1291 τὴν
1186 1224 1443 1291 χρονικὴν
1476 1222 1684 1293 ταύτην
1712 1225 1958 1294 φανέρω-

379 1338 464 1372 σιν
496 1320 672 1373 ἀϊδίου
725 1317 871 1379 τινὲς
903 1316 1236 1386 πράγματος
1269 1318 1442 1369 αίτιον
1469 1319 1735 1382 ἐποιεῖτο;
1769 1319 1957 1380 ἁῖδίως

378 1414 489 1481 γὰρ
516 1410 766 1480 ἀλλήλων
792 1410 819 1461 6
852 1408 981 1471 Υἱὸς
1009 1411 1106 1463 καὶ
1153 1408 1214 1461 τὸ
1242 1407 1474 1479 Πνεῦμα
1504 1410 1614 1473 τοῖς
1669 1426 1957 1479 προσωπε-

376 1508 492 1566 κοίς
522 1504 894 1573 διακρίνονται
936 1501 1195 1571 ίδιὼμασι
1219 1514 1233 1530 ⁶
1270 1503 1365 1553 καὶ
1391 1500 1453 1553 οὐ
1480 1502 1655 1571 δήπου
1694 1502 1827 1574 πρὶν
1851 1502 1958 1556 ὑπὸ

376 1596 471 1650 τοῦ
506 1596 636 1653 Υίοῦ
670 1593 1059 1664 φανερωθῆναι
1089 1592 1156 1665 τῇ
1184 1593 1360 1647 κτίσει
1406 1594 1470 1647 τὸ
1511 1594 1763 1665 Πνεῦμα,
1791 1594 1957 1659 ἀλλή-

376 1688 485 1742 λων
512 1688 573 1740 οὐ
604 1687 937 1756 διεκρίνοντο
958 1701 973 1717 ·
1016 1684 1177 1739 τοῦτο
1229 1685 1338 1755 γὰρ
1362 1685 1713 1739 ἀτοπώτατον
1750 1686 1953 1755 λέγειν.

378 1782 617 1834 Ἔπειτα
641 1778 749 1832 τῶν
781 1779 858 1840 εις
885 1776 984 1847 τὴν
1008 1776 1187 1831 κτίσιν
1210 1775 1388 1846 ἔργων
1404 1777 1504 1847 τῆς
1533 1778 1762 1848 Τριάδος
1780 1779 1955 1832 ὄντων

375 1873 599 1937 κοινῶν,
631 1872 689 1923 οὐ
722 1871 749 1923 δ
775 1870 809 1923 ὰ
865 1870 961 1923 τοῦ
1002 1868 1135 1922 Υίοῦ
1167 1868 1371 1939 μᾶλλον
1410 1870 1443 1940 ἢ
1496 1868 1564 1921 δι’
1594 1870 1789 1924 ἑαυτοῦ
1821 1872 1955 1940 ἐφα-

373 1962 589 2035 νερώθη
618 1962 679 2015 τὸ
734 1948 961 2031 Πνεῦμα
992 1960 1051 2013 τὸ
1105 1960 1263 2029 ἅγιον
1286 1976 1300 1990 ο
1337 1960 1476 2014 ἀλλὰ
1512 1963 1606 2013 καὶ
1664 1962 1831 2017 αὑτὸν
1862 1962 1954 2016 τὸν

374 2061 505 2113 Υίὶν
536 2056 758 2124 ἐδόξασέ
786 2073 843 2108 τε
873 2056 969 2109 καὶ
1002 2055 1347 2126 ὲφανέρωσε,
1382 2056 1478 2109 καὶ
1506 2056 1604 2126 οὐχ
1629 2056 1834 2126 ἥκιστα
1863 2059 1955 2110 τὸν

373 2144 619 2221 Πατέρα,
655 2150 750 2203 τὸν
781 2148 943 2202 αὑτὸν
964 2147 1018 2202 δὲ
1050 2148 1145 2202 καὶ
1173 2148 1201 2201 6
1232 2148 1381 2211 Υἱός.
1416 2146 1603 2211 Οὕτως
1634 2148 1728 2203 οὖν
1759 2150 1827 2203 ἂν
1860 2151 1956 2205 καὶ

372 2243 573 2297 ἑαυτοῦ
610 2243 665 2295 τὸ
702 2242 927 2310 Πνεῦμα
979 2241 1041 2295 τὸ
1078 2240 1238 2309 ἅγιον
1267 2240 1623 2313 διακρίνοιτο,
1653 2234 1817 2298 ἑαυτὸ
1850 2262 1955 2313 φα-

375 2355 428 2390 νε
442 2316 646 2406 ρῶσαν,
681 2336 761 2388 ἔτι
787 2352 847 2387 τε
888 2333 987 2388 τοῦ
1029 2334 1244 2405 Πατρός
1268 2350 1283 2365 ⁸
1322 2334 1419 2387 καὶ
1450 2336 1477 2387 6
1504 2334 1631 2397 Υίδς
1662 2335 1863 2389 ἑαυτοῦ
1895 2354 1954 2391 τε

375 2431 472 2485 καὶ
497 2426 593 2482 τοῦ
628 2426 839 2498 Πατρδς
878 2427 967 2479 διὰ
998 2424 1208 2480 ταῦτα’
1264 2425 1383 2478 ἀλλ’
1429 2424 1554 2479 οὔτε
1597 2428 1692 2479 ἐπὶ
1747 2426 1955 2481 τούτων

371 2525 592 2593 εἴρηται
624 2521 783 2574 τοίτό
821 2537 974 2585 ποτε,
1010 2518 1125 2573 οὒτ’
1178 2519 1272 2573 επὶ
1305 2518 1398 2573 τοῦ
1430 2521 1550 2574 νυνὶ
1585 2522 1953 2591 προκειμένου

370 2618 552 2685 τούτῳ
583 2616 723 2683 λόγῳ
750 2612 1149 2669 καταλείπεται
1182 2612 1359 2683 χώρα.
1392 2610 1460 2669 ’0
1492 2613 1549 2668 δὲ
1596 2598 1785 2668 τοῦτον
1807 2616 1955 2684 ἐλέγ-

371 2728 459 2779 χει
495 2709 584 2761 τὸν
616 2708 773 2775 λόγον
804 2706 931 2760 ὄντα
988 2705 1228 2775 ματαίαν
1282 2707 1629 2776 καταφυγὴν,
1660 2707 1812 2761 ἔστιν
1873 2710 1955 2763 δτι

369 2806 429 2856 τὸ
478 2801 703 2871 Πνεῦμα
761 2800 859 2868 τῆς
911 2798 1143 2861 κτίσεως
1208 2801 1237 2852 6
1298 2798 1622 2864 διδάσκαλος
1676 2800 1956 2870 διακρῖναι

373 2896 729 2966 βουλόμενος,
781 2892 1015 2961 ἐπείπερ
1070 2890 1287 2961 ᾔσθετο,
1353 2891 1560 2962 μᾶλλον
1612 2892 1660 2945 δ’
1716 2892 1956 2960 ἔφθασεν

371 2987 735 3048 ἀποδεδωκὼς
766 2984 946 3039 κοινὸν
972 2982 1121 3054 αὐτῷ
1145 3000 1204 3037 τε
1240 2984 1469 3053 κάκείνῃ
1496 2984 1556 3037 τὸ
1586 2984 1675 3038 διὰ
1699 2984 1795 3037 τοῦ
1823 2985 1953 3038 Υίοῦ

2064 585 2237 649 τούτῳ
2270 582 2330 649 δὴ
2366 580 2441 649 τῷ
2476 580 2640 648 κιινῴ
2676 586 2767 633 καί
2801 598 2931 629 ταῦτ
2970 596 3105 647 τητα
3138 580 3328 640 οὐσίας
3375 579 3644 644 Cognata,

2065 672 2138 740 τιῖι
2171 673 2426 739 ἀτρέπτῳ
2470 690 2527 723 τε
2562 675 2654 722 καὶ
2708 671 2952 739 "aII-7:143.
2987 673 3079 721 7-1“-
3142 669 3515 737 ἀναλλοιτίιτίζη
3550 673 3646 722 ναὶ

2063 764 2136 833 μὴ
2167 766 2396 833 τοιούτῳ
2448 766 2716 834 διακρίνει
2751 764 2923 815 ταῦτα
2976 762 3247 833 ἀλλήλων,
3284 764 3365 826 τὸ,
3403 764 3492 814 διὰ
3546 764 3643 813 τοῦ

2063 857 2213 923 me,
2248 860 2346 925 τὴν
2400 860 2497 927 μὲν
2528 857 2862 924 ὑποστῆναι,
2899 857 2957 907 τὸ
2988 857 3044 906 δὲ
3079 856 3406 925 πεφηνέναι,
3464 856 3645 906 κοινὸν

2061 956 2157 1001 καί
2194 951 2389 1001 ταυτδιν
2422 950 2773 1019 ἡγησάμενος
2798 964 2811 976 '
2845 949 3176 1018 διακρίσεως
3206 949 3261 999 δὲ
3311 948 3517 1013 τρόπον
3549 948 3641 996 εὑ-

2064 1043 2173 1111 ρὼν
2199 1043 2258 1094 τὸ
2290 1041 2388 1111 τὴν
2423 1043 2520 1111 μὲν
2556 1045 2797 1112 τρεπτὴν
2830 1042 2923 1093 καὶ
2967 1041 3269 1108 ἀλλοιωτὴν
3297 1037 3455 1102 εἶναι,
3492 1040 3555 1089 τὸ
3596 1038 3640 1088 ὀ“

2061 1131 2329 1202 ἄτρεπτόν
2360 1148 2415 1183 τε
2455 1132 2550 1185 καὶ
2601 1134 2983 1186 ἀναλλοίωτον.
3018 1132 3210 1184 Καίτοι
3244 1133 3292 1182 εἰ
3338 1132 3397 1182 τὺ
3428 1130 3515 1182 διὰ
3546 1129 3639 1181 τοῦ

2063 1224 2194 1277 Υίοῦ
2242 1228 2545 1295 πεφηνέναι
2598 1227 2658 1278 τὸ
2712 1225 2935 1291 Πνεῦμα
2972 1227 3045 1292 μὴ
3089 1225 3273 1276 αἰτίαν
3306 1223 3495 1291 ἐδήλου
3550 1223 3642 1273 τὸν

2064 1318 2214 1383 Υἱὸν,
2240 1319 2429 1388 ὥσπερ
2469 1318 2530 1371 τὸ
2565 1318 2654 1370 διὰ
2682 1317 2776 1369 τοῦ
2805 1317 2934 1369 Υίοῦ
2966 1317 3267 1385 ὑποστῆναι
3294 1316 3393 1384 τὴν
3438 1314 3640 1375 κτίσιν,

2059 1412 2218 1466 τοῦτο
2244 1413 2351 1481 γὰρ
2397 1413 2563 1465 αὐτὸν
2609 1412 2791 1465 αἰτίαν
2823 1411 2993 1480 δηλοῖ,
3028 1411 3203 1480 ῥᾴστη
3237 1409 3303 1462 ἂν
3349 1404 3417 1479 ἦν
3448 1409 3480 1476 ὴ
3527 1408 3642 1460 δά-

2060 1521 2243 1575 κρισις
2295 1504 2392 1558 τοῦ
2451 1504 2769 1575 Πνεῦματὸς
2801 1521 2858 1556 τε
2891 1506 2984 1556 καὶ
3036 1503 3137 1571 τῆς
3180 1506 3440 1563 κτίσεως.
3484 1503 3641 1570 Ἐξῆν

2060 1595 2171 1668 γὰρ
2199 1596 2377 1649 εἰπεῖν
2422 1597 2507 1649 ὅτι
2532 1598 2581 1649 εί
2619 1596 2716 1648 καὶ
2748 1596 3036 1667 ἀμφότερα
3068 1594 3157 1647 διὰ
3200 1593 3296 1645 τοῦ
3332 1591 3485 1655 nos,
3522 1584 3643 1645 ἀλλ⁶

2058 1691 2093 1759 ἡ
2127 1690 2227 1759 μὲν
2258 1688 2435 1752 κτίσις
2469 1688 2730 1751 αἰτιατῶς
2778 1688 2837 1752 ἐξ
2870 1686 3059 1751 αὑτοῦ,
3093 1688 3153 1740 τὸ
3181 1687 3240 1739 δέ
3274 1687 3325 1753 γ’
3358 1688 3639 1749 ἀναιτίως.

2067 1780 2179 1835 Νῦν
2205 1780 2262 1835 δὲ
2293 1781 2452 1835 τοῦτο
2480 1781 2579 1847 μὲν
2608 1782 2709 1833 οὐκ
2761 1776 2916 1832 εἶπεν
2935 1796 2948 1810 ο
2980 1781 3007 1831 ὃ
3037 1781 3147 1849 γὰρ
3195 1782 3270 1850 μὴ
3298 1779 3412 1851 ᾔδει
3442 1779 3642 1848 ἀληθὲς

2058 1873 2137 1939 δν,
2171 1873 2274 1926 οὐκ
2304 1869 2371 1943 ἦν
2396 1873 2609 1926 ἐκείνου
2657 1873 2833 1925 εἰπεῖν
2856 1888 2869 1900 ο
2904 1870 3023 1924 ἀλλ’
3055 1871 3225 1941 ἄλλην
3254 1868 3380 1941 εὗρε
3430 1871 3642 1938 διάκρι-

2059 1984 2168 2031 σιν,
2195 1965 2294 2039 τὴν
2324 1967 2422 2020 καὶ
2460 1966 2609 2036 αὑτῷ
2630 1966 2865 2030 δόξασαν
2894 1965 3072 2035 ἀληθῆ
3106 1969 3199 2017 καί
3238 1967 3407 2034 μόνην
3456 1966 3637 2034 ὑπάρ-

2057 2077 2280 2130 χουσαν.
2322 2060 2386 2111 Ἦ
2414 2058 2513 2112 διὰ
2547 2059 2657 2129 ἄρα
2706 2058 2801 2111 ἐπὶ
2842 2058 2939 2127 τῆς
3000 2056 3068 2110 δι’
3098 2056 3226 2109 Υίοῦ
3262 2055 3355 2108 τοῦ
3392 2056 3638 2123 Πνεῦμα-

2056 2170 2145 2217 τος
2180 2152 2276 2206 τοῦ
2305 2152 2463 2220 ἁγίου
2497 2152 2847 2221 ὲκφάνσεως,
2880 2150 3025 2203 τοῦτ’
3054 2150 3185 2202 αὐτὸ
3216 2149 3462 2210 δύναται,
3495 2149 3634 2215 ὅπερ

2056 2248 2151 2299 ἐπὶ
2178 2247 2277 2315 τῆς
2331 2243 2568 2307 κτίσεως
2620 2244 2922 2311 λεγομένης
2974 2241 3043 2295 δι’
3105 2241 3233 2295 Υίοῦ
3299 2241 3628 2306 ὑποστῆκαι.

2070 2337 2212 2392 Ἀλλ’
2245 2336 2339 2390 ἐπὶ
2376 2337 2475 2407 τῆς
2507 2336 2743 2399 κτίσεως
2792 2338 2942 2390 αίτία
2982 2336 3199 2403 λέγεται
3252 2336 3343 2387 καὶ
3377 2335 3632 2387 πιστεύει

2055 2450 2146 2487 ται
2184 2434 2221 2487 δ
2246 2433 2373 2495 Υίδς
2408 2426 2582 2496 εἶναι,
2623 2431 2716 2483 καί
2760 2430 2848 2483 διὰ
2882 2429 2981 2499 τῆς
3035 2429 3132 2482 διὰ
3169 2428 3327 2482 τοῦτο
3374 2426 3634 2495 aquai»:-

2056 2544 2146 2578 ται
2172 2527 2267 2581 καὶ
2296 2525 2389 2578 επὶ
2417 2520 2511 2577 τοῦ
2546 2522 2862 2593 ῐῐνεύματος
2894 2538 2906 2551 ’
2934 2522 3045 2591 ἄρα
3081 2522 3259 2573 αἰτίαν
3297 2523 3330 2589 ὴ
3386 2519 3483 2572 διὰ
3531 2536 3637 2570 πα-

2057 2616 2281 2688 ρίστησι
2308 2616 2399 2669 τὸν
2432 2616 2580 2672 Υἱόν.
2632 2616 2741 2668 Καὶ
2768 2614 2873 2685 γὰρ
2902 2615 2967 2682 δὴ
3006 2614 3101 2666 καὶ
3141 2614 3320 2674 ἄλλως
3374 2612 3632 2681 φανερὸν,

2056 2709 2132 2772 ὼς
2186 2710 2301 2771 τοῖς
2336 2709 2635 2779 αἱρετικοῖς
2692 2708 2741 2760 οἱ
2781 2705 3098 2760 διδάσκαλοι
3150 2704 3520 2773 πολεμοῦντες
3568 2703 3635 2754 δι’

2058 2798 2191 2854 Υἱοῦ
2226 2800 2446 2867 λέγουσι
2479 2798 2811 2868 γεγενῆσθαι
2856 2799 2916 2852 τὸ
2974 2798 3204 2867 Πνεῦμα
3233 2800 3295 2850 τὸ
3327 2798 3503 2864 ἅγιον,
3545 2796 3636 2849 διὰ

2058 2892 2117 2945 τὸ
2169 2892 2358 2953 κακῶς
2398 2891 2621 2944 ἀκούειν
2673 2893 2769 2945 τοῦ
2827 2890 3260 2958 Εὑαγγε>.ιστοῦ,
3310 2888 3511 2942 Πάντα
3558 2890 3634 2941 δι’

2058 2982 2245 3037 αὺτοῦ
2274 2982 2534 3051 ἐγένετο,
2570 2981 2847 3049 λέγοντος,
2878 2984 2971 3034 καὶ
3010 2981 3069 3034 τὸ
3102 2980 3325 3049 Πνεῦμα
3355 2982 3443 3032 διὰ
3480 2980 3636 3033 ταῦςο

373 3162 714 3235 signiﬁcaret
749 3175 812 3215 ac
868 3176 986 3212 cum
1019 3176 1098 3224 co,
1133 3166 1298 3228 prout
1328 3159 1495 3230 aliqui
1523 3162 1820 3229 somniant,
1854 3164 1957 3218 mi-
1982 3196 2029 3260 ο
2061 3177 2185 3217 cum
2208 3162 2320 3232 jam
2355 3160 2700 3214 attribuisset
2733 3159 2993 3225 Spiritui,
3028 3174 3125 3227 per
3165 3158 3363 3212 Filium
3409 3159 3639 3213 nianifm

372 3273 500 3311 rum
554 3264 701 3309 esset
750 3251 1020 3321 profecto,
1070 3252 1115 3307 si
1153 3252 1277 3308 ideo
1308 3252 1549 3323 Spiritus
1581 3254 1954 3326 distinguatur

371 3366 397 3403 a
451 3347 615 3408 Fiiio,
659 3346 785 3416 quia
818 3359 944 3399 cum
989 3360 1055 3399 eo
1088 3344 1525 3399 manifestatur:
1565 3347 1758 3401 unitur
1805 3349 1953 3403 enim

372 3442 479 3494 huc
513 3438 696 3501 modo,
735 3454 841 3491 non
882 3437 1276 3507 distinguitur;
1311 3447 1366 3494 et
1418 3439 1794 3509 coniungitur,
1844 3457 1953 3495 non

371 3533 666 3587 dividitur.
726 3530 840 3584 Nec
897 3529 1063 3583 etiam
1120 3528 1186 3582 de
1232 3528 1504 3583 divisione
1558 3529 1951 3584 charismatum

374 3629 461 3681 hic
501 3628 746 3693 loquitur
788 3632 1015 3677 sanctus
1053 3619 1267 3686 doctor,
1301 3621 1434 3691 quin
1468 3623 1579 3675 imo
1626 3622 1693 3677 de
1742 3612 1953 3677 divina-

374 3739 495 3774 rum
534 3732 891 3787 personarum
921 3714 1301 3769 distinctione.
1334 3715 1444 3768 Nec
1474 3716 1763 3785 quisquam
1793 3718 1954 3771 habet

371 3814 585 3872 iii-ore,
626 3809 871 3878 Spiritus
908 3822 1007 3877 per
1043 3806 1241 3860 Filium
1291 3806 1345 3860 in
1391 3808 1594 3859 mundo
1631 3806 1952 3860 manifesta-

376 3907 583 3959 tinnem
639 3917 735 3970 per
768 3901 882 3953 liaic
918 3896 1085 3953 verba
1134 3896 1451 3967 significari.
1491 3897 1673 3951 Primo
1715 3914 1952 3966 namque

371 4015 500 4055 cum
536 3997 600 4050 de
642 3992 1000 4048 distinctione
1038 4005 1395 4060 personarum
1446 3990 1532 4045 hic
1567 4006 1751 4046 sermo
1781 3992 1952 4047 liabe-

373 4104 554 4150 retnr,
589 4102 828 4157 quonam
863 4085 1027 4140 modo
1058 4084 1415 4156 temporalem
1451 4085 1593 4140 hanc
1636 4086 1952 4139 manifesta-

372 4193 583 4238 tzonem
617 4186 837 4233 aeternae
887 4175 964 4231 rei
1012 4189 1235 4230 causam
1289 4175 1570 4245 poneret?
1617 4176 1953 4230 teternalitcr

370 4277 522 4328 enim
566 4272 737 4326 Filius
779 4279 833 4325 et
887 4268 1131 4339 Spiritus
1172 4278 1398 4322 sanctus
1432 4268 1817 4337 personalibus
1841 4268 1952 4323 dis-

372 4367 707 4435 tinguuntur
773 4360 1230 4431 proprietatibus.
1283 4358 1472 4430 Neque
1547 4358 1657 4414 dici
1721 4368 1950 4429 potest,

370 4458 520 4528 quod
576 4465 871 4524 antequam
918 4452 1365 4507 manifestaretur
1419 4452 1627 4506 mundo
1680 4453 1947 4523 Spiritus,

2061 3254 2229 3317 stari;
2262 3263 2554 3314 creaturae,
2583 3268 2680 3322 per
2707 3251 2905 3306 Filium
2940 3263 3181 3306 creatam
3216 3252 3407 3317 fuisse,
3437 3255 3638 3308 tiwens

2061 3360 2129 3399 ne
2161 3345 2284 3414 quis
2324 3356 2547 3414 pr0pter
2579 3344 2704 3407 hoc,
2736 3345 2882 3414 quod
2915 3345 3152 3414 Spiritus
3174 3355 3230 3399 et
3262 3355 3515 3399 creatura
3540 3355 3638 3415 per

2061 3438 2258 3491 Filium
2311 3453 2433 3493 esse
2491 3438 2785 3503 dicantur,
2850 3439 3097 3507 ejusdem
3154 3438 3322 3491 etiam
3384 3440 3639 3493 essentia:

2060 3532 2327 3602 Spiritum
2375 3548 2499 3587 cum
2550 3544 2805 3586 creatura
2851 3544 3102 3601 putaret;
3140 3532 3391 3585 mutabili
3439 3543 3496 3585 ct
3538 3534 3639 3585 int-

2060 3623 2312 3676 tnutabili
2343 3623 2455 3677 haec
2487 3624 2554 3677 ab
2592 3623 2827 3677 invicem
2864 3622 3173 3692 distinguit,
3208 3623 3355 3691 quod
3392 3624 3636 3692 Spiritus

2058 3716 2282 3785 quidem
2335 3731 2433 3785 per
2483 3715 2677 3769 Filium
2730 3714 3136 3777 niauifestctur,
3192 3723 3447 3767 creatura
3504 3730 3637 3767 vero

2060 3824 2157 3876 per
2228 3808 2425 3861 Filium
2486 3808 2786 3871 subsistat;
2856 3807 2959 3859 ltoe
3011 3821 3305 3861 commune
3365 3816 3421 3861 et
3486 3807 3633 3860 idem

2059 3901 2306 3969 utrisque
2365 3911 2588 3968 putans,
2643 3898 3014 3953 distinctionis
3064 3914 3195 3953 vero
3245 3899 3416 3952 alium
3471 3916 3634 3968 repe~

2059 3993 2208 4045 riens
2248 3993 2494 4055 modum,
2529 3991 2785 4045 videlicet
2819 3992 2965 4061 qttod
2998 3991 3088 4045 ille
3119 3992 3341 4061 quidem
3374 3992 3636 4046 immuta-

2059 4086 2209 4147 bilis,
2244 4085 2334 4138 illa
2384 4100 2514 4139 vero
2564 4083 2847 4138 mutabilis
2886 4084 2978 4137 sit.
3019 4083 3088 4137 At
3123 4084 3190 4145 si.
3242 4098 3370 4137 cum
3405 4085 3635 4147 dicitur,

2060 4178 2323 4249 Spiritum
2364 4194 2462 4247 per
2510 4178 2707 4231 Filium
2744 4177 3111 4240 manifestari,
3142 4191 3251 4230 non
3294 4176 3635 4246 significare-

2058 4283 2169 4339 tur,
2205 4272 2353 4343 qund
2390 4271 2563 4325 Filius
2589 4271 2966 4325 subsistentia:
2992 4270 3232 4339 Spiritus
3265 4278 3415 4324 esset
3442 4286 3631 4331 causa.

2057 4367 2524 4438 quemadmodum
2566 4382 2688 4421 cum
2720 4365 2948 4425 dicitur.
2985 4367 3251 4417 mundum
3300 4379 3399 4433 per
3430 4364 3631 4419 Filium

2057 4474 2178 4515 esse
2214 4459 2418 4513 factum
2452 4458 2583 4527 (hoc
2614 4456 2761 4511 enim
2792 4455 3083 4512 manifeste
3123 4455 3325 4509 Filium
3361 4454 3635 4525 signiﬁcat

371 4566 478 4602 ltuit
512 4555 673 4601 erant
703 4546 772 4600 ab
816 4546 1051 4600 invicem
1102 4544 1472 4615 personaliter
1506 4544 1791 4612 distincti;
1843 4545 1949 4601 boc
1985 4551 2026 4606 ι)
2057 4566 2280 4605 causam
2331 4550 2499 4618 esse),
2554 4549 2728 4605 facilis
2786 4558 2935 4603 esset
2991 4547 3234 4618 Spiritus
3286 4562 3315 4601 a
3373 4557 3633 4601 creatura

369 4644 522 4694 (nini
574 4639 1041 4693 absurdissimum
1090 4639 1257 4692 etiam
1293 4638 1539 4707 cogitare
1587 4649 1690 4693 est.
1740 4639 1950 4694 Deinde

365 4747 495 4786 cum
526 4745 691 4798 Opera
725 4732 778 4782 in
812 4740 1123 4784 creaturam
1159 4728 1476 4783 communia
1511 4728 1771 4783 Trinitati
1814 4730 1946 4795 sint,

367 4837 483 4875 non
524 4818 699 4889 magis
731 4835 829 4886 per
854 4818 1077 4881 Filium,
1101 4833 1267 4888 quam
1298 4832 1395 4887 per
1428 4818 1677 4888 seipsum
1710 4818 1951 4888 Spiritus

366 4924 596 4967 sanctus
629 4912 1015 4965 nianifestatus
1048 4920 1171 4965 est:
1220 4912 1351 4979 quin
1405 4910 1514 4965 imo
1564 4911 1745 4981 ipsum
1784 4912 1947 4967 etiam

366 5008 571 5063 Filium
607 5006 847 5075 Spiritus
871 5004 1206 5076 glorificavit
1234 5014 1291 5060 et
1324 5004 1720 5071 manifestavit,
1758 5016 1814 5063 et
1839 5022 1949 5063 non

366 5101 555 5154 minus
597 5098 815 5152 Patrem
862 5098 1120 5153 eumdem
1170 5098 1337 5153 etiam
1377 5099 1571 5155 Filius.
1605 5101 1786 5166 Quare
1822 5117 1948 5158 cum

366 5193 473 5247 hac
525 5194 736 5248 ratione
771 5207 799 5246 a
832 5192 1016 5262 seipso
1044 5192 1214 5248 etiam
1262 5192 1507 5263 Spiritus
1547 5194 1946 5266 distinguetur,

362 5302 492 5341 cum
522 5287 764 5355 seipsum
810 5286 1220 5351 manifestavit;
1263 5288 1392 5341 item
1445 5296 1503 5343 et
1550 5309 1579 5342 ει
1630 5290 1823 5356 Patre;
1862 5290 1947 5345 Fi-

361 5378 470 5431 lius
506 5392 723 5447 quoque.
753 5387 809 5431 et
855 5393 884 5430 a
933 5377 1139 5448 seipso,
1188 5389 1242 5433 et
1283 5395 1311 5431 a
1353 5378 1537 5445 Patre,
1583 5382 1654 5435 ob
1694 5384 1944 5437 eamdem

362 5469 661 5520 rationem.
704 5465 809 5519 Sed
846 5483 945 5521 uec
976 5468 1044 5523 de
1075 5469 1160 5522 his
1198 5485 1439 5537 Unquam
1471 5472 1573 5525 huc
1607 5473 1811 5526 dictum
1837 5483 1941 5537 est,

359 5575 547 5629 neque
580 5561 647 5613 de
686 5577 745 5615 re
780 5560 940 5613 nobis
981 5561 1260 5630 proposita
1316 5562 1462 5615 idem
1508 5564 1694 5617 dicere
1744 5579 1944 5621 conve-

356 5652 465 5703 nit.
505 5650 661 5715 Quod
698 5663 881 5706 auteiu
922 5655 1099 5721 palam
1152 5656 1356 5722 arguit,
1397 5655 1494 5708 has
1528 5656 1771 5710 rationes
1806 5672 1942 5714 vana

358 5744 576 5812 refugia
632 5760 774 5810 esse,
826 5746 958 5800 illud
1007 5755 1114 5805 est.
1167 5747 1313 5816 quod
1368 5746 1635 5818 Spiritum
1686 5760 1939 5805 sanctum

357 5836 554 5890 volens
581 5853 607 5889 a
649 5848 902 5892 creatura
939 5838 1158 5892 divinus
1192 5839 1294 5893 iste
1342 5839 1538 5894 doctor
1570 5840 1936 5911 distinguere,

2056 4641 2338 4696 distinctio
2367 4660 2382 4697 :
2415 4642 2669 4696 licuisset
2714 4645 2858 4695 enim
2906 4640 3092 4695 dicere
3126 4639 3298 4708 quod,
3336 4640 3441 4693 etsi
3482 4651 3631 4693 uter.

2053 4748 2159 4804 que
2186 4732 2257 4787 sit
2290 4748 2386 4801 per
2414 4731 2636 4797 Filium,
2667 4742 2919 4785 creatura
2962 4741 3143 4784 tamen
3192 4741 3278 4784 est
3307 4745 3369 4782 ex
3403 4744 3470 4783 eo
3510 4737 3632 4782 tan—

2053 4839 2218 4895 quam
2250 4835 2557 4889 causatum,
2607 4824 2846 4892 Spiritus
2889 4838 3017 4877 vero
3055 4838 3161 4876 non
3205 4831 3469 4890 tanquam
3503 4836 3631 4875 eau-

2053 4924 2258 4969 satum.
2306 4913 2463 4969 Nunc
2513 4924 2697 4968 autem
2743 4914 2847 4969 hoc
2896 4930 3004 4968 non
3057 4913 3197 4967 dixit
3234 4913 3424 4982 :quod
3479 4912 3629 4965 enim

2052 5006 2266 5061 sciebat
2317 5020 2429 5060 non
2461 5021 2583 5061 esse
2631 5022 2849 5069 verum,
2889 5006 3074 5060 dicere
3125 5020 3234 5058 non
3277 5013 3400 5059 erat
3432 5018 3628 5066 suum;

2054 5099 2148 5155 sed
2181 5099 2352 5154 alium
2381 5099 2756 5153 distinctionis
2790 5101 3011 5154 modum
3045 5097 3280 5163 invenit,
3315 5097 3408 5166 qui
3452 5096 3501 5150 ei
3545 5110 3633 5148 ve-

2052 5206 2149 5245 rus
2172 5191 2323 5248 visus
2354 5201 2461 5255 est,
2490 5200 2546 5245 et
2588 5192 2683 5261 qui
2736 5192 2886 5245 solus
2941 5190 3178 5244 inveniri
3230 5196 3432 5257 potest.
3464 5185 3631 5254 Igitur

2052 5286 2369 5354 praepositio
2417 5301 2512 5355 per
2568 5285 2711 5339 idem
2766 5293 2983 5355 potest,
3041 5299 3167 5339 cum
3228 5282 3436 5335 dicitur
3477 5279 3627 5348 quod

2051 5375 2297 5444 Spiritus
2339 5393 2434 5447 per
2471 5376 2669 5431 Filium
2709 5378 3134 5439 manifestatur;
3183 5372 3333 5443 quod
3371 5388 3495 5426 cum
3540 5370 3629 5423 di-

2051 5468 2228 5523 cimus
2294 5480 2604 5524 creaturam
2663 5487 2755 5539 per
2808 5470 3005 5522 Filium
3064 5482 3185 5521 esse
3246 5466 3469 5520 factam.
3520 5462 3629 5519 Sed

2050 5571 2319 5616 creatura:
2369 5579 2590 5616 causam
2631 5562 2872 5617 dicimus
2914 5571 2966 5615 et
3002 5559 3284 5614 credimus
3316 5558 3539 5621 Filium,
3572 5566 3628 5611 et

2050 5656 2154 5710 hoc
2208 5656 2478 5727 significat
2542 5656 2865 5725 praepositio
2915 5670 3009 5725 per
3058 5669 3075 5707 :
3133 5652 3301 5721 igitur
3336 5652 3501 5706 etiam
3558 5648 3626 5703 de

2049 5748 2257 5819 Spiritu
2304 5751 2419 5819 ipsa
2462 5748 2736 5821 significat
2779 5747 2982 5802 Filium
3024 5762 3244 5800 causam
3303 5761 3445 5802 esse.
3480 5746 3628 5799 Prae-

2050 5853 2200 5899 terea
2232 5852 2380 5914 patet
2415 5844 2559 5914 quod
2594 5844 2724 5913 quia
2759 5842 3004 5899 haeretici
3057 5856 3156 5911 per
3206 5839 3411 5897 Filium
3448 5838 3619 5893 fuisse
