4136 6414
336 367 441 427 ἶιῗῗι

1288 354 1794 417 BESSARIONIS
1827 356 1884 414 S.
1933 354 2007 414 Β.
2036 350 2102 418 Ε.
2142 348 2615 418 ΕΛΠΒΙΝΑΙΛΞ

3473 336 3578 417 ἷῖἰθ

336 476 684 546 βλασφήμως
715 461 796 535 ibi
835 472 894 525 ἐν
947 469 1216 539 οἰομένοις
1257 469 1368 522 τῶν
1426 469 1666 531 πάντων,
1697 466 1899 528 ταύτας
1931 478 1979 531 Α
2017 465 2146 519 Υἱοῦ
2170 483 2184 498 ⁶
2220 461 2371 529 οὗτος
2400 469 2508 536 γάρ
2544 470 2659 520 ἐστι
2694 467 2974 536 προσεχῶς
3012 468 3076 521 ἐκ
3106 466 3197 520 τοῦ
3233 467 3587 536 πρώτου.“Εκ

333 569 554 636 ἀφῆκαν
605 562 727 617 κατ’
763 561 945 616 αὐτῶν
990 561 1086 623 τὰς
1116 558 1298 628 φωνὰς
1324 559 1411 611 διὰ
1441 560 1536 612 τοῦ
1577 557 1707 611 Υἱοῦ
1737 560 1902 609 ἐκπο-

335 655 613 728 ρεύεσθαι.
667 653 763 707 καὶ
814 651 883 705 δι’
919 649 1085 704 αὐτοῦ
1140 650 1439 717 πεφηνέναι
1508 649 1601 702 καὶ
1653 644 1793 701 εἶναι
1842 648 1903 700 τὸ

333 749 559 819 ῐῐνεῦμα
590 747 860 808 εἰπόντες.
905 743 1044 797 ’Λλλ’
1101 744 1149 797 οἱ
1186 743 1452 814 αἱρετικοὶ
1500 742 1588 795 διὰ
1641 740 1736 793 τοῦ
1772 739 1901 793 Υἱοῦ

335 838 667 910 γεγενῆσθαι
719 839 779 889 τὸ
819 836 975 903 ἅγιον
1008 835 1262 901 λέγοντες
1304 834 1550 905 Πνεῦμα,
1579 833 1673 887 δύο
1729 832 1907 886 ταῦτα

334 937 562 987 ὲννίουνο
622 931 752 984 αὐτό
788 947 851 983 τε
904 928 1012 999 γὰρ
1063 927 1314 981 ἐτίθεσαν
1363 923 1511 981 εἶναι
1568 926 1644 989 ὡς
1697 925 1754 978 ἒν
1799 925 1907 976 τῶν

336 1023 676 1095 κτισμάτων.
731 1024 827 1073 καὶ
882 1021 973 1072 τὸν
1012 1019 1140 1073 Υἰδν
1188 1019 1368 1072 αἰτίαν
1404 1016 1570 1072 αὐτοῦ
1616 1013 1778 1081 εἶναι,
1816 1016 1910 1068 καὶ

333 1114 493 1170 τοῦτο
538 1113 833 1183 δηλοῦσθαι
883 1112 972 1164 διὰ
1021 1110 1120 1180 τῆς
1170 1110 1488 1181 προθέσεως
1531 1109 1631 1179 τῆς
1686 1107 1910 1167 ὄιά.,Εἰ

337 1207 430 1260 οὖν
482 1206 773 1273 ἀμφότερα
834 1201 1021 1267 ἔλεγον
1084 1200 1562 1271 βλασφημοῦντες,
1626 1200 1718 1252 καὶ
1771 1198 1910 1268 πρὸς

337 1299 597 1362 ἑκάτερον
626 1293 693 1348 ἂν
723 1294 771 1346 οἰ
800 1293 1113 1347 διδάσκαλοι
1154 1291 1531 1363 παρετάξαντο
1550 1308 1565 1322 θ
1600 1293 1694 1343 καὶ
1722 1289 1911 1356 ὥσπερ

341 1386 650 1458 ἐξαιροῦσιν
680 1385 823 1445 αὐτὸ,
840 1386 950 1437 τῶν
983 1383 1325 1452 κτισμάτων,
1359 1384 1455 1437 καὶ
1490 1383 1591 1435 οὐκ
1644 1380 1794 1435 ἐστιν
1824 1383 1913 1433 ὅτε

341 1483 405 1533 οὐ
442 1479 599 1533 τοῦτο
625 1462 901 1531 ποιοῦσιν·
938 1475 1061 1530 ὅθεν
1115 1475 1235 1528 οὐδὲ
1262 1477 1328 1544 τῇ
1371 1472 1514 1539 λέξει
1546 1471 1640 1525 τοῦ
1685 1471 1916 1543 γεγενῆ-

344 1572 466 1625 σθαι
513 1564 592 1634 εἰς
638 1569 847 1640 κτίσμα
897 1567 1235 1637 κατασπὼσῃ
1268 1566 1326 1619 τὸ
1372 1564 1599 1634 Πνεῦμα
1630 1564 1814 1634 εὕροις
1848 1563 1916 1616 ἂν

344 1667 544 1722 αὐτοὺς
593 1663 680 1715 ἐπ’
720 1659 885 1714 αὑτοῦ
942 1676 1072 1714 ποτε
1106 1657 1485 1728 χρησαμένους
1514 1670 1528 1685 ο
1577 1654 1752 1718 οἶτως
1806 1654 1917 1708 οὐδ’

343 1761 410 1814 ἄν
438 1772 566 1809 ποτε
606 1753 912 1824 ἐχρήσαντο
958 1754 1022 1822 τῇ
1079 1749 1176 1804 διὰ
1197 1790 1212 1813 ,
1246 1751 1294 1802 εἰ
1322 1751 1436 1811 ταῖς
1494 1748 1591 1818 μὲν
1623 1747 1919 1817 αἰρετικοίς

2012 558 2109 613 τοῦ
2140 560 2363 630 πρώτου
2395 561 2504 630 γὰρ
2541 560 2827 631 ἀμφότερα
2860 560 3013 624 ὄντα,
3043 561 3143 613 οὐκ
3173 561 3238 615 ἂν
3270 562 3586 631 ἀρκούντως

2010 649 2393 720 διακρίνοιντο,
2421 651 2471 703 εἰ
2508 651 2581 721 μὴ
2615 652 2706 704 καὶ
2731 651 2962 720 θάτερον
2999 654 3082 722 εἰη
3113 651 3202 704 διὰ
3243 652 3337 705 τοῦ
3370 653 3586 724 ἑτέρου,

2008 744 2193 810 φησίν.
2216 743 2304 804 Ὠς
2329 742 2580 813 φανερῶς
2616 746 2713 814 τὴν
2739 743 2839 798 διὰ
2869 745 2961 798 ἐπὶ
2995 744 3321 814 διακρίσεως
3355 746 3591 800 ἐνταῦθα

2009 832 2455 901 παραληφθῆναι,
2483 834 2576 885 καὶ
2596 834 2921 904 διακρίσεως
2935 835 3032 904 τῆς
3048 834 3106 901 ἐξ
3124 836 3313 900 ἀϊδίου,
3333 838 3429 906 τῆς
3446 839 3592 892 κατὰ

2009 923 2251 977 αἰτιατόν
2276 924 2477 994 δηλαδὴ
2513 927 2609 980 καὶ
2635 926 2695 977 τὸ
2719 928 2893 979 αἴτιον
2919 943 2933 956 ο
2966 928 3089 979 ἐπεὶ
3118 929 3590 997 προαποδεδωκὼς

2010 1015 2209 1082 ἔφθασε
2235 1017 2499 1085 πρότερον
2530 1016 2605 1084 τῷ
2639 1019 2798 1086 αἰτίῳ
2846 1020 2940 1072 καὶ
2970 1020 3201 1090 αἰτιατῷ
3232 1021 3380 1090 μόνῳ
3428 1022 3592 1092 ἀλλή-

2013 1108 2119 1160 λων
2146 1108 2215 1160 τὰ
2252 1107 2372 1160 θεῖα
2401 1110 2672 1178 πρόσωπα
2705 1109 3109 1182 διακρίνεσθαι.
3143 1112 3216 1164 Τὸ
3247 1114 3357 1182 γὰρ
3396 1112 3618 1182 ἐπιθαεέ

2018 1199 2265 1266 ρόμενον,
2306 1198 2474 1270 ἄλλην
2504 1201 2665 1254 πάλιν
2693 1200 2959 1272 διαφορὰν
2991 1205 3084 1255 ἐπὶ
3119 1202 3252 1258 Υἰοό
3292 1206 3387 1257 καὶ
3421 1205 3591 1259 Ilvati-

2020 1306 2190 1358 ματος
2222 1292 2517 1345 ἐννοεῖσθαι
2547 1293 2647 1345 οὒκ
2678 1294 2745 1346 ἄν
2774 1310 2858 1353 τις
2892 1295 3295 1367 ἀναμαρτήως
3347 1298 3589 1362 ἐκλάεοε,

2015 1384 2183 1451 ἀλλην
2213 1384 2385 1449 λέγω)
2419 1386 2541 1437 κατ’
2568 1382 2707 1448 εἶδος
2735 1404 2745 1413 ·
2786 1383 2930 1439 οὕτω
2958 1388 3067 1456 γὰρ
3099 1385 3164 1440 a‘v
3188 1388 3471 1456 ἀντιφάσει
3500 1391 3592 1442 τὸν

2017 1476 2338 1531 διδάσκαλον
2398 1478 2842 1548 περιϐάλλωμεν,
2907 1482 2957 1533 εἰ
3004 1478 3277 1549 πρότερον
3325 1481 3401 1550 τῷ
3436 1483 3595 1554 αἰτίῳ

2020 1571 2115 1623 καὶ
2145 1567 2373 1637 αἰτιατῷ
2407 1569 2552 1639 μόνῳ
2573 1569 2951 1638 διακρίνεσθαι
2984 1572 3207 1624 εἰπόντα
3233 1574 3299 1625 τὰ
3322 1573 3594 1642 πρόσωπα

2019 1660 2119 1729 τῆς
2150 1660 2405 1729 Τριάδος,
2435 1660 2625 1714 ἔπειτα
2647 1664 2741 1716 καὶ
2767 1662 2929 1716 ἄλλον
2957 1664 3160 1732 τρόπον
3179 1648 3344 1718 αὑτὸν
3374 1665 3596 1733 νομιοῦ-

2026 1767 2125 1819 μεν
2152 1752 2556 1808 ἀποδεδωκέναι
2587 1756 2917 1827 διακρίσεως
2946 1757 3069 1809 κατ’
3097 1751 3233 1821 εἶδος
3269 1758 3598 1827 διαφέροντα

345 1851 422 1912 ὡς
475 1848 654 1902 αἰτίαν
709 1846 1057 1915 σημαίνουσα
1104 1842 1579 1913 παρελαμϐἐινετο,
1616 1841 1800 1902 αὐτοῖς
1868 1838 1913 1891 δ’
1955 1832 2117 1897 Βτοῧ
2168 1846 2461 1917 προτέρου.
2500 1847 2702 1918 Ἀλλην
2758 1848 2942 1901 τοίνυν
2999 1849 3263 1920 διαφορὰν
3313 1850 3414 1920 τὴν
3476 1851 3597 1902 κατ’

345 1934 447 1995 οὒκ
512 1942 687 1994 ἐδόκει
716 1938 869 1993 τοῦτ’
920 1938 1119 2010 ἀληθὲς
1176 1932 1338 1988 εἶναι.
1369 1932 1527 2011 Οὕτω
1578 1933 1667 1987 διὰ
1699 1933 1917 1985 πάντων

343 2033 579 2104 τάληθὲς
626 2034 758 2085 αὐτό
784 2050 842 2086 τε
880 2031 1056 2099 ἑαυτῷ
1089 2030 1344 2097 φαίνεται
1395 2028 1685 2097 σύμφωνον
1711 2025 1793 2092 ὃν,
1826 2025 1920 2078 καὶ

348 2129 530 2180 αἰτίαν
568 2129 625 2177 ἐν
674 2120 757 2186 οἷς
799 2122 1358 2195 παραλαιὸἀνεταιὴ
1408 2118 1526 2185 διὰ,
1577 2117 1917 2188 παριστῶσα.

348 2216 522 2270 Τοῦτο
551 2217 595 2268 δ’
632 2217 765 2268 αὐτὸ
800 2215 891 2268 καὶ
922 2219 985 2267 ὲκ
1018 2212 1111 2266 τοῦ
1140 2212 1276 2282 πρὸς
1314 2210 1603 2264 Ἀὄλὰὄιον
1634 2209 1792 2277 λόγου
1826 2207 1921 2261 τοῦ

349 2310 516 2362 αὐτοῦ
543 2310 865 2362 διδασκάλου
898 2307 1083 2375 σαφῶς
1106 2307 1382 2360 δείκνυται
1407 2306 1618 2359 ’κάκεῖ
1651 2306 1759 2373 γὰρ
1791 2305 1922 2373 περὶ

347 2401 676 2471 διακρίσεως
708 2399 818 2452 τῶν
853 2400 1012 2452 θείων
1060 2397 1377 2468 προσώπων
1407 2397 1502 2447 τὸν
1536 2395 1697 2462 λόγον
1734 2392 1922 2446 ποιού-

353 2509 537 2563 μενος,
578 2493 716 2562 μετὰ
750 2494 811 2543 τὸ
844 2490 1076 2543 καθόλου
1108 2488 1186 2558 τῷ
1235 2488 1389 2555 αἰτίῳ
1425 2488 1519 2540 καὶ
1549 2484 1777 2552 αἰτιατῷ
1812 2483 1924 2535 δια-

351 2585 534 2653 κρῖναι
588 2581 728 2634 αὐτὰ
774 2579 867 2632 ἀπ’
897 2581 1165 2650 ἀλλήλων,
1196 2579 1295 2632 καὶ
1340 2579 1407 2647 τῇ
1456 2569 1554 2629 διὰ
1603 2574 1778 2644 ταύτῃ
1832 2568 1924 2625 τὸν

352 2675 481 2728 Υῑὺν
528 2673 623 2728 τοῦ
676 2674 993 2743 Πνεύματος
1048 2671 1325 2742 διακρίνει
1352 2688 1366 2702 ·
1413 2666 1476 2722 Ὀ
1507 2668 1606 2738 μὲν
1649 2667 1754 2736 γάρ
1786 2668 1923 2731 ἐστι,

350 2770 507 2839 φησὶ,
532 2770 814 2841 προσεχῶς
844 2771 906 2821 ἐκ
935 2766 1029 2821 τοῦ
1060 2765 1301 2834 πρώτου,
1332 2763 1425 2818 τοῦ
1457 2764 1672 2833 Πατρός
1698 2760 1921 2831 δηλαδὴ,

348 2864 410 2914 τὸ
440 2862 500 2915 δὲ
530 2863 617 2915 διὰ
645 2860 739 2915 τοῦ
768 2861 1051 2933 προσεχῶς
1082 2861 1146 2912 ἐκ
1169 2858 1261 2911 τοῦ
1294 2855 1536 2927 πρώτου,
1569 2855 1688 2926 ἦτοι
1716 2854 1804 2941 δια
1830 2852 1924 2906 τοῦ

351 2953 485 3007 Υἰοῦ
513 2969 528 2985 '
561 2953 657 3006 καὶ
691 2953 887 3020 τούτῳ,
942 2950 1099 3021 φησί,
1159 2948 1494 3019 διακρίνεται
1538 2947 1635 3000 τοῦ
1682 2945 1813 2999 Tisia
1867 2944 1927 2996 τὸ

352 3046 626 3114 πανάγιον
680 3045 929 3116 Πνεῦμα,
983 3043 1060 3115 τῷ
1096 3043 1167 3097 δι’
1199 3041 1365 3096 αὑτοῦ
1412 3037 1573 3105 εἶναι,
1606 3039 1804 3108 δηλαδὴ
1833 3036 1926 3090 τοῦ

350 3224 558 3279 factum
589 3223 857 3292 Spiritum
888 3231 1140 3277 sanctum
1178 3220 1658 3289 blaspltemabant,
1690 3233 1758 3273 eo
1775 3218 1922 3288 quod

353 3317 701 3386 Evangelista
749 3315 884 3369 dicit
929 3333 943 3369 :
994 3314 1184 3368 Omnia
1227 3329 1319 3383 per
1368 3316 1538 3381 ipsum
1591 3314 1730 3382 facta
1782 3321 1926 3376 sunt,

353 3406 495 3464 male
523 3418 579 3463 et
611 3408 777 3477 impie
813 3406 1079 3477 Spiritum
1129 3405 1298 3460 etiam
1344 3417 1597 3459 sanctum
1636 3403 1778 3457 inter
1808 3419 1923 3457 om-

353 3502 442 3556 nia
485 3501 970 3562 connumerantes,
1025 3497 1149 3552 ideo
1188 3499 1364 3552 sancti
1398 3498 1653 3550 doctores
1689 3512 1784 3550 eos
1830 3511 1928 3564 op-

354 3602 686 3663 pugnantes,
740 3599 799 3647 et
852 3598 1043 3647 contra
1092 3604 1285 3644 eorum
1340 3578 1676 3657 impietatem
1711 3588 1795 3642 his
1844 3588 1926 3640 usi

354 3684 542 3738 verbis
582 3683 651 3737 de
697 3682 906 3752 Spiritu
953 3692 1165 3747 sancto,
1198 3696 1294 3750 per
1328 3669 1527 3733 Filium
1561 3694 1689 3734 eum
1732 3694 1924 3748 proce-

351 3775 506 3841 dere,
540 3785 597 3830 et
638 3791 736 3844 per
772 3774 976 3829 Filium
1009 3789 1132 3829 esse
1159 3784 1214 3828 et
1246 3773 1588 3828 manifestari
1633 3773 1922 3827 dixerunt.

348 3866 458 3922 Sed
493 3867 737 3922 h'eretiei
793 3883 893 3937 per
949 3861 1146 3923 Filium
1189 3867 1393 3923 factum
1442 3865 1612 3921 fuisse
1662 3865 1927 3935 Spiritum

348 3968 605 4014 sanetum
640 3959 912 4024 dicentes,
949 3960 1059 4013 duo
1085 3960 1201 4015 hinc
1224 3961 1633 4015 concludebant
1663 3977 1678 4013 :
1723 3963 1922 4030 primo,

344 4049 498 4119 quod
562 4048 830 4117 Spiritum
887 4061 1201 4105 creaturam
1267 4042 1572 4121 putabant;
1639 4053 1927 4116 secundo,

346 4143 499 4212 quod
546 4142 721 4198 Filius
773 4156 942 4197 causa
995 4145 1117 4214 ejus
1151 4154 1318 4208 esset,
1354 4154 1412 4199 et
1461 4147 1562 4198 hoc
1617 4132 1790 4214 ipsam
1831 4161 1925 4215 per

346 4234 689 4305 signiﬁcare.
751 4234 925 4305 Igitur
990 4236 1034 4289 si
1097 4246 1395 4305 utrumque
1469 4236 1669 4290 falsum
1740 4248 1922 4301 esset,

349 4337 649 4395 utrumque
683 4324 940 4381 doctores
978 4336 1410 4398 oppugnassent,
1448 4326 1920 4397 quemadmodum

345 4426 407 4471 et
434 4415 586 4471 ilium
614 4431 646 4471 a
678 4418 952 4472 creaturis
988 4419 1244 4472 exituunt
1280 4435 1293 4472 :
1327 4433 1501 4487 quare
1528 4434 1630 4474 nec
1676 4433 1921 4488 unquam

2022 1938 2257 2008 ἀριθμὸν
2288 1939 2656 2010 ἐκδεχόμενοι,
2682 1941 2751 1994 τά
2779 1958 2837 1995 τε
2860 1940 2954 1995 τοῦ
2984 1942 3313 1996 διδασκάλου
3347 1944 3601 2012 φρονοίη·-

2026 2049 2126 2101 μεν
2166 2033 2255 2096 ἂν,
2289 2034 2386 2086 καὶ
2428 2033 2682 2104 φανερῶς
2712 2034 2811 2105 τὴν
2851 2033 2950 2089 διὰ
3012 2034 3151 2104 μετὰ
3190 2035 3373 2097 αἰτίας
3422 2035 3601 2099 δεξαί-

2027 2123 2185 2194 μεθα,
2213 2124 2290 2188 ὡς
2327 2124 2403 2196 μὴ
2450 2125 2592 2197 ἔχειν
2620 2125 2779 2195 λόγον
2823 2126 3010 2180 λοιπὸν
3057 2127 3090 2197 ἢ
3121 2127 3242 2181 ἀντὶ
3280 2128 3378 2197 τῆς
3424 2129 3599 2197 μετὰ,

2025 2214 2196 2284 αὐτὴν
2223 2202 2443 2283 λέγειν’
2479 2217 2512 2284 ἡ
2557 2208 2709 2284 μετὰ
2763 2216 2874 2285 γὰρ
2925 2217 2986 2268 οὗ
3036 2214 3326 2286 διακρίνει,
3362 2216 3515 2285 ἦτὴν
3545 2219 3602 2266 ὲν

2024 2305 2102 2375 τῷ
2126 2309 2319 2376 κόσμῳ
2349 2308 2443 2360 τοῦ
2470 2307 2785 2376 Πνεύματος
2811 2308 2878 2360 δι’
2903 2308 3034 2361 Υἱοῦ
3067 2308 3327 2378 ἔκφανσιν
3356 2308 3432 2376 τῷ
3460 2309 3603 2379 λόγῳ

2025 2397 2353 2464 δηλοῦσθαι·
2392 2397 2533 2469 αὕτη
2579 2399 2689 2470 γὰρ
2726 2399 2824 2452 οὐκ
2879 2399 2938 2463 ἐξ
2972 2399 3167 2454 ἀϊδίου.
3205 2401 3266 2453 lii
3290 2401 3345 2453 δὲ
3388 2404 3421 2471 ἡ
3459 2400 3604 2465 λέξις

2027 2489 2122 2544 τοῦ
2178 2491 2478 2559 πεφηνέναι
2529 2489 2877 2555 σκανδαλίζει
2922 2491 3096 2553 τινὰς,
3144 2492 3304 2560 μόνον
3345 2491 3406 2544 τὸ
3435 2493 3604 2544 ἐκπο-

2030 2580 2286 2649 ρεύεσθαι
2317 2582 2617 2652 προσήκειν
2668 2584 2736 2653 τῇ
2772 2581 2864 2634 τοῦ
2896 2585 3214 2654 Πνεὺματος
3257 2582 3491 2650 ὑπάρξει
3517 2600 3605 2634 νου

2033 2673 2309 2740 μίζοντας,
2368 2674 2462 2725 καὶ
2497 2676 2563 2743 τῇ
2615 2673 2936 2744 ὑπαρκτικῇ
2984 2676 3211 2743 προόδῳ.
3237 2672 3428 2737 αὑτοῦ,
3458 2673 3518 2725 τὸ
3548 2673 3606 2725 δὲ

2030 2764 2338 2833 πεφηνέναι
2373 2763 2454 2828 εἰς
2506 2764 2605 2833 τὴν
2640 2765 3001 2837 μεταδοτικην
3056 2766 3089 2835 ἢ
3138 2765 3401 2836 χρονικὴν
3445 2764 3609 2835 μόνον

2032 2857 2281 2926 πρόοδον,
2319 2856 2352 2927 ἢ
2409 2858 2488 2920 εἰς
2517 2859 2614 2928 τὴν
2647 2858 2781 2927 πρὸς
2812 2858 2912 2927 τὴν
2970 2860 3149 2911 κτίσιν
3184 2858 3490 2928 φανέρωσιν
3518 2856 3610 2909 EX-

2032 2964 2224 3011 κοντας
2249 2963 2263 2977 ·
2300 2948 2417 3019 ὥρα
2457 2949 2643 3001 λοιπὸν
2699 2950 2880 3013 αὐτοῖς
2919 2952 3011 3002 καὶ
3051 2951 3142 3003 τὸν
3171 2950 3297 3003 Υἱδν
3329 2949 3611 3020 μεταδὶδμ

2034 3040 2158 3093 σθαι
2192 3041 2396 3110 λέγειν,
2427 3040 2459 3110 ἦ
2490 3040 2807 3112 πέμπεσθαι
2851 3041 3002 3112 παρὰ
3029 3040 3126 3095 τοῦ
3160 3040 3396 3113 Πατρός,
3421 3042 3483 3095 ἑκ
3512 3039 3607 3096 τοῦ

2040 3216 2359 3272 immediate
2402 3232 2431 3271 a
2485 3216 2643 3271 Patre
2675 3226 2778 3283 est,
2817 3217 2921 3273 boc
2951 3229 3035 3273 est
3059 3234 3155 3289 per
3182 3218 3381 3273 Filium
3409 3235 3424 3285 ;
3460 3228 3514 3273 et
3547 3234 3612 3273 eo

2042 3307 2426 3378 distinguitur,
2487 3308 2701 3378 inquit,
2752 3308 2994 3385 Spiritus
3041 3326 3069 3364 a
3118 3310 3280 3377 Filio,
3328 3314 3457 3382 quia
3516 3327 3614 3381 per

2040 3399 2222 3468 ipsum
2257 3413 2361 3455 est.
2393 3400 2557 3464 Quasi
2588 3400 2819 3466 diceret,
2851 3401 2998 3470 quod
3029 3417 3151 3455 cum
3189 3402 3348 3456 ambo
3374 3418 3402 3455 a
3436 3403 3614 3472 primo

2039 3492 2171 3556 sint,
2195 3507 2304 3545 non
2336 3491 2670 3547 sollicienter
2690 3493 3185 3563 distinguerentur,
3212 3494 3315 3550 nisi
3347 3495 3488 3552 alter
3514 3511 3617 3566 per

2044 3587 2280 3640 alterum
2329 3595 2498 3642 esset.
2528 3586 2600 3643 Ut
2634 3586 2925 3642 manifeste
2960 3603 3053 3656 per
3077 3589 3492 3644 distinctionem
3526 3592 3618 3643 hic

2040 3678 2399 3748 signiﬁcaret,
2436 3690 2494 3734 et
2525 3680 2948 3735 distinctionem
2991 3696 3114 3751 quae
3161 3682 3230 3736 ab
3263 3691 3475 3737 aeterno
3505 3692 3613 3746 est,

2042 3784 2273 3840 quicque
2311 3772 2618 3827 secundum
2651 3778 2873 3828 causam
2923 3783 2980 3829 et
3011 3784 3295 3830 eausatum
3325 3784 3451 3841 est;
3487 3790 3616 3830 eum

2041 3872 2203 3917 antea
2233 3863 2455 3930 dixerit,
2485 3879 2653 3919 causa
2677 3873 2733 3918 et
2764 3873 2990 3920 causato
3022 3873 3238 3920 tantum
3278 3867 3346 3921 ab
3377 3868 3613 3921 invicem

2042 3953 2262 4009 divinas
2328 3969 2596 4024 personas
2648 3955 2940 4026 distingui.
2997 3957 3151 4023 Quod
3207 3958 3355 4012 enim
3417 3960 3613 4022 infert,

2046 4046 2206 4100 aliam
2236 4046 2605 4103 differentiam
2650 4047 2717 4103 de
2743 4047 2884 4103 Filio
2914 4058 2970 4105 et
2995 4048 3203 4119 Spiritu
3227 4058 3419 4105 sancto
3451 4050 3617 4107 intel-

2040 4136 2160 4206 ligi,
2208 4153 2318 4192 non
2371 4148 2521 4195 recte
2551 4138 2677 4205 quis
2705 4148 2926 4209 putaret
2959 4140 3124 4194 aliam
3157 4142 3463 4196 secundum
3494 4157 3622 4210 spe-

2042 4232 2183 4284 ciem
2215 4246 2230 4296 ;
2258 4232 2668 4287 contradiceret
2711 4247 2948 4304 namque
2980 4233 3084 4289 sibi
3119 4233 3245 4302 ipsi,
3275 4233 3321 4287 si
3365 4248 3490 4289 cum
3519 4248 3620 4289 an-

2047 4336 2133 4374 tea
2198 4337 2364 4376 causa
2422 4334 2475 4377 et
2527 4334 2752 4378 eausato
2810 4335 3021 4379 tantum
3086 4326 3287 4379 dixerit
3348 4342 3619 4396 personas

2040 4415 2262 4470 divinas
2292 4416 2597 4487 distingui,
2656 4417 2858 4471 deinde
2913 4418 3084 4471 alium
3147 4418 3370 4473 modum
3417 4419 3620 4475 distin-

350 4508 599 4578 reperies
626 4523 725 4564 eos
771 4524 901 4564 usos
928 4509 995 4564 de
1024 4509 1238 4580 Spiritu
1286 4510 1390 4565 hoc
1416 4512 1711 4578 vocabulo,
1748 4511 1926 4567 tactus
1963 4521 2005 4576 ο
2035 4507 2237 4561 ctionis
2260 4510 2445 4578 specie
2478 4508 2826 4562 diii‘erentem
2862 4498 3217 4565 tradidisset.
3241 4510 3415 4565 Aliam
3449 4512 3619 4582 igitur

347 4610 456 4665 est,
487 4609 749 4670 tanquam
778 4610 1047 4655 creatura:
1075 4604 1432 4672 appropriate
1459 4603 1570 4656 :ita
1595 4618 1699 4657 nec
1720 4618 1927 4672 praepo-

346 4692 554 4744 sitione
585 4705 678 4759 per
707 4692 791 4743 usi
828 4690 1068 4745 fuissent
1111 4707 1379 4761 unquam,
1431 4693 1476 4746 si
1510 4708 1635 4747 eum
1681 4694 1926 4749 haeretici

346 4794 476 4832 eam
508 4788 775 4848 putarent
807 4795 1029 4833 causam
1064 4780 1401 4850 signiﬁcare,
1436 4783 1572 4853 ipsis
1602 4800 1713 4839 non
1748 4787 1926 4840 solum

350 4869 578 4933 falsum,
625 4884 817 4924 verum
854 4873 1080 4943 impium
1127 4875 1234 4929 hoc
1282 4875 1460 4931 visum
1505 4889 1672 4933 esset.
1719 4881 1796 4933 lta
1830 4895 1928 4949 per

349 4967 540 5018 omnia
591 4963 796 5019 veritas
849 4964 967 5035 ipsa
1022 4966 1127 5020 sibi
1182 4970 1504 5032 concordat,
1535 4982 1589 5024 et
1640 4972 1928 5027 manifeste

354 5070 575 5111 Causam
620 5057 894 5124 signiﬁcat
927 5066 1042 5127 per,
1091 5067 1216 5129 eum
1254 5060 1324 5113 de
1362 5061 1644 5130 aliquibus
1698 5064 1933 5133 accipia-

354 5158 467 5203 tur.
504 5145 619 5204 Hoc
647 5147 793 5202 idem
826 5158 894 5203 ex
929 5149 1174 5220 ejusdem
1219 5152 1464 5206 doctoris
1515 5152 1583 5207 ad
1637 5152 1928 5209 Ablabium

352 5240 603 5297 oratione
632 5241 925 5312 probatur.
974 5241 1195 5297 Etenim
1245 5257 1371 5298 eum
1407 5244 1520 5299 illic
1551 5246 1716 5300 etiam
1751 5249 1816 5302 de
1850 5248 1933 5301 di-

354 5334 608 5389 vinarum
665 5348 1029 5406 personarum
1059 5335 1419 5394 distinctione
1458 5348 1746 5405 tractaret,
1780 5350 1934 5411 post.

353 5440 517 5494 quam
545 5426 938 5483 universaliter
973 5442 1139 5485 causa
1190 5439 1247 5483 et
1295 5440 1522 5485 eausato
1573 5429 1642 5485 ab
1693 5430 1930 5485 invicem

350 5533 446 5573 eas
477 5518 750 5587 distinxit,
794 5519 993 5577 deinde
1025 5521 1226 5578 Filium
1272 5537 1301 5576 a
1336 5523 1545 5593 Spiritu
1577 5524 1744 5579 etiam
1789 5539 1934 5595 pra:-

358 5609 627 5677 positionc
690 5628 785 5683 per
846 5611 1156 5684 distinguit.
1212 5612 1309 5668 ille
1365 5613 1590 5685 quidem
1656 5624 1786 5678 est,
1846 5616 1929 5670 in-

356 5698 578 5768 quiens,
607 5702 928 5761 immediate
972 5722 1002 5760 a
1036 5706 1237 5775 primo,
1272 5705 1447 5762 Filius
1477 5707 1742 5762 videlicet
1772 5725 1799 5760 a
1838 5707 1935 5762 Pa-

355 5793 468 5850 ιτεὶ
523 5787 611 5843 hic
665 5805 796 5846 vero
842 5794 912 5850 de
969 5793 1176 5865 Spiritu
1234 5794 1470 5865 dicens,
1512 5811 1612 5869 per
1659 5808 1785 5852 eum
1838 5798 1932 5870 qui

2032 4598 2406 4653 differentiam
2457 4600 2766 4654 secundum
2808 4617 3102 4656 numerum
3151 4603 3510 4672 accipientes,
3563 4614 3622 4658 et

2033 4701 2183 4745 recte
2209 4707 2335 4745 cum
2369 4703 2559 4746 saneto
2584 4693 2814 4748 doctore
2843 4696 3147 4748 sentiemus
3176 4702 3234 4747 et
3262 4694 3615 4763 praepositio-

2033 4797 2155 4835 nem
2189 4798 2282 4852 per
2338 4797 2463 4837 cum
2497 4799 2662 4840 causa
2711 4785 3102 4854 intelligemus,
3149 4787 3222 4840 ita
3262 4796 3321 4840 ιη
3363 4786 3498 4841 nulli
3534 4802 3620 4841 ra-

2036 4877 2113 4930 tio
2144 4874 2509 4952 relinquatur,
2541 4877 2624 4931 vel
2671 4892 2774 4948 pro
2822 4895 2941 4932 cum
2996 4894 3117 4933 eam
3160 4880 3428 4948 accipere.
3479 4878 3617 4934 Cum

2032 4970 2179 5022 enim
2207 4985 2315 5023 non
2343 4969 2659 5039 distinguit,
2694 4971 2780 5025 vel
2812 4969 3022 5025 mundo
3053 4987 3150 5040 per
3194 4973 3393 5026 Filium
3438 4972 3615 5026 maui-

2034 5062 2384 5116 t'estatiouem
2419 5061 2684 5131 Spit-itus,
2721 5077 2841 5116 eam
2886 5063 3203 5133 signiﬁcare
3232 5076 3465 5133 putare;
3502 5065 3617 5118 haec

2033 5156 2181 5209 enim
2223 5169 2334 5208 non
2391 5163 2477 5209 est
2529 5155 2599 5209 ab
2656 5164 2885 5217 aeterno.
2916 5155 3072 5223 Quod
3123 5156 3171 5212 si
3218 5156 3452 5211 verbum
3487 5157 3618 5223 hoc,

2035 5244 2400 5311 manileslari,
2451 5247 2668 5316 aliquos
2711 5248 3070 5311 scandalizat,
3124 5250 3379 5315 verbum,
3423 5264 3617 5321 proce-

2035 5340 2186 5405 dere,
2238 5348 2449 5393 tantum
2501 5340 2740 5410 Spiritus
2787 5343 3160 5399 subsistentia:
3210 5351 3469 5412 putantes
3520 5342 3615 5418 de-

2038 5432 2168 5486 bere
2217 5433 2444 5487 attribui
2497 5450 2510 5487 :
2555 5434 2899 5489 maniiestari
2943 5450 3077 5490 vero
3127 5435 3196 5490 ad
3253 5436 3613 5507 temporalem

2038 5525 2474 5593 processionem,
2523 5534 2579 5579 et
2628 5528 3023 5585 charismatum
3078 5527 3380 5593 dationem,
3440 5536 3498 5583 et
3545 5528 3616 5583 ad

2038 5617 2228 5671 mundi
2294 5617 2798 5673 manifestationem
2869 5620 3153 5675 trahentes
3206 5636 3221 5673 :
3290 5621 3616 5674 earumdem

2035 5706 2201 5760 etiam
2250 5707 2356 5761 erit
2402 5705 2600 5762 Filium
2649 5710 2855 5766 mundo
2904 5711 3048 5775 dari,
3102 5711 3188 5766 vel
3238 5712 3619 5781 temporaliter

2037 5802 2177 5855 mitti
2210 5799 2417 5867 dicere,
2450 5817 2575 5857 cum
2607 5818 2731 5859 eum
2770 5804 3000 5861 audiant
3034 5820 3063 5859 ιι
3098 5806 3261 5863 Patre
3292 5804 3619 5860 manifesti-
