4136 6400
369 391 474 454 Ξῗῗ

411 391 474 452 ἴῗ
1303 387 1403 446 0R
1415 386 1536 445 A'l‘l
1545 387 1592 444 0
1639 385 1780 446 DOG
1795 386 1842 444 Μ
1857 385 1948 444 ΛΤ

2060 391 2074 443 l
2127 385 2274 445 PRO
2323 385 2646 450 UNIONE.

3521 391 3630 456 £378

369 501 581 573 Πατρδς
615 497 786 554 αὑτὸν
836 499 1096 553 ἀκούουσι
1157 503 1481 568 πεφηνέναι,
1515 497 1578 555 οὗ
1609 500 1838 570 πλήρεις
1897 501 1946 552 οἱ
1975 501 2024 560 Α
2056 497 2294 569 ὓπαρξιν
2323 502 2466 571 ἔχειν
2489 517 2502 531 ⁸
2537 503 2630 554 καὶ
2665 501 2767 554 οὑκ
2803 501 2869 555 ἂν
2911 503 2982 554 δι’
3013 501 3184 557 αὑτοῦ
3221 505 3280 558 ὲν
3303 505 3482 576 χρόνῳ
3509 509 3635 560 ἐπε.

367 595 514 663 λόγοι
565 592 676 646 τῶν
707 591 1071 644 διδασκάλων.
1117 591 1384 660 Κύριλλος
1442 593 1549 662 γάρ
1596 593 1624 643 ό
1672 593 1946 660 μακάριος

368 690 425 742 ὲν
469 683 552 755 τῷ
609 683 748 755 πρὸς
803 683 1170 752 Οὐαλεριανὺν
1208 684 1511 734 ἐπίσκοπον
1562 683 1726 751 λόγῳ,
1753 684 1947 749 ’Δγιος

368 777 496 846 γὰρ.
531 775 725 846 φησιν,
757 773 836 827 ὣν
883 775 1026 828 κατά
1077 773 1262 840 φύσιν,
1295 773 1550 843 καθάπερ
1581 775 1774 844 ἀμέλει
1804 775 1898 827 καὶ
1921 775 1950 826 ὁ

370 865 632 935 Πατὴρ,ὁ
665 863 724 928 ἐξ
759 863 926 917 αὑτοῦ
963 863 1225 934 πεφηνὼς
1261 863 1392 924 Υἱὸς
1425 866 1744 932 μονογενής.
1789 863 1896 916 Καὶ
1925 865 1952 916 ὁ

368 959 529 1021 αὑτὸς
557 957 688 1027 περὶ
721 956 816 1010 τοῦ
851 955 1084 1026 Χριστοῦ
1113 956 1278 1010 πάλιν
1299 972 1314 986 ·
1357 955 1520 1008 Ἶδιόν
1547 957 1664 1008 ἐστι
1686 957 1746 1008 τὸ
1779 955 1950 1008 Πνεῦ-

370 1067 448 1120 μα
477 1049 576 1102 τοῦ
605 1048 762 1112 Υῑοῦ,
791 1048 910 1100 οὓτι
941 1065 1046 1100 που
1073 1048 1236 1116 μόνον
1331 1045 1506 1115 Λόγος
1535 1048 1656 1100 ἐστὶ
1688 1047 1949 1117 πεφηνὼς

367 1143 432 1194 ὲκ
471 1139 708 1210 [ἰατρὸς.
733 1139 853 1194 ἀλλ’
887 1141 934 1190 ει
967 1140 1062 1192 καὶ
1095 1141 1270 1192 νοοῖτο
1315 1137 1438 1192 καθ’
1465 1140 1616 1210 ἡμᾶς
1657 1137 1950 1210 ἄνθρωπος

368 1231 638 1302 γεγονώς.
669 1232 798 1284 Ὅτε
823 1232 1005 1284 τοίνυν
1033 1231 1268 1284 ἐνταῦθα
1298 1233 1358 1284 τ’)
1387 1233 1692 1300 πεφηνέναι
1722 1231 1783 1282 τὸ
1811 1228 1951 1284 εἶναι

369 1327 468 1376 καὶ
496 1323 562 1376 τὸ
591 1324 866 1393 ὑπάρχειν
886 1321 1062 1392 δηλοῖ,
1093 1321 1212 1385 πῶς
1245 1322 1338 1374 ἐπὶ
1371 1321 1472 1376 τοῦ
1511 1323 1830 1392 Πνεύματος
1855 1321 1951 1375 τοῦ

371 1415 532 1482 ἁγίου
565 1415 626 1468 οὑ
661 1413 1074 1484 καταδεξάμεθα
1099 1413 1160 1466 τὸ
1193 1414 1324 1467 αὐτὸ
1349 1413 1510 1467 τοῦτο
1543 1413 1950 1484 σημαίνεσθαις

367 1507 396 1558 ὃ
429 1506 490 1559 δὲ
523 1506 619 1558 καὶ
643 1506 722 1574 μὴ
753 1504 1119 1572 βουλομένους
1144 1503 1450 1570 ἀναγκάσει
1479 1503 1738 1568 δέξασθαι
1765 1503 1948 1568 τοῦτο,

371 1599 454 1651 ὅτι
487 1597 586 1649 καὶ
615 1598 708 1649 ἐπὶ
734 1595 830 1649 τοῦ
869 1595 1186 1664 Πνεύματος
1216 1599 1312 1649 καὶ
1340 1597 1440 1666 τῆς
1477 1596 1824 1666 ὑπαρκτικῆς
1855 1595 1952 1649 αύ-

369 1690 467 1744 τοῦ
499 1689 730 1760 προόδου
785 1691 845 1741 τὸ
875 1689 1006 1742 αὑτό
1042 1689 1260 1756 λέγεται
1289 1689 1470 1744 τοῦτο.
1501 1689 1664 1756 Λέγει
1693 1689 1750 1741 δὲ
1801 1690 1898 1741 καὶ
1927 1691 1956 1741 ό

373 1786 552 1854 μέγας
583 1783 866 1843 Βασίλειος
887 1799 902 1813 ·
937 1781 1012 1836 Τὸ
1058 1783 1284 1852 Πνεῦμα
1311 1783 1466 1838 οὐδὲν
1495 1782 1619 1850 ἔχον
1647 1783 1798 1836 ἐστὶν
1830 1783 1953 1835 ἐπί-

372 1895 576 1948 κτητον
605 1879 664 1930 ὲν
693 1877 896 1946 ἐαυτῷ,
933 1876 1048 1929 ἀλλ’
1072 1875 1260 1939 ἀῖδίως
1286 1877 1468 1930 πάντα
1493 1875 1605 1946 ἔχει
1627 1876 1702 1940 ὡς
1727 1875 1954 1946 Πνεῦμα

371 1969 538 2036 Θεοῦ,
569 1969 665 2022 καὶ
695 1969 754 2033 ἐξ
803 1969 969 2022 αὑτοῦ
1011 1972 1276 2038 πεφηνό;.
1310 1968 1468 2022 Οὕτω
1499 1971 1651 2022 πᾶσα
1679 1969 1956 2040 πρόφασις

371 2063 698 2134 ἀφαιρεῖται
741 2061 850 2115 τῶν
881 2060 1194 2132 ζητούντων
1227 2063 1552 2131 προτάσεις.
1590 2057 1698 2113 Καὶ
1729 2062 1838 2132 γὰρ
1891 2061 1956 2133 δὴ

373 2157 474 2210 καὶ
499 2155 526 2208 ὃ
555 2172 726 2224 φησιν
755 2154 782 2206 ὁ
811 2155 1216 2223 προειρημένος
1245 2153 1546 2224 Γρηγόριος
1573 2153 1602 2204 ὁ
1641 2153 1864 2224 Νύσσης
1898 2153 1956 2206 ἐν

371 2250 438 2318 τῇ
473 2247 572 2299 τοῦ
619 2245 916 2316 ὁμωνύμου
948 2245 1101 2313 αὑτῷ
1141 2247 1236 2299 καὶ
1277 2244 1714 2316 Θαυματουργοῦ
1745 2245 1785 2298 Γ
1791 2259 1958 2317 ρηγο-

373 2340 501 2411 ρίου
537 2337 882 2407 ἀποκαλύψει
913 2333 1040 2408 περὶ
1070 2338 1164 2391 τοῦ
1209 2337 1366 2406 ἁγίου
1406 2337 1745 2408 Πνεύματος,
1778 2339 1853 2402 ὡς
1890 2339 1959 2391 δι’

373 2415 510 2485 Ῠὶοὖ
542 2434 755 2501 πέφηνε
786 2431 992 2500 δηλαδὴ
1019 2435 1130 2494 τοῖς
1153 2431 1486 2502 ἀνθρώποις,
1514 2430 1670 2486 οὐδὲν
1700 2431 1836 2502 πρὸς
1869 2433 1958 2484 τὸν

373 2515 580 2594 λόγον’·
617 2525 722 2588 ἕως
754 2524 820 2578 ἂν
851 2524 912 2576 τὸ
937 2524 1006 2578 δι’
1043 2524 1174 2578 Υίοῦ
1201 2525 1527 2595 πεφηνέναι,
1565 2525 1825 2596 σημαίνει
1859 2527 1958 2595 μὲν

373 2621 474 2669 καὶ
502 2617 814 2688 ἀμφότερα,
843 2617 905 2669 τό
932 2632 991 2668 τε
1025 2614 1096 2669 δι’
1123 2615 1255 2669 Υῑοῦ
1302 2616 1615 2680 ἀνθρώποις
1645 2617 1958 2686 γνωσθῆναι

371 2709 434 2762 ἐν
471 2709 674 2780 χρόνῳ,
711 2709 770 2761 τό
795 2724 856 2760 τε
888 2707 954 2760 δι’
1005 2705 1136 2760 Υίοῦ
1167 2707 1266 2778 τὴν
1295 2707 1470 2760 ἀΐδιον
1507 2707 1745 2778 ὓπαρξιν
1788 2708 1958 2777 ἔχειν,

370 2796 480 2857 ὦσι
513 2803 571 2856 δὲ
597 2804 744 2872 ὅμως
782 2801 874 2854 καὶ
923 2801 1210 2872 ἀμφότερα
1242 2801 1438 2872 άληοῆ,
1474 2801 1568 2854 ἐπὶ
1607 2800 1716 2856 τῶν
1739 2802 1958 2854 οἰκείων

373 2895 772 2966 λαμϐανόμενα
825 2895 1030 2948 τόπων.
1071 2892 1302 2964 ’Δφίημι
1336 2894 1444 2964 γάρ
1505 2894 1562 2946 ἔν
1599 2911 1662 2962 γε
1709 2895 1787 2963 τῷ
1838 2895 1960 2949 νυνὶ

373 2991 585 3056 λέγειν,
618 2987 695 3050 ὡς
718 2985 779 3039 τὸ
808 2985 876 3039 δι’
912 2985 1044 3040 Υἱοῦ
1081 2987 1386 3056 πεφηνέναι
1407 2986 1720 3055 ἀνθρώποις
1749 2989 1806 3040 ὲν
1828 2990 1961 3060 χρό-

2055 597 2238 662 φήνει,
2279 596 2327 646 εἰ
2381 595 2456 664 μὴ
2488 595 2554 647 δι’
2585 595 2752 649 αὑτοῦ
2803 596 2906 665 τὴν
2959 595 3130 650 ἀΐδιον
3177 597 3414 668 ὓπαρξιν
3467 599 3634 668 εἶχεν.

2067 682 2226 737 Ἀλλὰ
2263 687 2352 738 καὶ
2387 688 2415 737 ό
2469 687 2526 738 ὲν
2573 686 2824 758 θεολογίᾳ
2879 690 3054 757 μέγας
3090 689 3418 761 Γρηγόριος,
3453 695 3636 763 ζητῶν

2052 778 2140 830 διὰ
2173 779 2227 831 τί
2260 781 2332 849 μὴ
2386 783 2480 832 καί
2531 781 2594 832 τὸ
2620 781 2846 849 ιΙνεῦμα
2879 782 3006 844 Υἱὸς
3035 781 3323 852 κέκληται.
3363 788 3458 839 καὶ
3484 787 3537 837 εἴ
3577 805 3632 838 τι

2054 869 2206 939 αὑτῷ
2231 871 2470 924 ἐλλείπει
2502 873 2581 933 εἰς
2629 874 2688 925 τδ
2743 871 2884 928 εἶναι
2919 875 3054 938 υἱὸς,
3090 877 3164 929 Οὑ
3201 878 3406 943 λείπει,
3445 882 3638 950 φησὶν.

2055 963 2116 1014 οὐ
2149 961 2258 1031 γὰρ
2302 963 2533 1032 ἐλλιπὴς
2581 966 2616 1034 ὴ
2661 965 2854 1036 Θεότης
2877 983 2892 997 ·
2923 967 2984 1020 τὺ
3021 969 3078 1023 δὲ
3109 970 3210 1040 τῆς
3244 974 3560 1040 ἔκφάνσεωῧ
3596 975 3630 1045 ἦ

2055 1055 2152 1120 τῆς
2184 1055 2321 1124 πρὸς
2357 1056 2565 1124 ἄλληλα
2597 1057 2836 1126 σχέσεως
2865 1060 3142 1131 διάφορον,
3175 1063 3432 1136 διάφορον
3451 1067 3637 1121 αὑτῶν

2058 1148 2157 1200 καὶ
2193 1148 2295 1218 τὴν
2321 1149 2516 1218 κλῆσιν
2554 1152 2857 1221 πεποίηκε·
2889 1155 2956 1224 τῇ
2992 1155 3126 1225 αὑτῇ
3165 1157 3257 1210 καὶ
3307 1161 3409 1228 μιᾷ
3439 1163 3638 1230 χρήσει

2055 1241 2156 1309 τήν
2191 1257 2250 1292 τε
2302 1240 2404 1309 τῆς
2448 1241 2767 1310 ὲκφάνσεως
2797 1243 2964 1310 λέξιν,
2995 1249 3091 1301 καὶ
3119 1247 3218 1318 τὴν
3263 1250 3360 1303 τοῦ
3398 1257 3639 1324 πεφηνέ-

2056 1348 2166 1394 ναι,
2195 1332 2258 1383 τὸ
2283 1327 2427 1384 εἷναί
2455 1349 2514 1386 τε
2556 1335 2652 1387 καὶ
2684 1334 2954 1406 ὑπάρχειν
2983 1338 3217 1393 ἐνταῦθα
3259 1341 3460 1408 δηλοῦν
3489 1363 3638 1414 μαρ-

2057 1423 2238 1493 τυρῶν
2273 1423 2352 1490 τῷ
2407 1424 2688 1496 ὁμωνύμῳ
2715 1427 3006 1500 Γρηγορίῳ
3033 1431 3112 1501 τῷ
3158 1432 3404 1505 Νύσσης,
3431 1441 3526 1491 καὶ
3557 1439 3640 1496 ἔτι

2057 1513 2339 1584 διάκρισιν
2393 1517 2490 1568 καὶ
2543 1517 2706 1581 αὐτὸς
2757 1520 3046 1584 ἀποδιδοὺς
3075 1521 3174 1594 τὴν
3221 1526 3394 1596 αὐτὴν
3424 1528 3538 1600 Υίῷ
3579 1547 3640 1584 τε

2062 1608 2157 1660 καλ⁸
2189 1607 2492 1678 Πνεὺματι,
2527 1612 2619 1663 καὶ
2642 1609 2730 1664 διὰ
2759 1613 2870 1666 τῶν
2913 1617 3094 1668 αὑτῶν
3114 1635 3172 1669 τε
3208 1621 3298 1672 καὶ
3339 1620 3476 1673 ἰσων
3518 1625 3644 1691 τρό-

2060 1715 2178 1750 πων
2231 1699 2374 1751 αὑτά
2405 1700 2694 1770 διακρίνων
2725 1701 2973 1772 ἀλλήλων
2995 1721 3007 1735 ·
3040 1705 3122 1770 ὡς
3168 1710 3278 1779 γὰρ
3321 1713 3528 1777 ἐκεῖνος
3558 1715 3641 1784 τῷ

2063 1791 2203 1860 μήτε
2255 1794 2568 1861 μονογενῶς
2623 1795 2923 1870 ὑποστῆναι
2963 1800 3058 1852 καὶ
3099 1801 3179 1870 τῷ
3221 1803 3308 1856 διὰ
3363 1805 3456 1859 τοῦ
3507 1807 3639 1861 Υἱοῦ
3723 1839 3730 1844 -

2060 1881 2364 1950 πεφηνέναι
2396 1883 2492 1936 τοῦ
2536 1883 2662 1938 1⁸ἱοῦ
2688 1887 2953 1956 διακρίνει
2993 1890 3054 1941 τὸ
3083 1891 3336 1962 Πνεῦμα,
3369 1895 3516 1950 οὑτω
3547 1899 3646 1951 καὶ

2059 1966 2216 2038 οὗτος
2265 1974 2344 2044 τῷ
2370 1991 2430 2028 τε
2464 1978 2563 2046 τῆς
2593 1979 2914 2047 ὲκφάνσεως
2960 1982 3230 2056 διαφόρῳ,
3262 1989 3358 2040 καὶ
3409 1989 3490 2058 τῷ
3537 1990 3644 2056 τῆς

2059 2067 2195 2135 πρὸς
2248 2065 2454 2136 ἄλληλα
2519 2071 2776 2140 σχέσεως.
2803 2073 2870 2126 Ὃ
2905 2075 3006 2146 μὲν
3061 2077 3269 2142 ἐκεῖνος
3298 2075 3454 2134 εἶπεν
3481 2085 3540 2137 ἐν
3566 2084 3645 2154 τῷ

2063 2155 2488 2248 ,μονογενῶς
2515 2159 2839 2232 ὑποστῆναι,
2872 2165 2992 2218 ἀλλ’
3017 2169 3370 2238 ἐκπορευτῶς
3416 2175 3642 2248 δηλαδὴ,

2059 2245 2209 2299 τοῦθ’
2262 2246 2417 2312 οὗτος
2471 2251 2792 2318 ὲκφάνσεως
2843 2255 3105 2328 διάφορον
3161 2265 3406 2332 εἴρηκεν,
3463 2245 3646 2323 είτουνν

2059 2337 2314 2410 διάφορον
2345 2341 2546 2412 τρόπον
2600 2345 2887 2415 ὑπάρξεως
2913 2363 2928 2380 ·
2957 2350 2990 2403 ὃ
3045 2352 3102 2405 δὲ
3125 2357 3152 2408 ό
3185 2355 3408 2428 Νύσσης
3434 2359 3521 2414 διά
3542 2361 3640 2416 τοῦ

2060 2429 2192 2524 λίἱοῦ
2247 2435 2570 2506 πεφηνέναι,
2605 2438 2756 2494 τοῦθ’
2811 2440 2966 2508 οὗτος
3025 2444 3288 2518 διάφορον
3343 2451 3444 2522 τῆς
3495 2453 3640 2524 πρὸς

2061 2523 2270 2592 ἄλληλά
2301 2527 2540 2596 σχέσεως
2586 2527 2730 2586 εἷπε.
2781 2533 2975 2603 Σχέσιν
3010 2536 3067 2588 δὲ
3110 2538 3210 2609 τὴν
3249 2541 3386 2612 πρὸς
3437 2523 3647 2615 ἄλληλα

2065 2615 2194 2670 Υίοῦ
2225 2635 2284 2672 τε
2316 2619 2414 2707 καὶ
2449 2620 2773 2690 ιινεύματος
2804 2626 2907 2679 οὐκ
2950 2623 3050 2681 οἵδ’
3080 2632 3134 2682 et
3157 2631 3284 2686 τινά
3309 2651 3393 2698 τις
3447 2635 3644 2707 ἑτέραν

2063 2709 2216 2780 εὕροι
2253 2711 2391 2783 πλὴν
2415 2714 2518 2783 τῆς
2544 2715 2684 2770 κατὰ
2715 2717 2786 2770 τὸ
2807 2719 3064 2776 αἰτιατόν,
3077 2741 3136 2776 τε
3163 2726 3259 2778 καὶ
3283 2725 3484 2794 αῐτιον,
3520 2731 3644 2786 καθ’

2053 2802 2130 2873 ,ἢν
2155 2805 2200 2860 ό,
2222 2805 2322 2874 μὲν
2350 2809 2488 2876 πρὶς
2511 2809 2646 2862 αὑτίν
2677 2810 2738 2864 τὸ
2767 2812 3014 2884 Πνεῦμα
3027 2816 3106 2877 ὡς
3133 2819 3312 2888 αἴτιον
3340 2821 3478 2890 ἔχει,
3506 2823 3568 2877 τὺ
3585 2825 3645 2880 δὲ

2055 2896 2337 2969 ,διαφόρως
2367 2901 2506 2969 πρὸς
2527 2902 2620 2954 τὸν
2657 2903 2807 2972 Υἰὺν,
2845 2909 3070 2962 armis?)
3097 2911 3409 2982 παθητικὸν
3442 2917 3647 2991 δηλαδὴ

2059 2992 2159 3044 καὶ
2193 2994 2480 3063 ποιητικὸν
2507 2995 2580 3059 ὡς
2622 2997 2798 3051 αἴτιον
2829 3001 3020 3060 αὑτοῦ.
3056 3004 3126 3060 Ἢ
3161 3005 3396 3072 δειξάτω
3429 3009 3522 3080 μοί
3557 3027 3646 3074 τις

372 3100 459 3152 νῳ
489 3079 920 3152 προῦποτίοησιν
950 3079 1010 3145 ἐξ
1039 3079 1288 3152 ἀνάγκης
1317 3079 1374 3134 τὸ
1400 3079 1468 3132 δι’
1495 3079 1626 3134 Υἱοῦ
1659 3081 1759 3152 τὴν
1791 3082 1961 3174 άΐδιον
2065 3082 2261 3154 ἑτέραν
2289 3084 2476 3154 σχέσιν
2528 3088 2736 3155 μεταξὺ
2773 3090 2905 3146 tim?
2941 3109 3000 3152 τε
3034 3096 3126 3148 καὶ
3157 3079 3498 3171 Πνεῦματος,
3523 3103 3647 3156 καθ’

1989 3195 2033 3254 C

369 3266 454 3326 ri.
483 3263 628 3337 quod
671 3263 740 3320 ab
773 3265 1032 3319 omnibus
1069 3266 1442 3322 communiter
1469 3265 1793 3322 doctoribus
1824 3267 1962 3324 dici-
2067 3271 2327 3340 supponit
2377 3274 2690 3328 necessario
2728 3291 2826 3346 per
2851 3277 3056 3332 Filium
3090 3283 3427 3340 mtcrnaiiter
3459 3301 3650 3358 proce-

369 3369 494 3412 lur.
533 3358 732 3412 Beatus
766 3357 974 3412 etenim
994 3357 1232 3428 (lyrillus
1256 3359 1323 3412 ad
1353 3359 1704 3414 Valerianum
1747 3359 1962 3429 episco-

367 3465 550 3522 pum:
585 3447 724 3502 Cum
757 3449 906 3502 enim
936 3448 1396 3517 quemadmodum
1431 3449 1616 3516 Pater,
1653 3453 1750 3514 ait,
1795 3453 1868 3506 ita
1905 3460 1961 3506 ct

368 3541 476 3610 qui
508 3557 578 3595 ex
607 3555 676 3595 eo
729 3539 1134 3606 manifestatur,
1179 3541 1495 3610 unigenitus
1544 3542 1718 3597 Filius
1763 3555 1959 3597 natura

368 3642 606 3688 sanctus
653 3633 746 3688 sil.
803 3632 869 3685 Et
909 3647 1103 3686 rursus
1157 3632 1346 3686 idem:
1388 3633 1651 3703 Proprius
1701 3645 1785 3688 est
1831 3635 1958 3690 Filii

367 3725 626 3794 Spiritus
671 3733 918 3790 sanctus,
975 3725 1178 3796 inquit,
1213 3742 1324 3780 non
1370 3727 1548 3780 solum
1585 3726 1640 3780 in
1692 3737 1958 3796 quantum

375 3818 621 3872 Verbum
669 3825 754 3871 est
796 3833 863 3871 ex
904 3818 1064 3872 Patre
1119 3817 1548 3883 manifestatum,
1578 3818 1674 3873 sed
1707 3817 1872 3872 etiam
1903 3819 1958 3872 in

283 3957 286 3960 ί
375 3919 650 3981 quantqu
689 3909 1016 3979 intelligitur
1054 3908 1221 3963 homo
1265 3909 1570 3964 secundum
1617 3923 1721 3964 nos
1759 3909 1958 3966 factus.

373 4003 534 4070 Quod
563 4003 610 4058 si
647 4002 701 4056 in
735 4001 842 4068 his,
892 4001 1261 4068 manilestari,
1295 4017 1416 4056 esse
1445 4013 1502 4057 et
1530 4013 1794 4057 aeternam
1829 4004 1964 4059 sub-

375 4096 714 4160 sistentiam,
747 4105 802 4148 et
851 4096 1262 4163 generationem
1297 4094 1419 4148 Filii
1453 4095 1752 4164 signiﬁcat,
1786 4112 1962 4166 quare

379 4205 490 4243 non
543 4189 688 4242 idem
734 4187 882 4242 etde
919 4186 1128 4256 Spiritu
1159 4195 1350 4240 sancto
1381 4187 1762 4257 signiﬁcaret?
1801 4187 1958 4256 Quod

379 4293 568 4336 autem
604 4291 658 4334 et
705 4279 954 4334 nolentes
982 4289 1202 4348 cogeret
1231 4280 1540 4336 concedere
1578 4280 1721 4335 idem
1755 4282 1960 4352 signiti-

377 4387 530 4436 care,
558 4372 692 4426 illud
717 4380 820 4438 est,
850 4369 996 4441 quod
1023 4371 1188 4425 etiam
1221 4369 1288 4424 de
1321 4369 1526 4440 Spiritu
1561 4382 1616 4426 et
1647 4372 1770 4440 ejus
1799 4381 1962 4427 αξιοι·-

378 4479 450 4517 na
479 4463 834 4532 processione
863 4463 968 4517 hoc
1001 4462 1146 4517 idem
1173 4461 1395 4528 dicitur,
1421 4463 1641 4518 dicente
1670 4463 1728 4517 Β.
1755 4464 1958 4520 Basilio

380 4555 453 4610 de
505 4554 718 4624 Spiritu
774 4563 1000 4632 sancto:
1032 4553 1117 4608 Nil
1157 4553 1519 4610 adventitium
1557 4556 1612 4610 in
1647 4572 1708 4613 se
1761 4557 1952 4624 habet,
1993 4556 2038 4616 D
2069 4580 2235 4635 quam
2295 4577 2354 4622 et
2417 4568 2698 4639 Nysscnns
2751 4569 3052 4640 Gregorius
3103 4591 3116 4626 :

379 4647 478 4703 sed
538 4627 876 4701 atternaliter
929 4647 1114 4700 omnia
1164 4647 1328 4702 habet
1393 4656 1652 4718 tanquam
1713 4649 1958 4720 Spiritus

382 4739 502 4803 Dei,
534 4748 590 4792 et
621 4754 686 4793 cx
717 4753 784 4794 eo
831 4739 1214 4794 manifestatus
1246 4757 1260 4794 :
1292 4740 1366 4794 ita
1398 4743 1580 4796 omnis
1611 4744 1832 4799 occasio
1859 4745 1960 4799 tol-

381 4834 515 4884 litur
575 4831 860 4900 malignari
911 4831 1282 4901 cupientibus.
1335 4833 1472 4887 Illud
1526 4835 1754 4898 etenim,
1811 4835 1958 4904 quod

382 4921 682 4994 praedictus
702 4921 1000 4990 Gregorius
1032 4921 1309 4994 Nyssenus
1350 4923 1406 4978 in
1447 4925 1785 4979 revelatione
1813 4925 1960 4980 Neo-

385 5012 746 5067 caesareensis
777 5011 1050 5083 Gregorii,
1081 5013 1176 5082 qui
1213 5013 1494 5070 miraculis
1523 5019 1854 5084 coruscavit,
1890 5017 1960 5072 de

385 5107 594 5176 Spiritu
648 5105 804 5168 dicit,
857 5105 1004 5176 quod
1054 5122 1152 5176 per
1197 5107 1394 5163 Filium
1444 5109 1830 5167 manil'estatus
1863 5113 1959 5177 sit,

383 5199 614 5263 addens,
647 5198 902 5254 videlicet
933 5197 1274 5265 hominibus,
1309 5201 1388 5256 nil
1423 5210 1617 5258 contra
1653 5217 1755 5258 nos
1784 5204 1915 5259 facit
1944 5222 1957 5260 :

380 5295 656 5363 siquidem
707 5293 812 5348 hoc
851 5293 998 5363 quod
1047 5307 1146 5363 per
1177 5293 1378 5348 Filium
1429 5297 1815 5352 manifestatus
1863 5297 1956 5362 sit,

379 5387 654 5457 signiﬁcat
683 5387 910 5456 quidem
948 5395 1244 5457 utrumque
1283 5387 1476 5454 etiam,
1533 5390 1680 5460 quod
1733 5407 1832 5460 per
1869 5391 1960 5446 Fi-

376 5481 510 5534 lium
578 5481 652 5535 sit
705 5479 1028 5534 hominibus
1075 5480 1392 5535 notiﬁcatus
1453 5483 1858 5551 temporaliter,
1902 5491 1961 5538 et

376 5571 522 5643 quod
584 5587 682 5642 per
719 5569 916 5625 Filium
974 5571 1368 5626 :eternalitater
1429 5573 1798 5644 producatur;
1845 5573 1960 5628 sint

374 5677 508 5718 vero
575 5673 814 5732 utraque
885 5679 1036 5727 vera,
1106 5665 1160 5717 in
1219 5663 1458 5733 propriis
1516 5665 1653 5719 locis
1705 5675 1954 5737 accepta.

375 5757 585 5812 Omitto
633 5771 871 5826 namque
903 5757 1087 5811 dicere
1139 5757 1192 5810 in
1236 5759 1514 5826 praesenti,
1553 5759 1698 5830 quod
1733 5775 1832 5830 per
1863 5761 1956 5816 Fi-

377 5851 511 5915 lium
583 5850 963 5920 temper-aliter
1031 5849 1352 5905 hominibus
1399 5853 1762 5925 manilcstati,
1819 5867 1958 5925 pra:-

697 5950 970 6008 l’n‘nOL.
1021 5947 1134 6009 Gn.
1183 5945 1397 6008 CLXI.

2065 3363 2238 3419 dere:
2292 3381 2392 3422 nec
2422 3384 2522 3437 per
2569 3385 2694 3424 eum
2743 3375 3126 3442 temperanter
3179 3383 3645 3447 inatttestaretur,

2067 3457 2172 3510 nisi
2228 3474 2324 3526 per
2353 3475 2480 3513 eum
2533 3464 2877 3519 mternaliter
2909 3469 3255 3534 procederet.
3289 3473 3442 3526 Alter
3479 3477 3646 3530 etiam

2064 3546 2383 3616 Gregorius,
2433 3549 2816 3608 Nazianzenus
2857 3556 3138 3622 videlicet,
3169 3562 3261 3628 qui
3302 3577 3331 3614 a
3375 3563 3650 3636 theologia

2063 3653 2164 3706 per
2187 3641 2570 3696 excellentiam
2594 3643 2902 3716 Theologus
2930 3651 3352 3718 cognominatus
3373 3663 3476 3721 cst,
3501 3672 3652 3726 qua:-

2064 3745 2194 3787 rcns
2231 3747 2334 3788 cur
2381 3741 2436 3789 et
2481 3733 2721 3805 Spiritus
2757 3753 2866 3792 non
2907 3741 3226 3798 nominetur
3255 3746 3448 3809 Filius.
3488 3759 3544 3803 et
3575 3767 3645 3806 an

2063 3823 2115 3878 ei
2144 3824 2350 3893 aliquid
2395 3826 2618 3881 deﬁciat
2659 3839 2718 3883 ut
2764 3829 2938 3886 Filius
2975 3835 3066 3899 sit,
3127 3851 3232 3890 non
3263 3839 3312 3892 ei
3338 3841 3640 3911 quidquam

2065 3917 2300 3973 deﬁcere
2351 3919 2452 3985 ait,
2500 3919 2773 3976 divinitati
2815 3939 3054 3996 namque
3093 3927 3280 3984 deﬁcit
3309 3928 3408 3997 nil,
3468 3939 3645 3992 niani.

2047 4008 2370 4066 'festationis
2409 4022 2594 4068 autem
2643 4015 2727 4068 vel
2768 4017 3052 4075 relationis
3082 4021 3148 4076 ad
3197 4023 3429 4082 invicem
3461 4029 3648 4085 diver-

2063 4102 2219 4168 sitas,
2273 4103 2490 4159 diversa
2542 4121 2765 4176 quoque
2820 4109 2904 4164 eis
2955 4113 3209 4167 attribuit
3254 4119 3518 4174 nomina:
3558 4123 3647 4179 his

2065 4197 2268 4262 verbis,
2305 4199 2770 4257 manifestationis
2815 4205 3068 4269 verbum,
3118 4217 3378 4266 internum
3429 4232 3644 4284 proces-

2064 4291 2274 4345 sionem
2323 4293 2636 4363 signiﬁcare
2667 4297 2928 4364 probans,
2961 4313 3130 4367 prout
3171 4302 3336 4356 etiam
3365 4321 3431 4359 cx
3461 4311 3645 4366 verbis
3733 4319 3740 4325 ’

2062 4382 2294 4453 Nysseni
2322 4385 2571 4456 Gregorii
2612 4389 2887 4456 apparuit,
2917 4399 2974 4443 et
3004 4395 3250 4447 eamdem
3279 4395 3402 4450 Filii
3433 4410 3489 4453 et
3518 4401 3646 4470 Spi-

2067 4473 2210 4531 ritus
2273 4477 2450 4532 sancﬁ
2512 4477 2580 4532 ab
2632 4478 2869 4533 invicem
2916 4479 3332 4539 distinctionem
3398 4491 3642 4555 tradens,

3177 4581 3643 4645 quemadmodum

2066 4657 2213 4713 enim
2269 4660 2384 4724 ille,
2435 4674 2502 4714 eo
2547 4662 2694 4731 quod
2745 4676 2847 4716 nec
2890 4671 2954 4716 ut
2995 4663 3326 4736 Unigenitus
3375 4683 3442 4724 ex
3483 4672 3648 4750 Pau‘e

2064 4750 2367 4819 productus
2401 4761 2507 4816 est,
2548 4764 2604 4808 et
2645 4753 2790 4824 quod
2843 4769 2940 4822 per
2971 4755 3151 4825 ipsum
3187 4758 3389 4814 Filium
3423 4763 3495 4817 sit
3524 4781 3642 4820 ma-

2064 4841 2380 4908 nifestatus,
2439 4845 2706 4913 Spiritum
2770 4860 2828 4898 a-
2863 4845 3004 4901 Filio
3053 4848 3342 4920 distinguit
3395 4870 3409 4906 :
3465 4855 3540 4910 ita
3592 4865 3649 4912 et

2062 4933 2448 4989 Nazianzenus
2503 4945 2616 4989 tum
2654 4937 3142 5006 manil'estationis,
3193 4951 3306 4996 tum
3357 4945 3648 5003 relationis

2063 5027 2130 5079 ad
2161 5025 2395 5080 invicem
2433 5027 2760 5083 diversitate
2789 5029 3204 5104 distinctionem
3241 5051 3432 5088 eorum
3464 5041 3644 5107 ponit.

2063 5115 2218 5181 Quod
2253 5117 2346 5170 ille
2397 5117 2562 5182 dixit,
2603 5133 2714 5171 non
2760 5127 2820 5172 ut
2853 5117 3210 5189 Unigenitum
3258 5137 3382 5177 esse
3435 5125 3644 5193 produ-

2063 5215 2236 5272 ctum,
2289 5207 2382 5262 hic
2429 5207 2900 5264 manil'estationis
2947 5209 3351 5279 diversitatem,
3393 5213 3499 5270 hoc
3533 5227 3642 5283 est,

2064 5297 2346 5352 diversum
2383 5297 2758 5354 subsistentia:
2789 5299 3036 5354 modum.
3067 5300 3225 5366 Quod
3262 5317 3394 5356 vero
3443 5303 3644 5376 Nyssc-

2061 5405 2166 5445 nus
2195 5404 2290 5460 per
2323 5389 2526 5450 Filium
2563 5391 2661 5457 ait,
2710 5391 3078 5456 manil‘estari,
3131 5392 3513 5452 Nazianzenus
3555 5396 3643 5451 di-

2061 5483 2379 5539 versitatem
2417 5484 2702 5539 relationis
2757 5485 2822 5538 ad
2881 5485 3121 5538 invicem
3172 5486 3499 5541 nominavit.
3533 5488 3644 5543 lle-

2061 5575 2330 5632 lationem
2368 5591 2502 5631 vero
2536 5577 2603 5631 ad
2640 5575 2881 5632 invicem
2907 5577 3034 5632 Filii
3083 5587 3140 5633 et
3177 5579 3416 5648 Spiritus
3445 5581 3648 5648 sancti,

2063 5667 2251 5721 nescio
2306 5683 2372 5720 an
2415 5667 2582 5722 aliam
2631 5667 2924 5737 quisquam
2980 5669 3222 5738 reperiat
3287 5679 3488 5741 praeter
3522 5687 3650 5728 eam

2059 5773 2184 5828 qua:
2245 5758 2556 5813 secundum
2594 5775 2816 5814 causam
2875 5769 2932 5814 ct
2974 5770 3262 5815 causatnm
3309 5763 3402 5828 sit,
3444 5779 3648 5818 secun-

2061 5851 2190 5906 dum
2228 5867 2390 5921 quam
2425 5852 2600 5909 Filius
2638 5853 2860 5924 quidem
2902 5854 2966 5910 ad
3005 5853 3273 5926 Spiritum
3307 5865 3367 5914 ut
3396 5872 3558 5914 causa
3581 5872 3646 5916 se

3173 5957 3242 6015 19
