4136 6486
364 437 472 504 583

1319 432 1822 493 BESSARIONIS
1867 431 1921 490 S.
1969 430 2036 491 Β.
2085 428 2146 490 Ε,
2195 426 2662 488 ΓΑΗΒΙΝΑΙᾸΞ

3509 421 3622 484 ’584

368 556 516 624 ιἐχειν
541 555 601 607 τὸ
630 553 859 623 Πνεῦμα
905 553 963 606 τὸ
1004 551 1158 620 ὅιγιον
1202 549 1493 613 δέδεικται,
1550 549 1772 603 πάντων
1831 548 1940 598 τῶν
1974 553 2018 608 Λ
2049 562 2160 613 ριο;
2190 545 2471 612 Ἰωάννης,
2505 543 2601 596 καὶ
2639 542 2698 596 τὺ
2729 543 2785 595 ἐν
2820 543 2887 613 τῇ
2924 540 3057 612 πρὸς
3086 540 3331 610 Μαρῖνον
3362 537 3626 610 ἐπιστολῇ

368 646 706 700 διδασκάλων
746 644 1020 717 βοώντων,
1079 644 1176 696 καὶ
1229 643 1330 711 οὐχ
1389 642 1589 712 ἥκιστα
1642 639 1751 692 τῶν
1804 638 1941 708 μετὰ

361 725 736 808 Θεοδώρητον,
778 740 844 790 ἐκ
877 735 970 791 τοῦ
1003 736 1215 805 Πατρδς
1246 735 1335 788 διὰ
1364 733 1460 788 τοῦ
1491 733 1624 786 Υἱοῦ
1648 731 1942 802 ἐκπορεύε-

371 830 497 883 σθαι
520 829 580 882 τὸ
609 829 833 900 Πνεῦμα
863 828 921 883 τὸ
949 829 1104 896 ἅγιον
1129 843 1144 858 ο
1179 827 1432 880 Ἰωάννου
1463 843 1520 879 τε
1567 824 1662 879 καὶ
1687 824 1940 893 Μαξίμου

370 921 483 989 τῶν
519 921 826 992 μακαρίων,
854 922 951 974 καὶ
987 920 1067 974 ἐτι
1113 919 1201 974 διὰ
1235 919 1328 973 τοῦ
1357 918 1633 988 Ταρασίου
1677 917 1771 970 τοῦ
1797 917 1942 970 θείου

371 1013 472 1084 τῆς
502 997 872 1084 ἑϐδόμης-τῶν
908 1011 1308 1082 οἱκουμενικῶν
1362 1010 1626 1078 συνόδων,
1666 1008 1946 1062 πιστεύειν

373 1109 454 1171 εἰς
482 1106 543 1159 τὸ
571 1106 800 1177 Πνεῦμα
842 1106 904 1158 τὺ
935 1105 1090 1174 ἅγιον
1124 1104 1402 1173 λέγοντος,
1433 1102 1496 1156 τὺ
1525 1104 1590 1156 ἐκ
1630 1100 1846 1171 Πατρδς
1878 1099 1946 1153 δι’
1993 1134 1997 1143 ι

373 1199 507 1253 Υίοῦ
540 1199 1004 1270 ἐκπορευόμενον,
1035 1198 1130 1251 καὶ
1168 1197 1302 1250 αύτὺ
1329 1195 1466 1250 Θεὸν
1492 1191 1635 1249 εἶναι
1679 1191 1948 1264 γνωριζός

379 1309 541 1362 μενον
563 1309 579 1323 ο
609 1292 723 1346 τῶν
758 1291 817 1345 δέ
852 1291 1029 1347 ἄλλων
1085 1290 1183 1344 καὶ
1211 1290 1276 1344 ἐκ
1319 1288 1457 1342 Θεοῦ
1497 1288 1566 1342 δι’
1613 1286 1745 1341 Υίοῦ
1784 1281 1946 1351 εῖναι,

377 1385 475 1439 καὶ
506 1384 570 1437 ἐκ
601 1381 737 1438 Θεοῦ
766 1381 856 1438 διὰ
885 1382 980 1436 τοῦ
1013 1381 1216 1452 Λόγου,
1239 1382 1334 1434 καὶ
1362 1382 1426 1434 ἐκ
1480 1380 1690 1448 Πατρδς
1714 1377 1782 1431 δι’
1812 1374 1946 1430 Υίοῦ

377 1476 652 1547 προϊέναι,
688 1475 834 1544 ᾰπερ
863 1475 945 1535 είς
976 1472 1091 1526 ἴσον
1141 1471 1216 1542 τῷ
1265 1469 1662 1540 ἐκπορεύεσθαι
1705 1467 1948 1538 ἔρχεται,

379 1570 474 1622 καὶ
509 1569 570 1622 τὸ
592 1563 756 1632 εἶναι,
782 1569 876 1621 καὶ
900 1566 999 1637 τὴν
1021 1563 1256 1636 ὕπαρξιν
1276 1562 1609 1632 ἐχειν.⁶Ὠστε
1627 1562 1655 1614 ό
1677 1557 1953 1630 Θεοδὼρη·

379 1678 472 1724 τος
493 1661 594 1714 οὐκ
615 1658 878 1731 ἀληθεύει
899 1644 1058 1712 τοῦτο
1079 1655 1250 1710 εἰπών
1275 1671 1291 1688 ο
1321 1654 1440 1710 ἀλλ’
1463 1655 1616 1724 ὅμως
1635 1652 1952 1723 ἐσιώπησαν

380 1753 432 1806 οι
453 1753 719 1822 Πατέρες,
742 1750 902 1805 τοῦτο
930 1747 1268 1812 ἀκούσαντες
1301 1746 1611 1818 εἰρηκότος,
1633 1744 1711 1809 ὡς
1746 1743 1820 1813 μὴ
1843 1741 1954 1796 δεῖν

2048 635 2142 688 τοῦ
2194 634 2339 687 θείου
2389 634 2646 704 Μαξίμου
2679 638 2812 700 περὶ
2850 632 2961 685 τῶν
3025 632 3318 698 Ῥωμαίων
3347 628 3512 700 ῥηθέν
3541 645 3628 693 τις

2049 728 2182 796 ἡμῖν
2202 725 2537 788 ἀντεποίσει,
2569 723 2645 788 ὡς
2670 725 2771 778 οὐκ
2799 725 2983 778 αἰτίαν
3006 723 3292 776 ποιοῦνται
3329 719 3425 775 τοῦ
3454 720 3628 773 Πνεύο

2053 833 2221 888 ματος
2251 817 2342 870 τὸν
2370 817 2520 883 rm,
2548 816 2576 870 ὃ
2605 817 2709 886 μὲν
2739 814 2966 870 Λατῖνοί
3022 832 3190 882 φασιν
3245 814 3341 868 ἐπὶ
3390 812 3627 879 τούτοις,

2049 907 2152 961 οὐκ
2179 906 2246 960 ἂν
2276 907 2488 976 εἴποιμι
2519 906 2619 961 καὶ
2640 906 2827 971 αύτδς,
2856 905 2932 970 ὡς
2955 904 3082 959 οὔτε
3106 905 3166 958 τὸ
3195 903 3291 958 τοῦ
3323 905 3628 972 Δαμασκηιι

2051 996 2144 1052 νοῦ
2171 999 2229 1052 ἐν
2259 999 2370 1060 τοῖς
2401 997 2676 1061 πλείστοις
2702 997 2814 1051 τῶν
2832 997 3004 1052 αὐτοῦ
3033 995 3257 1066 βιόλίων
3279 995 3626 1065 εὑρίσκεται,

2052 1092 2154 1163 τήν
2175 1107 2234 1144 τε
2258 1090 2354 1144 τοῦ
2380 1091 2638 1161 Μαξίμου
2683 1090 2891 1160 ταύτην
2937 1088 3236 1158 ἐπιστολὴν
3266 1087 3340 1158 μὴ
3366 1083 3508 1142 εἷναι
3529 1083 3628 1140 τοῦ

2052 1181 2310 1252 Μαξίμου
2333 1197 2347 1212 ·
2378 1179 2503 1234 οῦτε
2527 1181 2636 1253 γὰρ
2677 1180 2975 1250 πολλαχοῦ,
3009 1178 3136 1232 οὔτε
3167 1181 3224 1234 ἐν
3256 1176 3508 1250 ἄρχαίοις
3548 1177 3632 1248 βι-

2055 1277 2247 1345 ϐλίοις,
2269 1279 2394 1332 οὗτε
2426 1281 2544 1340 τοῖς
2581 1279 2799 1355 ἐκείνου
2827 1279 3262 1349 συγγράμμασιν
3313 1277 3631 1345 ἐγγεγραμ·

2059 1373 2229 1444 μένην
2262 1372 2616 1443 εὑρίσκεσθαι
2638 1391 2654 1406 ο
2677 1373 2790 1427 οὐδ’
2813 1373 2897 1426 ὅτι
2920 1373 3014 1426 καὶ
3041 1371 3153 1425 τῶν
3171 1369 3459 1442 ἡμετέρων
3481 1369 3633 1433 τινὲς

2055 1465 2263 1535 ταύτην
2312 1467 2665 1521 νοθεύουσινξ
2715 1466 2854 1521 ἀλλὰ
2891 1465 3054 1536 τοῦτο
3109 1464 3213 1535 μὲν
3261 1463 3633 1533 συγχωρήσω,

2056 1558 2153 1612 καὶ
2176 1558 2399 1630 δέξομαι
2446 1559 2546 1630 τῆς
2576 1558 2804 1614 ἐκείνων
2853 1553 2997 1613 εἶναι
3024 1559 3196 1613 ταῦτα
3225 1557 3411 1626 φωνῆς
3440 1572 3500 1608 τε
3537 1555 3635 1608 καὶ

2057 1651 2298 1715 διανοίας
2319 1668 2334 1684 ’
2377 1652 2662 1724 εἰρηκέναι
2693 1652 2878 1724 μέντοι
2906 1656 3084 1706 ταῦτα
3129 1650 3301 1722 φαίην
3336 1649 3404 1704 ἂν
3431 1648 3633 1711 αὐτοὺς

2060 1743 2258 1813 ἔγωγε,
2297 1744 2372 1808 ὼς
2417 1745 2484 1800 ἂν
2538 1744 2615 1814 μή
2652 1762 2735 1808 τις
2782 1743 3273 1815 προκαταρκτικὴν
3327 1742 3509 1797 αἰτίαν
3539 1741 3634 1793 τὸν

386 1840 697 1913 μαρτυρίαν
720 1838 998 1894 ποιείσθαι
1024 1837 1125 1910 τὴν
1160 1837 1340 1892 αὐτῶν
1373 1834 1588 1905 σιωπὴν
1617 1833 1712 1887 τοῦ
1738 1830 1867 1903 μήτ’
1894 1829 1954 1895 ἐξ
1984 1907 2020 1913 _
2063 1837 2192 1890 Υίὸν
2219 1835 2316 1890 τοῦ
2348 1835 2670 1906 Πνεύματος
2691 1837 2935 1908 νομίσειε
2958 1835 3239 1905 λέγεσθαι,
3271 1835 3348 1896 ὡς
3372 1834 3450 1906 μὴ
3482 1833 3635 1904 παρὰ

385 1907 516 1987 Ϋὶοῦ
549 1907 688 2005 μήτε
731 1932 840 2001 μὴν
883 1931 951 1984 δι’
1000 1907 1132 1984 Υίοῦ
1181 1929 1242 1983 τὸ
1295 1927 1520 1998 Πνεῦμα
1555 1925 1656 1996 τὴν
1715 1923 1954 1994 ὓπαρξιν
1984 1907 2150 1982 Βτοῦ
2191 1928 2402 1999 Πατρδς
2437 1929 2698 1999 είληφότα
2751 1907 2852 2002 τὴν
2902 1929 3139 2001 δύναμιν
3199 1927 3296 1984 τοῦ
3349 1929 3418 1981 δι’
3466 1924 3634 1980 αὐτοῦ

385 2027 568 2095 ἐχειν*
590 2024 668 2095 τῷ
698 2021 806 2092 γὰρ
832 2017 904 2076 δι’
941 2021 1068 2074 Υίοῦ
1102 2011 1204 2091 τὴν
1243 2018 1482 2091 ὕπαρξιν
1505 2017 1650 2090 ἐχειν
1678 2016 1954 2088 μάρτυρες

383 2121 436 2172 oi
463 2117 532 2172 δι’
563 2114 693 2170 Υίοῦ
731 2112 1136 2184 ἐκπορεύεσθαι
1167 2112 1302 2167 aito
1356 2111 1549 2182 είρηκό
1563 2127 1667 2176 τες,
1697 2109 1857 2179 είπερ
1895 2107 1956 2160 τδ

386 2207 788 2280 ἐκπορεύεσθαι
839 2206 937 2260 καί⁸
988 2203 1134 2258 κατὰ
1193 2202 1324 2267 τοὺς
1386 2201 1692 2272 ἡμετέρους
1748 2201 1808 2254 τὸ
1856 2200 1958 2269 τὴν

388 2301 632 2372 ὓπαρξιν
678 2301 822 2372 ἔχειν
854 2297 1044 2369 δηλοῖ·
1106 2296 1202 2349 καὶ
1231 2293 1407 2348 ταῦτα
1439 2294 1581 2365 μετὰ
1609 2293 1960 2364 Θεοδώρητον

387 2391 677 2464 γεγονότες
703 2389 782 2460 τῷ
829 2387 1032 2460 χρόνῳ,
1089 2387 1189 2442 καὶ
1232 2385 1568 2449 ὐκάύσαντες
1631 2383 1734 2455 μέν
1790 2381 1958 2436 αὐτοῦ

389 2483 616 2539 τοιαῦτα
639 2480 910 2544 εἰπόντος,
940 2479 1143 2543 εἰδότες
1165 2479 1223 2532 δέ
1245 2477 1346 2549 τὴν
1371 2476 1593 2530 σύνοδον
1625 2475 1763 2546 πρὸς
1785 2472 1960 2530 ταῦτα

390 2576 720 2647 σιγήσασαν,
777 2571 894 2628 ἀλλ’
933 2572 1085 2642 ὅμως
1135 2569 1328 2639 ἐκείνῳ
1391 2568 1456 2622 οὐ
1501 2568 1682 2623 πάντα
1721 2566 1960 2637 ἔκριναν

393 2667 645 2722 ἕπεσθαι.
677 2665 751 2720 re
780 2664 839 2720 δέ
869 2663 1249 2736 χαριέστερον,
1291 2661 1376 2715 ὅτι
1407 2663 1505 2715 καὶ
1535 2659 1824 2731 ἀμφότερα
1861 2657 1962 2729 ἁρ-

394 2758 706 2832 νησαμένου
759 2755 1114 2826 Θεοδωρήτου
1145 2792 1162 2819 ,
1200 2755 1230 2806 ό
1265 2751 1540 2823 μακάριος
1585 2751 1842 2820 Ἰωάννης
1900 2748 1962 2802 τὸ

368 2853 502 2922 ,εμέν
535 2849 593 2916 ἐξ
622 2847 757 2902 Υίοῦ
791 2846 1146 2916 ἀπαρνεϊται,
1175 2844 1325 2907 ὅπως
1360 2842 1440 2908 δέ,
1493 2841 1588 2895 καὶ
1614 2839 1774 2894 τοῦτο
1805 2836 1964 2909 ἐροῦ-

369 2959 507 3012 ,ιμεν
538 2940 678 3011 μετὰ
711 2939 909 3011 μικρόν
930 2951 948 2970 ο
973 2935 1036 2990 ca
1055 2935 1114 2990 δέ
1145 2935 1212 2990 δι’
1240 2935 1373 2989 Υίοῦ
1403 2931 1825 3004 ἐκπορεύεσθαι,
1845 2927 1965 3001 ἢτοι

364 3033 466 3087 ’δι’
497 3032 665 3086 αὐτοῦ
691 3032 798 3100 τὴν
826 3028 1065 3101 ὓπαρξιν
1099 3028 1267 3100 ἐχειν,
1292 3025 1476 3080 ’τοῦτο
1528 3023 1585 3078 δέ
1633 3022 1866 3079 τίθεται.
1901 3018 1964 3075 El

481 3124 564 3190 τὸ,
597 3123 775 3187 Μόνος
804 3121 912 3193 γὰρ
947 3120 1126 3184 αἴτιος
1150 3120 1180 3173 ὁ
1227 3117 1440 3188 Πατὴρ,
1472 3115 1500 3170 ὃ
1530 3131 1698 3188 φησιν
1719 3116 1747 3169 ό
1788 3111 1966 3186 μακάο

1990 3251 2039 3317 C

2057 2021 2310 2091 προϊέναι
2361 2022 2423 2075 τὸ
2478 2022 2704 2093 Πνεῦμα
2742 2023 2802 2076 τὸ
2829 2021 3008 2091 ἅγιον.
3077 2020 3144 2074 Ἦ
3174 2021 3285 2090 γὰρ
3339 2019 3496 2090 κοινὴ
3524 2019 3636 2072 τῶν

2069 2112 2344 2185 Ἐλλήνων
2378 2117 2578 2187 χρῆσις
2615 2114 2711 2168 ἐπὶ
2739 2115 2840 2184 τῆς
2861 2111 3180 2186 ἀρχοειδοῦς
3205 2114 3299 2168 καὶ
3319 2127 3637 2184 προκαταρ-

2060 2205 2257 2274 κτικῆς
2287 2205 2470 2268 αἰτίας
2501 2206 2710 2277 κυρίως
2736 2204 2998 2276 χρωμένη
3031 2206 3099 2274 τῇ
3117 2203 3210 2266 ἐκ,
3238 2202 3332 2257 τόν
3354 2221 3414 2257 τε
3445 2204 3636 2272 Δαμαο

2063 2296 2262 2367 σκηνδν
2291 2296 2599 2367 ἠνάγκασε,
2635 2297 2712 2366 μὴ
2743 2295 2803 2360 ἐξ
2833 2294 2990 2360 Υίοῦ,
3019 2294 3157 2350 ἀλλὰ
3201 2293 3272 2348 δι’
3303 2293 3436 2349 Υίοῦ
3465 2295 3636 2364 φάναι

2060 2389 2124 2443 τὸ
2146 2388 2373 2458 Πνεῦμα
2397 2388 2457 2442 τὸ
2486 2388 2641 2457 ἆγιον
2680 2385 3124 2459 ἐκπορεύεσθαι·
3167 2385 3261 2439 τόν
3291 2402 3352 2440 τε
3378 2385 3636 2456 Μάξιμον

2062 2481 2251 2535 ἔπεισε
2303 2481 2364 2534 τὸ
2415 2481 2568 2552 παρᾶ
2593 2480 2703 2534 τῶν
2741 2481 3034 2549 Ῥωμαίων
3069 2481 3369 2551 λεγόμενον
3414 2480 3476 2546 ἐξ
3503 2479 3639 2534 Υίοῦ

2063 2571 2464 2644 ἐκπορεύεσθαι
2499 2573 2581 2635 εἰς
2612 2573 2672 2626 τὸ
2700 2572 2765 2627 δι’
2809 2573 2943 2627 Υίοῦ
2974 2573 3226 2640 προϊέναι
3282 2573 3636 2642 μεταλαϐεῖν.

2064 2665 2129 2718 Ei
2169 2665 2262 2719 καὶ
2292 2664 2402 2735 γὰρ
2424 2663 2654 2730 ἐξΥίοῦ,
2691 2665 2876 2736 φησὶν,
2913 2666 2964 2719 oi.
3005 2665 3267 2736 Ῥωμαῖοι
3315 2665 3378 2718 τὸ
3408 2665 3639 2735 Πνεῦμα

2064 2755 2315 2824 λέγουσιν
2339 2757 2764 2829 ἐκπορεύεσθαι,
2799 2759 2834 2829 ἡ
2889 2759 2947 2812 δέ
3003 2759 3096 2824 ἐκ,
3137 2759 3231 2812 ἐπὶ
3291 2758 3382 2829 τῆς
3426 2760 3643 2830 ἀρχοει-

2064 2846 2188 2911 δοῦς
2215 2848 2392 2913 αίτίας
2427 2849 2942 2920 παραλαμϐάνεται,
2971 2848 3086 2903 ἀλλ’
3108 2849 3258 2920 ὅμως
3280 2851 3343 2904 ού
3375 2850 3640 2920 τοιαύτην

2066 2940 2247 2994 αἰτίαν
2280 2939 2596 3011 ποιούμενοι
2647 2939 2743 2994 τοῦ
2777 2941 3101 3010 Πνεύματος
3155 2941 3248 2994 τὸν
3278 2940 3642 3016 ΥίόνηΤοῦτό

2067 3051 2200 3106 φησι
2227 3034 2322 3088 καὶ
2358 3035 2386 3087 ό
2414 3031 2804 3102 Δαμασκηνὸς,
2830 3030 2925 3097 Ἐξ
2950 3030 3083 3085 Υίοῦ
3131 3030 3234 3102 μέν
3283 3031 3385 3085 ούκ
3416 3032 3533 3086 ἔστι
3579 3032 3641 3086 τὸ

2068 3123 2320 3195 Πνεῦμα,
2374 3123 2441 3178 δι’
2476 3121 2606 3177 Υίοῦ
2636 3122 2693 3177 δέ
2713 3137 2728 3154 ⁸
2768 3119 2931 3193 μόνος
2976 3120 3086 3193 γὰρ
3117 3122 3147 3175 ό
3178 3123 3370 3196 Πατὴρ
3397 3123 3642 3176 τοιοῦτόν

398 3304 612 3360 ΧῘΓῘἸΙΠ
639 3301 964 3372 doctissimi,
990 3302 1065 3358 ίιε
1095 3301 1260 3358 etiam
1284 3298 1652 3365 sanctissimi;
1683 3306 1796 3353 tota
1823 3295 1967 3352 idem
1992 3295 2039 3317 υ
2073 3322 2328 3364 masccno
2362 3317 2588 3363 auclore
2623 3324 2636 3360 ε
2669 3305 2823 3370 ilem’
2857 3304 3003 3376 quod
3041 3304 3386 3361 Maximus“)
3411 3307 3642 3376 epislma

402 3398 671 3469 generalis
721 3396 954 3466 septima
983 3394 1222 3466 synodus
1249 3409 1348 3466 per
1393 3401 1643 3448 sanctum
1678 3389 1966 3445 Tarasium

403 3489 774 3560 patriarcliam
812 3487 1501 3558 Constantinopolitanum,
1535 3484 1760 3540 credere
1784 3483 1971 3537 dicen-

405 3595 517 3640 tem
553 3585 607 3637 in
643 3581 905 3650 Spiritum
937 3589 1203 3646 sanctum,
1240 3578 1335 3649 qui
1357 3593 1422 3633 ex
1459 3576 1615 3632 Patre
1640 3591 1737 3647 per
1773 3575 1971 3630 Filium

406 3675 688 3748 procedit,
713 3674 858 3730 Deus
899 3687 1118 3743 quoque
1148 3671 1264 3742 ipse
1297 3685 1418 3738 esse
1463 3668 1835 3740 cognoscitur.
1865 3667 1971 3723 Alii

405 3784 538 3825 vero
565 3783 635 3824 ex
666 3767 778 3823 Deo
811 3781 920 3838 per
941 3764 1138 3821 Filium
1171 3779 1312 3832 esse,
1340 3763 1594 3819 videlicet
1621 3763 1886 3829 Spiritum
1907 3775 1975 3815 ex

403 3861 522 3916 Deo
552 3874 648 3930 per
676 3857 962 3926 Verbum,
1003 3867 1058 3913 et
1082 3872 1155 3913 ex
1205 3857 1368 3912 Patre
1396 3871 1494 3927 per
1510 3855 1720 3911 Filium
1780 3867 1974 3922 proce-

405 3955 724 4023 derc;qua2
761 3966 944 4007 omnia
976 3949 1118 4006 idem
1167 3959 1331 4019 atque
1381 3947 1581 4017 epirari
1640 3945 1970 4017 signiﬁcant,

406 4059 462 4103 et
511 4062 653 4114 esse,
686 4055 742 4102 et
769 4044 1181 4100 subsistentiam
1215 4042 1438 4098 habere.
1467 4040 1545 4095 Ex
1577 4038 1779 4110 quibus
1829 4045 1978 4109 patet

409 4138 948 4211 quod.Theodoritus
988 4145 1156 4204 errat,
1199 4133 1380 4206 quoad
1408 4135 1638 4189 alteram
1673 4139 1883 4203 partem
1909 4129 1976 4185 ad

408 4231 612 4297 minus,
641 4244 762 4286 eam
805 4227 1080 4295 videlicet,
1119 4241 1227 4296 qua
1256 4233 1416 4296 negat
1474 4223 1743 4294 Spiritum
1795 4222 1977 4277 subsi-

412 4333 558 4380 stere
589 4337 695 4393 per.
713 4320 910 4376 Filium
939 4338 954 4374 :
987 4320 1174 4376 Patres
1212 4328 1392 4372 tamen
1419 4315 1635 4372 concilii
1666 4323 1976 4380 tacuerunt,

411 4430 478 4468 eo
535 4413 698 4468 etiam
733 4411 900 4466 .ltanc
945 4419 1154 4480 partem
1221 4417 1491 4478 negante;
1558 4407 1632 4461 ita
1680 4417 1738 4460 ut
1789 4420 1979 4460 eorum

411 4509 688 4564 silentium
723 4521 828 4560 non
872 4505 1075 4560 debeat
1109 4501 1266 4556 nobis
1298 4499 1612 4556 testimonio
1649 4513 1793 4559 csse,
1833 4499 1978 4567 quod

2071 3400 2139 3455 ad
2205 3399 2472 3454 Marinum
2529 3399 2598 3454 de
2647 3399 2910 3455 Romanis
2955 3399 3051 3464 ait,
3089 3399 3236 3469 quod
3278 3400 3489 3456 scilicet
3537 3415 3645 3454 non

2071 3501 2278 3562 ponant
2313 3490 2508 3546 Filium
2541 3505 2759 3546 causam
2797 3489 3039 3561 Spiritus
3069 3506 3224 3557 esse;
3263 3508 3386 3561 qua!
3415 3490 3483 3547 ad
3532 3492 3647 3547 haec

2074 3582 2252 3637 Latini
2308 3582 2518 3648 dicunt,
2545 3597 2647 3653 ego
2699 3597 2809 3638 non
2847 3582 3048 3648 dicam,
3077 3583 3223 3652 quod
3280 3585 3494 3638 scilicet
3547 3597 3678 3638 ncc~

2075 3673 2208 3730 illud
2241 3673 2559 3730 Damasceni
2591 3674 2846 3730 omnibus
2889 3674 2945 3729 in
2974 3674 3096 3746 ejus
3125 3674 3281 3729 libris
3317 3675 3647 3740 inveniatur,

2073 3771 2332 3842 quodque
2379 3770 2612 3841 epistola
2661 3769 2880 3825 Maximi
2929 3785 3041 3826 non
3080 3779 3165 3825 est
3209 3770 3351 3840 ejus,
3387 3783 3511 3824 cum
3549 3782 3651 3823 inec
3747 3764 3751 3768 ί

2078 3864 2302 3934 ubique.
2337 3879 2440 3918 nec
2481 3863 2964 3932 inantiquioribus
2995 3860 3342 3923 condicibus,
3370 3860 3650 3916 nec-inter

2075 3973 2240 4028 Opera
2285 3958 2406 4026 ejus
2456 3957 2791 4020 inveniatur,
2828 3955 3086 4026 quodque
3138 3953 3391 4010 nonnulli
3438 3963 3655 4007 nostro-

2078 4066 2199 4104 rum
2225 4052 2392 4104 etiam
2425 4063 2546 4104 eam
2584 4064 2692 4104 non
2731 4063 2855 4103 esse
2913 4062 3068 4102 suam
3106 4055 3336 4117 putant:
3384 4046 3532 4110 haec,
3572 4044 3653 4098 in-

2077 4156 2264 4211 quam,
2299 4155 2413 4195 non
2435 4139 2647 4206 dicam;
2681 4138 2775 4194 sed
2805 4139 3098 4194 concedam
3129 4139 3244 4192 haec
3286 4137 3501 4191 illorum
3533 4150 3655 4190 esse

2078 4231 2366 4287 doctorum
2401 4241 2456 4286 et
2487 4231 2652 4286 verba
2670 4239 2726 4284 et
2759 4229 3082 4285 sententias.
3105 4229 3319 4283 Dixisse
3351 4238 3530 4283 tamen
3557 4242 3658 4282 eos

2081 4322 2196 4376 li-cc
2227 4335 2335 4391 ego
2361 4320 2566 4384 dicam,
2608 4334 2676 4374 ne
2724 4321 2850 4390 quis
2896 4319 3255 4389 principalem
3285 4333 3506 4374 causam
3535 4317 3658 4388 Spi-

2083 4417 2220 4467 ritus
2252 4421 2404 4483 putct
2439 4411 2662 4475 Filium,
2697 4413 2853 4480 quasi
2905 4426 3016 4465 non
3061 4426 3090 4463 a
3135 4411 3297 4465 Patre
3339 4411 3566 4479 ceperit,
3598 4419 3660 4464 ut

2082 4522 2180 4575 per
2235 4519 2361 4560 cum
2419 4502 2656 4573 Spiritus
2705 4513 2928 4559 sanctus
2989 4502 3281 4586 procedat.
3337 4501 3661 4557 Communis
3754 4489 3760 4497 ’

413 4614 517 4652 πιθα
541 4612 608 4650 ει
633 4596 803 4658 Filio,
832 4609 933 4649 “cc
964 4609 1061 4663 Ρθτ
1093 4591 1289 4646 Filium
1321 4591 1562 4662 Spiritus
1607 4589 1808 4644 habeat
1849 4589 1976 4644 ⁵⁸³1)·
2013 4608 2051 4661 D
2081 4601 2227 4655 enim
2263 4600 2457 4670 [iugum
2491 4600 2804 4654 Graecorum
2831 4615 2984 4664 usus,
3018 4603 3149 4653 ‘cum
3179 4614 3276 4668 per
3303 4597 3652 4668 praepositio-

415 4688 739 4744 sistendum.
770 4685 924 4751 Quod
943 4687 1104 4739 .cnim
1128 4700 1222 4753 per
1243 4683 1449 4738 Filium
1478 4683 1757 4745 subsistat,
1779 4690 1983 4736 testan-

419 4795 512 4836 tur
539 4795 628 4849 QUI
658 4793 783 4832 cum
809 4793 907 4847 per
935 4777 1131 4832 Filium
1164 4779 1458 4846 procedere
1481 4775 1740 4830 dixerunt
1767 4793 1781 4830 :
1813 4772 1985 4842 siqui-

418 4873 545 4927 dem
604 4869 922 4940 preccdere,
958 4868 1122 4923 etiam
1183 4868 1486 4923 secundum
1529 4879 1749 4926 nostros
1805 4867 1983 4937 ipsum

419 4961 720 5017 subsistere
751 4958 1052 5029 signiﬁcat:
1087 4971 1212 5010 cum
1252 4966 1430 5013 tamen
1462 4959 1624 5028 longo
1657 4967 1780 5028 post
1805 4956 1987 5012 Theo-

421 5055 659 5110 doritum
684 5059 928 5117 tempore
953 5048 1176 5112 fuerint,
1205 5057 1259 5103 et
1279 5048 1592 5104 audiverint
1615 5049 1836 5117 quidem
1860 5063 1986 5103 eum

423 5146 538 5199 haec
573 5141 860 5202 dicentem,
917 5137 1182 5194 sciverint
1227 5145 1408 5192 autem
1455 5152 1665 5192 sacram
1719 5138 1987 5208 synodum

423 5239 488 5294 ad
532 5237 649 5290 ltmc
680 5231 942 5296 tacuisse,
981 5240 1220 5284 attamen
1246 5245 1352 5283 non
1381 5229 1694 5300 judicarunt
1722 5245 1848 5284 eum
1871 5245 1990 5286 esse

423 5330 784 5404 sequendum.
818 5323 1156 5382 Theodorito
1182 5323 1329 5377 enim
1364 5332 1419 5378 et
1455 5323 1602 5392 quod
1647 5339 1713 5378 ex
1743 5323 1903 5385 Filio,
1937 5332 1989 5377 et

424 5423 570 5493 quod
605 5436 702 5492 per
733 5418 931 5474 Filium
983 5414 1248 5472 subsistat
1276 5412 1536 5490 Spiritus,
1567 5424 1822 5485 negante,
1855 5415 1991 5470 bea-

426 5524 516 5568 tus
572 5516 809 5566 Joannes
871 5504 1282 5569 Dam'ascenus,
1343 5504 1490 5574 quod
1551 5519 1617 5559 ex
1674 5502 1835 5568 Filio,
1878 5505 1993 5575 ipse

427 5621 646 5676 quoque
675 5611 870 5673 negat:
904 5616 1010 5672 qua
1034 5613 1164 5654 vero
1191 5597 1432 5662 ratione,
1459 5596 1622 5666 paulo
1653 5605 1778 5665 post
1818 5597 1995 5665 expli-

429 5699 698 5752 minimus.
757 5695 912 5762 Quod
945 5689 1124 5748 autem
1151 5706 1248 5760 per
1279 5688 1474 5744 Filium
1509 5689 1788 5757 procedat,
1815 5688 1866 5742 id
1887 5698 1997 5754 est,

430 5791 709 5853 subsistat,
757 5789 860 5842 hoc
898 5797 1162 5842 utrorum
1210 5784 1387 5853 ponit.
1425 5781 1582 5848 Quod
1630 5784 1676 5835 si
1707 5781 1831 5850 quis
1866 5781 1997 5834 illud

427 5883 588 5940 nobis
621 5889 853 5952 opponat
877 5920 890 5946 ,
924 5878 1082 5934 Solus
1117 5876 1278 5933 Pater
1317 5886 1400 5933 est
1432 5889 1594 5930 causa
1616 5913 1630 5941 ,
1662 5873 1866 5930 Joanne
1898 5873 2000 5930 Da-

2085 4708 2208 4748 ncm
2240 4709 2305 4746 ea:
2357 4691 2717 4763 principalem
2755 4690 3030 4761 signiﬁcet
3069 4705 3312 4751 causam,
3371 4699 3428 4745 ct
3472 4691 3662 4745 Dama-

2086 4798 2308 4838 scenum
2344 4782 2546 4852 coegit,
2564 4797 2670 4836 non
2701 4796 2770 4837 ex
2798 4782 2965 4847 Filio,
2991 4781 3088 4836 sed
3116 4796 3213 4850 per
3250 4780 3451 4835 Filium
3479 4779 3664 4835 dicere

2087 4875 2385 4947 procedere
2416 4873 2677 4942 Spiritum
2708 4881 2990 4928 sanctum:
3035 4881 3088 4927 et
3120 4872 3436 4936 Maximum,
3462 4871 3608 4941 quod
3632 4886 3662 4925 a

2089 4969 2349 5024 Romanis
2389 4967 2605 5022 dicetur
2644 4983 2710 5021 ex
2751 4963 2892 5020 Filio
2941 4953 3255 5034 procedere,
3281 4963 3424 5018 idem
3459 4963 3666 5034 signiﬁ-

2090 5076 2217 5116 care
2254 5060 2480 5124 sentire,
2515 5074 2578 5114 ac
2617 5059 2660 5113 si
2698 5058 2942 5112 dicerent
2983 5072 3080 5124 per
3107 5056 3306 5110 Filium
3343 5056 3665 5126 procedere.

2090 5151 2408 5218 Quanquam
2444 5151 2614 5212 enim,
2667 5148 2763 5212 ait,
2813 5161 2879 5200 ex
2924 5146 3064 5200 Filio
3097 5145 3368 5214 Spiritum
3416 5153 3667 5200 sanctum

2093 5239 2313 5310 prodire
2335 5237 2564 5291 Romani
2599 5229 2860 5300 iusserant,
2889 5226 3201 5306 praepositio
3230 5245 3413 5290 autem
3433 5251 3497 5288 ea:
3518 5235 3670 5305 prin-

2093 5332 2324 5400 cipalem
2365 5329 2638 5397 signiﬁcet
2662 5342 2903 5393 causam,
2938 5343 3049 5380 non
3092 5337 3270 5383 tamen
3305 5326 3428 5381 ideo
3455 5326 3669 5393 dicunt,

2097 5430 2157 5473 ut
2197 5419 2357 5474 talem
2398 5432 2620 5472 causam
2669 5417 2981 5486 signiﬁcent
3043 5416 3243 5472 Filium
3297 5432 3437 5473 esse.
3483 5416 3673 5470 Dama-

2098 5527 2296 5566 scenus
2349 5511 2536 5576 etiam,
2594 5505 2677 5563 Ea:
2707 5509 2844 5563 Filio
2882 5509 3103 5578 quidem
3155 5509 3412 5578 Spiritus,
3473 5508 3673 5578 inquit,

2099 5601 2325 5655 minime
2355 5610 2460 5665 est,
2493 5614 2593 5668 per
2647 5598 2847 5653 Filium
2890 5607 3072 5652 autem
3109 5599 3459 5661 conceditur;
3523 5597 3674 5651 solus

2101 5707 2337 5761 namque
2400 5690 2561 5746 Pater
2616 5700 2701 5745 est
2744 5706 2904 5745 causa
2965 5692 3108 5752 talis.
3150 5692 3406 5745 videlicet
3455 5689 3672 5758 qualem

2103 5782 2216 5852 ipsa
2248 5797 2311 5834 ex
2341 5781 2629 5851 signiﬁcat.
2667 5780 2847 5847 Quare
2877 5782 3039 5836 talem
3072 5782 3293 5851 quidem
3325 5797 3545 5834 causam
3585 5795 3676 5832 ne—

2103 5884 2228 5947 gant
2258 5874 2453 5930 Filium
2496 5889 2616 5930 esse
2643 5893 2654 5928 :
2692 5875 3135 5946 praapositionem
3170 5885 3366 5950 autem
3396 5890 3487 5944 per
3519 5871 3672 5930 attri-
