  <div class='ocr_page' id='page_1' title='image "/cluster/home/n/w/nwhite01/storage/ocr_20150623/161/coo.31924054870666/382.png"; bbox 0 0 4136 6408; ppageno 0'>
   <div class='ocr_carea' id='block_1_1' title="bbox 394 469 501 531">
    <p class='ocr_par' dir='ltr' id='par_1_1' title="bbox 394 469 501 531">
     <span class='ocr_line' id='line_1_1' title="bbox 394 469 501 531; baseline 0 0"><span class='ocrx_word' id='word_1_1' title='bbox 394 469 501 531; x_wconf 57' lang='lat'><strong>595</strong></span> 
     </span>
    </p>
   </div>
   <div class='ocr_carea' id='block_1_2' title="bbox 1352 456 2684 529">
    <p class='ocr_par' dir='ltr' id='par_1_2' title="bbox 1352 456 2684 529">
     <span class='ocr_line' id='line_1_2' title="bbox 1352 456 2684 529; baseline 0.002 -2"><span class='ocrx_word' id='word_1_2' title='bbox 1352 456 1639 528; x_wconf 63' lang='lat' dir='ltr'><strong>ORATIO</strong></span> <span class='ocrx_word' id='word_1_3' title='bbox 1680 467 2120 528; x_wconf 71' lang='lat' dir='ltr'><strong>DOGMATICA</strong></span> <span class='ocrx_word' id='word_1_4' title='bbox 2168 466 2317 527; x_wconf 81' lang='lat' dir='ltr'><strong>PRO</strong></span> <span class='ocrx_word' id='word_1_5' title='bbox 2360 466 2684 529; x_wconf 77' lang='lat' dir='ltr'><strong>UNIONE.</strong></span> 
     </span>
    </p>
   </div>
   <div class='ocr_carea' id='block_1_3' title="bbox 3543 464 3656 528">
    <p class='ocr_par' dir='ltr' id='par_1_3' title="bbox 3543 464 3656 528">
     <span class='ocr_line' id='line_1_3' title="bbox 3543 464 3656 528; baseline -0.018 1"><span class='ocrx_word' id='word_1_6' title='bbox 3543 464 3656 528; x_wconf 69' lang='lat'><em>686</em></span> 
     </span>
    </p>
   </div>
   <div class='ocr_carea' id='block_1_4' title="bbox 393 570 3657 655">
    <p class='ocr_par' dir='ltr' id='par_1_4' title="bbox 393 570 3657 655">
     <span class='ocr_line' id='line_1_4' title="bbox 393 570 3657 655; baseline -0.001 -25"><span class='ocrx_word' id='word_1_7' title='bbox 393 580 545 631; x_wconf 60' lang='grc' dir='ltr'><strong>ἔστιν</strong></span> <span class='ocrx_word' id='word_1_8' title='bbox 573 576 766 640; x_wconf 75' lang='grc' dir='ltr'><strong>αἴτιον,</strong></span> <span class='ocrx_word' id='word_1_9' title='bbox 817 570 927 628; x_wconf 76' lang='grc' dir='ltr'><strong>οἷον</strong></span> <span class='ocrx_word' id='word_1_10' title='bbox 960 577 991 646; x_wconf 80' lang='grc' dir='ltr'>ἡ</span> <span class='ocrx_word' id='word_1_11' title='bbox 1024 575 1113 641; x_wconf 68' lang='grc' dir='ltr'><strong>ἐκ,</strong></span> <span class='ocrx_word' id='word_1_12' title='bbox 1182 576 1378 646; x_wconf 87' lang='grc' dir='ltr'><strong>δηλοῦν</strong></span> <span class='ocrx_word' id='word_1_13' title='bbox 1398 578 1646 648; x_wconf 84' lang='grc' dir='ltr'><strong>βούλεται</strong></span> <span class='ocrx_word' id='word_1_14' title='bbox 1704 578 1874 655; x_wconf 86' lang='grc' dir='ltr'><strong>ταύτῃ</strong></span> <span class='ocrx_word' id='word_1_15' title='bbox 1898 593 1979 630; x_wconf 85' lang='grc' dir='ltr'><strong>τοι</strong></span> <span class='ocrx_word' id='word_1_16' title='bbox 2011 580 2053 635; x_wconf 75' lang='grc' dir='ltr'><strong>Δ</strong></span> <span class='ocrx_word' id='word_1_17' title='bbox 2087 597 2177 632; x_wconf 79' lang='grc' dir='ltr'><strong>σεν</strong></span> <span class='ocrx_word' id='word_1_18' title='bbox 2204 579 2471 647; x_wconf 86' lang='grc' dir='ltr'><strong>ἀπολογία</strong></span> <span class='ocrx_word' id='word_1_19' title='bbox 2502 579 2615 641; x_wconf 77' lang='grc' dir='ltr'><strong>τοῖς</strong></span> <span class='ocrx_word' id='word_1_20' title='bbox 2641 576 2967 647; x_wconf 79' lang='grc' dir='ltr'><strong>κακούργως</strong></span> <span class='ocrx_word' id='word_1_21' title='bbox 3011 573 3268 629; x_wconf 75' lang='grc' dir='ltr'><strong>ἐντεῦθεν</strong></span> <span class='ocrx_word' id='word_1_22' title='bbox 3315 574 3657 645; x_wconf 71' lang='grc' dir='ltr'><strong>ὲπιχειροῦσι</strong></span> 
     </span>
    </p>
   </div>
   <div class='ocr_carea' id='block_1_5' title="bbox 394 664 1976 739">
    <p class='ocr_par' dir='ltr' id='par_1_5' title="bbox 394 664 1976 739">
     <span class='ocr_line' id='line_1_5' title="bbox 394 664 1976 739; baseline 0 -18"><span class='ocrx_word' id='word_1_23' title='bbox 394 669 494 739; x_wconf 82' lang='grc' dir='ltr'><strong>τὴν</strong></span> <span class='ocrx_word' id='word_1_24' title='bbox 526 668 625 736; x_wconf 77' lang='grc' dir='ltr'><strong>μὲν</strong></span> <span class='ocrx_word' id='word_1_25' title='bbox 652 664 905 735; x_wconf 74' lang='grc' dir='ltr'><strong>τοιαύτην</strong></span> <span class='ocrx_word' id='word_1_26' title='bbox 932 668 1111 720; x_wconf 84' lang='grc' dir='ltr'><strong>αἰτίαν</strong></span> <span class='ocrx_word' id='word_1_27' title='bbox 1139 668 1451 738; x_wconf 72' lang='grc' dir='ltr'><strong>ἀρνοῦνται,</strong></span> <span class='ocrx_word' id='word_1_28' title='bbox 1481 668 1578 739; x_wconf 80' lang='grc' dir='ltr'><strong>τὴν</strong></span> <span class='ocrx_word' id='word_1_29' title='bbox 1634 668 1733 722; x_wconf 78' lang='grc' dir='ltr'><strong>διὰ</strong></span> <span class='ocrx_word' id='word_1_30' title='bbox 1785 670 1840 721; x_wconf 83' lang='grc' dir='ltr'><strong>δὲ</strong></span> <span class='ocrx_word' id='word_1_31' title='bbox 1878 668 1976 739; x_wconf 82' lang='grc' dir='ltr'><strong>μό-</strong></span> 
     </span>
    </p>
   </div>
   <div class='ocr_carea' id='block_1_6' title="bbox 396 754 1977 831">
    <p class='ocr_par' dir='ltr' id='par_1_6' title="bbox 396 754 1977 831">
     <span class='ocr_line' id='line_1_6' title="bbox 396 754 1977 831; baseline 0 -18"><span class='ocrx_word' id='word_1_32' title='bbox 396 775 487 813; x_wconf 90' lang='grc' dir='ltr'><strong>νον</strong></span> <span class='ocrx_word' id='word_1_33' title='bbox 515 758 855 827; x_wconf 76' lang='grc' dir='ltr'><strong>ἀπονέμουσι</strong></span> <span class='ocrx_word' id='word_1_34' title='bbox 891 758 968 828; x_wconf 78' lang='grc' dir='ltr'><strong>τῷ</strong></span> <span class='ocrx_word' id='word_1_35' title='bbox 1000 760 1139 828; x_wconf 83' lang='grc' dir='ltr'><strong>Υἱῷ,</strong></span> <span class='ocrx_word' id='word_1_36' title='bbox 1170 760 1238 813; x_wconf 86' lang='grc' dir='ltr'><strong>δι’</strong></span> <span class='ocrx_word' id='word_1_37' title='bbox 1271 754 1339 831; x_wconf 78' lang='grc' dir='ltr'><strong>ἧς</strong></span> <span class='ocrx_word' id='word_1_38' title='bbox 1369 761 1428 813; x_wconf 89' lang='lat'><strong>16</strong></span> <span class='ocrx_word' id='word_1_39' title='bbox 1455 762 1730 814; x_wconf 76' lang='grc' dir='ltr'><strong>συναίτιον</strong></span> <span class='ocrx_word' id='word_1_40' title='bbox 1758 762 1977 823; x_wconf 75' lang='grc' dir='ltr'><strong>παντως</strong></span> 
     </span>
    </p>
   </div>
   <div class='ocr_carea' id='block_1_7' title="bbox 398 850 1978 922">
    <p class='ocr_par' dir='ltr' id='par_1_7' title="bbox 398 850 1978 922">
     <span class='ocr_line' id='line_1_7' title="bbox 398 850 1978 922; baseline 0.002 -20"><span class='ocrx_word' id='word_1_41' title='bbox 398 850 674 919; x_wconf 84' lang='grc' dir='ltr'><strong>δηλοῦται.</strong></span> <span class='ocrx_word' id='word_1_42' title='bbox 708 852 807 902; x_wconf 72' lang='grc' dir='ltr'><strong>Διὰ</strong></span> <span class='ocrx_word' id='word_1_43' title='bbox 829 850 937 920; x_wconf 76' lang='grc' dir='ltr'><strong>γὰρ</strong></span> <span class='ocrx_word' id='word_1_44' title='bbox 971 852 1032 903; x_wconf 87' lang='lat'><strong>16</strong></span> <span class='ocrx_word' id='word_1_45' title='bbox 1064 851 1132 903; x_wconf 79' lang='grc' dir='ltr'><strong>δι’</strong></span> <span class='ocrx_word' id='word_1_46' title='bbox 1163 852 1331 905; x_wconf 84' lang='grc' dir='ltr'><strong>αὑτοῦ</strong></span> <span class='ocrx_word' id='word_1_47' title='bbox 1373 853 1649 922; x_wconf 84' lang='grc' dir='ltr'><strong>προῖέναι,</strong></span> <span class='ocrx_word' id='word_1_48' title='bbox 1697 854 1830 921; x_wconf 75' lang='grc' dir='ltr'><strong>φησί</strong></span> <span class='ocrx_word' id='word_1_49' title='bbox 1858 853 1978 906; x_wconf 73' lang='grc' dir='ltr'><strong>Μαι-</strong></span> 
     </span>
    </p>
   </div>
   <div class='ocr_carea' id='block_1_8' title="bbox 402 942 1980 1014">
    <p class='ocr_par' dir='ltr' id='par_1_8' title="bbox 402 942 1980 1014">
     <span class='ocr_line' id='line_1_8' title="bbox 402 942 1980 1014; baseline 0.002 -19"><span class='ocrx_word' id='word_1_50' title='bbox 402 942 579 1013; x_wconf 84' lang='grc' dir='ltr'><strong>ξιμος,</strong></span> <span class='ocrx_word' id='word_1_51' title='bbox 609 943 669 994; x_wconf 87' lang='lat'><strong>16</strong></span> <span class='ocrx_word' id='word_1_52' title='bbox 718 942 941 1012; x_wconf 82' lang='grc' dir='ltr'><strong>Πνεῦμα</strong></span> <span class='ocrx_word' id='word_1_53' title='bbox 980 943 1042 995; x_wconf 87' lang='lat'><strong>16</strong></span> <span class='ocrx_word' id='word_1_54' title='bbox 1094 942 1272 1010; x_wconf 68' lang='grc' dir='ltr'><strong>ἅγιον,</strong></span> <span class='ocrx_word' id='word_1_55' title='bbox 1334 944 1476 1014; x_wconf 78' lang='grc' dir='ltr'><strong>ὅπερ</strong></span> <span class='ocrx_word' id='word_1_56' title='bbox 1533 944 1768 1014; x_wconf 83' lang='grc' dir='ltr'><strong>ἀλλαχοῦ</strong></span> <span class='ocrx_word' id='word_1_57' title='bbox 1816 961 1980 1013; x_wconf 89' lang='grc' dir='ltr'><strong>φησιν</strong></span> 
     </span>
    </p>
   </div>
   <div class='ocr_carea' id='block_1_9' title="bbox 400 1034 1981 1107">
    <p class='ocr_par' dir='ltr' id='par_1_9' title="bbox 400 1034 1981 1107">
     <span class='ocr_line' id='line_1_9' title="bbox 400 1034 1981 1107; baseline -0.001 -18"><span class='ocrx_word' id='word_1_58' title='bbox 400 1034 565 1099; x_wconf 81' lang='grc' dir='ltr'><strong>αὐτὸς</strong></span> <span class='ocrx_word' id='word_1_59' title='bbox 607 1034 1011 1104; x_wconf 71' lang='grc' dir='ltr'><strong>ἐκπορεύεσθαι</strong></span> <span class='ocrx_word' id='word_1_60' title='bbox 1044 1034 1114 1088; x_wconf 83' lang='grc' dir='ltr'><strong>δι’</strong></span> <span class='ocrx_word' id='word_1_61' title='bbox 1150 1034 1319 1089; x_wconf 80' lang='grc' dir='ltr'><strong>αὑτοῦ</strong></span> <span class='ocrx_word' id='word_1_62' title='bbox 1341 1073 1359 1099; x_wconf 85' lang='grc'><strong>,</strong></span> <span class='ocrx_word' id='word_1_63' title='bbox 1392 1035 1454 1101; x_wconf 74' lang='grc' dir='ltr'>ἐξ</span> <span class='ocrx_word' id='word_1_64' title='bbox 1494 1035 1657 1089; x_wconf 77' lang='grc' dir='ltr'><strong>αὐτοῦ</strong></span> <span class='ocrx_word' id='word_1_65' title='bbox 1686 1037 1837 1107; x_wconf 69' lang='grc' dir='ltr'><strong>παρὰ</strong></span> <span class='ocrx_word' id='word_1_66' title='bbox 1871 1038 1981 1088; x_wconf 86' lang='grc' dir='ltr'><strong>τῶν</strong></span> 
     </span>
    </p>
   </div>
   <div class='ocr_carea' id='block_1_10' title="bbox 413 1124 1983 1197">
    <p class='ocr_par' dir='ltr' id='par_1_10' title="bbox 413 1124 1983 1197">
     <span class='ocr_line' id='line_1_10' title="bbox 413 1124 1983 1197; baseline 0 -18"><span class='ocrx_word' id='word_1_67' title='bbox 413 1126 707 1196; x_wconf 86' lang='grc' dir='ltr'><strong>Ῥωμαίων</strong></span> <span class='ocrx_word' id='word_1_68' title='bbox 763 1124 1166 1195; x_wconf 76' lang='grc' dir='ltr'><strong>ἐκπορεύεσθαι</strong></span> <span class='ocrx_word' id='word_1_69' title='bbox 1195 1126 1454 1193; x_wconf 85' lang='grc' dir='ltr'><strong>λέγεται·</strong></span> <span class='ocrx_word' id='word_1_70' title='bbox 1508 1128 1603 1179; x_wconf 84' lang='grc' dir='ltr'><strong>καὶ</strong></span> <span class='ocrx_word' id='word_1_71' title='bbox 1632 1129 1659 1179; x_wconf 99' lang='lat'><strong>6</strong></span> <span class='ocrx_word' id='word_1_72' title='bbox 1689 1130 1983 1197; x_wconf 83' lang='grc' dir='ltr'><strong>Δαμασκη-</strong></span> 
     </span>
    </p>
   </div>
   <div class='ocr_carea' id='block_1_11' title="bbox 402 1217 1981 1288">
    <p class='ocr_par' dir='ltr' id='par_1_11' title="bbox 402 1217 1981 1288">
     <span class='ocr_line' id='line_1_11' title="bbox 402 1217 1981 1288; baseline -0.001 -15"><span class='ocrx_word' id='word_1_73' title='bbox 402 1219 517 1283; x_wconf 73' lang='grc' dir='ltr'><strong>νὸς,</strong></span> <span class='ocrx_word' id='word_1_74' title='bbox 547 1222 612 1272; x_wconf 85' lang='grc' dir='ltr'><strong>ὲκ</strong></span> <span class='ocrx_word' id='word_1_75' title='bbox 639 1220 855 1288; x_wconf 73' lang='grc' dir='ltr'><strong>Πατρδς</strong></span> <span class='ocrx_word' id='word_1_76' title='bbox 890 1219 956 1273; x_wconf 80' lang='grc' dir='ltr'><strong>δι’</strong></span> <span class='ocrx_word' id='word_1_77' title='bbox 990 1217 1124 1272; x_wconf 85' lang='grc' dir='ltr'>Υἰοῦ</span> <span class='ocrx_word' id='word_1_78' title='bbox 1158 1217 1578 1288; x_wconf 69' lang='grc' dir='ltr'><strong>ἐκπορεύεσθαι.</strong></span> <span class='ocrx_word' id='word_1_79' title='bbox 1617 1220 1683 1271; x_wconf 81' lang='lat' dir='ltr'><strong>&quot;A</strong></span> <span class='ocrx_word' id='word_1_80' title='bbox 1722 1219 1981 1287; x_wconf 76' lang='grc' dir='ltr'><strong>καθαρῶς</strong></span> 
     </span>
    </p>
   </div>
   <div class='ocr_carea' id='block_1_12' title="bbox 403 1310 1981 1381">
    <p class='ocr_par' dir='ltr' id='par_1_12' title="bbox 403 1310 1981 1381">
     <span class='ocr_line' id='line_1_12' title="bbox 403 1310 1981 1381; baseline 0.001 -17"><span class='ocrx_word' id='word_1_81' title='bbox 403 1312 589 1365; x_wconf 90' lang='grc' dir='ltr'><strong>αἰτίαν</strong></span> <span class='ocrx_word' id='word_1_82' title='bbox 620 1311 950 1381; x_wconf 82' lang='grc' dir='ltr'><strong>σημαίνουσι</strong></span> <span class='ocrx_word' id='word_1_83' title='bbox 973 1310 1063 1364; x_wconf 84' lang='lat' dir='ltr'><em>16v</em></span> <span class='ocrx_word' id='word_1_84' title='bbox 1086 1310 1236 1376; x_wconf 77' lang='grc' dir='ltr'><strong>Υίὸν,</strong></span> <span class='ocrx_word' id='word_1_85' title='bbox 1267 1310 1388 1364; x_wconf 75' lang='grc' dir='ltr'><strong>οἷαν</strong></span> <span class='ocrx_word' id='word_1_86' title='bbox 1416 1313 1510 1365; x_wconf 78' lang='grc' dir='ltr'><strong>καὶ</strong></span> <span class='ocrx_word' id='word_1_87' title='bbox 1537 1313 1565 1365; x_wconf 92' lang='lat'><strong>6</strong></span> <span class='ocrx_word' id='word_1_88' title='bbox 1594 1312 1803 1381; x_wconf 81' lang='grc' dir='ltr'><strong>Πατὴρ,</strong></span> <span class='ocrx_word' id='word_1_89' title='bbox 1828 1312 1981 1365; x_wconf 65' lang='grc' dir='ltr'><strong>οὐδὲν</strong></span> 
     </span>
    </p>
   </div>
   <div class='ocr_carea' id='block_1_13' title="bbox 404 1402 1983 1474">
    <p class='ocr_par' dir='ltr' id='par_1_13' title="bbox 404 1402 1983 1474">
     <span class='ocr_line' id='line_1_13' title="bbox 404 1402 1983 1474; baseline -0.001 -18"><span class='ocrx_word' id='word_1_90' title='bbox 404 1405 516 1474; x_wconf 80' lang='grc' dir='ltr'><strong>γὰρ</strong></span> <span class='ocrx_word' id='word_1_91' title='bbox 547 1403 699 1473; x_wconf 84' lang='grc' dir='ltr'><strong>παρά</strong></span> <span class='ocrx_word' id='word_1_92' title='bbox 738 1402 816 1473; x_wconf 83' lang='grc' dir='ltr'><strong>τῷ</strong></span> <span class='ocrx_word' id='word_1_93' title='bbox 848 1402 961 1474; x_wconf 88' lang='grc' dir='ltr'><strong>Υίῷ</strong></span> <span class='ocrx_word' id='word_1_94' title='bbox 1000 1403 1221 1468; x_wconf 82' lang='grc' dir='ltr'><strong>ἀτελὲς,</strong></span> <span class='ocrx_word' id='word_1_95' title='bbox 1253 1404 1302 1457; x_wconf 90' lang='grc' dir='ltr'><strong>εἰ</strong></span> <span class='ocrx_word' id='word_1_96' title='bbox 1334 1406 1427 1457; x_wconf 82' lang='grc' dir='ltr'><strong>καὶ</strong></span> <span class='ocrx_word' id='word_1_97' title='bbox 1462 1403 1541 1474; x_wconf 77' lang='grc' dir='ltr'><strong>μὴ</strong></span> <span class='ocrx_word' id='word_1_98' title='bbox 1573 1404 1827 1473; x_wconf 84' lang='grc' dir='ltr'><strong>ἀρχοειδῆ</strong></span> <span class='ocrx_word' id='word_1_99' title='bbox 1851 1403 1983 1456; x_wconf 82' lang='grc' dir='ltr'><strong>ταύ-</strong></span> 
     </span>
    </p>
   </div>
   <div class='ocr_carea' id='block_1_14' title="bbox 403 1494 1982 1565">
    <p class='ocr_par' dir='ltr' id='par_1_14' title="bbox 403 1494 1982 1565">
     <span class='ocr_line' id='line_1_14' title="bbox 403 1494 1982 1565; baseline -0.001 -18"><span class='ocrx_word' id='word_1_100' title='bbox 403 1511 547 1565; x_wconf 87' lang='grc' dir='ltr'><strong>την,</strong></span> <span class='ocrx_word' id='word_1_101' title='bbox 600 1495 736 1564; x_wconf 79' lang='grc' dir='ltr'><strong>μηδὲ</strong></span> <span class='ocrx_word' id='word_1_102' title='bbox 800 1496 1327 1565; x_wconf 74' lang='grc' dir='ltr'><strong>προκαταρκτικὴν·</strong></span> <span class='ocrx_word' id='word_1_103' title='bbox 1386 1494 1547 1547; x_wconf 89' lang='grc' dir='ltr'><strong>τοῦτο</strong></span> <span class='ocrx_word' id='word_1_104' title='bbox 1598 1496 1708 1563; x_wconf 70' lang='grc' dir='ltr'><strong>γὰρ</strong></span> <span class='ocrx_word' id='word_1_105' title='bbox 1751 1495 1982 1559; x_wconf 76' lang='grc' dir='ltr'><strong>δεδιότες</strong></span> 
     </span>
    </p>
   </div>
   <div class='ocr_carea' id='block_1_15' title="bbox 404 1583 1983 1656">
    <p class='ocr_par' dir='ltr' id='par_1_15' title="bbox 404 1583 1983 1656">
     <span class='ocr_line' id='line_1_15' title="bbox 404 1583 1983 1656; baseline 0.001 -18"><span class='ocrx_word' id='word_1_106' title='bbox 404 1585 775 1656; x_wconf 84' lang='grc' dir='ltr'><strong>ἀπαρνοῦνται</strong></span> <span class='ocrx_word' id='word_1_107' title='bbox 805 1585 914 1638; x_wconf 85' lang='grc' dir='ltr'><strong>ἀπὸ</strong></span> <span class='ocrx_word' id='word_1_108' title='bbox 945 1583 1042 1637; x_wconf 85' lang='grc' dir='ltr'><strong>τοῦ</strong></span> <span class='ocrx_word' id='word_1_109' title='bbox 1079 1584 1210 1638; x_wconf 89' lang='grc' dir='ltr'><strong>Υἰοῦ</strong></span> <span class='ocrx_word' id='word_1_110' title='bbox 1257 1588 1355 1646; x_wconf 82' lang='grc' dir='ltr'><strong>τὴν</strong></span> <span class='ocrx_word' id='word_1_111' title='bbox 1398 1585 1599 1651; x_wconf 87' lang='grc' dir='ltr'><strong>αἰτίαν,</strong></span> <span class='ocrx_word' id='word_1_112' title='bbox 1663 1587 1760 1639; x_wconf 59' lang='grc' dir='ltr'><strong>καὶ⁸</strong></span> <span class='ocrx_word' id='word_1_113' title='bbox 1807 1586 1983 1648; x_wconf 78' lang='grc' dir='ltr'><strong>ἄλλως</strong></span> 
     </span>
    </p>
   </div>
   <div class='ocr_carea' id='block_1_16' title="bbox 405 1677 1983 1748">
    <p class='ocr_par' dir='ltr' id='par_1_16' title="bbox 405 1677 1983 1748">
     <span class='ocr_line' id='line_1_16' title="bbox 405 1677 1983 1748; baseline 0 -17"><span class='ocrx_word' id='word_1_114' title='bbox 405 1695 491 1742; x_wconf 87' lang='grc' dir='ltr'><strong>τε,</strong></span> <span class='ocrx_word' id='word_1_115' title='bbox 522 1678 656 1732; x_wconf 81' lang='grc' dir='ltr'><strong>διότι</strong></span> <span class='ocrx_word' id='word_1_116' title='bbox 708 1678 886 1732; x_wconf 81' lang='grc' dir='ltr'><strong>πάντα</strong></span> <span class='ocrx_word' id='word_1_117' title='bbox 916 1678 1015 1731; x_wconf 83' lang='grc' dir='ltr'><strong>ὅσα</strong></span> <span class='ocrx_word' id='word_1_118' title='bbox 1044 1679 1074 1730; x_wconf 93' lang='lat'><strong>6</strong></span> <span class='ocrx_word' id='word_1_119' title='bbox 1124 1679 1251 1742; x_wconf 82' lang='grc' dir='ltr'><strong>Υἰδς</strong></span> <span class='ocrx_word' id='word_1_120' title='bbox 1282 1677 1419 1748; x_wconf 76' lang='grc' dir='ltr'><strong>ἔχει,</strong></span> <span class='ocrx_word' id='word_1_121' title='bbox 1454 1680 1607 1748; x_wconf 73' lang='grc' dir='ltr'><strong>παρὰ</strong></span> <span class='ocrx_word' id='word_1_122' title='bbox 1635 1678 1728 1731; x_wconf 90' lang='grc' dir='ltr'><strong>τοῦ</strong></span> <span class='ocrx_word' id='word_1_123' title='bbox 1774 1680 1983 1748; x_wconf 69' lang='grc' dir='ltr'><strong>Πατρῦς</strong></span> 
     </span>
    </p>
   </div>
   <div class='ocr_carea' id='block_1_17' title="bbox 405 1769 1985 1843">
    <p class='ocr_par' dir='ltr' id='par_1_17' title="bbox 405 1769 1985 1843">
     <span class='ocr_line' id='line_1_17' title="bbox 405 1769 1985 1843; baseline 0 -20"><span class='ocrx_word' id='word_1_124' title='bbox 405 1770 522 1841; x_wconf 77' lang='grc' dir='ltr'><strong>ἔχει</strong></span> <span class='ocrx_word' id='word_1_125' title='bbox 561 1769 881 1835; x_wconf 76' lang='grc' dir='ltr'><strong>).α6ὼν,καὶ</strong></span> <span class='ocrx_word' id='word_1_126' title='bbox 906 1772 984 1834; x_wconf 83' lang='grc' dir='ltr'><strong>εἰς</strong></span> <span class='ocrx_word' id='word_1_127' title='bbox 1015 1770 1108 1825; x_wconf 84' lang='grc' dir='ltr'><strong>τὸν</strong></span> <span class='ocrx_word' id='word_1_128' title='bbox 1141 1772 1364 1843; x_wconf 81' lang='grc' dir='ltr'><strong>Πατέρα</strong></span> <span class='ocrx_word' id='word_1_129' title='bbox 1406 1772 1476 1823; x_wconf 75' lang='grc' dir='ltr'><strong>τὰ</strong></span> <span class='ocrx_word' id='word_1_130' title='bbox 1508 1770 1678 1824; x_wconf 89' lang='grc' dir='ltr'><strong>αὑτοῦ</strong></span> <span class='ocrx_word' id='word_1_131' title='bbox 1716 1772 1985 1841; x_wconf 81' lang='grc' dir='ltr'><strong>ἀναφέρε-</strong></span> 
     </span>
    </p>
   </div>
   <div class='ocr_carea' id='block_1_18' title="bbox 405 1861 1985 1933">
    <p class='ocr_par' dir='ltr' id='par_1_18' title="bbox 405 1861 1985 1933">
     <span class='ocr_line' id='line_1_18' title="bbox 405 1861 1985 1933; baseline -0.001 -17"><span class='ocrx_word' id='word_1_132' title='bbox 405 1879 501 1917; x_wconf 84' lang='grc' dir='ltr'><strong>τιι</strong></span> <span class='ocrx_word' id='word_1_133' title='bbox 539 1862 742 1927; x_wconf 80' lang='grc' dir='ltr'><strong>πάντα,</strong></span> <span class='ocrx_word' id='word_1_134' title='bbox 792 1861 975 1925; x_wconf 83' lang='grc' dir='ltr'><strong>καθὼς</strong></span> <span class='ocrx_word' id='word_1_135' title='bbox 1027 1864 1123 1917; x_wconf 77' lang='grc' dir='ltr'><strong>καὶ</strong></span> <span class='ocrx_word' id='word_1_136' title='bbox 1169 1865 1197 1917; x_wconf 89' lang='lat'><strong>6</strong></span> <span class='ocrx_word' id='word_1_137' title='bbox 1254 1864 1431 1933; x_wconf 82' lang='grc' dir='ltr'><strong>μέγας</strong></span> <span class='ocrx_word' id='word_1_138' title='bbox 1470 1863 1753 1927; x_wconf 81' lang='grc' dir='ltr'><strong>Βασίλειος</strong></span> <span class='ocrx_word' id='word_1_139' title='bbox 1814 1865 1873 1916; x_wconf 78' lang='grc' dir='ltr'><strong>ὲν</strong></span> <span class='ocrx_word' id='word_1_140' title='bbox 1906 1862 1985 1933; x_wconf 84' lang='grc' dir='ltr'><strong>τῷ</strong></span> 
     </span>
    </p>
   </div>
   <div class='ocr_carea' id='block_1_19' title="bbox 407 1936 2061 2027">
    <p class='ocr_par' dir='ltr' id='par_1_19' title="bbox 407 1936 2061 2027">
     <span class='ocr_line' id='line_1_19' title="bbox 407 1936 2061 2027; baseline 0.003 -23"><span class='ocrx_word' id='word_1_141' title='bbox 407 1953 581 2023; x_wconf 74' lang='grc' dir='ltr'><strong>ὀγδόῳ</strong></span> <span class='ocrx_word' id='word_1_142' title='bbox 637 1955 747 2007; x_wconf 86' lang='grc' dir='ltr'><strong>τῶν</strong></span> <span class='ocrx_word' id='word_1_143' title='bbox 778 1954 918 2024; x_wconf 80' lang='grc' dir='ltr'><strong>πρὸς</strong></span> <span class='ocrx_word' id='word_1_144' title='bbox 966 1954 1325 2025; x_wconf 84' lang='grc' dir='ltr'><strong>’Λμφιλόχιον</strong></span> <span class='ocrx_word' id='word_1_145' title='bbox 1365 1956 1647 2027; x_wconf 83' lang='grc' dir='ltr'><strong>κεφαλαίῳ</strong></span> <span class='ocrx_word' id='word_1_146' title='bbox 1688 1955 1858 2027; x_wconf 87' lang='grc' dir='ltr'><strong>φησί·</strong></span> <span class='ocrx_word' id='word_1_147' title='bbox 1886 1954 1985 2009; x_wconf 83' lang='grc' dir='ltr'><strong>Διὰ</strong></span> <span class='ocrx_word' id='word_1_148' title='bbox 2016 1936 2061 1995; x_wconf 73' lang='grc' dir='ltr'><strong>Β</strong></span> 
     </span>
    </p>
   </div>
   <div class='ocr_carea' id='block_1_20' title="bbox 405 2043 1985 2116">
    <p class='ocr_par' dir='ltr' id='par_1_20' title="bbox 405 2043 1985 2116">
     <span class='ocr_line' id='line_1_20' title="bbox 405 2043 1985 2116; baseline 0.002 -20"><span class='ocrx_word' id='word_1_149' title='bbox 405 2043 566 2097; x_wconf 90' lang='grc' dir='ltr'><strong>τοῦτό</strong></span> <span class='ocrx_word' id='word_1_150' title='bbox 592 2061 758 2114; x_wconf 86' lang='grc' dir='ltr'><strong>φησιν</strong></span> <span class='ocrx_word' id='word_1_151' title='bbox 790 2047 818 2097; x_wconf 90' lang='lat'><strong>6</strong></span> <span class='ocrx_word' id='word_1_152' title='bbox 872 2045 1074 2116; x_wconf 83' lang='grc' dir='ltr'><strong>Κύριος</strong></span> <span class='ocrx_word' id='word_1_153' title='bbox 1132 2048 1269 2115; x_wconf 58' lang='grc' dir='ltr'><strong>προς</strong></span> <span class='ocrx_word' id='word_1_154' title='bbox 1300 2046 1393 2099; x_wconf 83' lang='grc' dir='ltr'><strong>τὸν</strong></span> <span class='ocrx_word' id='word_1_155' title='bbox 1424 2047 1645 2116; x_wconf 83' lang='grc' dir='ltr'><strong>Πατέρα</strong></span> <span class='ocrx_word' id='word_1_156' title='bbox 1667 2064 1679 2076; x_wconf 89' lang='grc'><strong>·</strong></span> <span class='ocrx_word' id='word_1_157' title='bbox 1726 2047 1831 2101; x_wconf 60' lang='grc' dir='ltr'><strong>οΤὰ</strong></span> <span class='ocrx_word' id='word_1_158' title='bbox 1871 2046 1985 2116; x_wconf 80' lang='grc' dir='ltr'><strong>ἐμὰ</strong></span> 
     </span>
    </p>
   </div>
   <div class='ocr_carea' id='block_1_21' title="bbox 406 2135 1979 2209">
    <p class='ocr_par' dir='ltr' id='par_1_21' title="bbox 406 2135 1979 2209">
     <span class='ocr_line' id='line_1_21' title="bbox 406 2135 1979 2209; baseline 0.001 -19"><span class='ocrx_word' id='word_1_159' title='bbox 406 2136 607 2192; x_wconf 76' lang='grc' dir='ltr'><strong>πάντα</strong></span> <span class='ocrx_word' id='word_1_160' title='bbox 638 2135 723 2190; x_wconf 82' lang='grc' dir='ltr'><strong>σά</strong></span> <span class='ocrx_word' id='word_1_161' title='bbox 761 2139 942 2203; x_wconf 83' lang='grc' dir='ltr'><strong>εἰσιν,</strong></span> <span class='ocrx_word' id='word_1_162' title='bbox 975 2137 1051 2201; x_wconf 81' lang='grc' dir='ltr'><strong>ὡς</strong></span> <span class='ocrx_word' id='word_1_163' title='bbox 1083 2138 1171 2190; x_wconf 75' lang='grc' dir='ltr'><strong>ἐπ’</strong></span> <span class='ocrx_word' id='word_1_164' title='bbox 1195 2138 1363 2191; x_wconf 72' lang='grc' dir='ltr'><strong>αὑτὸν</strong></span> <span class='ocrx_word' id='word_1_165' title='bbox 1393 2139 1494 2207; x_wconf 85' lang='grc' dir='ltr'><strong>τῆς</strong></span> <span class='ocrx_word' id='word_1_166' title='bbox 1535 2137 1716 2209; x_wconf 82' lang='grc' dir='ltr'><strong>ἀρχῆς</strong></span> <span class='ocrx_word' id='word_1_167' title='bbox 1742 2138 1853 2191; x_wconf 85' lang='grc' dir='ltr'><strong>τῶν</strong></span> <span class='ocrx_word' id='word_1_168' title='bbox 1884 2138 1979 2208; x_wconf 86' lang='grc' dir='ltr'><strong>δη-</strong></span> 
     </span>
    </p>
   </div>
   <div class='ocr_carea' id='block_1_22' title="bbox 412 2228 1985 2301">
    <p class='ocr_par' dir='ltr' id='par_1_22' title="bbox 412 2228 1985 2301">
     <span class='ocr_line' id='line_1_22' title="bbox 412 2228 1985 2301; baseline -0.001 -20"><span class='ocrx_word' id='word_1_169' title='bbox 412 2230 844 2300; x_wconf 76' lang='grc' dir='ltr'><strong>μιουργημάτων</strong></span> <span class='ocrx_word' id='word_1_170' title='bbox 872 2229 1238 2301; x_wconf 80' lang='grc' dir='ltr'><strong>ἀναγομένης.</strong></span> <span class='ocrx_word' id='word_1_171' title='bbox 1309 2229 1471 2282; x_wconf 81' lang='grc' dir='ltr'><strong>Ἀλλά</strong></span> <span class='ocrx_word' id='word_1_172' title='bbox 1500 2231 1598 2282; x_wconf 71' lang='grc' dir='ltr'><strong>καὶ</strong></span> <span class='ocrx_word' id='word_1_173' title='bbox 1662 2230 1690 2281; x_wconf 91' lang='lat'><strong>6</strong></span> <span class='ocrx_word' id='word_1_174' title='bbox 1720 2228 1985 2297; x_wconf 76' lang='grc' dir='ltr'><strong>Θεολὸγος</strong></span> 
     </span>
    </p>
   </div>
   <div class='ocr_carea' id='block_1_23' title="bbox 408 2320 1987 2394">
    <p class='ocr_par' dir='ltr' id='par_1_23' title="bbox 408 2320 1987 2394">
     <span class='ocr_line' id='line_1_23' title="bbox 408 2320 1987 2394; baseline -0.001 -18"><span class='ocrx_word' id='word_1_175' title='bbox 408 2320 715 2394; x_wconf 79' lang='grc' dir='ltr'><strong>Γρηγόριος</strong></span> <span class='ocrx_word' id='word_1_176' title='bbox 760 2324 819 2375; x_wconf 79' lang='grc' dir='ltr'><strong>ἐν</strong></span> <span class='ocrx_word' id='word_1_177' title='bbox 871 2322 949 2393; x_wconf 79' lang='grc' dir='ltr'><strong>τῷ</strong></span> <span class='ocrx_word' id='word_1_178' title='bbox 971 2321 1118 2392; x_wconf 86' lang='grc' dir='ltr'><strong>λόγῳ</strong></span> <span class='ocrx_word' id='word_1_179' title='bbox 1168 2321 1250 2392; x_wconf 81' lang='grc' dir='ltr'><strong>τῷ</strong></span> <span class='ocrx_word' id='word_1_180' title='bbox 1296 2323 1377 2385; x_wconf 85' lang='grc' dir='ltr'><strong>εἰς</strong></span> <span class='ocrx_word' id='word_1_181' title='bbox 1407 2320 1500 2375; x_wconf 86' lang='grc' dir='ltr'><strong>τδν</strong></span> <span class='ocrx_word' id='word_1_182' title='bbox 1530 2320 1847 2375; x_wconf 78' lang='grc' dir='ltr'><strong>κατάπλουν</strong></span> <span class='ocrx_word' id='word_1_183' title='bbox 1876 2320 1987 2374; x_wconf 81' lang='grc' dir='ltr'><strong>τῶν</strong></span> 
     </span>
    </p>
   </div>
   <div class='ocr_carea' id='block_1_24' title="bbox 411 2412 1986 2484">
    <p class='ocr_par' dir='ltr' id='par_1_24' title="bbox 411 2412 1986 2484">
     <span class='ocr_line' id='line_1_24' title="bbox 411 2412 1986 2484; baseline -0.003 -17"><span class='ocrx_word' id='word_1_184' title='bbox 411 2414 750 2482; x_wconf 85' lang='grc' dir='ltr'><strong>Αἰγυπτίων,</strong></span> <span class='ocrx_word' id='word_1_185' title='bbox 780 2413 935 2477; x_wconf 74' lang='grc' dir='ltr'><strong>Θεὸς,</strong></span> <span class='ocrx_word' id='word_1_186' title='bbox 964 2415 1152 2484; x_wconf 65' lang='grc' dir='ltr'><strong>φησὶν,</strong></span> <span class='ocrx_word' id='word_1_187' title='bbox 1187 2416 1245 2467; x_wconf 80' lang='grc' dir='ltr'><strong>ὲν</strong></span> <span class='ocrx_word' id='word_1_188' title='bbox 1266 2413 1445 2483; x_wconf 76' lang='grc' dir='ltr'><strong>τρισὶν</strong></span> <span class='ocrx_word' id='word_1_189' title='bbox 1478 2412 1695 2465; x_wconf 79' lang='grc' dir='ltr'><strong>ίαταται</strong></span> <span class='ocrx_word' id='word_1_190' title='bbox 1734 2413 1848 2475; x_wconf 81' lang='grc' dir='ltr'><strong>τοῖς</strong></span> <span class='ocrx_word' id='word_1_191' title='bbox 1882 2428 1986 2480; x_wconf 82' lang='grc' dir='ltr'><strong>με-</strong></span> 
     </span>
    </p>
   </div>
   <div class='ocr_carea' id='block_1_25' title="bbox 411 2503 1989 2578">
    <p class='ocr_par' dir='ltr' id='par_1_25' title="bbox 411 2503 1989 2578">
     <span class='ocr_line' id='line_1_25' title="bbox 411 2503 1989 2578; baseline -0.003 -19"><span class='ocrx_word' id='word_1_192' title='bbox 411 2507 645 2575; x_wconf 85' lang='grc' dir='ltr'><strong>γίστοις,</strong></span> <span class='ocrx_word' id='word_1_193' title='bbox 675 2506 857 2578; x_wconf 84' lang='grc' dir='ltr'><strong>αἰτίῳ,</strong></span> <span class='ocrx_word' id='word_1_194' title='bbox 890 2507 987 2561; x_wconf 73' lang='grc' dir='ltr'><strong>καὶ</strong></span> <span class='ocrx_word' id='word_1_195' title='bbox 1031 2505 1372 2576; x_wconf 77' lang='grc' dir='ltr'><strong>δημιουργῷ,</strong></span> <span class='ocrx_word' id='word_1_196' title='bbox 1408 2504 1503 2559; x_wconf 73' lang='grc' dir='ltr'><strong>καὶ</strong></span> <span class='ocrx_word' id='word_1_197' title='bbox 1524 2504 1870 2573; x_wconf 86' lang='grc' dir='ltr'><strong>τελειοποιῷ,</strong></span> <span class='ocrx_word' id='word_1_198' title='bbox 1908 2503 1989 2574; x_wconf 83' lang='grc' dir='ltr'><strong>τῷ</strong></span> 
     </span>
    </p>
   </div>
   <div class='ocr_carea' id='block_1_26' title="bbox 413 2596 1985 2672">
    <p class='ocr_par' dir='ltr' id='par_1_26' title="bbox 413 2596 1985 2672">
     <span class='ocr_line' id='line_1_26' title="bbox 413 2596 1985 2672; baseline -0.004 -15"><span class='ocrx_word' id='word_1_199' title='bbox 413 2603 587 2672; x_wconf 78' lang='grc' dir='ltr'><strong>Πατρὶ</strong></span> <span class='ocrx_word' id='word_1_200' title='bbox 640 2602 807 2670; x_wconf 77' lang='grc' dir='ltr'><strong>λέγω,</strong></span> <span class='ocrx_word' id='word_1_201' title='bbox 848 2602 945 2657; x_wconf 81' lang='grc' dir='ltr'><strong>καὶ</strong></span> <span class='ocrx_word' id='word_1_202' title='bbox 978 2600 1056 2671; x_wconf 85' lang='grc' dir='ltr'><strong>τῷ</strong></span> <span class='ocrx_word' id='word_1_203' title='bbox 1088 2600 1233 2670; x_wconf 65' lang='grc' dir='ltr'><strong>Υἰῷ,</strong></span> <span class='ocrx_word' id='word_1_204' title='bbox 1258 2600 1352 2653; x_wconf 76' lang='grc' dir='ltr'><strong>καὶ</strong></span> <span class='ocrx_word' id='word_1_205' title='bbox 1379 2597 1458 2668; x_wconf 87' lang='grc' dir='ltr'>τῷ</span> <span class='ocrx_word' id='word_1_206' title='bbox 1505 2597 1649 2669; x_wconf 87' lang='grc' dir='ltr'><strong>ἀγίῳ</strong></span> <span class='ocrx_word' id='word_1_207' title='bbox 1682 2596 1985 2665; x_wconf 86' lang='grc' dir='ltr'><strong>Πνεύματι.</strong></span> 
     </span>
    </p>
   </div>
   <div class='ocr_carea' id='block_1_27' title="bbox 412 2686 1990 2759">
    <p class='ocr_par' dir='ltr' id='par_1_27' title="bbox 412 2686 1990 2759">
     <span class='ocr_line' id='line_1_27' title="bbox 412 2686 1990 2759; baseline -0.004 -13"><span class='ocrx_word' id='word_1_208' title='bbox 412 2691 601 2747; x_wconf 83' lang='grc' dir='ltr'><strong>Ταῦτα</strong></span> <span class='ocrx_word' id='word_1_209' title='bbox 629 2692 686 2744; x_wconf 80' lang='grc' dir='ltr'><strong>δὲ</strong></span> <span class='ocrx_word' id='word_1_210' title='bbox 715 2690 892 2759; x_wconf 67' lang='grc' dir='ltr'><strong>ἔλεγε,</strong></span> <span class='ocrx_word' id='word_1_211' title='bbox 924 2691 985 2743; x_wconf 86' lang='grc' dir='ltr'><strong>ού</strong></span> <span class='ocrx_word' id='word_1_212' title='bbox 1019 2691 1237 2752; x_wconf 79' lang='grc' dir='ltr'><strong>πάντως</strong></span> <span class='ocrx_word' id='word_1_213' title='bbox 1261 2688 1357 2741; x_wconf 83' lang='grc' dir='ltr'><strong>τοῦ</strong></span> <span class='ocrx_word' id='word_1_214' title='bbox 1393 2687 1525 2740; x_wconf 87' lang='grc' dir='ltr'><strong>Υίοῦ</strong></span> <span class='ocrx_word' id='word_1_215' title='bbox 1568 2689 1664 2741; x_wconf 74' lang='grc' dir='ltr'><strong>καὶ</strong></span> <span class='ocrx_word' id='word_1_216' title='bbox 1697 2686 1792 2739; x_wconf 91' lang='grc' dir='ltr'><strong>τοῦ</strong></span> <span class='ocrx_word' id='word_1_217' title='bbox 1822 2686 1990 2740; x_wconf 87' lang='grc' dir='ltr'><strong>[Ινεύ-</strong></span> 
     </span>
    </p>
   </div>
   <div class='ocr_carea' id='block_1_28' title="bbox 415 2778 1991 2856">
    <p class='ocr_par' dir='ltr' id='par_1_28' title="bbox 415 2778 1991 2856">
     <span class='ocr_line' id='line_1_28' title="bbox 415 2778 1991 2856; baseline -0.005 -16"><span class='ocrx_word' id='word_1_218' title='bbox 415 2803 587 2856; x_wconf 85' lang='grc' dir='ltr'><strong>ματος</strong></span> <span class='ocrx_word' id='word_1_219' title='bbox 624 2785 723 2855; x_wconf 83' lang='grc' dir='ltr'><strong>τὴν</strong></span> <span class='ocrx_word' id='word_1_220' title='bbox 774 2784 885 2838; x_wconf 86' lang='grc' dir='ltr'><strong>τῶν</strong></span> <span class='ocrx_word' id='word_1_221' title='bbox 934 2784 1072 2837; x_wconf 85' lang='grc' dir='ltr'><strong>ὅλων</strong></span> <span class='ocrx_word' id='word_1_222' title='bbox 1126 2782 1382 2852; x_wconf 82' lang='grc' dir='ltr'><strong>ἀφαιρῶν</strong></span> <span class='ocrx_word' id='word_1_223' title='bbox 1434 2780 1641 2845; x_wconf 89' lang='grc' dir='ltr'><strong>αἰτίαν,</strong></span> <span class='ocrx_word' id='word_1_224' title='bbox 1697 2778 1855 2833; x_wconf 89' lang='grc' dir='ltr'><strong>τοῦτο</strong></span> <span class='ocrx_word' id='word_1_225' title='bbox 1882 2783 1991 2851; x_wconf 71' lang='grc' dir='ltr'><strong>γαρ</strong></span> 
     </span>
    </p>
   </div>
   <div class='ocr_carea' id='block_1_29' title="bbox 415 2871 1992 2948">
    <p class='ocr_par' dir='ltr' id='par_1_29' title="bbox 415 2871 1992 2948">
     <span class='ocr_line' id='line_1_29' title="bbox 415 2871 1992 2948; baseline -0.003 -19"><span class='ocrx_word' id='word_1_226' title='bbox 415 2878 736 2948; x_wconf 76' lang='grc' dir='ltr'><strong>βλάσφημον</strong></span> <span class='ocrx_word' id='word_1_227' title='bbox 765 2877 861 2929; x_wconf 83' lang='grc' dir='ltr'><strong>κα).</strong></span> <span class='ocrx_word' id='word_1_228' title='bbox 902 2876 1067 2945; x_wconf 85' lang='grc' dir='ltr'><strong>μόνον</strong></span> <span class='ocrx_word' id='word_1_229' title='bbox 1102 2876 1380 2945; x_wconf 75' lang='grc' dir='ltr'><strong>ἐννοῆσαι,</strong></span> <span class='ocrx_word' id='word_1_230' title='bbox 1412 2874 1553 2926; x_wconf 81' lang='grc' dir='ltr'><strong>ἀλλά</strong></span> <span class='ocrx_word' id='word_1_231' title='bbox 1583 2873 1661 2941; x_wconf 86' lang='grc' dir='ltr'><strong>τῷ</strong></span> <span class='ocrx_word' id='word_1_232' title='bbox 1697 2872 1869 2940; x_wconf 80' lang='grc' dir='ltr'><strong>Πατρὶ</strong></span> <span class='ocrx_word' id='word_1_233' title='bbox 1897 2871 1992 2940; x_wconf 87' lang='grc' dir='ltr'><strong>μό-</strong></span> 
     </span>
    </p>
   </div>
   <div class='ocr_carea' id='block_1_30' title="bbox 414 2961 1993 3038">
    <p class='ocr_par' dir='ltr' id='par_1_30' title="bbox 414 2961 1993 3038">
     <span class='ocr_line' id='line_1_30' title="bbox 414 2961 1993 3038; baseline -0.005 -18"><span class='ocrx_word' id='word_1_234' title='bbox 414 2988 491 3035; x_wconf 87' lang='grc' dir='ltr'><strong>νῳ</strong></span> <span class='ocrx_word' id='word_1_235' title='bbox 518 2970 725 3038; x_wconf 88' lang='grc' dir='ltr'><strong>ταύτην</strong></span> <span class='ocrx_word' id='word_1_236' title='bbox 776 2967 1093 3036; x_wconf 76' lang='grc' dir='ltr'><strong>ἀπονέμων,</strong></span> <span class='ocrx_word' id='word_1_237' title='bbox 1142 2966 1236 3019; x_wconf 75' lang='grc' dir='ltr'><strong>καὶ</strong></span> <span class='ocrx_word' id='word_1_238' title='bbox 1279 2964 1473 3017; x_wconf 86' lang='grc' dir='ltr'><strong>τοῦτον</strong></span> <span class='ocrx_word' id='word_1_239' title='bbox 1532 2962 1655 3015; x_wconf 82' lang='grc' dir='ltr'><strong>κατ’</strong></span> <span class='ocrx_word' id='word_1_240' title='bbox 1711 2961 1993 3031; x_wconf 72' lang='grc' dir='ltr'><strong>ἐξαίρετον</strong></span> 
     </span>
    </p>
   </div>
   <div class='ocr_carea' id='block_1_31' title="bbox 414 3054 1993 3124">
    <p class='ocr_par' dir='ltr' id='par_1_31' title="bbox 414 3054 1993 3124">
     <span class='ocr_line' id='line_1_31' title="bbox 414 3054 1993 3124; baseline -0.007 -9"><span class='ocrx_word' id='word_1_241' title='bbox 414 3061 599 3115; x_wconf 85' lang='grc' dir='ltr'><strong>αἰτίαν</strong></span> <span class='ocrx_word' id='word_1_242' title='bbox 631 3061 831 3124; x_wconf 84' lang='grc' dir='ltr'><strong>καλῶν,</strong></span> <span class='ocrx_word' id='word_1_243' title='bbox 865 3061 954 3113; x_wconf 61' lang='grc' dir='ltr'><strong>διὰ</strong></span> <span class='ocrx_word' id='word_1_244' title='bbox 1007 3058 1067 3112; x_wconf 84' lang='grc' dir='ltr'><strong>τὸ</strong></span> <span class='ocrx_word' id='word_1_245' title='bbox 1099 3058 1311 3111; x_wconf 71' lang='grc' dir='ltr'><strong>ὶκείθεν</strong></span> <span class='ocrx_word' id='word_1_246' title='bbox 1347 3058 1465 3119; x_wconf 84' lang='grc' dir='ltr'><strong>τοῖς</strong></span> <span class='ocrx_word' id='word_1_247' title='bbox 1508 3054 1797 3123; x_wconf 81' lang='grc' dir='ltr'><strong>ὁμοτίμοις</strong></span> <span class='ocrx_word' id='word_1_248' title='bbox 1837 3055 1993 3123; x_wconf 81' lang='grc' dir='ltr'><strong>ἥκειν</strong></span> 
     </span>
    </p>
   </div>
   <div class='ocr_carea' id='block_1_32' title="bbox 417 3145 1988 3227">
    <p class='ocr_par' dir='ltr' id='par_1_32' title="bbox 417 3145 1988 3227">
     <span class='ocr_line' id='line_1_32' title="bbox 417 3145 1988 3227; baseline -0.007 -20"><span class='ocrx_word' id='word_1_249' title='bbox 417 3158 731 3227; x_wconf 81' lang='grc' dir='ltr'><strong>προσώποις</strong></span> <span class='ocrx_word' id='word_1_250' title='bbox 764 3152 869 3206; x_wconf 75' lang='grc' dir='ltr'><strong>πᾶν</strong></span> <span class='ocrx_word' id='word_1_251' title='bbox 897 3152 1033 3221; x_wconf 82' lang='grc' dir='ltr'><strong>ὅπερ</strong></span> <span class='ocrx_word' id='word_1_252' title='bbox 1067 3151 1136 3204; x_wconf 84' lang='grc' dir='ltr'><strong>ἂν</strong></span> <span class='ocrx_word' id='word_1_253' title='bbox 1154 3150 1353 3220; x_wconf 75' lang='grc' dir='ltr'><strong>ἔχοιεν.</strong></span> <span class='ocrx_word' id='word_1_254' title='bbox 1390 3146 1553 3211; x_wconf 86' lang='grc' dir='ltr'><strong>’Ὶιτις</strong></span> <span class='ocrx_word' id='word_1_255' title='bbox 1601 3147 1665 3201; x_wconf 74' lang='grc' dir='ltr'><strong>ἂν</strong></span> <span class='ocrx_word' id='word_1_256' title='bbox 1694 3146 1789 3200; x_wconf 79' lang='grc' dir='ltr'><strong>οῦν</strong></span> <span class='ocrx_word' id='word_1_257' title='bbox 1822 3145 1988 3215; x_wconf 65' lang='grc' dir='ltr'><strong>ἤρκει</strong></span> 
     </span>
    </p>
   </div>
   <div class='ocr_carea' id='block_1_33' title="bbox 420 3323 1993 3401">
    <p class='ocr_par' dir='ltr' id='par_1_33' title="bbox 420 3323 1993 3401">
     <span class='ocr_line' id='line_1_33' title="bbox 420 3323 1993 3401; baseline -0.01 -10"><span class='ocrx_word' id='word_1_258' title='bbox 420 3336 598 3391; x_wconf 93' lang='lat' dir='ltr'><strong>buunt</strong></span> <span class='ocrx_word' id='word_1_259' title='bbox 639 3332 794 3397; x_wconf 84' lang='lat' dir='ltr'><strong>Filio,</strong></span> <span class='ocrx_word' id='word_1_260' title='bbox 833 3346 929 3401; x_wconf 89' lang='lat' dir='ltr'><strong>per</strong></span> <span class='ocrx_word' id='word_1_261' title='bbox 968 3344 1131 3400; x_wconf 89' lang='lat' dir='ltr'><strong>quam</strong></span> <span class='ocrx_word' id='word_1_262' title='bbox 1162 3325 1327 3383; x_wconf 82' lang='lat' dir='ltr'><strong>simul</strong></span> <span class='ocrx_word' id='word_1_263' title='bbox 1359 3340 1485 3380; x_wconf 92' lang='lat' dir='ltr'><strong>cum</strong></span> <span class='ocrx_word' id='word_1_264' title='bbox 1516 3339 1640 3379; x_wconf 90' lang='lat' dir='ltr'><strong>cum</strong></span> <span class='ocrx_word' id='word_1_265' title='bbox 1669 3323 1830 3378; x_wconf 88' lang='lat' dir='ltr'><strong>Patre</strong></span> <span class='ocrx_word' id='word_1_266' title='bbox 1861 3336 1993 3376; x_wconf 91' lang='lat' dir='ltr'><strong>cau-</strong></span> 
     </span>
    </p>
   </div>
   <div class='ocr_carea' id='block_1_34' title="bbox 417 3403 1999 3495">
    <p class='ocr_par' dir='ltr' id='par_1_34' title="bbox 417 3403 1999 3495">
     <span class='ocr_line' id='line_1_34' title="bbox 417 3403 1999 3495; baseline -0.01 -12"><span class='ocrx_word' id='word_1_267' title='bbox 417 3441 534 3484; x_wconf 86' lang='lat' dir='ltr'><strong>sam</strong></span> <span class='ocrx_word' id='word_1_268' title='bbox 565 3426 681 3481; x_wconf 90' lang='lat' dir='ltr'><strong>sive</strong></span> <span class='ocrx_word' id='word_1_269' title='bbox 734 3403 1069 3495; x_wconf 79' lang='lat' dir='ltr'><strong>principium</strong></span> <span class='ocrx_word' id='word_1_270' title='bbox 1114 3419 1354 3490; x_wconf 76' lang='lat' dir='ltr'><strong>Spiritus</strong></span> <span class='ocrx_word' id='word_1_271' title='bbox 1398 3418 1573 3473; x_wconf 90' lang='lat' dir='ltr'><strong>sancti</strong></span> <span class='ocrx_word' id='word_1_272' title='bbox 1613 3431 1735 3471; x_wconf 88' lang='lat' dir='ltr'><strong>esse</strong></span> <span class='ocrx_word' id='word_1_273' title='bbox 1792 3414 1999 3483; x_wconf 83' lang='lat' dir='ltr'><strong>signiti-</strong></span> 
     </span>
    </p>
   </div>
   <div class='ocr_carea' id='block_1_35' title="bbox 418 3508 2001 3585">
    <p class='ocr_par' dir='ltr' id='par_1_35' title="bbox 418 3508 2001 3585">
     <span class='ocr_line' id='line_1_35' title="bbox 418 3508 2001 3585; baseline -0.008 -10"><span class='ocrx_word' id='word_1_274' title='bbox 418 3528 600 3575; x_wconf 85' lang='lat' dir='ltr'><strong>catur.</strong></span> <span class='ocrx_word' id='word_1_275' title='bbox 630 3518 769 3585; x_wconf 84' lang='lat' dir='ltr'><strong>Quia</strong></span> <span class='ocrx_word' id='word_1_276' title='bbox 797 3516 968 3579; x_wconf 87' lang='lat' dir='ltr'><strong>enim,</strong></span> <span class='ocrx_word' id='word_1_277' title='bbox 1004 3514 1184 3583; x_wconf 90' lang='lat' dir='ltr'><strong>inquit</strong></span> <span class='ocrx_word' id='word_1_278' title='bbox 1214 3512 1499 3574; x_wconf 77' lang='lat' dir='ltr'><strong>Maximus,</strong></span> <span class='ocrx_word' id='word_1_279' title='bbox 1534 3526 1629 3579; x_wconf 83' lang='lat' dir='ltr'><strong>per</strong></span> <span class='ocrx_word' id='word_1_280' title='bbox 1660 3523 1787 3563; x_wconf 91' lang='lat' dir='ltr'><strong>eum</strong></span> <span class='ocrx_word' id='word_1_281' title='bbox 1816 3508 2001 3576; x_wconf 90' lang='lat' dir='ltr'><strong>prodit</strong></span> 
     </span>
    </p>
   </div>
   <div class='ocr_carea' id='block_1_36' title="bbox 421 3599 1996 3684">
    <p class='ocr_par' dir='ltr' id='par_1_36' title="bbox 421 3599 1996 3684">
     <span class='ocr_line' id='line_1_36' title="bbox 421 3599 1996 3684; baseline -0.01 -17"><span class='ocrx_word' id='word_1_282' title='bbox 421 3612 662 3684; x_wconf 73' lang='lat' dir='ltr'><strong>Spiritus</strong></span> <span class='ocrx_word' id='word_1_283' title='bbox 690 3606 1006 3677; x_wconf 87' lang='lat' dir='ltr'><strong>sanctus(id</strong></span> <span class='ocrx_word' id='word_1_284' title='bbox 1034 3614 1152 3665; x_wconf 87' lang='lat' dir='ltr'><strong>est.</strong></span> <span class='ocrx_word' id='word_1_285' title='bbox 1178 3612 1238 3658; x_wconf 89' lang='lat' dir='ltr'><strong>ut</strong></span> <span class='ocrx_word' id='word_1_286' title='bbox 1271 3602 1403 3657; x_wconf 94' lang='lat' dir='ltr'><strong>alibi</strong></span> <span class='ocrx_word' id='word_1_287' title='bbox 1439 3601 1574 3654; x_wconf 86' lang='lat' dir='ltr'><strong>dicit</strong></span> <span class='ocrx_word' id='word_1_288' title='bbox 1607 3600 1748 3653; x_wconf 90' lang='lat' dir='ltr'><strong>idem</strong></span> <span class='ocrx_word' id='word_1_289' title='bbox 1785 3599 1996 3663; x_wconf 89' lang='lat' dir='ltr'><strong>doctor,</strong></span> 
     </span>
    </p>
   </div>
   <div class='ocr_carea' id='block_1_37' title="bbox 419 3690 1999 3775">
    <p class='ocr_par' dir='ltr' id='par_1_37' title="bbox 419 3690 1999 3775">
     <span class='ocr_line' id='line_1_37' title="bbox 419 3690 1999 3775; baseline -0.009 -15"><span class='ocrx_word' id='word_1_290' title='bbox 419 3707 551 3775; x_wconf 90' lang='lat' dir='ltr'><strong>quia</strong></span> <span class='ocrx_word' id='word_1_291' title='bbox 586 3719 686 3773; x_wconf 88' lang='lat' dir='ltr'><strong>per</strong></span> <span class='ocrx_word' id='word_1_292' title='bbox 724 3717 849 3757; x_wconf 93' lang='lat' dir='ltr'><strong>cum</strong></span> <span class='ocrx_word' id='word_1_293' title='bbox 890 3697 1181 3770; x_wconf 87' lang='lat' dir='ltr'><strong>procedit).</strong></span> <span class='ocrx_word' id='word_1_294' title='bbox 1230 3696 1353 3749; x_wconf 88' lang='lat' dir='ltr'><strong>ideo</strong></span> <span class='ocrx_word' id='word_1_295' title='bbox 1386 3709 1415 3747; x_wconf 91' lang='lat' dir='ltr'><strong>a</strong></span> <span class='ocrx_word' id='word_1_296' title='bbox 1467 3692 1725 3747; x_wconf 82' lang='lat' dir='ltr'><strong>Romanis</strong></span> <span class='ocrx_word' id='word_1_297' title='bbox 1766 3707 1833 3746; x_wconf 73' lang='lat' dir='ltr'><strong>ex</strong></span> <span class='ocrx_word' id='word_1_298' title='bbox 1861 3690 1999 3745; x_wconf 85' lang='lat' dir='ltr'><strong>Filio</strong></span> 
     </span>
    </p>
   </div>
   <div class='ocr_carea' id='block_1_38' title="bbox 423 3780 2001 3866">
    <p class='ocr_par' dir='ltr' id='par_1_38' title="bbox 423 3780 2001 3866">
     <span class='ocr_line' id='line_1_38' title="bbox 423 3780 2001 3866; baseline -0.008 -19"><span class='ocrx_word' id='word_1_299' title='bbox 423 3796 646 3866; x_wconf 89' lang='lat' dir='ltr'><strong>prodire</strong></span> <span class='ocrx_word' id='word_1_300' title='bbox 683 3792 887 3847; x_wconf 89' lang='lat' dir='ltr'><strong>dicitur</strong></span> <span class='ocrx_word' id='word_1_301' title='bbox 909 3808 926 3844; x_wconf 83' lang='lat'><strong>:</strong></span> <span class='ocrx_word' id='word_1_302' title='bbox 951 3798 1006 3845; x_wconf 93' lang='lat' dir='ltr'><strong>et</strong></span> <span class='ocrx_word' id='word_1_303' title='bbox 1038 3787 1428 3845; x_wconf 84' lang='lat' dir='ltr'><strong>Damascenus,</strong></span> <span class='ocrx_word' id='word_1_304' title='bbox 1462 3783 1537 3837; x_wconf 83' lang='lat' dir='ltr'><strong>Ex</strong></span> <span class='ocrx_word' id='word_1_305' title='bbox 1562 3780 1722 3835; x_wconf 93' lang='lat' dir='ltr'><strong>Patre</strong></span> <span class='ocrx_word' id='word_1_306' title='bbox 1771 3795 1868 3850; x_wconf 87' lang='lat' dir='ltr'><strong>per</strong></span> <span class='ocrx_word' id='word_1_307' title='bbox 1913 3780 2001 3835; x_wconf 56' lang='lat' dir='ltr'><strong>Fin</strong></span> 
     </span>
    </p>
   </div>
   <div class='ocr_carea' id='block_1_39' title="bbox 421 3872 2002 3957">
    <p class='ocr_par' dir='ltr' id='par_1_39' title="bbox 421 3872 2002 3957">
     <span class='ocr_line' id='line_1_39' title="bbox 421 3872 2002 3957; baseline -0.011 -14"><span class='ocrx_word' id='word_1_308' title='bbox 421 3889 558 3943; x_wconf 86' lang='lat' dir='ltr'><strong>lium</strong></span> <span class='ocrx_word' id='word_1_309' title='bbox 588 3884 855 3957; x_wconf 89' lang='lat' dir='ltr'><strong>procedit.</strong></span> <span class='ocrx_word' id='word_1_310' title='bbox 880 3882 1009 3948; x_wconf 81' lang='lat' dir='ltr'><strong>Qua:</strong></span> <span class='ocrx_word' id='word_1_311' title='bbox 1032 3878 1214 3934; x_wconf 85' lang='lat' dir='ltr'><strong>omnia</strong></span> <span class='ocrx_word' id='word_1_312' title='bbox 1261 3886 1449 3947; x_wconf 83' lang='lat' dir='ltr'><strong>aperte</strong></span> <span class='ocrx_word' id='word_1_313' title='bbox 1490 3874 1689 3929; x_wconf 80' lang='lat' dir='ltr'><strong>F.lium</strong></span> <span class='ocrx_word' id='word_1_314' title='bbox 1728 3873 1891 3928; x_wconf 85' lang='lat' dir='ltr'><strong>etiam</strong></span> <span class='ocrx_word' id='word_1_315' title='bbox 1927 3872 2002 3927; x_wconf 88' lang='lat' dir='ltr'><strong>si-</strong></span> 
     </span>
    </p>
   </div>
   <div class='ocr_carea' id='block_1_40' title="bbox 420 3965 2002 4052">
    <p class='ocr_par' dir='ltr' id='par_1_40' title="bbox 420 3965 2002 4052">
     <span class='ocr_line' id='line_1_40' title="bbox 420 3965 2002 4052; baseline -0.01 -16"><span class='ocrx_word' id='word_1_316' title='bbox 420 3980 687 4052; x_wconf 81' lang='lat' dir='ltr'><strong>gniﬁcant</strong></span> <span class='ocrx_word' id='word_1_317' title='bbox 732 3990 955 4032; x_wconf 88' lang='lat' dir='ltr'><strong>causam</strong></span> <span class='ocrx_word' id='word_1_318' title='bbox 1021 3973 1137 4026; x_wconf 84' lang='lat' dir='ltr'><strong>sive</strong></span> <span class='ocrx_word' id='word_1_319' title='bbox 1198 3968 1534 4039; x_wconf 87' lang='lat' dir='ltr'><strong>principium</strong></span> <span class='ocrx_word' id='word_1_320' title='bbox 1582 3981 1741 4033; x_wconf 76' lang='lat' dir='ltr'><strong>esse,</strong></span> <span class='ocrx_word' id='word_1_321' title='bbox 1787 3976 1844 4019; x_wconf 89' lang='lat' dir='ltr'><strong>et</strong></span> <span class='ocrx_word' id='word_1_322' title='bbox 1897 3965 2002 4020; x_wconf 90' lang='lat' dir='ltr'><strong>tale</strong></span> 
     </span>
    </p>
   </div>
   <div class='ocr_carea' id='block_1_41' title="bbox 426 4055 2004 4143">
    <p class='ocr_par' dir='ltr' id='par_1_41' title="bbox 426 4055 2004 4143">
     <span class='ocr_line' id='line_1_41' title="bbox 426 4055 2004 4143; baseline -0.01 -17"><span class='ocrx_word' id='word_1_323' title='bbox 426 4072 779 4143; x_wconf 79' lang='lat' dir='ltr'><strong>principium,</strong></span> <span class='ocrx_word' id='word_1_324' title='bbox 817 4066 997 4137; x_wconf 88' lang='lat' dir='ltr'><strong>qualis</strong></span> <span class='ocrx_word' id='word_1_325' title='bbox 1031 4073 1115 4117; x_wconf 91' lang='lat' dir='ltr'><strong>est</strong></span> <span class='ocrx_word' id='word_1_326' title='bbox 1148 4062 1331 4123; x_wconf 81' lang='lat' dir='ltr'><strong>Pater,</strong></span> <span class='ocrx_word' id='word_1_327' title='bbox 1380 4072 1508 4114; x_wconf 91' lang='lat' dir='ltr'><strong>cum</strong></span> <span class='ocrx_word' id='word_1_328' title='bbox 1559 4056 1696 4112; x_wconf 86' lang='lat' dir='ltr'><strong>nihil</strong></span> <span class='ocrx_word' id='word_1_329' title='bbox 1746 4055 2004 4124; x_wconf 81' lang='lat' dir='ltr'><strong>imperfe-</strong></span> 
     </span>
    </p>
   </div>
   <div class='ocr_carea' id='block_1_42' title="bbox 424 4151 2001 4234">
    <p class='ocr_par' dir='ltr' id='par_1_42' title="bbox 424 4151 2001 4234">
     <span class='ocr_line' id='line_1_42' title="bbox 424 4151 2001 4234; baseline -0.011 -13"><span class='ocrx_word' id='word_1_330' title='bbox 424 4176 575 4222; x_wconf 86' lang='lat' dir='ltr'><strong>ctuin</strong></span> <span class='ocrx_word' id='word_1_331' title='bbox 600 4164 745 4234; x_wconf 88' lang='lat' dir='ltr'><strong>apud</strong></span> <span class='ocrx_word' id='word_1_332' title='bbox 780 4162 977 4217; x_wconf 88' lang='lat' dir='ltr'><strong>Filium</strong></span> <span class='ocrx_word' id='word_1_333' title='bbox 1006 4161 1098 4224; x_wconf 86' lang='lat' dir='ltr'><strong>sit,</strong></span> <span class='ocrx_word' id='word_1_334' title='bbox 1128 4169 1435 4228; x_wconf 85' lang='lat' dir='ltr'><strong>quanquam</strong></span> <span class='ocrx_word' id='word_1_335' title='bbox 1476 4168 1585 4207; x_wconf 92' lang='lat' dir='ltr'><strong>non</strong></span> <span class='ocrx_word' id='word_1_336' title='bbox 1621 4151 2001 4222; x_wconf 88' lang='lat' dir='ltr'><strong>principalem,</strong></span> 
     </span>
    </p>
   </div>
   <div class='ocr_carea' id='block_1_43' title="bbox 426 4242 2004 4330">
    <p class='ocr_par' dir='ltr' id='par_1_43' title="bbox 426 4242 2004 4330">
     <span class='ocr_line' id='line_1_43' title="bbox 426 4242 2004 4330; baseline -0.013 -14"><span class='ocrx_word' id='word_1_337' title='bbox 426 4276 529 4317; x_wconf 90' lang='lat' dir='ltr'><strong>nec</strong></span> <span class='ocrx_word' id='word_1_338' title='bbox 554 4257 870 4330; x_wconf 82' lang='lat' dir='ltr'><strong>propriam;</strong></span> <span class='ocrx_word' id='word_1_339' title='bbox 907 4254 977 4308; x_wconf 86' lang='lat' dir='ltr'><strong>ob</strong></span> <span class='ocrx_word' id='word_1_340' title='bbox 1021 4253 1126 4307; x_wconf 89' lang='lat' dir='ltr'><strong>hoc</strong></span> <span class='ocrx_word' id='word_1_341' title='bbox 1158 4250 1307 4304; x_wconf 90' lang='lat' dir='ltr'><strong>enim</strong></span> <span class='ocrx_word' id='word_1_342' title='bbox 1337 4257 1627 4308; x_wconf 79' lang='lat' dir='ltr'><strong>caventes,</strong></span> <span class='ocrx_word' id='word_1_343' title='bbox 1684 4258 1883 4313; x_wconf 79' lang='lat' dir='ltr'><strong>negant</strong></span> <span class='ocrx_word' id='word_1_344' title='bbox 1915 4242 2004 4297; x_wconf 88' lang='lat' dir='ltr'><strong>Fi-</strong></span> 
     </span>
    </p>
   </div>
   <div class='ocr_carea' id='block_1_44' title="bbox 427 4336 2006 4414">
    <p class='ocr_par' dir='ltr' id='par_1_44' title="bbox 427 4336 2006 4414">
     <span class='ocr_line' id='line_1_44' title="bbox 427 4336 2006 4414; baseline -0.012 -4"><span class='ocrx_word' id='word_1_345' title='bbox 427 4356 562 4410; x_wconf 89' lang='lat' dir='ltr'><strong>lium</strong></span> <span class='ocrx_word' id='word_1_346' title='bbox 590 4365 808 4407; x_wconf 81' lang='lat' dir='ltr'><strong>causam</strong></span> <span class='ocrx_word' id='word_1_347' title='bbox 836 4363 979 4411; x_wconf 86' lang='lat' dir='ltr'><strong>esse,</strong></span> <span class='ocrx_word' id='word_1_348' title='bbox 1017 4355 1073 4399; x_wconf 86' lang='lat' dir='ltr'><strong>et</strong></span> <span class='ocrx_word' id='word_1_349' title='bbox 1107 4345 1234 4414; x_wconf 85' lang='lat' dir='ltr'><strong>quia</strong></span> <span class='ocrx_word' id='word_1_350' title='bbox 1257 4343 1443 4396; x_wconf 87' lang='lat' dir='ltr'><strong>omnia</strong></span> <span class='ocrx_word' id='word_1_351' title='bbox 1471 4353 1811 4410; x_wconf 64' lang='lat' dir='ltr'><strong>quaecunque</strong></span> <span class='ocrx_word' id='word_1_352' title='bbox 1832 4336 2006 4391; x_wconf 83' lang='lat' dir='ltr'><strong>Filius</strong></span> 
     </span>
    </p>
   </div>
   <div class='ocr_carea' id='block_1_45' title="bbox 427 4428 2002 4509">
    <p class='ocr_par' dir='ltr' id='par_1_45' title="bbox 427 4428 2002 4509">
     <span class='ocr_line' id='line_1_45' title="bbox 427 4428 2002 4509; baseline -0.015 -5"><span class='ocrx_word' id='word_1_353' title='bbox 427 4447 615 4509; x_wconf 86' lang='lat' dir='ltr'><strong>habet,</strong></span> <span class='ocrx_word' id='word_1_354' title='bbox 635 4462 665 4500; x_wconf 90' lang='lat' dir='ltr'><strong>a</strong></span> <span class='ocrx_word' id='word_1_355' title='bbox 693 4444 856 4499; x_wconf 83' lang='lat' dir='ltr'><strong>Patre</strong></span> <span class='ocrx_word' id='word_1_356' title='bbox 886 4440 1071 4503; x_wconf 83' lang='lat' dir='ltr'><strong>habet,</strong></span> <span class='ocrx_word' id='word_1_357' title='bbox 1103 4446 1158 4491; x_wconf 85' lang='lat' dir='ltr'><strong>et</strong></span> <span class='ocrx_word' id='word_1_358' title='bbox 1193 4435 1259 4489; x_wconf 91' lang='lat' dir='ltr'><strong>ad</strong></span> <span class='ocrx_word' id='word_1_359' title='bbox 1289 4450 1416 4489; x_wconf 89' lang='lat' dir='ltr'><strong>eum</strong></span> <span class='ocrx_word' id='word_1_360' title='bbox 1446 4433 1630 4487; x_wconf 90' lang='lat' dir='ltr'><strong>omnia</strong></span> <span class='ocrx_word' id='word_1_361' title='bbox 1666 4428 2002 4493; x_wconf 73' lang='lat' dir='ltr'><strong>referuntur,</strong></span> 
     </span>
    </p>
   </div>
   <div class='ocr_carea' id='block_1_46' title="bbox 426 4525 2000 4616">
    <p class='ocr_par' dir='ltr' id='par_1_46' title="bbox 426 4525 2000 4616">
     <span class='ocr_line' id='line_1_46' title="bbox 426 4525 2000 4616; baseline -0.015 -14"><span class='ocrx_word' id='word_1_362' title='bbox 426 4542 890 4616; x_wconf 83' lang='lat' dir='ltr'><strong>quemadmodum</strong></span> <span class='ocrx_word' id='word_1_363' title='bbox 941 4549 995 4593; x_wconf 92' lang='lat' dir='ltr'><strong>ct</strong></span> <span class='ocrx_word' id='word_1_364' title='bbox 1060 4546 1284 4591; x_wconf 87' lang='lat' dir='ltr'><strong>sanctus</strong></span> <span class='ocrx_word' id='word_1_365' title='bbox 1339 4530 1577 4586; x_wconf 87' lang='lat' dir='ltr'><strong>Basilius</strong></span> <span class='ocrx_word' id='word_1_366' title='bbox 1603 4529 1658 4583; x_wconf 91' lang='lat' dir='ltr'><strong>in</strong></span> <span class='ocrx_word' id='word_1_367' title='bbox 1690 4538 1887 4583; x_wconf 87' lang='lat' dir='ltr'><strong>octavo</strong></span> <span class='ocrx_word' id='word_1_368' title='bbox 1934 4525 2000 4579; x_wconf 90' lang='lat' dir='ltr'><strong>ad</strong></span> 
     </span>
    </p>
   </div>
   <div class='ocr_carea' id='block_1_47' title="bbox 2021 3271 2071 3333">
    <p class='ocr_par' dir='ltr' id='par_1_47' title="bbox 2021 3271 2071 3333">
     <span class='ocr_line' id='line_1_47' title="bbox 2021 3271 2071 3333; baseline 0 0"><span class='ocrx_word' id='word_1_369' title='bbox 2021 3271 2071 3333; x_wconf 73' lang='grc' dir='ltr'><strong>Β</strong></span> 
     </span>
    </p>
   </div>
   <div class='ocr_carea' id='block_1_48' title="bbox 2080 664 3657 737">
    <p class='ocr_par' dir='ltr' id='par_1_48' title="bbox 2080 664 3657 737">
     <span class='ocr_line' id='line_1_48' title="bbox 2080 664 3657 737; baseline -0.005 -12"><span class='ocrx_word' id='word_1_370' title='bbox 2080 672 2172 725; x_wconf 85' lang='grc' dir='ltr'><strong>τοῦ</strong></span> <span class='ocrx_word' id='word_1_371' title='bbox 2204 671 2334 725; x_wconf 84' lang='grc' dir='ltr'><strong>Υίοῦ</strong></span> <span class='ocrx_word' id='word_1_372' title='bbox 2364 671 2458 725; x_wconf 70' lang='grc' dir='ltr'><strong>καὶ</strong></span> <span class='ocrx_word' id='word_1_373' title='bbox 2505 669 2597 724; x_wconf 90' lang='grc' dir='ltr'><strong>τοῦ</strong></span> <span class='ocrx_word' id='word_1_374' title='bbox 2628 668 2945 737; x_wconf 83' lang='grc' dir='ltr'><strong>Πνεύματος</strong></span> <span class='ocrx_word' id='word_1_375' title='bbox 2999 666 3099 737; x_wconf 75' lang='grc' dir='ltr'><strong>τὴν</strong></span> <span class='ocrx_word' id='word_1_376' title='bbox 3130 666 3241 721; x_wconf 83' lang='grc' dir='ltr'><strong>τῶν</strong></span> <span class='ocrx_word' id='word_1_377' title='bbox 3268 664 3442 719; x_wconf 73' lang='grc' dir='ltr'><strong>ὄντων</strong></span> <span class='ocrx_word' id='word_1_378' title='bbox 3472 665 3657 720; x_wconf 87' lang='grc' dir='ltr'><strong>αἰτίαν</strong></span> 
     </span>
    </p>
   </div>
   <div class='ocr_carea' id='block_1_49' title="bbox 2080 755 3655 831">
    <p class='ocr_par' dir='ltr' id='par_1_49' title="bbox 2080 755 3655 831">
     <span class='ocr_line' id='line_1_49' title="bbox 2080 755 3655 831; baseline -0.005 -15"><span class='ocrx_word' id='word_1_379' title='bbox 2080 763 2298 831; x_wconf 77' lang='grc' dir='ltr'><strong>ἀφελεῖν</strong></span> <span class='ocrx_word' id='word_1_380' title='bbox 2321 764 2410 816; x_wconf 82' lang='grc' dir='ltr'><strong>διὰ</strong></span> <span class='ocrx_word' id='word_1_381' title='bbox 2438 761 2498 816; x_wconf 87' lang='lat'><strong>16</strong></span> <span class='ocrx_word' id='word_1_382' title='bbox 2520 760 2612 814; x_wconf 80' lang='grc' dir='ltr'><strong>τὸν</strong></span> <span class='ocrx_word' id='word_1_383' title='bbox 2660 761 2881 829; x_wconf 83' lang='grc' dir='ltr'><strong>Πατέρα</strong></span> <span class='ocrx_word' id='word_1_384' title='bbox 2931 758 3116 825; x_wconf 83' lang='grc' dir='ltr'><strong>λέγειν</strong></span> <span class='ocrx_word' id='word_1_385' title='bbox 3164 757 3338 810; x_wconf 86' lang='grc' dir='ltr'><strong>αίτιον</strong></span> <span class='ocrx_word' id='word_1_386' title='bbox 3370 755 3465 809; x_wconf 87' lang='grc' dir='ltr'><strong>τδν</strong></span> <span class='ocrx_word' id='word_1_387' title='bbox 3499 755 3655 809; x_wconf 80' lang='grc' dir='ltr'><strong>διδά-</strong></span> 
     </span>
    </p>
   </div>
   <div class='ocr_carea' id='block_1_50' title="bbox 2082 848 3657 924">
    <p class='ocr_par' dir='ltr' id='par_1_50' title="bbox 2082 848 3657 924">
     <span class='ocr_line' id='line_1_50' title="bbox 2082 848 3657 924; baseline -0.005 -15"><span class='ocrx_word' id='word_1_388' title='bbox 2082 857 2299 921; x_wconf 78' lang='grc' dir='ltr'><strong>σκαλον,</strong></span> <span class='ocrx_word' id='word_1_389' title='bbox 2326 854 2451 924; x_wconf 74' lang='grc' dir='ltr'><strong>οὐχὶ</strong></span> <span class='ocrx_word' id='word_1_390' title='bbox 2479 854 2536 908; x_wconf 80' lang='grc' dir='ltr'><strong>δὲ</strong></span> <span class='ocrx_word' id='word_1_391' title='bbox 2564 854 2661 907; x_wconf 71' lang='grc' dir='ltr'><strong>καὶ</strong></span> <span class='ocrx_word' id='word_1_392' title='bbox 2689 853 2778 906; x_wconf 76' lang='lat' dir='ltr'><em>16v</em></span> <span class='ocrx_word' id='word_1_393' title='bbox 2804 852 2933 904; x_wconf 73' lang='grc' dir='ltr'><strong>Υίὴν</strong></span> <span class='ocrx_word' id='word_1_394' title='bbox 2958 851 3054 903; x_wconf 79' lang='grc' dir='ltr'><strong>καὶ</strong></span> <span class='ocrx_word' id='word_1_395' title='bbox 3078 850 3139 902; x_wconf 89' lang='lat'><strong>16</strong></span> <span class='ocrx_word' id='word_1_396' title='bbox 3172 848 3396 918; x_wconf 81' lang='grc' dir='ltr'><strong>Πνεῦμα</strong></span> <span class='ocrx_word' id='word_1_397' title='bbox 3414 863 3432 881; x_wconf 88' lang='grc'><strong>·</strong></span> <span class='ocrx_word' id='word_1_398' title='bbox 3458 849 3490 917; x_wconf 84' lang='grc' dir='ltr'><strong>ή</strong></span> <span class='ocrx_word' id='word_1_399' title='bbox 3513 848 3657 918; x_wconf 81' lang='grc' dir='ltr'><strong>αὑτὴ</strong></span> 
     </span>
    </p>
   </div>
   <div class='ocr_carea' id='block_1_51' title="bbox 2082 937 3655 1016">
    <p class='ocr_par' dir='ltr' id='par_1_51' title="bbox 2082 937 3655 1016">
     <span class='ocr_line' id='line_1_51' title="bbox 2082 937 3655 1016; baseline -0.006 -15"><span class='ocrx_word' id='word_1_400' title='bbox 2082 950 2174 1001; x_wconf 78' lang='grc' dir='ltr'><strong>καὶ</strong></span> <span class='ocrx_word' id='word_1_401' title='bbox 2204 947 2299 1001; x_wconf 89' lang='grc' dir='ltr'><strong>νῦν</strong></span> <span class='ocrx_word' id='word_1_402' title='bbox 2329 946 2556 1016; x_wconf 79' lang='grc' dir='ltr'><strong>ἀρκέσει</strong></span> <span class='ocrx_word' id='word_1_403' title='bbox 2583 948 2694 1008; x_wconf 81' lang='grc' dir='ltr'><strong>τοῖς</strong></span> <span class='ocrx_word' id='word_1_404' title='bbox 2726 943 2801 1014; x_wconf 83' lang='grc' dir='ltr'><strong>μὴ</strong></span> <span class='ocrx_word' id='word_1_405' title='bbox 2832 941 3045 995; x_wconf 87' lang='grc' dir='ltr'><strong>ποιοῦσι</strong></span> <span class='ocrx_word' id='word_1_406' title='bbox 3072 940 3166 993; x_wconf 77' lang='grc' dir='ltr'><strong>τὸν</strong></span> <span class='ocrx_word' id='word_1_407' title='bbox 3191 941 3319 993; x_wconf 81' lang='grc' dir='ltr'><strong>Υἰδν</strong></span> <span class='ocrx_word' id='word_1_408' title='bbox 3346 940 3527 993; x_wconf 89' lang='grc' dir='ltr'><strong>αἰτίαν</strong></span> <span class='ocrx_word' id='word_1_409' title='bbox 3559 937 3655 991; x_wconf 88' lang='grc' dir='ltr'><strong>τοῦ</strong></span> 
     </span>
    </p>
   </div>
   <div class='ocr_carea' id='block_1_52' title="bbox 2082 1020 3659 1110">
    <p class='ocr_par' dir='ltr' id='par_1_52' title="bbox 2082 1020 3659 1110">
     <span class='ocr_line' id='line_1_52' title="bbox 2082 1020 3659 1110; baseline -0.005 -17"><span class='ocrx_word' id='word_1_410' title='bbox 2082 1040 2399 1110; x_wconf 85' lang='grc' dir='ltr'><strong>Πνεύματος</strong></span> <span class='ocrx_word' id='word_1_411' title='bbox 2432 1039 2519 1092; x_wconf 77' lang='grc' dir='ltr'><strong>διὰ</strong></span> <span class='ocrx_word' id='word_1_412' title='bbox 2551 1040 2613 1093; x_wconf 92' lang='lat'><strong>16</strong></span> <span class='ocrx_word' id='word_1_413' title='bbox 2643 1039 2736 1092; x_wconf 71' lang='grc' dir='ltr'><strong>τὸν</strong></span> <span class='ocrx_word' id='word_1_414' title='bbox 2784 1037 2886 1103; x_wconf 73' lang='grc' dir='ltr'><strong>μὲν</strong></span> <span class='ocrx_word' id='word_1_415' title='bbox 2922 1034 3304 1105; x_wconf 74' lang='grc' dir='ltr'><strong>Δαμασκηνὸν,</strong></span> <span class='ocrx_word' id='word_1_416' title='bbox 3329 1020 3659 1105; x_wconf 72' lang='grc' dir='ltr'><strong>⁵μνησθέντα</strong></span> 
     </span>
    </p>
   </div>
   <div class='ocr_carea' id='block_1_53' title="bbox 2080 1126 3662 1200">
    <p class='ocr_par' dir='ltr' id='par_1_53' title="bbox 2080 1126 3662 1200">
     <span class='ocr_line' id='line_1_53' title="bbox 2080 1126 3662 1200; baseline -0.005 -15"><span class='ocrx_word' id='word_1_417' title='bbox 2080 1131 2175 1185; x_wconf 89' lang='grc' dir='ltr'><strong>τοῦ</strong></span> <span class='ocrx_word' id='word_1_418' title='bbox 2203 1132 2260 1197; x_wconf 76' lang='grc' dir='ltr'><strong>ἐξ</strong></span> <span class='ocrx_word' id='word_1_419' title='bbox 2290 1130 2421 1184; x_wconf 89' lang='grc' dir='ltr'><strong>Υἰοῦ</strong></span> <span class='ocrx_word' id='word_1_420' title='bbox 2455 1130 2529 1200; x_wconf 82' lang='grc' dir='ltr'><strong>μὴ</strong></span> <span class='ocrx_word' id='word_1_421' title='bbox 2552 1128 2690 1183; x_wconf 78' lang='grc' dir='ltr'><strong>εἶναι</strong></span> <span class='ocrx_word' id='word_1_422' title='bbox 2715 1130 2775 1181; x_wconf 91' lang='lat'><strong>16</strong></span> <span class='ocrx_word' id='word_1_423' title='bbox 2811 1127 3057 1197; x_wconf 84' lang='grc' dir='ltr'><strong>Πνεῦμα,</strong></span> <span class='ocrx_word' id='word_1_424' title='bbox 3085 1128 3247 1197; x_wconf 79' lang='grc' dir='ltr'><strong>μόνον</strong></span> <span class='ocrx_word' id='word_1_425' title='bbox 3280 1127 3454 1179; x_wconf 81' lang='grc' dir='ltr'><strong>αἰτιον</strong></span> <span class='ocrx_word' id='word_1_426' title='bbox 3478 1126 3662 1179; x_wconf 80' lang='grc' dir='ltr'><strong>εἰπεῖν</strong></span> 
     </span>
    </p>
   </div>
   <div class='ocr_carea' id='block_1_54' title="bbox 2081 1218 3664 1293">
    <p class='ocr_par' dir='ltr' id='par_1_54' title="bbox 2081 1218 3664 1293">
     <span class='ocr_line' id='line_1_54' title="bbox 2081 1218 3664 1293; baseline -0.004 -15"><span class='ocrx_word' id='word_1_427' title='bbox 2081 1226 2173 1279; x_wconf 84' lang='grc' dir='ltr'><strong>τὸν</strong></span> <span class='ocrx_word' id='word_1_428' title='bbox 2211 1224 2469 1293; x_wconf 84' lang='grc' dir='ltr'><strong>Πατέρα·</strong></span> <span class='ocrx_word' id='word_1_429' title='bbox 2528 1222 2617 1275; x_wconf 82' lang='lat' dir='ltr'><em>16v</em></span> <span class='ocrx_word' id='word_1_430' title='bbox 2669 1223 2727 1276; x_wconf 80' lang='grc' dir='ltr'><strong>δὲ</strong></span> <span class='ocrx_word' id='word_1_431' title='bbox 2758 1222 3011 1290; x_wconf 82' lang='grc' dir='ltr'><strong>Μάξιμον</strong></span> <span class='ocrx_word' id='word_1_432' title='bbox 3057 1221 3285 1274; x_wconf 77' lang='grc' dir='ltr'><strong>εἰπόντα</strong></span> <span class='ocrx_word' id='word_1_433' title='bbox 3340 1218 3473 1288; x_wconf 74' lang='grc' dir='ltr'><strong>περὶ</strong></span> <span class='ocrx_word' id='word_1_434' title='bbox 3529 1219 3664 1273; x_wconf 80' lang='lat' dir='ltr'><strong>&#39;Pto-</strong></span> 
     </span>
    </p>
   </div>
   <div class='ocr_carea' id='block_1_55' title="bbox 2085 1310 3654 1389">
    <p class='ocr_par' dir='ltr' id='par_1_55' title="bbox 2085 1310 3654 1389">
     <span class='ocr_line' id='line_1_55' title="bbox 2085 1310 3654 1389; baseline 0.001 -18"><span class='ocrx_word' id='word_1_435' title='bbox 2085 1317 2280 1389; x_wconf 82' lang='grc' dir='ltr'><strong>μαίων,</strong></span> <span class='ocrx_word' id='word_1_436' title='bbox 2312 1320 2377 1370; x_wconf 81' lang='grc' dir='ltr'><strong>ἐκ</strong></span> <span class='ocrx_word' id='word_1_437' title='bbox 2402 1315 2495 1369; x_wconf 88' lang='grc' dir='ltr'><strong>τοῦ</strong></span> <span class='ocrx_word' id='word_1_438' title='bbox 2524 1313 2654 1368; x_wconf 86' lang='grc' dir='ltr'><strong>Υίοῦ</strong></span> <span class='ocrx_word' id='word_1_439' title='bbox 2692 1315 2875 1382; x_wconf 74' lang='grc' dir='ltr'><strong>λέγειν</strong></span> <span class='ocrx_word' id='word_1_440' title='bbox 2904 1313 2963 1366; x_wconf 84' lang='lat'><strong>16</strong></span> <span class='ocrx_word' id='word_1_441' title='bbox 2993 1312 3242 1381; x_wconf 80' lang='grc' dir='ltr'><strong>Πνεῦμα,</strong></span> <span class='ocrx_word' id='word_1_442' title='bbox 3272 1310 3391 1365; x_wconf 83' lang='grc' dir='ltr'><strong>ἀλλ’</strong></span> <span class='ocrx_word' id='word_1_443' title='bbox 3424 1310 3527 1379; x_wconf 85' lang='grc' dir='ltr'><strong>ούχ</strong></span> <span class='ocrx_word' id='word_1_444' title='bbox 3576 1310 3654 1372; x_wconf 80' lang='grc' dir='ltr'>ὼς</span> 
     </span>
    </p>
   </div>
   <div class='ocr_carea' id='block_1_56' title="bbox 2083 1404 3663 1476">
    <p class='ocr_par' dir='ltr' id='par_1_56' title="bbox 2083 1404 3663 1476">
     <span class='ocr_line' id='line_1_56' title="bbox 2083 1404 3663 1476; baseline -0.003 -16"><span class='ocrx_word' id='word_1_445' title='bbox 2083 1408 2143 1473; x_wconf 76' lang='grc' dir='ltr'><strong>ἐξ</strong></span> <span class='ocrx_word' id='word_1_446' title='bbox 2169 1406 2341 1461; x_wconf 84' lang='grc' dir='ltr'><strong>αἰτίου</strong></span> <span class='ocrx_word' id='word_1_447' title='bbox 2375 1406 2562 1476; x_wconf 76' lang='grc' dir='ltr'><strong>φάναι,</strong></span> <span class='ocrx_word' id='word_1_448' title='bbox 2615 1406 2826 1468; x_wconf 79' lang='grc' dir='ltr'><strong>εἰδότας</strong></span> <span class='ocrx_word' id='word_1_449' title='bbox 2854 1404 2953 1475; x_wconf 81' lang='grc' dir='ltr'><strong>μὲν</strong></span> <span class='ocrx_word' id='word_1_450' title='bbox 2974 1405 3164 1475; x_wconf 82' lang='grc' dir='ltr'><strong>ἧντινα</strong></span> <span class='ocrx_word' id='word_1_451' title='bbox 3197 1405 3231 1474; x_wconf 82' lang='grc' dir='ltr'><strong>ὴ</strong></span> <span class='ocrx_word' id='word_1_452' title='bbox 3290 1404 3360 1457; x_wconf 84' lang='grc' dir='ltr'><strong>ἐκ</strong></span> <span class='ocrx_word' id='word_1_453' title='bbox 3401 1405 3663 1473; x_wconf 87' lang='grc' dir='ltr'><strong>σημαίνει</strong></span> 
     </span>
    </p>
   </div>
   <div class='ocr_carea' id='block_1_57' title="bbox 2082 1494 3663 1566">
    <p class='ocr_par' dir='ltr' id='par_1_57' title="bbox 2082 1494 3663 1566">
     <span class='ocr_line' id='line_1_57' title="bbox 2082 1494 3663 1566; baseline -0.004 -14"><span class='ocrx_word' id='word_1_454' title='bbox 2082 1498 2303 1562; x_wconf 86' lang='grc' dir='ltr'><strong>αἰτίαν,</strong></span> <span class='ocrx_word' id='word_1_455' title='bbox 2345 1496 2604 1566; x_wconf 88' lang='grc' dir='ltr'><strong>τοιαύτην</strong></span> <span class='ocrx_word' id='word_1_456' title='bbox 2640 1497 2698 1551; x_wconf 71' lang='grc' dir='ltr'><strong>δὲ</strong></span> <span class='ocrx_word' id='word_1_457' title='bbox 2754 1498 2830 1566; x_wconf 84' lang='grc' dir='ltr'><strong>μὴ</strong></span> <span class='ocrx_word' id='word_1_458' title='bbox 2896 1496 3323 1566; x_wconf 89' lang='grc' dir='ltr'><strong>συγχωροῦντας</strong></span> <span class='ocrx_word' id='word_1_459' title='bbox 3376 1496 3474 1548; x_wconf 81' lang='grc' dir='ltr'><strong>τὸν</strong></span> <span class='ocrx_word' id='word_1_460' title='bbox 3532 1494 3663 1547; x_wconf 72' lang='grc' dir='ltr'><strong>Υἰὸν</strong></span> 
     </span>
    </p>
   </div>
   <div class='ocr_carea' id='block_1_58' title="bbox 2084 1583 3664 1657">
    <p class='ocr_par' dir='ltr' id='par_1_58' title="bbox 2084 1583 3664 1657">
     <span class='ocr_line' id='line_1_58' title="bbox 2084 1583 3664 1657; baseline -0.003 -16"><span class='ocrx_word' id='word_1_461' title='bbox 2084 1584 2249 1654; x_wconf 83' lang='grc' dir='ltr'><strong>εἶναι,</strong></span> <span class='ocrx_word' id='word_1_462' title='bbox 2286 1585 2374 1640; x_wconf 84' lang='grc' dir='ltr'><strong>διὰ</strong></span> <span class='ocrx_word' id='word_1_463' title='bbox 2425 1587 2487 1640; x_wconf 87' lang='lat'><strong>16</strong></span> <span class='ocrx_word' id='word_1_464' title='bbox 2533 1587 2711 1639; x_wconf 73' lang='grc' dir='ltr'><strong>πάντα</strong></span> <span class='ocrx_word' id='word_1_465' title='bbox 2740 1585 2903 1639; x_wconf 67' lang='grc' dir='ltr'><strong>αὐτὸν</strong></span> <span class='ocrx_word' id='word_1_466' title='bbox 2964 1587 3116 1657; x_wconf 87' lang='grc' dir='ltr'><strong>παρά</strong></span> <span class='ocrx_word' id='word_1_467' title='bbox 3150 1583 3247 1639; x_wconf 85' lang='grc' dir='ltr'><strong>τοῦ</strong></span> <span class='ocrx_word' id='word_1_468' title='bbox 3274 1586 3490 1657; x_wconf 73' lang='grc' dir='ltr'><strong>Πατρὸς</strong></span> <span class='ocrx_word' id='word_1_469' title='bbox 3517 1585 3664 1654; x_wconf 77' lang='grc' dir='ltr'><strong>ἔχειν</strong></span> 
     </span>
    </p>
   </div>
   <div class='ocr_carea' id='block_1_59' title="bbox 2083 1676 3663 1748">
    <p class='ocr_par' dir='ltr' id='par_1_59' title="bbox 2083 1676 3663 1748">
     <span class='ocr_line' id='line_1_59' title="bbox 2083 1676 3663 1748; baseline 0 -18"><span class='ocrx_word' id='word_1_470' title='bbox 2083 1678 2334 1743; x_wconf 80' lang='grc' dir='ltr'><strong>λαϐόντα,</strong></span> <span class='ocrx_word' id='word_1_471' title='bbox 2365 1678 2424 1741; x_wconf 84' lang='grc' dir='ltr'><strong>ὃς</strong></span> <span class='ocrx_word' id='word_1_472' title='bbox 2454 1679 2570 1730; x_wconf 78' lang='grc' dir='ltr'><strong>ἐστι</strong></span> <span class='ocrx_word' id='word_1_473' title='bbox 2600 1677 2760 1747; x_wconf 82' lang='grc' dir='ltr'><strong>μόνος</strong></span> <span class='ocrx_word' id='word_1_474' title='bbox 2786 1676 3074 1748; x_wconf 78' lang='grc' dir='ltr'><strong>ἀρχοειδης</strong></span> <span class='ocrx_word' id='word_1_475' title='bbox 3125 1676 3280 1731; x_wconf 88' lang='grc' dir='ltr'><strong>αἰτία</strong></span> <span class='ocrx_word' id='word_1_476' title='bbox 3321 1678 3416 1730; x_wconf 75' lang='grc' dir='ltr'><strong>καὶ</strong></span> <span class='ocrx_word' id='word_1_477' title='bbox 3444 1677 3663 1747; x_wconf 82' lang='grc' dir='ltr'><strong>πρώτη,</strong></span> 
     </span>
    </p>
   </div>
   <div class='ocr_carea' id='block_1_60' title="bbox 2085 1767 3665 1840">
    <p class='ocr_par' dir='ltr' id='par_1_60' title="bbox 2085 1767 3665 1840">
     <span class='ocr_line' id='line_1_60' title="bbox 2085 1767 3665 1840; baseline -0.001 -16"><span class='ocrx_word' id='word_1_478' title='bbox 2085 1773 2181 1825; x_wconf 78' lang='grc' dir='ltr'><strong>καὶ</strong></span> <span class='ocrx_word' id='word_1_479' title='bbox 2205 1770 2327 1823; x_wconf 85' lang='grc' dir='ltr'><strong>οίαν</strong></span> <span class='ocrx_word' id='word_1_480' title='bbox 2371 1771 2405 1840; x_wconf 81' lang='grc' dir='ltr'>ὴ</span> <span class='ocrx_word' id='word_1_481' title='bbox 2451 1770 2518 1823; x_wconf 82' lang='grc' dir='ltr'><strong>ἐκ</strong></span> <span class='ocrx_word' id='word_1_482' title='bbox 2546 1770 2772 1824; x_wconf 87' lang='grc' dir='ltr'><strong>δύναται</strong></span> <span class='ocrx_word' id='word_1_483' title='bbox 2793 1769 3185 1840; x_wconf 82' lang='grc' dir='ltr'><strong>παριστάνειν,</strong></span> <span class='ocrx_word' id='word_1_484' title='bbox 3234 1768 3400 1832; x_wconf 75' lang='grc' dir='ltr'><strong>αὐτὸς</strong></span> <span class='ocrx_word' id='word_1_485' title='bbox 3438 1769 3538 1839; x_wconf 79' lang='grc' dir='ltr'><strong>μὲν</strong></span> <span class='ocrx_word' id='word_1_486' title='bbox 3569 1767 3665 1837; x_wconf 79' lang='grc' dir='ltr'><strong>ἀφ’</strong></span> 
     </span>
    </p>
   </div>
   <div class='ocr_carea' id='block_1_61' title="bbox 2086 1860 3666 1933">
    <p class='ocr_par' dir='ltr' id='par_1_61' title="bbox 2086 1860 3666 1933">
     <span class='ocr_line' id='line_1_61' title="bbox 2086 1860 3666 1933; baseline -0.001 -17"><span class='ocrx_word' id='word_1_487' title='bbox 2086 1862 2283 1917; x_wconf 73' lang='grc' dir='ltr'><strong>ἑαυτοῦ</strong></span> <span class='ocrx_word' id='word_1_488' title='bbox 2318 1862 2499 1917; x_wconf 83' lang='grc' dir='ltr'><strong>πάντα</strong></span> <span class='ocrx_word' id='word_1_489' title='bbox 2528 1861 2672 1933; x_wconf 80' lang='grc' dir='ltr'><strong>ἔχων</strong></span> <span class='ocrx_word' id='word_1_490' title='bbox 2701 1864 2797 1915; x_wconf 76' lang='grc' dir='ltr'><strong>καὶ</strong></span> <span class='ocrx_word' id='word_1_491' title='bbox 2848 1861 3147 1933; x_wconf 80' lang='grc' dir='ltr'><strong>οὐδαμόθεν</strong></span> <span class='ocrx_word' id='word_1_492' title='bbox 3171 1860 3421 1928; x_wconf 76' lang='grc' dir='ltr'><strong>ἄλλοθεν,</strong></span> <span class='ocrx_word' id='word_1_493' title='bbox 3463 1862 3578 1915; x_wconf 87' lang='grc' dir='ltr'><strong>τῶν</strong></span> <span class='ocrx_word' id='word_1_494' title='bbox 3607 1862 3666 1915; x_wconf 78' lang='grc' dir='ltr'><strong>δὲ</strong></span> 
     </span>
    </p>
   </div>
   <div class='ocr_carea' id='block_1_62' title="bbox 2088 1954 3666 2027">
    <p class='ocr_par' dir='ltr' id='par_1_62' title="bbox 2088 1954 3666 2027">
     <span class='ocr_line' id='line_1_62' title="bbox 2088 1954 3666 2027; baseline -0.003 -17"><span class='ocrx_word' id='word_1_495' title='bbox 2088 1958 2182 2010; x_wconf 87' lang='grc' dir='ltr'><strong>τοῦ</strong></span> <span class='ocrx_word' id='word_1_496' title='bbox 2212 1956 2341 2009; x_wconf 83' lang='grc' dir='ltr'><strong>Υἰοῦ</strong></span> <span class='ocrx_word' id='word_1_497' title='bbox 2368 1959 2587 2011; x_wconf 82' lang='grc' dir='ltr'><strong>πάντων</strong></span> <span class='ocrx_word' id='word_1_498' title='bbox 2643 1957 2779 2027; x_wconf 75' lang='grc' dir='ltr'><strong>πρδς</strong></span> <span class='ocrx_word' id='word_1_499' title='bbox 2808 1957 3017 2011; x_wconf 76' lang='grc' dir='ltr'><strong>ἐκεῖνον</strong></span> <span class='ocrx_word' id='word_1_500' title='bbox 3064 1955 3515 2027; x_wconf 80' lang='grc' dir='ltr'><strong>ἀναφερομένων,</strong></span> <span class='ocrx_word' id='word_1_501' title='bbox 3567 1954 3666 2008; x_wconf 73' lang='grc' dir='ltr'><strong>ἅτε</strong></span> 
     </span>
    </p>
   </div>
   <div class='ocr_carea' id='block_1_63' title="bbox 2090 2046 3669 2119">
    <p class='ocr_par' dir='ltr' id='par_1_63' title="bbox 2090 2046 3669 2119">
     <span class='ocr_line' id='line_1_63' title="bbox 2090 2046 3669 2119; baseline -0.001 -18"><span class='ocrx_word' id='word_1_502' title='bbox 2090 2050 2185 2102; x_wconf 75' lang='grc' dir='ltr'><strong>καὶ</strong></span> <span class='ocrx_word' id='word_1_503' title='bbox 2207 2048 2337 2119; x_wconf 88' lang='grc' dir='ltr'><strong>παρ’</strong></span> <span class='ocrx_word' id='word_1_504' title='bbox 2366 2048 2531 2101; x_wconf 76' lang='grc' dir='ltr'><strong>αὑτοῦ</strong></span> <span class='ocrx_word' id='word_1_505' title='bbox 2565 2048 2786 2117; x_wconf 80' lang='grc' dir='ltr'><strong>ἔχοντος</strong></span> <span class='ocrx_word' id='word_1_506' title='bbox 2825 2048 3025 2112; x_wconf 82' lang='grc' dir='ltr'><strong>πάντα,</strong></span> <span class='ocrx_word' id='word_1_507' title='bbox 3082 2048 3177 2101; x_wconf 74' lang='grc' dir='ltr'><strong>καὶ</strong></span> <span class='ocrx_word' id='word_1_508' title='bbox 3204 2046 3294 2100; x_wconf 70' lang='grc' dir='ltr'><strong>διὰ</strong></span> <span class='ocrx_word' id='word_1_509' title='bbox 3324 2046 3492 2101; x_wconf 83' lang='grc' dir='ltr'><strong>τοῦτο</strong></span> <span class='ocrx_word' id='word_1_510' title='bbox 3514 2046 3669 2099; x_wconf 78' lang='grc' dir='ltr'><strong>εἰκόο</strong></span> 
     </span>
    </p>
   </div>
   <div class='ocr_carea' id='block_1_64' title="bbox 2089 2135 3668 2209">
    <p class='ocr_par' dir='ltr' id='par_1_64' title="bbox 2089 2135 3668 2209">
     <span class='ocr_line' id='line_1_64' title="bbox 2089 2135 3668 2209; baseline -0.004 -14"><span class='ocrx_word' id='word_1_511' title='bbox 2089 2157 2197 2203; x_wconf 87' lang='grc' dir='ltr'><strong>τως</strong></span> <span class='ocrx_word' id='word_1_512' title='bbox 2227 2139 2316 2194; x_wconf 91' lang='grc' dir='ltr'><strong>τοῦ</strong></span> <span class='ocrx_word' id='word_1_513' title='bbox 2350 2138 2563 2209; x_wconf 80' lang='grc' dir='ltr'><strong>Πατρδς</strong></span> <span class='ocrx_word' id='word_1_514' title='bbox 2590 2139 2907 2208; x_wconf 86' lang='grc' dir='ltr'><strong>λεγομένων</strong></span> <span class='ocrx_word' id='word_1_515' title='bbox 2958 2138 3068 2192; x_wconf 82' lang='grc' dir='ltr'><strong>τῶν</strong></span> <span class='ocrx_word' id='word_1_516' title='bbox 3097 2135 3193 2191; x_wconf 89' lang='grc' dir='ltr'><strong>τοῦ</strong></span> <span class='ocrx_word' id='word_1_517' title='bbox 3228 2135 3389 2203; x_wconf 81' lang='grc' dir='ltr'><strong>Υίοῦ,</strong></span> <span class='ocrx_word' id='word_1_518' title='bbox 3413 2137 3490 2200; x_wconf 78' lang='grc' dir='ltr'><strong>ὡς</strong></span> <span class='ocrx_word' id='word_1_519' title='bbox 3521 2138 3668 2189; x_wconf 70' lang='grc' dir='ltr'><strong>ὲκείςι</strong></span> 
     </span>
    </p>
   </div>
   <div class='ocr_carea' id='block_1_65' title="bbox 2092 2228 3693 2302">
    <p class='ocr_par' dir='ltr' id='par_1_65' title="bbox 2092 2228 3693 2302">
     <span class='ocr_line' id='line_1_65' title="bbox 2092 2228 3693 2302; baseline -0.004 -16"><span class='ocrx_word' id='word_1_520' title='bbox 2092 2232 2186 2286; x_wconf 76' lang='grc' dir='ltr'><strong>θεν</strong></span> <span class='ocrx_word' id='word_1_521' title='bbox 2224 2232 2473 2301; x_wconf 77' lang='grc' dir='ltr'><strong>ἡκόντων</strong></span> <span class='ocrx_word' id='word_1_522' title='bbox 2500 2231 2669 2302; x_wconf 79' lang='grc' dir='ltr'><strong>αύτῷ.</strong></span> <span class='ocrx_word' id='word_1_523' title='bbox 2700 2231 2812 2285; x_wconf 69' lang='grc' dir='ltr'><strong>Καὶ</strong></span> <span class='ocrx_word' id='word_1_524' title='bbox 2845 2230 2955 2301; x_wconf 80' lang='grc' dir='ltr'><strong>γὰρ</strong></span> <span class='ocrx_word' id='word_1_525' title='bbox 2993 2230 3056 2300; x_wconf 78' lang='grc' dir='ltr'><strong>δὴ</strong></span> <span class='ocrx_word' id='word_1_526' title='bbox 3080 2231 3173 2284; x_wconf 75' lang='grc' dir='ltr'><strong>καὶ</strong></span> <span class='ocrx_word' id='word_1_527' title='bbox 3202 2229 3342 2293; x_wconf 85' lang='grc' dir='ltr'><strong>ὅλως</strong></span> <span class='ocrx_word' id='word_1_528' title='bbox 3363 2230 3424 2282; x_wconf 91' lang='grc' dir='ltr'><strong>ού</strong></span> <span class='ocrx_word' id='word_1_529' title='bbox 3455 2228 3693 2283; x_wconf 63' lang='grc' dir='ltr'><strong>δύναιτ’⁷</strong></span> 
     </span>
    </p>
   </div>
   <div class='ocr_carea' id='block_1_66' title="bbox 2090 2318 3666 2394">
    <p class='ocr_par' dir='ltr' id='par_1_66' title="bbox 2090 2318 3666 2394">
     <span class='ocr_line' id='line_1_66' title="bbox 2090 2318 3666 2394; baseline -0.005 -15"><span class='ocrx_word' id='word_1_530' title='bbox 2090 2327 2156 2380; x_wconf 73' lang='grc' dir='ltr'><strong>ἂν</strong></span> <span class='ocrx_word' id='word_1_531' title='bbox 2185 2343 2269 2388; x_wconf 90' lang='grc' dir='ltr'><strong>τις</strong></span> <span class='ocrx_word' id='word_1_532' title='bbox 2313 2323 2593 2394; x_wconf 68' lang='grc' dir='ltr'><strong>μὴνλέγειν</strong></span> <span class='ocrx_word' id='word_1_533' title='bbox 2630 2322 2814 2377; x_wconf 88' lang='grc' dir='ltr'><strong>αἰτίαν</strong></span> <span class='ocrx_word' id='word_1_534' title='bbox 2836 2326 2933 2377; x_wconf 75' lang='grc' dir='ltr'><strong>καὶ</strong></span> <span class='ocrx_word' id='word_1_535' title='bbox 2963 2321 3214 2375; x_wconf 82' lang='grc' dir='ltr'><strong>ὁπωσοῦν</strong></span> <span class='ocrx_word' id='word_1_536' title='bbox 3256 2321 3350 2375; x_wconf 84' lang='lat' dir='ltr'><em>16v</em></span> <span class='ocrx_word' id='word_1_537' title='bbox 3398 2320 3550 2384; x_wconf 74' lang='lat' dir='ltr'><strong>Yl6v,</strong></span> <span class='ocrx_word' id='word_1_538' title='bbox 3600 2318 3666 2372; x_wconf 77' lang='grc' dir='ltr'><strong>δι’</strong></span> 
     </span>
    </p>
   </div>
   <div class='ocr_carea' id='block_1_67' title="bbox 2092 2411 3670 2485">
    <p class='ocr_par' dir='ltr' id='par_1_67' title="bbox 2092 2411 3670 2485">
     <span class='ocr_line' id='line_1_67' title="bbox 2092 2411 3670 2485; baseline -0.006 -14"><span class='ocrx_word' id='word_1_539' title='bbox 2092 2416 2262 2471; x_wconf 73' lang='grc' dir='ltr'><strong>αὐτοῦ</strong></span> <span class='ocrx_word' id='word_1_540' title='bbox 2292 2416 2470 2485; x_wconf 80' lang='grc' dir='ltr'><strong>λέγων</strong></span> <span class='ocrx_word' id='word_1_541' title='bbox 2491 2415 2551 2469; x_wconf 86' lang='lat'><strong>16</strong></span> <span class='ocrx_word' id='word_1_542' title='bbox 2578 2416 2807 2485; x_wconf 88' lang='grc' dir='ltr'><strong>Πνεῦμα</strong></span> <span class='ocrx_word' id='word_1_543' title='bbox 2843 2414 2904 2469; x_wconf 89' lang='lat'><strong>16</strong></span> <span class='ocrx_word' id='word_1_544' title='bbox 2935 2413 3093 2483; x_wconf 74' lang='grc' dir='ltr'><strong>ἅγιον</strong></span> <span class='ocrx_word' id='word_1_545' title='bbox 3137 2411 3568 2484; x_wconf 73' lang='grc' dir='ltr'><strong>ἐκπορεύεσθαι.</strong></span> <span class='ocrx_word' id='word_1_546' title='bbox 3608 2411 3670 2463; x_wconf 70' lang='grc' dir='ltr'><strong>ί·Ῑί</strong></span> 
     </span>
    </p>
   </div>
   <div class='ocr_carea' id='block_1_68' title="bbox 2093 2506 3671 2581">
    <p class='ocr_par' dir='ltr' id='par_1_68' title="bbox 2093 2506 3671 2581">
     <span class='ocr_line' id='line_1_68' title="bbox 2093 2506 3671 2581; baseline -0.006 -16"><span class='ocrx_word' id='word_1_547' title='bbox 2093 2512 2203 2581; x_wconf 66' lang='grc' dir='ltr'><strong>γὰρ</strong></span> <span class='ocrx_word' id='word_1_548' title='bbox 2230 2511 2291 2565; x_wconf 89' lang='lat'><strong>16</strong></span> <span class='ocrx_word' id='word_1_549' title='bbox 2323 2511 2422 2581; x_wconf 78' lang='grc' dir='ltr'><strong>μὲν</strong></span> <span class='ocrx_word' id='word_1_550' title='bbox 2455 2510 2541 2565; x_wconf 75' lang='grc' dir='ltr'><strong>διὰ</strong></span> <span class='ocrx_word' id='word_1_551' title='bbox 2580 2510 2674 2564; x_wconf 82' lang='grc' dir='ltr'><strong>τοῦ</strong></span> <span class='ocrx_word' id='word_1_552' title='bbox 2709 2509 2838 2564; x_wconf 82' lang='grc' dir='ltr'><strong>Υίοῦ</strong></span> <span class='ocrx_word' id='word_1_553' title='bbox 2885 2507 3306 2577; x_wconf 81' lang='grc' dir='ltr'><strong>ἐκπορεύεσθαι,</strong></span> <span class='ocrx_word' id='word_1_554' title='bbox 3350 2508 3444 2559; x_wconf 73' lang='grc' dir='ltr'><strong>καὶ</strong></span> <span class='ocrx_word' id='word_1_555' title='bbox 3477 2506 3671 2576; x_wconf 75' lang='grc' dir='ltr'><strong>προῖέο</strong></span> 
     </span>
    </p>
   </div>
   <div class='ocr_carea' id='block_1_69' title="bbox 2092 2598 3679 2672">
    <p class='ocr_par' dir='ltr' id='par_1_69' title="bbox 2092 2598 3679 2672">
     <span class='ocr_line' id='line_1_69' title="bbox 2092 2598 3679 2672; baseline -0.006 -15"><span class='ocrx_word' id='word_1_556' title='bbox 2092 2621 2202 2669; x_wconf 89' lang='grc' dir='ltr'><strong>ναι,</strong></span> <span class='ocrx_word' id='word_1_557' title='bbox 2241 2604 2334 2656; x_wconf 74' lang='grc' dir='ltr'><strong>καὶ</strong></span> <span class='ocrx_word' id='word_1_558' title='bbox 2363 2599 2523 2667; x_wconf 76' lang='grc' dir='ltr'><strong>εἶναι,</strong></span> <span class='ocrx_word' id='word_1_559' title='bbox 2557 2605 2619 2656; x_wconf 87' lang='lat'><strong>16</strong></span> <span class='ocrx_word' id='word_1_560' title='bbox 2650 2602 2721 2655; x_wconf 84' lang='lat' dir='ltr'><strong>6t&#39;</strong></span> <span class='ocrx_word' id='word_1_561' title='bbox 2749 2600 2880 2655; x_wconf 79' lang='grc' dir='ltr'><strong>Υἰοῦ</strong></span> <span class='ocrx_word' id='word_1_562' title='bbox 2909 2601 3010 2672; x_wconf 80' lang='grc' dir='ltr'><strong>τὴν</strong></span> <span class='ocrx_word' id='word_1_563' title='bbox 3043 2599 3283 2669; x_wconf 79' lang='grc' dir='ltr'><strong>ὕπαρξιν</strong></span> <span class='ocrx_word' id='word_1_564' title='bbox 3321 2598 3468 2670; x_wconf 63' lang='grc' dir='ltr'><strong>ἔχειν</strong></span> <span class='ocrx_word' id='word_1_565' title='bbox 3493 2598 3679 2668; x_wconf 78' lang='grc' dir='ltr'><strong>δηλοῖ,</strong></span> 
     </span>
    </p>
   </div>
   <div class='ocr_carea' id='block_1_70' title="bbox 2092 2690 3681 2764">
    <p class='ocr_par' dir='ltr' id='par_1_70' title="bbox 2092 2690 3681 2764">
     <span class='ocr_line' id='line_1_70' title="bbox 2092 2690 3681 2764; baseline -0.005 -16"><span class='ocrx_word' id='word_1_566' title='bbox 2092 2695 2168 2759; x_wconf 87' lang='grc' dir='ltr'><strong>ὡς</strong></span> <span class='ocrx_word' id='word_1_567' title='bbox 2202 2695 2295 2749; x_wconf 74' lang='grc' dir='ltr'><strong>καὶ</strong></span> <span class='ocrx_word' id='word_1_568' title='bbox 2322 2692 2472 2764; x_wconf 74' lang='grc' dir='ltr'><strong>παρα</strong></span> <span class='ocrx_word' id='word_1_569' title='bbox 2496 2693 2605 2746; x_wconf 81' lang='grc' dir='ltr'><strong>τῶν</strong></span> <span class='ocrx_word' id='word_1_570' title='bbox 2631 2692 3028 2761; x_wconf 83' lang='grc' dir='ltr'><strong>ἀντιλεγόντων</strong></span> <span class='ocrx_word' id='word_1_571' title='bbox 3051 2690 3234 2745; x_wconf 77' lang='grc' dir='ltr'><strong>αὐτῶν</strong></span> <span class='ocrx_word' id='word_1_572' title='bbox 3270 2690 3681 2759; x_wconf 60' lang='grc' dir='ltr'><strong>συγχωρεΐται,</strong></span> 
     </span>
    </p>
   </div>
   <div class='ocr_carea' id='block_1_71' title="bbox 2097 2780 3669 2858">
    <p class='ocr_par' dir='ltr' id='par_1_71' title="bbox 2097 2780 3669 2858">
     <span class='ocr_line' id='line_1_71' title="bbox 2097 2780 3669 2858; baseline -0.004 -19"><span class='ocrx_word' id='word_1_573' title='bbox 2097 2789 2171 2858; x_wconf 81' lang='grc' dir='ltr'><strong>μὴ</strong></span> <span class='ocrx_word' id='word_1_574' title='bbox 2205 2786 2520 2855; x_wconf 82' lang='grc' dir='ltr'><strong>δυναμένων</strong></span> <span class='ocrx_word' id='word_1_575' title='bbox 2566 2782 2911 2837; x_wconf 80' lang='grc' dir='ltr'><strong>ἀντιϐλέπειν</strong></span> <span class='ocrx_word' id='word_1_576' title='bbox 2962 2781 3104 2853; x_wconf 67' lang='grc' dir='ltr'><strong>πρὸς</strong></span> <span class='ocrx_word' id='word_1_577' title='bbox 3136 2783 3237 2835; x_wconf 43' lang='grc' dir='ltr'><strong>τὰ»ζ</strong></span> <span class='ocrx_word' id='word_1_578' title='bbox 3266 2780 3631 2852; x_wconf 79' lang='grc' dir='ltr'><strong>φανερώτατα</strong></span> <span class='ocrx_word' id='word_1_579' title='bbox 3656 2798 3669 2812; x_wconf 95' lang='grc'><strong>·</strong></span> 
     </span>
    </p>
   </div>
   <div class='ocr_carea' id='block_1_72' title="bbox 2092 2870 3673 2944">
    <p class='ocr_par' dir='ltr' id='par_1_72' title="bbox 2092 2870 3673 2944">
     <span class='ocr_line' id='line_1_72' title="bbox 2092 2870 3673 2944; baseline -0.004 -14"><span class='ocrx_word' id='word_1_580' title='bbox 2092 2876 2250 2930; x_wconf 88' lang='grc' dir='ltr'><strong>τοῦτο</strong></span> <span class='ocrx_word' id='word_1_581' title='bbox 2276 2876 2334 2929; x_wconf 69' lang='grc' dir='ltr'><strong>δὲ</strong></span> <span class='ocrx_word' id='word_1_582' title='bbox 2382 2875 2634 2944; x_wconf 79' lang='grc' dir='ltr'><strong>λέγοντες</strong></span> <span class='ocrx_word' id='word_1_583' title='bbox 2690 2876 2738 2928; x_wconf 88' lang='grc' dir='ltr'><strong>οἰ</strong></span> <span class='ocrx_word' id='word_1_584' title='bbox 2775 2874 3110 2940; x_wconf 72' lang='grc' dir='ltr'><strong>διδάσκαλοι,</strong></span> <span class='ocrx_word' id='word_1_585' title='bbox 3162 2870 3289 2926; x_wconf 75' lang='grc' dir='ltr'><strong>οὔτε</strong></span> <span class='ocrx_word' id='word_1_586' title='bbox 3336 2872 3438 2943; x_wconf 79' lang='grc' dir='ltr'><strong>τὴν</strong></span> <span class='ocrx_word' id='word_1_587' title='bbox 3468 2872 3548 2934; x_wconf 86' lang='grc' dir='ltr'><strong>είς</strong></span> <span class='ocrx_word' id='word_1_588' title='bbox 3578 2872 3673 2924; x_wconf 82' lang='lat' dir='ltr'><em>16v</em></span> 
     </span>
    </p>
   </div>
   <div class='ocr_carea' id='block_1_73' title="bbox 2095 2963 3673 3039">
    <p class='ocr_par' dir='ltr' id='par_1_73' title="bbox 2095 2963 3673 3039">
     <span class='ocr_line' id='line_1_73' title="bbox 2095 2963 3673 3039; baseline -0.006 -14"><span class='ocrx_word' id='word_1_589' title='bbox 2095 2970 2358 3039; x_wconf 79' lang='grc' dir='ltr'><strong>αἰσθητὸν</strong></span> <span class='ocrx_word' id='word_1_590' title='bbox 2408 2966 2622 3020; x_wconf 76' lang='grc' dir='ltr'><strong>τουτονί⁵</strong></span> <span class='ocrx_word' id='word_1_591' title='bbox 2681 2968 2886 3037; x_wconf 87' lang='grc' dir='ltr'><strong>κόσμον</strong></span> <span class='ocrx_word' id='word_1_592' title='bbox 2946 2965 3043 3020; x_wconf 86' lang='grc' dir='ltr'><strong>τοῦ</strong></span> <span class='ocrx_word' id='word_1_593' title='bbox 3089 2964 3415 3035; x_wconf 86' lang='grc' dir='ltr'><strong>Πνεύματος</strong></span> <span class='ocrx_word' id='word_1_594' title='bbox 3442 2963 3673 3034; x_wconf 74' lang='grc' dir='ltr'><strong>δηλοῦσι</strong></span> 
     </span>
    </p>
   </div>
   <div class='ocr_carea' id='block_1_74' title="bbox 2094 3054 3684 3133">
    <p class='ocr_par' dir='ltr' id='par_1_74' title="bbox 2094 3054 3684 3133">
     <span class='ocr_line' id='line_1_74' title="bbox 2094 3054 3684 3133; baseline -0.004 -18"><span class='ocrx_word' id='word_1_595' title='bbox 2094 3063 2428 3133; x_wconf 83' lang='grc' dir='ltr'><strong>φανέρωσιν,</strong></span> <span class='ocrx_word' id='word_1_596' title='bbox 2459 3060 2585 3115; x_wconf 73' lang='grc' dir='ltr'><strong>οὔτε</strong></span> <span class='ocrx_word' id='word_1_597' title='bbox 2620 3059 2753 3128; x_wconf 82' lang='grc' dir='ltr'><strong>περὶ</strong></span> <span class='ocrx_word' id='word_1_598' title='bbox 2793 3061 3158 3130; x_wconf 74' lang='grc' dir='ltr'><strong>χαρισμάτων</strong></span> <span class='ocrx_word' id='word_1_599' title='bbox 3191 3058 3355 3111; x_wconf 83' lang='grc' dir='ltr'><strong>τινῶν</strong></span> <span class='ocrx_word' id='word_1_600' title='bbox 3385 3054 3684 3109; x_wconf 87' lang='grc' dir='ltr'><strong>ποιοῦνται-</strong></span> 
     </span>
    </p>
   </div>
   <div class='ocr_carea' id='block_1_75' title="bbox 2094 3148 3681 3223">
    <p class='ocr_par' dir='ltr' id='par_1_75' title="bbox 2094 3148 3681 3223">
     <span class='ocr_line' id='line_1_75' title="bbox 2094 3148 3681 3223; baseline -0.005 -13"><span class='ocrx_word' id='word_1_601' title='bbox 2094 3155 2186 3211; x_wconf 86' lang='grc' dir='ltr'><strong>τδν</strong></span> <span class='ocrx_word' id='word_1_602' title='bbox 2212 3154 2390 3223; x_wconf 83' lang='grc' dir='ltr'><strong>λόγον,</strong></span> <span class='ocrx_word' id='word_1_603' title='bbox 2427 3152 2567 3208; x_wconf 75' lang='grc' dir='ltr'><strong>ἀλλὰ</strong></span> <span class='ocrx_word' id='word_1_604' title='bbox 2593 3153 2691 3223; x_wconf 84' lang='grc' dir='ltr'><strong>τῆς</strong></span> <span class='ocrx_word' id='word_1_605' title='bbox 2720 3151 2811 3206; x_wconf 87' lang='grc' dir='ltr'><strong>τοῦ</strong></span> <span class='ocrx_word' id='word_1_606' title='bbox 2849 3150 3170 3222; x_wconf 85' lang='grc' dir='ltr'><strong>Πνεύματος</strong></span> <span class='ocrx_word' id='word_1_607' title='bbox 3195 3148 3554 3213; x_wconf 78' lang='grc' dir='ltr'><strong>ὑποστάσεως</strong></span> <span class='ocrx_word' id='word_1_608' title='bbox 3577 3150 3681 3204; x_wconf 68' lang='grc' dir='ltr'><strong>καὶ</strong></span> 
     </span>
    </p>
   </div>
   <div class='ocr_carea' id='block_1_76' title="bbox 2100 3330 3700 3407">
    <p class='ocr_par' dir='ltr' id='par_1_76' title="bbox 2100 3330 3700 3407">
     <span class='ocr_line' id='line_1_76' title="bbox 2100 3330 3700 3407; baseline -0.004 -16"><span class='ocrx_word' id='word_1_609' title='bbox 2100 3343 2365 3407; x_wconf 78' lang='lat' dir='ltr'><strong>negarent</strong></span> <span class='ocrx_word' id='word_1_610' title='bbox 2392 3333 2591 3389; x_wconf 86' lang='lat' dir='ltr'><strong>Filium</strong></span> <span class='ocrx_word' id='word_1_611' title='bbox 2623 3342 2680 3389; x_wconf 90' lang='lat' dir='ltr'><strong>et</strong></span> <span class='ocrx_word' id='word_1_612' title='bbox 2721 3330 2988 3401; x_wconf 86' lang='lat' dir='ltr'><strong>Spiritum</strong></span> <span class='ocrx_word' id='word_1_613' title='bbox 3018 3339 3272 3387; x_wconf 89' lang='lat' dir='ltr'><strong>sanctum</strong></span> <span class='ocrx_word' id='word_1_614' title='bbox 3299 3344 3526 3385; x_wconf 85' lang='lat' dir='ltr'><strong>causam</strong></span> <span class='ocrx_word' id='word_1_615' title='bbox 3555 3344 3700 3385; x_wconf 62' lang='lat' dir='ltr'><strong>esse.</strong></span> 
     </span>
    </p>
   </div>
   <div class='ocr_carea' id='block_1_77' title="bbox 2098 3419 3676 3495">
    <p class='ocr_par' dir='ltr' id='par_1_77' title="bbox 2098 3419 3676 3495">
     <span class='ocr_line' id='line_1_77' title="bbox 2098 3419 3676 3495; baseline -0.007 -13"><span class='ocrx_word' id='word_1_616' title='bbox 2098 3437 2475 3483; x_wconf 89' lang='lat' dir='ltr'><strong>creaturarum</strong></span> <span class='ocrx_word' id='word_1_617' title='bbox 2510 3442 2523 3477; x_wconf 93' lang='lat'><strong>:</strong></span> <span class='ocrx_word' id='word_1_618' title='bbox 2562 3426 2677 3495; x_wconf 86' lang='lat' dir='ltr'><strong>ipsa</strong></span> <span class='ocrx_word' id='word_1_619' title='bbox 2708 3424 2899 3479; x_wconf 85' lang='lat' dir='ltr'><strong>eadem</strong></span> <span class='ocrx_word' id='word_1_620' title='bbox 2933 3423 3041 3478; x_wconf 89' lang='lat' dir='ltr'><strong>illis</strong></span> <span class='ocrx_word' id='word_1_621' title='bbox 3071 3422 3323 3485; x_wconf 66' lang='lat' dir='ltr'><strong>subiciet,</strong></span> <span class='ocrx_word' id='word_1_622' title='bbox 3355 3422 3459 3492; x_wconf 87' lang='lat' dir='ltr'><strong>qui</strong></span> <span class='ocrx_word' id='word_1_623' title='bbox 3478 3419 3676 3475; x_wconf 79' lang='lat' dir='ltr'><strong>Filium</strong></span> 
     </span>
    </p>
   </div>
   <div class='ocr_carea' id='block_1_78' title="bbox 2100 3509 3680 3583">
    <p class='ocr_par' dir='ltr' id='par_1_78' title="bbox 2100 3509 3680 3583">
     <span class='ocr_line' id='line_1_78' title="bbox 2100 3509 3680 3583; baseline -0.006 -12"><span class='ocrx_word' id='word_1_624' title='bbox 2100 3530 2208 3570; x_wconf 90' lang='lat' dir='ltr'><strong>non</strong></span> <span class='ocrx_word' id='word_1_625' title='bbox 2234 3530 2355 3570; x_wconf 84' lang='lat' dir='ltr'><strong>esse</strong></span> <span class='ocrx_word' id='word_1_626' title='bbox 2386 3529 2609 3569; x_wconf 88' lang='lat' dir='ltr'><strong>causam</strong></span> <span class='ocrx_word' id='word_1_627' title='bbox 2638 3512 2878 3583; x_wconf 89' lang='lat' dir='ltr'><strong>Spiritus</strong></span> <span class='ocrx_word' id='word_1_628' title='bbox 2907 3521 3140 3582; x_wconf 77' lang='lat' dir='ltr'><strong>ponunt:</strong></span> <span class='ocrx_word' id='word_1_629' title='bbox 3182 3510 3385 3565; x_wconf 80' lang='lat' dir='ltr'><strong>Eadem</strong></span> <span class='ocrx_word' id='word_1_630' title='bbox 3400 3509 3557 3565; x_wconf 77' lang='lat' dir='ltr'><strong>enim</strong></span> <span class='ocrx_word' id='word_1_631' title='bbox 3587 3524 3680 3563; x_wconf 64' lang='lat' dir='ltr'><strong>ra.»</strong></span> 
     </span>
    </p>
   </div>
   <div class='ocr_carea' id='block_1_79' title="bbox 2102 3603 3679 3671">
    <p class='ocr_par' dir='ltr' id='par_1_79' title="bbox 2102 3603 3679 3671">
     <span class='ocr_line' id='line_1_79' title="bbox 2102 3603 3679 3671; baseline -0.003 -10"><span class='ocrx_word' id='word_1_632' title='bbox 2102 3608 2251 3661; x_wconf 90' lang='lat' dir='ltr'><strong>tione</strong></span> <span class='ocrx_word' id='word_1_633' title='bbox 2288 3614 2344 3661; x_wconf 92' lang='lat' dir='ltr'><strong>et</strong></span> <span class='ocrx_word' id='word_1_634' title='bbox 2388 3605 2781 3669; x_wconf 72' lang='lat' dir='ltr'><strong>Damascenus,</strong></span> <span class='ocrx_word' id='word_1_635' title='bbox 2816 3618 2941 3658; x_wconf 92' lang='lat' dir='ltr'><strong>eum</strong></span> <span class='ocrx_word' id='word_1_636' title='bbox 2995 3603 3202 3657; x_wconf 90' lang='lat' dir='ltr'><strong>diceret</strong></span> <span class='ocrx_word' id='word_1_637' title='bbox 3235 3603 3510 3671; x_wconf 80' lang='lat' dir='ltr'><strong>Spiritum</strong></span> <span class='ocrx_word' id='word_1_638' title='bbox 3564 3618 3679 3656; x_wconf 91' lang='lat' dir='ltr'><strong>non</strong></span> 
     </span>
    </p>
   </div>
   <div class='ocr_carea' id='block_1_80' title="bbox 2100 3694 3680 3759">
    <p class='ocr_par' dir='ltr' id='par_1_80' title="bbox 2100 3694 3680 3759">
     <span class='ocr_line' id='line_1_80' title="bbox 2100 3694 3680 3759; baseline -0.004 -6"><span class='ocrx_word' id='word_1_639' title='bbox 2100 3714 2222 3754; x_wconf 90' lang='lat' dir='ltr'><strong>esse</strong></span> <span class='ocrx_word' id='word_1_640' title='bbox 2248 3712 2316 3753; x_wconf 78' lang='lat' dir='ltr'><strong>ex</strong></span> <span class='ocrx_word' id='word_1_641' title='bbox 2351 3696 2510 3759; x_wconf 72' lang='lat' dir='ltr'><strong>Filio.</strong></span> <span class='ocrx_word' id='word_1_642' title='bbox 2544 3696 2753 3750; x_wconf 85' lang='lat' dir='ltr'><strong>addidit</strong></span> <span class='ocrx_word' id='word_1_643' title='bbox 2780 3713 2793 3749; x_wconf 92' lang='lat'><strong>:</strong></span> <span class='ocrx_word' id='word_1_644' title='bbox 2831 3694 2992 3750; x_wconf 89' lang='lat' dir='ltr'><strong>Solus</strong></span> <span class='ocrx_word' id='word_1_645' title='bbox 3015 3694 3162 3749; x_wconf 89' lang='lat' dir='ltr'><strong>enim</strong></span> <span class='ocrx_word' id='word_1_646' title='bbox 3193 3695 3353 3749; x_wconf 90' lang='lat' dir='ltr'><strong>Pater</strong></span> <span class='ocrx_word' id='word_1_647' title='bbox 3390 3707 3552 3748; x_wconf 83' lang='lat' dir='ltr'><strong>causa</strong></span> <span class='ocrx_word' id='word_1_648' title='bbox 3574 3702 3680 3748; x_wconf 90' lang='lat' dir='ltr'><strong>est.</strong></span> 
     </span>
    </p>
   </div>
   <div class='ocr_carea' id='block_1_81' title="bbox 2102 3783 3680 3857">
    <p class='ocr_par' dir='ltr' id='par_1_81' title="bbox 2102 3783 3680 3857">
     <span class='ocr_line' id='line_1_81' title="bbox 2102 3783 3680 3857; baseline -0.003 -12"><span class='ocrx_word' id='word_1_649' title='bbox 2102 3789 2170 3845; x_wconf 84' lang='lat' dir='ltr'><strong>Et</strong></span> <span class='ocrx_word' id='word_1_650' title='bbox 2202 3788 2470 3842; x_wconf 76' lang='lat' dir='ltr'><strong>Maximus</strong></span> <span class='ocrx_word' id='word_1_651' title='bbox 2492 3786 2681 3842; x_wconf 89' lang='lat' dir='ltr'><strong>dicens</strong></span> <span class='ocrx_word' id='word_1_652' title='bbox 2715 3786 2783 3841; x_wconf 90' lang='lat' dir='ltr'><strong>de</strong></span> <span class='ocrx_word' id='word_1_653' title='bbox 2812 3786 3074 3841; x_wconf 82' lang='lat' dir='ltr'><strong>Romanis</strong></span> <span class='ocrx_word' id='word_1_654' title='bbox 3093 3827 3110 3852; x_wconf 92' lang='lat'><strong>,</strong></span> <span class='ocrx_word' id='word_1_655' title='bbox 3142 3783 3288 3857; x_wconf 89' lang='lat' dir='ltr'><strong>quod</strong></span> <span class='ocrx_word' id='word_1_656' title='bbox 3315 3800 3382 3839; x_wconf 81' lang='lat' dir='ltr'><strong>ex</strong></span> <span class='ocrx_word' id='word_1_657' title='bbox 3411 3784 3551 3839; x_wconf 87' lang='lat' dir='ltr'><strong>Filio</strong></span> <span class='ocrx_word' id='word_1_658' title='bbox 3592 3800 3680 3840; x_wconf 89' lang='lat' dir='ltr'><strong>as-</strong></span> 
     </span>
    </p>
   </div>
   <div class='ocr_carea' id='block_1_82' title="bbox 2102 3877 3685 3949">
    <p class='ocr_par' dir='ltr' id='par_1_82' title="bbox 2102 3877 3685 3949">
     <span class='ocr_line' id='line_1_82' title="bbox 2102 3877 3685 3949; baseline -0.003 -12"><span class='ocrx_word' id='word_1_659' title='bbox 2102 3891 2352 3937; x_wconf 82' lang='lat' dir='ltr'><strong>sererent</strong></span> <span class='ocrx_word' id='word_1_660' title='bbox 2398 3879 2662 3949; x_wconf 75' lang='lat' dir='ltr'><strong>Spiritum</strong></span> <span class='ocrx_word' id='word_1_661' title='bbox 2707 3878 2953 3947; x_wconf 89' lang='lat' dir='ltr'><strong>prodire.</strong></span> <span class='ocrx_word' id='word_1_662' title='bbox 3014 3877 3135 3933; x_wconf 84' lang='lat' dir='ltr'><strong>Non</strong></span> <span class='ocrx_word' id='word_1_663' title='bbox 3162 3892 3289 3932; x_wconf 91' lang='lat' dir='ltr'><strong>eum</strong></span> <span class='ocrx_word' id='word_1_664' title='bbox 3318 3892 3538 3932; x_wconf 84' lang='lat' dir='ltr'><strong>causam</strong></span> <span class='ocrx_word' id='word_1_665' title='bbox 3588 3892 3685 3948; x_wconf 89' lang='lat' dir='ltr'><strong>po-</strong></span> 
     </span>
    </p>
   </div>
   <div class='ocr_carea' id='block_1_83' title="bbox 2105 3968 3681 4039">
    <p class='ocr_par' dir='ltr' id='par_1_83' title="bbox 2105 3968 3681 4039">
     <span class='ocr_line' id='line_1_83' title="bbox 2105 3968 3681 4039; baseline -0.003 -12"><span class='ocrx_word' id='word_1_666' title='bbox 2105 3982 2266 4033; x_wconf 87' lang='lat' dir='ltr'><strong>nunt,</strong></span> <span class='ocrx_word' id='word_1_667' title='bbox 2317 3971 2414 4035; x_wconf 87' lang='lat' dir='ltr'><strong>ait,</strong></span> <span class='ocrx_word' id='word_1_668' title='bbox 2468 3986 2591 4025; x_wconf 88' lang='lat' dir='ltr'><strong>cum</strong></span> <span class='ocrx_word' id='word_1_669' title='bbox 2649 3969 2856 4024; x_wconf 83' lang='lat' dir='ltr'><strong>scirent</strong></span> <span class='ocrx_word' id='word_1_670' title='bbox 2893 3968 3137 4038; x_wconf 88' lang='lat' dir='ltr'><strong>quidem,</strong></span> <span class='ocrx_word' id='word_1_671' title='bbox 3189 3969 3408 4039; x_wconf 82' lang='lat' dir='ltr'><strong>qualem</strong></span> <span class='ocrx_word' id='word_1_672' title='bbox 3458 3983 3681 4023; x_wconf 87' lang='lat' dir='ltr'><strong>causam</strong></span> 
     </span>
    </p>
   </div>
   <div class='ocr_carea' id='block_1_84' title="bbox 2104 4061 3682 4136">
    <p class='ocr_par' dir='ltr' id='par_1_84' title="bbox 2104 4061 3682 4136">
     <span class='ocr_line' id='line_1_84' title="bbox 2104 4061 3682 4136; baseline -0.003 -16"><span class='ocrx_word' id='word_1_673' title='bbox 2104 4065 2377 4136; x_wconf 81' lang='lat' dir='ltr'><strong>signiﬁcet</strong></span> <span class='ocrx_word' id='word_1_674' title='bbox 2408 4078 2512 4117; x_wconf 71' lang='lat' dir='ltr'><strong>ex:</strong></span> <span class='ocrx_word' id='word_1_675' title='bbox 2546 4062 2707 4117; x_wconf 90' lang='lat' dir='ltr'><strong>talem</strong></span> <span class='ocrx_word' id='word_1_676' title='bbox 2738 4061 2952 4116; x_wconf 85' lang='lat' dir='ltr'><strong>Filium-</strong></span> <span class='ocrx_word' id='word_1_677' title='bbox 2986 4077 3111 4117; x_wconf 84' lang='lat' dir='ltr'><strong>esse</strong></span> <span class='ocrx_word' id='word_1_678' title='bbox 3142 4061 3368 4116; x_wconf 88' lang='lat' dir='ltr'><strong>minime</strong></span> <span class='ocrx_word' id='word_1_679' title='bbox 3408 4061 3682 4117; x_wconf 87' lang='lat' dir='ltr'><strong>concede-</strong></span> 
     </span>
    </p>
   </div>
   <div class='ocr_carea' id='block_1_85' title="bbox 2105 4152 3682 4226">
    <p class='ocr_par' dir='ltr' id='par_1_85' title="bbox 2105 4152 3682 4226">
     <span class='ocr_line' id='line_1_85' title="bbox 2105 4152 3682 4226; baseline -0.003 -14"><span class='ocrx_word' id='word_1_680' title='bbox 2105 4168 2263 4223; x_wconf 86' lang='lat' dir='ltr'><strong>rent;</strong></span> <span class='ocrx_word' id='word_1_681' title='bbox 2298 4156 2501 4226; x_wconf 88' lang='lat' dir='ltr'><strong>quippe</strong></span> <span class='ocrx_word' id='word_1_682' title='bbox 2539 4155 2634 4225; x_wconf 84' lang='lat' dir='ltr'><strong>qui</strong></span> <span class='ocrx_word' id='word_1_683' title='bbox 2663 4154 2846 4208; x_wconf 90' lang='lat' dir='ltr'><strong>omnia</strong></span> <span class='ocrx_word' id='word_1_684' title='bbox 2871 4167 2991 4223; x_wconf 77' lang='lat' dir='ltr'><strong>qua:</strong></span> <span class='ocrx_word' id='word_1_685' title='bbox 3022 4152 3189 4208; x_wconf 84' lang='lat' dir='ltr'><strong>habet</strong></span> <span class='ocrx_word' id='word_1_686' title='bbox 3216 4168 3246 4207; x_wconf 88' lang='lat' dir='ltr'><strong>a</strong></span> <span class='ocrx_word' id='word_1_687' title='bbox 3268 4153 3432 4209; x_wconf 90' lang='lat' dir='ltr'><strong>Patre</strong></span> <span class='ocrx_word' id='word_1_688' title='bbox 3459 4154 3682 4223; x_wconf 83' lang='lat' dir='ltr'><strong>accipit,</strong></span> 
     </span>
    </p>
   </div>
   <div class='ocr_carea' id='block_1_86' title="bbox 2104 4243 3680 4317">
    <p class='ocr_par' dir='ltr' id='par_1_86' title="bbox 2104 4243 3680 4317">
     <span class='ocr_line' id='line_1_86' title="bbox 2104 4243 3680 4317; baseline -0.004 -15"><span class='ocrx_word' id='word_1_689' title='bbox 2104 4248 2197 4317; x_wconf 88' lang='lat' dir='ltr'><strong>qui</strong></span> <span class='ocrx_word' id='word_1_690' title='bbox 2241 4248 2391 4301; x_wconf 85' lang='lat' dir='ltr'><strong>solus</strong></span> <span class='ocrx_word' id='word_1_691' title='bbox 2426 4245 2599 4314; x_wconf 81' lang='lat' dir='ltr'><strong>prima</strong></span> <span class='ocrx_word' id='word_1_692' title='bbox 2652 4253 2709 4298; x_wconf 92' lang='lat' dir='ltr'><strong>et</strong></span> <span class='ocrx_word' id='word_1_693' title='bbox 2752 4243 3073 4313; x_wconf 88' lang='lat' dir='ltr'><strong>principalis</strong></span> <span class='ocrx_word' id='word_1_694' title='bbox 3105 4252 3427 4311; x_wconf 84' lang='lat' dir='ltr'><strong>causaest,</strong></span> <span class='ocrx_word' id='word_1_695' title='bbox 3462 4245 3680 4313; x_wconf 87' lang='lat' dir='ltr'><strong>qualem</strong></span> 
     </span>
    </p>
   </div>
   <div class='ocr_carea' id='block_1_87' title="bbox 2106 4335 3699 4408">
    <p class='ocr_par' dir='ltr' id='par_1_87' title="bbox 2106 4335 3699 4408">
     <span class='ocr_line' id='line_1_87' title="bbox 2106 4335 3699 4408; baseline -0.001 -17"><span class='ocrx_word' id='word_1_696' title='bbox 2106 4337 2225 4408; x_wconf 88' lang='lat' dir='ltr'><strong>ipsa</strong></span> <span class='ocrx_word' id='word_1_697' title='bbox 2264 4352 2328 4390; x_wconf 79' lang='lat' dir='ltr'><strong>ex</strong></span> <span class='ocrx_word' id='word_1_698' title='bbox 2356 4336 2652 4407; x_wconf 76' lang='lat' dir='ltr'><strong>signiﬁcat,</strong></span> <span class='ocrx_word' id='word_1_699' title='bbox 2674 4351 2798 4390; x_wconf 87' lang='lat' dir='ltr'><strong>cum</strong></span> <span class='ocrx_word' id='word_1_700' title='bbox 2833 4336 2950 4406; x_wconf 89' lang='lat' dir='ltr'><strong>ipse</strong></span> <span class='ocrx_word' id='word_1_701' title='bbox 2977 4335 3202 4406; x_wconf 90' lang='lat' dir='ltr'><strong>quidem</strong></span> <span class='ocrx_word' id='word_1_702' title='bbox 3229 4352 3257 4390; x_wconf 90' lang='lat' dir='ltr'><strong>a</strong></span> <span class='ocrx_word' id='word_1_703' title='bbox 3292 4336 3699 4403; x_wconf 77' lang='lat' dir='ltr'><strong>seipsoomnia-</strong></span> 
     </span>
    </p>
   </div>
   <div class='ocr_carea' id='block_1_88' title="bbox 2109 4427 3686 4499">
    <p class='ocr_par' dir='ltr' id='par_1_88' title="bbox 2109 4427 3686 4499">
     <span class='ocr_line' id='line_1_88' title="bbox 2109 4427 3686 4499; baseline -0.001 -14"><span class='ocrx_word' id='word_1_704' title='bbox 2109 4431 2331 4495; x_wconf 88' lang='lat' dir='ltr'><strong>habeat,</strong></span> <span class='ocrx_word' id='word_1_705' title='bbox 2372 4429 2546 4483; x_wconf 89' lang='lat' dir='ltr'><strong>Filius</strong></span> <span class='ocrx_word' id='word_1_706' title='bbox 2572 4444 2703 4483; x_wconf 89' lang='lat' dir='ltr'><strong>vero</strong></span> <span class='ocrx_word' id='word_1_707' title='bbox 2730 4444 2759 4482; x_wconf 90' lang='lat' dir='ltr'><strong>a</strong></span> <span class='ocrx_word' id='word_1_708' title='bbox 2790 4427 2971 4483; x_wconf 86' lang='lat' dir='ltr'><strong>Patre.</strong></span> <span class='ocrx_word' id='word_1_709' title='bbox 2996 4429 3064 4483; x_wconf 84' lang='lat' dir='ltr'><strong>Et</strong></span> <span class='ocrx_word' id='word_1_710' title='bbox 3093 4429 3351 4484; x_wconf 75' lang='lat' dir='ltr'><strong>ideonon</strong></span> <span class='ocrx_word' id='word_1_711' title='bbox 3382 4430 3558 4499; x_wconf 74' lang='lat' dir='ltr'><strong>pnima</strong></span> <span class='ocrx_word' id='word_1_712' title='bbox 3586 4444 3686 4483; x_wconf 90' lang='lat' dir='ltr'><strong>nec</strong></span> 
     </span>
    </p>
   </div>
   <div class='ocr_carea' id='block_1_89' title="bbox 2109 4521 3688 4593">
    <p class='ocr_par' dir='ltr' id='par_1_89' title="bbox 2109 4521 3688 4593">
     <span class='ocr_line' id='line_1_89' title="bbox 2109 4521 3688 4593; baseline -0.001 -16"><span class='ocrx_word' id='word_1_713' title='bbox 2109 4523 2426 4593; x_wconf 84' lang='lat' dir='ltr'><strong>principalis</strong></span> <span class='ocrx_word' id='word_1_714' title='bbox 2447 4537 2609 4576; x_wconf 90' lang='lat' dir='ltr'><strong>causa</strong></span> <span class='ocrx_word' id='word_1_715' title='bbox 2636 4530 2741 4587; x_wconf 82' lang='lat' dir='ltr'><strong>est,</strong></span> <span class='ocrx_word' id='word_1_716' title='bbox 2768 4529 2856 4577; x_wconf 91' lang='lat' dir='ltr'><strong>est</strong></span> <span class='ocrx_word' id='word_1_717' title='bbox 2888 4531 3066 4576; x_wconf 91' lang='lat' dir='ltr'><strong>tamen</strong></span> <span class='ocrx_word' id='word_1_718' title='bbox 3101 4537 3265 4577; x_wconf 90' lang='lat' dir='ltr'><strong>causa</strong></span> <span class='ocrx_word' id='word_1_719' title='bbox 3292 4562 3307 4586; x_wconf 97' lang='lat'><strong>,</strong></span> <span class='ocrx_word' id='word_1_720' title='bbox 3336 4521 3453 4577; x_wconf 75' lang='lat' dir='ltr'><strong>sive</strong></span> <span class='ocrx_word' id='word_1_721' title='bbox 3485 4522 3688 4592; x_wconf 82' lang='lat' dir='ltr'><strong>princi-</strong></span> 
     </span>
    </p>
   </div>
   <div class='ocr_carea' id='block_1_90' title="bbox 428 4612 3687 4709">
    <p class='ocr_par' dir='ltr' id='par_1_90' title="bbox 428 4612 3687 4709">
     <span class='ocr_line' id='line_1_90' title="bbox 428 4612 3687 4709; baseline -0.007 -16"><span class='ocrx_word' id='word_1_722' title='bbox 428 4612 875 4709; x_wconf 54' lang='lat' dir='ltr'><strong>Amphilochium</strong></span> <span class='ocrx_word' id='word_1_723' title='bbox 906 4632 1145 4702; x_wconf 88' lang='lat' dir='ltr'><strong>capitulo</strong></span> <span class='ocrx_word' id='word_1_724' title='bbox 1180 4628 1298 4683; x_wconf 89' lang='lat' dir='ltr'><strong>ait:</strong></span> <span class='ocrx_word' id='word_1_725' title='bbox 1356 4627 1484 4681; x_wconf 81' lang='lat' dir='ltr'><strong>Ideo</strong></span> <span class='ocrx_word' id='word_1_726' title='bbox 1536 4621 2003 4693; x_wconf 88' lang='lat' dir='ltr'><strong>inquitDominns</strong></span> <span class='ocrx_word' id='word_1_727' title='bbox 2040 4627 2083 4683; x_wconf 79' lang='grc' dir='ltr'><strong>ι)</strong></span> <span class='ocrx_word' id='word_1_728' title='bbox 2114 4617 2263 4686; x_wconf 90' lang='lat' dir='ltr'><strong>pium</strong></span> <span class='ocrx_word' id='word_1_729' title='bbox 2316 4614 2557 4685; x_wconf 89' lang='lat' dir='ltr'><strong>Spiritus</strong></span> <span class='ocrx_word' id='word_1_730' title='bbox 2605 4628 2771 4668; x_wconf 89' lang='lat' dir='ltr'><strong>unum</strong></span> <span class='ocrx_word' id='word_1_731' title='bbox 2837 4622 2893 4667; x_wconf 90' lang='lat' dir='ltr'><strong>et</strong></span> <span class='ocrx_word' id='word_1_732' title='bbox 2955 4612 3097 4668; x_wconf 90' lang='lat' dir='ltr'><strong>idem</strong></span> <span class='ocrx_word' id='word_1_733' title='bbox 3158 4628 3280 4668; x_wconf 91' lang='lat' dir='ltr'><strong>cum</strong></span> <span class='ocrx_word' id='word_1_734' title='bbox 3337 4613 3527 4681; x_wconf 87' lang='lat' dir='ltr'><strong>Patre;</strong></span> <span class='ocrx_word' id='word_1_735' title='bbox 3586 4629 3687 4669; x_wconf 86' lang='lat' dir='ltr'><strong>nec</strong></span> 
     </span>
    </p>
   </div>
   <div class='ocr_carea' id='block_1_91' title="bbox 430 4714 2006 4786">
    <p class='ocr_par' dir='ltr' id='par_1_91' title="bbox 430 4714 2006 4786">
     <span class='ocr_line' id='line_1_91' title="bbox 430 4714 2006 4786; baseline -0.015 1"><span class='ocrx_word' id='word_1_736' title='bbox 430 4732 497 4786; x_wconf 86' lang='lat' dir='ltr'><strong>ad</strong></span> <span class='ocrx_word' id='word_1_737' title='bbox 541 4730 757 4784; x_wconf 88' lang='lat' dir='ltr'><strong>Patrem</strong></span> <span class='ocrx_word' id='word_1_738' title='bbox 795 4744 811 4781; x_wconf 89' lang='lat'><strong>:</strong></span> <span class='ocrx_word' id='word_1_739' title='bbox 871 4725 986 4779; x_wconf 77' lang='lat' dir='ltr'><strong>Mea</strong></span> <span class='ocrx_word' id='word_1_740' title='bbox 1034 4722 1215 4775; x_wconf 83' lang='lat' dir='ltr'><strong>omnia</strong></span> <span class='ocrx_word' id='word_1_741' title='bbox 1249 4728 1339 4773; x_wconf 83' lang='lat' dir='ltr'><strong>tua</strong></span> <span class='ocrx_word' id='word_1_742' title='bbox 1398 4726 1546 4779; x_wconf 80' lang='lat' dir='ltr'><strong>sunt,</strong></span> <span class='ocrx_word' id='word_1_743' title='bbox 1584 4716 1711 4785; x_wconf 89' lang='lat' dir='ltr'><strong>quia</strong></span> <span class='ocrx_word' id='word_1_744' title='bbox 1758 4714 1825 4768; x_wconf 91' lang='lat' dir='ltr'><strong>ad</strong></span> <span class='ocrx_word' id='word_1_745' title='bbox 1878 4728 2006 4767; x_wconf 84' lang='lat' dir='ltr'><strong>eunt</strong></span> 
     </span>
    </p>
   </div>
   <div class='ocr_carea' id='block_1_92' title="bbox 430 4806 2010 4895">
    <p class='ocr_par' dir='ltr' id='par_1_92' title="bbox 430 4806 2010 4895">
     <span class='ocr_line' id='line_1_92' title="bbox 430 4806 2010 4895; baseline -0.013 -17"><span class='ocrx_word' id='word_1_746' title='bbox 430 4820 762 4895; x_wconf 90' lang='lat' dir='ltr'><strong>principium</strong></span> <span class='ocrx_word' id='word_1_747' title='bbox 792 4825 1168 4871; x_wconf 85' lang='lat' dir='ltr'><strong>creaturarum</strong></span> <span class='ocrx_word' id='word_1_748' title='bbox 1227 4811 1483 4865; x_wconf 79' lang='lat' dir='ltr'><strong>refertur.</strong></span> <span class='ocrx_word' id='word_1_749' title='bbox 1526 4807 1592 4861; x_wconf 84' lang='lat' dir='ltr'><strong>Et</strong></span> <span class='ocrx_word' id='word_1_750' title='bbox 1626 4806 2010 4861; x_wconf 82' lang='lat' dir='ltr'><strong>Nazianzenus</strong></span> 
     </span>
    </p>
   </div>
   <div class='ocr_carea' id='block_1_93' title="bbox 431 4897 2007 4979">
    <p class='ocr_par' dir='ltr' id='par_1_93' title="bbox 431 4897 2007 4979">
     <span class='ocr_line' id='line_1_93' title="bbox 431 4897 2007 4979; baseline -0.014 -7"><span class='ocrx_word' id='word_1_751' title='bbox 431 4918 487 4973; x_wconf 93' lang='lat' dir='ltr'><strong>in</strong></span> <span class='ocrx_word' id='word_1_752' title='bbox 519 4927 776 4969; x_wconf 89' lang='lat' dir='ltr'><strong>sermone</strong></span> <span class='ocrx_word' id='word_1_753' title='bbox 811 4910 876 4963; x_wconf 88' lang='lat' dir='ltr'><strong>ad</strong></span> <span class='ocrx_word' id='word_1_754' title='bbox 912 4907 1231 4979; x_wconf 64' lang='lat' dir='ltr'><strong>Egyptios:</strong></span> <span class='ocrx_word' id='word_1_755' title='bbox 1285 4904 1461 4966; x_wconf 87' lang='lat' dir='ltr'><strong>Deus,</strong></span> <span class='ocrx_word' id='word_1_756' title='bbox 1503 4900 1702 4970; x_wconf 87' lang='lat' dir='ltr'><strong>inquit,</strong></span> <span class='ocrx_word' id='word_1_757' title='bbox 1734 4898 1909 4951; x_wconf 91' lang='lat' dir='ltr'><strong>tribus</strong></span> <span class='ocrx_word' id='word_1_758' title='bbox 1955 4897 2007 4950; x_wconf 88' lang='lat' dir='ltr'><strong>in</strong></span> 
     </span>
    </p>
   </div>
   <div class='ocr_carea' id='block_1_94' title="bbox 432 4989 2007 5064">
    <p class='ocr_par' dir='ltr' id='par_1_94' title="bbox 432 4989 2007 5064">
     <span class='ocr_line' id='line_1_94' title="bbox 432 4989 2007 5064; baseline -0.015 -1"><span class='ocrx_word' id='word_1_759' title='bbox 432 5006 688 5064; x_wconf 79' lang='lat' dir='ltr'><strong>maximis</strong></span> <span class='ocrx_word' id='word_1_760' title='bbox 723 5001 1009 5058; x_wconf 88' lang='lat' dir='ltr'><strong>consistit:</strong></span> <span class='ocrx_word' id='word_1_761' title='bbox 1041 5012 1229 5059; x_wconf 91' lang='lat' dir='ltr'><strong>causa,</strong></span> <span class='ocrx_word' id='word_1_762' title='bbox 1261 5003 1534 5055; x_wconf 89' lang='lat' dir='ltr'><strong>creatore,</strong></span> <span class='ocrx_word' id='word_1_763' title='bbox 1559 5000 1615 5045; x_wconf 92' lang='lat' dir='ltr'><strong>et</strong></span> <span class='ocrx_word' id='word_1_764' title='bbox 1651 4989 2007 5059; x_wconf 83' lang='lat' dir='ltr'><strong>perﬁciente;</strong></span> 
     </span>
    </p>
   </div>
   <div class='ocr_carea' id='block_1_95' title="bbox 432 5081 2009 5159">
    <p class='ocr_par' dir='ltr' id='par_1_95' title="bbox 432 5081 2009 5159">
     <span class='ocr_line' id='line_1_95' title="bbox 432 5081 2009 5159; baseline -0.015 -4"><span class='ocrx_word' id='word_1_765' title='bbox 432 5100 597 5155; x_wconf 86' lang='lat' dir='ltr'><strong>Patre</strong></span> <span class='ocrx_word' id='word_1_766' title='bbox 625 5095 902 5159; x_wconf 85' lang='lat' dir='ltr'><strong>videlicet,</strong></span> <span class='ocrx_word' id='word_1_767' title='bbox 924 5090 1084 5152; x_wconf 80' lang='lat' dir='ltr'><strong>Filio,</strong></span> <span class='ocrx_word' id='word_1_768' title='bbox 1113 5097 1171 5143; x_wconf 89' lang='lat' dir='ltr'><strong>et</strong></span> <span class='ocrx_word' id='word_1_769' title='bbox 1201 5084 1409 5155; x_wconf 88' lang='lat' dir='ltr'><strong>Spiritu</strong></span> <span class='ocrx_word' id='word_1_770' title='bbox 1441 5092 1650 5137; x_wconf 88' lang='lat' dir='ltr'><strong>sancto.</strong></span> <span class='ocrx_word' id='word_1_771' title='bbox 1676 5081 1801 5135; x_wconf 67' lang='lat' dir='ltr'><strong>llaec</strong></span> <span class='ocrx_word' id='word_1_772' title='bbox 1828 5087 2009 5132; x_wconf 90' lang='lat' dir='ltr'><strong>autem</strong></span> 
     </span>
    </p>
   </div>
   <div class='ocr_carea' id='block_1_96' title="bbox 434 5171 2013 5257">
    <p class='ocr_par' dir='ltr' id='par_1_96' title="bbox 434 5171 2013 5257">
     <span class='ocr_line' id='line_1_96' title="bbox 434 5171 2013 5257; baseline -0.017 -7"><span class='ocrx_word' id='word_1_773' title='bbox 434 5192 675 5257; x_wconf 87' lang='lat' dir='ltr'><strong>dicebat,</strong></span> <span class='ocrx_word' id='word_1_774' title='bbox 698 5203 810 5243; x_wconf 88' lang='lat' dir='ltr'><strong>non</strong></span> <span class='ocrx_word' id='word_1_775' title='bbox 844 5185 971 5255; x_wconf 90' lang='lat' dir='ltr'><strong>quia</strong></span> <span class='ocrx_word' id='word_1_776' title='bbox 1002 5181 1226 5237; x_wconf 92' lang='lat' dir='ltr'><strong>omnino</strong></span> <span class='ocrx_word' id='word_1_777' title='bbox 1259 5176 1513 5246; x_wconf 89' lang='lat' dir='ltr'><strong>negabat,</strong></span> <span class='ocrx_word' id='word_1_778' title='bbox 1534 5174 1733 5229; x_wconf 88' lang='lat' dir='ltr'><strong>Filium</strong></span> <span class='ocrx_word' id='word_1_779' title='bbox 1758 5180 1813 5225; x_wconf 92' lang='lat' dir='ltr'><strong>et</strong></span> <span class='ocrx_word' id='word_1_780' title='bbox 1840 5171 2013 5239; x_wconf 83' lang='lat' dir='ltr'><strong>Spiri-</strong></span> 
     </span>
    </p>
   </div>
   <div class='ocr_carea' id='block_1_97' title="bbox 439 5269 2011 5358">
    <p class='ocr_par' dir='ltr' id='par_1_97' title="bbox 439 5269 2011 5358">
     <span class='ocr_line' id='line_1_97' title="bbox 439 5269 2011 5358; baseline -0.017 -18"><span class='ocrx_word' id='word_1_781' title='bbox 439 5294 554 5340; x_wconf 90' lang='lat' dir='ltr'><strong>tum</strong></span> <span class='ocrx_word' id='word_1_782' title='bbox 584 5289 833 5358; x_wconf 76' lang='lat' dir='ltr'><strong>sanctqm</strong></span> <span class='ocrx_word' id='word_1_783' title='bbox 852 5291 972 5332; x_wconf 90' lang='lat' dir='ltr'><strong>esse</strong></span> <span class='ocrx_word' id='word_1_784' title='bbox 1002 5272 1332 5344; x_wconf 90' lang='lat' dir='ltr'><strong>principium</strong></span> <span class='ocrx_word' id='word_1_785' title='bbox 1356 5269 1470 5323; x_wconf 82' lang='lat' dir='ltr'><strong>sive</strong></span> <span class='ocrx_word' id='word_1_786' title='bbox 1492 5281 1711 5321; x_wconf 90' lang='lat' dir='ltr'><strong>causam</strong></span> <span class='ocrx_word' id='word_1_787' title='bbox 1732 5272 2011 5318; x_wconf 81' lang='lat' dir='ltr'><strong>creatura-</strong></span> 
     </span>
    </p>
   </div>
   <div class='ocr_carea' id='block_1_98' title="bbox 438 5356 2012 5444">
    <p class='ocr_par' dir='ltr' id='par_1_98' title="bbox 438 5356 2012 5444">
     <span class='ocr_line' id='line_1_98' title="bbox 438 5356 2012 5444; baseline -0.016 -13"><span class='ocrx_word' id='word_1_788' title='bbox 438 5374 698 5444; x_wconf 87' lang='lat' dir='ltr'><strong>rum(hoc</strong></span> <span class='ocrx_word' id='word_1_789' title='bbox 714 5356 861 5427; x_wconf 82' lang='lat' dir='ltr'><strong>enim</strong></span> <span class='ocrx_word' id='word_1_790' title='bbox 883 5367 1110 5435; x_wconf 90' lang='lat' dir='ltr'><strong>impium</strong></span> <span class='ocrx_word' id='word_1_791' title='bbox 1127 5372 1212 5419; x_wconf 93' lang='lat' dir='ltr'><strong>est</strong></span> <span class='ocrx_word' id='word_1_792' title='bbox 1230 5357 1612 5432; x_wconf 83' lang='lat' dir='ltr'><strong>cogitare),sed</strong></span> <span class='ocrx_word' id='word_1_793' title='bbox 1646 5356 1774 5425; x_wconf 88' lang='lat' dir='ltr'><strong>quia</strong></span> <span class='ocrx_word' id='word_1_794' title='bbox 1796 5356 2012 5409; x_wconf 88' lang='lat' dir='ltr'><strong>Patrem</strong></span> 
     </span>
    </p>
   </div>
   <div class='ocr_carea' id='block_1_99' title="bbox 436 5444 2013 5532">
    <p class='ocr_par' dir='ltr' id='par_1_99' title="bbox 436 5444 2013 5532">
     <span class='ocr_line' id='line_1_99' title="bbox 436 5444 2013 5532; baseline -0.016 -9"><span class='ocrx_word' id='word_1_795' title='bbox 436 5467 620 5524; x_wconf 83' lang='lat' dir='ltr'><strong>solum</strong></span> <span class='ocrx_word' id='word_1_796' title='bbox 643 5460 970 5532; x_wconf 88' lang='lat' dir='ltr'><strong>simpliciter</strong></span> <span class='ocrx_word' id='word_1_797' title='bbox 988 5454 1364 5528; x_wconf 88' lang='lat' dir='ltr'><strong>principaliter</strong></span> <span class='ocrx_word' id='word_1_798' title='bbox 1401 5464 1620 5506; x_wconf 90' lang='lat' dir='ltr'><strong>causam</strong></span> <span class='ocrx_word' id='word_1_799' title='bbox 1641 5462 1763 5502; x_wconf 88' lang='lat' dir='ltr'><strong>esse</strong></span> <span class='ocrx_word' id='word_1_800' title='bbox 1783 5444 2013 5507; x_wconf 86' lang='lat' dir='ltr'><strong>sciebat,</strong></span> 
     </span>
    </p>
   </div>
   <div class='ocr_carea' id='block_1_100' title="bbox 438 5537 2012 5617">
    <p class='ocr_par' dir='ltr' id='par_1_100' title="bbox 438 5537 2012 5617">
     <span class='ocr_line' id='line_1_100' title="bbox 438 5537 2012 5617; baseline -0.016 -3"><span class='ocrx_word' id='word_1_801' title='bbox 438 5569 496 5615; x_wconf 92' lang='lat' dir='ltr'><strong>et</strong></span> <span class='ocrx_word' id='word_1_802' title='bbox 525 5560 594 5612; x_wconf 90' lang='lat' dir='ltr'><strong>ab</strong></span> <span class='ocrx_word' id='word_1_803' title='bbox 622 5573 689 5612; x_wconf 91' lang='lat' dir='ltr'><strong>eo</strong></span> <span class='ocrx_word' id='word_1_804' title='bbox 724 5555 923 5611; x_wconf 83' lang='lat' dir='ltr'><strong>Filium</strong></span> <span class='ocrx_word' id='word_1_805' title='bbox 956 5562 1011 5607; x_wconf 88' lang='lat' dir='ltr'><strong>et</strong></span> <span class='ocrx_word' id='word_1_806' title='bbox 1040 5548 1307 5617; x_wconf 87' lang='lat' dir='ltr'><strong>Spiritum</strong></span> <span class='ocrx_word' id='word_1_807' title='bbox 1340 5554 1585 5599; x_wconf 88' lang='lat' dir='ltr'><strong>sanctum</strong></span> <span class='ocrx_word' id='word_1_808' title='bbox 1614 5540 1814 5593; x_wconf 89' lang='lat' dir='ltr'><strong>habere</strong></span> <span class='ocrx_word' id='word_1_809' title='bbox 1850 5537 2012 5607; x_wconf 87' lang='lat' dir='ltr'><strong>quid-</strong></span> 
     </span>
    </p>
   </div>
   <div class='ocr_carea' id='block_1_101' title="bbox 438 5631 2011 5722">
    <p class='ocr_par' dir='ltr' id='par_1_101' title="bbox 438 5631 2011 5722">
     <span class='ocr_line' id='line_1_101' title="bbox 438 5631 2011 5722; baseline -0.017 -15"><span class='ocrx_word' id='word_1_810' title='bbox 438 5650 571 5722; x_wconf 82' lang='lat' dir='ltr'><strong>quid</strong></span> <span class='ocrx_word' id='word_1_811' title='bbox 609 5645 983 5711; x_wconf 74' lang='lat' dir='ltr'><strong>habent.Qna:</strong></span> <span class='ocrx_word' id='word_1_812' title='bbox 1009 5656 1137 5710; x_wconf 87' lang='lat' dir='ltr'><strong>ergo</strong></span> <span class='ocrx_word' id='word_1_813' title='bbox 1171 5636 1455 5706; x_wconf 85' lang='lat' dir='ltr'><strong>responsio</strong></span> <span class='ocrx_word' id='word_1_814' title='bbox 1480 5631 1789 5687; x_wconf 85' lang='lat' dir='ltr'><strong>suli‘ecisset</strong></span> <span class='ocrx_word' id='word_1_815' title='bbox 1819 5638 2011 5682; x_wconf 83' lang='lat' dir='ltr'><strong>contra</strong></span> 
     </span>
    </p>
   </div>
   <div class='ocr_carea' id='block_1_102' title="bbox 441 5720 2015 5814">
    <p class='ocr_par' dir='ltr' id='par_1_102' title="bbox 441 5720 2015 5814">
     <span class='ocr_line' id='line_1_102' title="bbox 441 5720 2015 5814; baseline -0.016 -17"><span class='ocrx_word' id='word_1_816' title='bbox 441 5720 838 5814; x_wconf 62' lang='lat' dir='ltr'><strong>quosi-linque.</strong></span> <span class='ocrx_word' id='word_1_817' title='bbox 886 5738 979 5805; x_wconf 89' lang='lat' dir='ltr'><strong>qui</strong></span> <span class='ocrx_word' id='word_1_818' title='bbox 1021 5750 1083 5789; x_wconf 78' lang='lat' dir='ltr'><strong>cx</strong></span> <span class='ocrx_word' id='word_1_819' title='bbox 1118 5734 1201 5785; x_wconf 88' lang='lat' dir='ltr'><strong>bis</strong></span> <span class='ocrx_word' id='word_1_820' title='bbox 1253 5729 1439 5783; x_wconf 79' lang='lat' dir='ltr'><strong>verbis</strong></span> <span class='ocrx_word' id='word_1_821' title='bbox 1494 5724 1737 5779; x_wconf 88' lang='lat' dir='ltr'><strong>doctoris</strong></span> <span class='ocrx_word' id='word_1_822' title='bbox 1767 5738 1873 5774; x_wconf 79' lang='lat' dir='ltr'><strong>non</strong></span> <span class='ocrx_word' id='word_1_823' title='bbox 1929 5720 2015 5774; x_wconf 82' lang='lat' dir='ltr'><strong>Fi-</strong></span> 
     </span>
    </p>
   </div>
   <div class='ocr_carea' id='block_1_103' title="bbox 442 5815 2013 5901">
    <p class='ocr_par' dir='ltr' id='par_1_103' title="bbox 442 5815 2013 5901">
     <span class='ocr_line' id='line_1_103' title="bbox 442 5815 2013 5901; baseline -0.016 -13"><span class='ocrx_word' id='word_1_824' title='bbox 442 5838 599 5896; x_wconf 83' lang='lat' dir='ltr'><strong>lium,</strong></span> <span class='ocrx_word' id='word_1_825' title='bbox 634 5849 734 5887; x_wconf 90' lang='lat' dir='ltr'><strong>nec</strong></span> <span class='ocrx_word' id='word_1_826' title='bbox 782 5830 1074 5901; x_wconf 86' lang='lat' dir='ltr'><strong>Spiritum,</strong></span> <span class='ocrx_word' id='word_1_827' title='bbox 1117 5825 1211 5879; x_wconf 88' lang='lat' dir='ltr'><strong>sed</strong></span> <span class='ocrx_word' id='word_1_828' title='bbox 1257 5824 1469 5877; x_wconf 82' lang='lat' dir='ltr'><strong>Patrem</strong></span> <span class='ocrx_word' id='word_1_829' title='bbox 1502 5815 1759 5888; x_wconf 84' lang='lat' dir='ltr'><strong>ponentis</strong></span> <span class='ocrx_word' id='word_1_830' title='bbox 1789 5830 2013 5869; x_wconf 84' lang='lat' dir='ltr'><strong>causam</strong></span> 
     </span>
    </p>
   </div>
   <div class='ocr_carea' id='block_1_104' title="bbox 444 5911 2013 5994">
    <p class='ocr_par' dir='ltr' id='par_1_104' title="bbox 444 5911 2013 5994">
     <span class='ocr_line' id='line_1_104' title="bbox 444 5911 2013 5994; baseline -0.016 -8"><span class='ocrx_word' id='word_1_831' title='bbox 444 5942 841 5994; x_wconf 73' lang='lat' dir='ltr'><strong>creaturarum,</strong></span> <span class='ocrx_word' id='word_1_832' title='bbox 900 5925 1131 5993; x_wconf 73' lang='lat' dir='ltr'><strong>maligne</strong></span> <span class='ocrx_word' id='word_1_833' title='bbox 1180 5934 1411 5991; x_wconf 82' lang='lat' dir='ltr'><strong>arguere</strong></span> <span class='ocrx_word' id='word_1_834' title='bbox 1459 5916 1726 5979; x_wconf 73' lang='lat' dir='ltr'><strong>volentes,</strong></span> <span class='ocrx_word' id='word_1_835' title='bbox 1778 5911 2013 5967; x_wconf 75' lang='lat' dir='ltr'><strong>totalitcr</strong></span> 
     </span>
    </p>
   </div>
   <div class='ocr_carea' id='block_1_105' title="bbox 2108 4705 3688 4783">
    <p class='ocr_par' dir='ltr' id='par_1_105' title="bbox 2108 4705 3688 4783">
     <span class='ocr_line' id='line_1_105' title="bbox 2108 4705 3688 4783; baseline -0.001 -20"><span class='ocrx_word' id='word_1_836' title='bbox 2108 4709 2397 4779; x_wconf 86' lang='lat' dir='ltr'><strong>quisquam</strong></span> <span class='ocrx_word' id='word_1_837' title='bbox 2436 4706 2541 4760; x_wconf 91' lang='lat' dir='ltr'><strong>hoc</strong></span> <span class='ocrx_word' id='word_1_838' title='bbox 2577 4705 2804 4783; x_wconf 51' lang='lat' dir='ltr'><strong>omnino</strong></span> <span class='ocrx_word' id='word_1_839' title='bbox 2851 4718 3047 4773; x_wconf 86' lang='lat' dir='ltr'><strong>negare</strong></span> <span class='ocrx_word' id='word_1_840' title='bbox 3086 4705 3308 4774; x_wconf 81' lang='lat' dir='ltr'><strong>poterit,</strong></span> <span class='ocrx_word' id='word_1_841' title='bbox 3370 4721 3497 4774; x_wconf 89' lang='lat' dir='ltr'><strong>per_</strong></span> <span class='ocrx_word' id='word_1_842' title='bbox 3536 4721 3688 4773; x_wconf 87' lang='lat' dir='ltr'><strong>cum,</strong></span> 
     </span>
    </p>
   </div>
   <div class='ocr_carea' id='block_1_106' title="bbox 2107 4797 3689 4868">
    <p class='ocr_par' dir='ltr' id='par_1_106' title="bbox 2107 4797 3689 4868">
     <span class='ocr_line' id='line_1_106' title="bbox 2107 4797 3689 4868; baseline -0.003 -11"><span class='ocrx_word' id='word_1_843' title='bbox 2107 4802 2339 4857; x_wconf 88' lang='lat' dir='ltr'><strong>audiens</strong></span> <span class='ocrx_word' id='word_1_844' title='bbox 2368 4800 2623 4855; x_wconf 89' lang='lat' dir='ltr'><strong>doctores</strong></span> <span class='ocrx_word' id='word_1_845' title='bbox 2655 4798 2924 4864; x_wconf 85' lang='lat' dir='ltr'><strong>dicentes,</strong></span> <span class='ocrx_word' id='word_1_846' title='bbox 2963 4797 3234 4865; x_wconf 86' lang='lat' dir='ltr'><strong>Spiritum</strong></span> <span class='ocrx_word' id='word_1_847' title='bbox 3280 4807 3530 4853; x_wconf 89' lang='lat' dir='ltr'><strong>sanctum</strong></span> <span class='ocrx_word' id='word_1_848' title='bbox 3558 4814 3689 4868; x_wconf 86' lang='lat' dir='ltr'><strong>pro-</strong></span> 
     </span>
    </p>
   </div>
   <div class='ocr_carea' id='block_1_107' title="bbox 2108 4876 3691 4960">
    <p class='ocr_par' dir='ltr' id='par_1_107' title="bbox 2108 4876 3691 4960">
     <span class='ocr_line' id='line_1_107' title="bbox 2108 4876 3691 4960; baseline -0.004 -11"><span class='ocrx_word' id='word_1_849' title='bbox 2108 4876 2330 4950; x_wconf 72' lang='lat' dir='ltr'><strong>cedere.</strong></span> <span class='ocrx_word' id='word_1_850' title='bbox 2356 4891 2412 4947; x_wconf 92' lang='lat' dir='ltr'><strong>Si</strong></span> <span class='ocrx_word' id='word_1_851' title='bbox 2431 4890 2577 4946; x_wconf 93' lang='lat' dir='ltr'><strong>enim</strong></span> <span class='ocrx_word' id='word_1_852' title='bbox 2605 4905 2703 4960; x_wconf 88' lang='lat' dir='ltr'><strong>per</strong></span> <span class='ocrx_word' id='word_1_853' title='bbox 2734 4889 2929 4943; x_wconf 91' lang='lat' dir='ltr'><strong>Filium</strong></span> <span class='ocrx_word' id='word_1_854' title='bbox 2985 4888 3308 4958; x_wconf 89' lang='lat' dir='ltr'><strong>procedere,</strong></span> <span class='ocrx_word' id='word_1_855' title='bbox 3336 4890 3581 4960; x_wconf 88' lang='lat' dir='ltr'><strong>prodire,</strong></span> <span class='ocrx_word' id='word_1_856' title='bbox 3635 4902 3691 4945; x_wconf 91' lang='lat' dir='ltr'><strong>et</strong></span> 
     </span>
    </p>
   </div>
   <div class='ocr_carea' id='block_1_108' title="bbox 2111 4981 3690 5052">
    <p class='ocr_par' dir='ltr' id='par_1_108' title="bbox 2111 4981 3690 5052">
     <span class='ocr_line' id='line_1_108' title="bbox 2111 4981 3690 5052; baseline -0.006 -10"><span class='ocrx_word' id='word_1_857' title='bbox 2111 5000 2252 5048; x_wconf 89' lang='lat' dir='ltr'><strong>esse,</strong></span> <span class='ocrx_word' id='word_1_858' title='bbox 2300 4983 2400 5052; x_wconf 90' lang='lat' dir='ltr'><strong>ipsi</strong></span> <span class='ocrx_word' id='word_1_859' title='bbox 2438 4997 2657 5052; x_wconf 89' lang='lat' dir='ltr'><strong>quoque</strong></span> <span class='ocrx_word' id='word_1_860' title='bbox 2710 4981 3035 5046; x_wconf 85' lang='lat' dir='ltr'><strong>adversarii,</strong></span> <span class='ocrx_word' id='word_1_861' title='bbox 3082 4997 3190 5037; x_wconf 92' lang='lat' dir='ltr'><strong>non</strong></span> <span class='ocrx_word' id='word_1_862' title='bbox 3220 4981 3465 5036; x_wconf 88' lang='lat' dir='ltr'><strong>valentes</strong></span> <span class='ocrx_word' id='word_1_863' title='bbox 3502 4989 3690 5051; x_wconf 87' lang='lat' dir='ltr'><strong>aperte</strong></span> 
     </span>
    </p>
   </div>
   <div class='ocr_carea' id='block_1_109' title="bbox 2112 5070 3689 5141">
    <p class='ocr_par' dir='ltr' id='par_1_109' title="bbox 2112 5070 3689 5141">
     <span class='ocr_line' id='line_1_109' title="bbox 2112 5070 3689 5141; baseline -0.003 -13"><span class='ocrx_word' id='word_1_864' title='bbox 2112 5075 2333 5129; x_wconf 89' lang='lat' dir='ltr'><strong>veritati</strong></span> <span class='ocrx_word' id='word_1_865' title='bbox 2386 5072 2791 5135; x_wconf 89' lang='lat' dir='ltr'><strong>contradicere,</strong></span> <span class='ocrx_word' id='word_1_866' title='bbox 2823 5071 3136 5127; x_wconf 89' lang='lat' dir='ltr'><strong>concedunt</strong></span> <span class='ocrx_word' id='word_1_867' title='bbox 3181 5070 3325 5126; x_wconf 88' lang='lat' dir='ltr'><strong>idem</strong></span> <span class='ocrx_word' id='word_1_868' title='bbox 3357 5071 3689 5141; x_wconf 79' lang='lat' dir='ltr'><strong>signiﬁcare,</strong></span> 
     </span>
    </p>
   </div>
   <div class='ocr_carea' id='block_1_110' title="bbox 2113 5163 3687 5233">
    <p class='ocr_par' dir='ltr' id='par_1_110' title="bbox 2113 5163 3687 5233">
     <span class='ocr_line' id='line_1_110' title="bbox 2113 5163 3687 5233; baseline -0.005 -11"><span class='ocrx_word' id='word_1_869' title='bbox 2113 5184 2176 5222; x_wconf 88' lang='lat' dir='ltr'><strong>ac</strong></span> <span class='ocrx_word' id='word_1_870' title='bbox 2211 5167 2255 5221; x_wconf 92' lang='lat' dir='ltr'><strong>si</strong></span> <span class='ocrx_word' id='word_1_871' title='bbox 2295 5166 2573 5220; x_wconf 89' lang='lat' dir='ltr'><strong>diceretur</strong></span> <span class='ocrx_word' id='word_1_872' title='bbox 2610 5180 2706 5233; x_wconf 90' lang='lat' dir='ltr'><strong>per</strong></span> <span class='ocrx_word' id='word_1_873' title='bbox 2741 5164 2938 5218; x_wconf 83' lang='lat' dir='ltr'><strong>Filium</strong></span> <span class='ocrx_word' id='word_1_874' title='bbox 2987 5164 3190 5219; x_wconf 89' lang='lat' dir='ltr'><strong>habere</strong></span> <span class='ocrx_word' id='word_1_875' title='bbox 3231 5163 3644 5219; x_wconf 83' lang='lat' dir='ltr'><strong>subsistentiam</strong></span> <span class='ocrx_word' id='word_1_876' title='bbox 3674 5181 3687 5215; x_wconf 90' lang='lat'><strong>:</strong></span> 
     </span>
    </p>
   </div>
   <div class='ocr_carea' id='block_1_111' title="bbox 2114 5255 3689 5322">
    <p class='ocr_par' dir='ltr' id='par_1_111' title="bbox 2114 5255 3689 5322">
     <span class='ocr_line' id='line_1_111' title="bbox 2114 5255 3689 5322; baseline -0.004 -8"><span class='ocrx_word' id='word_1_877' title='bbox 2114 5259 2218 5314; x_wconf 86' lang='lat' dir='ltr'><strong>hoc</strong></span> <span class='ocrx_word' id='word_1_878' title='bbox 2245 5266 2429 5312; x_wconf 88' lang='lat' dir='ltr'><strong>autem</strong></span> <span class='ocrx_word' id='word_1_879' title='bbox 2462 5256 2712 5311; x_wconf 92' lang='lat' dir='ltr'><strong>dicentes</strong></span> <span class='ocrx_word' id='word_1_880' title='bbox 2741 5255 3021 5322; x_wconf 87' lang='lat' dir='ltr'><strong>doctores,</strong></span> <span class='ocrx_word' id='word_1_881' title='bbox 3050 5271 3153 5311; x_wconf 92' lang='lat' dir='ltr'><strong>nec</strong></span> <span class='ocrx_word' id='word_1_882' title='bbox 3189 5256 3689 5310; x_wconf 79' lang='lat' dir='ltr'><strong>manifestationem</strong></span> 
     </span>
    </p>
   </div>
   <div class='ocr_carea' id='block_1_112' title="bbox 2115 5346 3689 5422">
    <p class='ocr_par' dir='ltr' id='par_1_112' title="bbox 2115 5346 3689 5422">
     <span class='ocr_line' id='line_1_112' title="bbox 2115 5346 3689 5422; baseline -0.004 -15"><span class='ocrx_word' id='word_1_883' title='bbox 2115 5351 2353 5422; x_wconf 90' lang='lat' dir='ltr'><strong>Spiritus</strong></span> <span class='ocrx_word' id='word_1_884' title='bbox 2393 5347 2461 5402; x_wconf 90' lang='lat' dir='ltr'><strong>ad</strong></span> <span class='ocrx_word' id='word_1_885' title='bbox 2492 5348 2637 5402; x_wconf 91' lang='lat' dir='ltr'><strong>hunc</strong></span> <span class='ocrx_word' id='word_1_886' title='bbox 2667 5347 2986 5401; x_wconf 90' lang='lat' dir='ltr'><strong>scnsibilem</strong></span> <span class='ocrx_word' id='word_1_887' title='bbox 3032 5346 3296 5401; x_wconf 91' lang='lat' dir='ltr'><strong>mundum</strong></span> <span class='ocrx_word' id='word_1_888' title='bbox 3357 5346 3689 5416; x_wconf 83' lang='lat' dir='ltr'><strong>signiﬁcant.</strong></span> 
     </span>
    </p>
   </div>
   <div class='ocr_carea' id='block_1_113' title="bbox 2115 5436 3697 5511">
    <p class='ocr_par' dir='ltr' id='par_1_113' title="bbox 2115 5436 3697 5511">
     <span class='ocr_line' id='line_1_113' title="bbox 2115 5436 3697 5511; baseline -0.007 -13"><span class='ocrx_word' id='word_1_889' title='bbox 2115 5458 2216 5498; x_wconf 91' lang='lat' dir='ltr'><strong>nec</strong></span> <span class='ocrx_word' id='word_1_890' title='bbox 2246 5441 2313 5495; x_wconf 84' lang='lat' dir='ltr'><strong>dc</strong></span> <span class='ocrx_word' id='word_1_891' title='bbox 2342 5439 2531 5511; x_wconf 88' lang='lat' dir='ltr'><strong>gratiis</strong></span> <span class='ocrx_word' id='word_1_892' title='bbox 2561 5448 2617 5493; x_wconf 90' lang='lat' dir='ltr'><strong>et</strong></span> <span class='ocrx_word' id='word_1_893' title='bbox 2641 5438 2799 5492; x_wconf 89' lang='lat' dir='ltr'><strong>donis</strong></span> <span class='ocrx_word' id='word_1_894' title='bbox 2831 5438 3091 5506; x_wconf 88' lang='lat' dir='ltr'><strong>Spiritus,</strong></span> <span class='ocrx_word' id='word_1_895' title='bbox 3130 5436 3225 5492; x_wconf 88' lang='lat' dir='ltr'><strong>sed</strong></span> <span class='ocrx_word' id='word_1_896' title='bbox 3262 5436 3332 5491; x_wconf 90' lang='lat' dir='ltr'><strong>de</strong></span> <span class='ocrx_word' id='word_1_897' title='bbox 3367 5437 3481 5505; x_wconf 79' lang='lat' dir='ltr'><strong>ipsa</strong></span> <span class='ocrx_word' id='word_1_898' title='bbox 3511 5436 3697 5506; x_wconf 82' lang='lat' dir='ltr'><strong>bypo-.</strong></span> 
     </span>
    </p>
   </div>
   <div class='ocr_carea' id='block_1_114' title="bbox 2116 5527 3690 5602">
    <p class='ocr_par' dir='ltr' id='par_1_114' title="bbox 2116 5527 3690 5602">
     <span class='ocr_line' id='line_1_114' title="bbox 2116 5527 3690 5602; baseline -0.006 -13"><span class='ocrx_word' id='word_1_899' title='bbox 2116 5534 2245 5590; x_wconf 87' lang='lat' dir='ltr'><strong>stasi</strong></span> <span class='ocrx_word' id='word_1_900' title='bbox 2272 5533 2513 5602; x_wconf 83' lang='lat' dir='ltr'><strong>Spiritus</strong></span> <span class='ocrx_word' id='word_1_901' title='bbox 2558 5539 2614 5586; x_wconf 89' lang='lat' dir='ltr'><strong>et</strong></span> <span class='ocrx_word' id='word_1_902' title='bbox 2653 5531 2773 5602; x_wconf 82' lang='lat' dir='ltr'><strong>ejus</strong></span> <span class='ocrx_word' id='word_1_903' title='bbox 2806 5541 3011 5584; x_wconf 82' lang='lat' dir='ltr'><strong>aeterna</strong></span> <span class='ocrx_word' id='word_1_904' title='bbox 3040 5527 3387 5583; x_wconf 84' lang='lat' dir='ltr'><strong>emanatione</strong></span> <span class='ocrx_word' id='word_1_905' title='bbox 3453 5536 3509 5582; x_wconf 90' lang='lat' dir='ltr'><strong>et</strong></span> <span class='ocrx_word' id='word_1_906' title='bbox 3540 5527 3690 5581; x_wconf 74' lang='lat' dir='ltr'><strong>essi-</strong></span> 
     </span>
    </p>
   </div>
   <div class='ocr_carea' id='block_1_115' title="bbox 2119 5618 3690 5697">
    <p class='ocr_par' dir='ltr' id='par_1_115' title="bbox 2119 5618 3690 5697">
     <span class='ocr_line' id='line_1_115' title="bbox 2119 5618 3690 5697; baseline -0.01 -14"><span class='ocrx_word' id='word_1_907' title='bbox 2119 5628 2319 5684; x_wconf 86' lang='lat' dir='ltr'><strong>stcntia</strong></span> <span class='ocrx_word' id='word_1_908' title='bbox 2346 5628 2651 5697; x_wconf 90' lang='lat' dir='ltr'><strong>loquuntur</strong></span> <span class='ocrx_word' id='word_1_909' title='bbox 2685 5638 2699 5675; x_wconf 91' lang='lat'><strong>:</strong></span> <span class='ocrx_word' id='word_1_910' title='bbox 2748 5638 2846 5677; x_wconf 77' lang='lat' dir='ltr'><strong>nec</strong></span> <span class='ocrx_word' id='word_1_911' title='bbox 2894 5622 2996 5676; x_wconf 88' lang='lat' dir='ltr'><strong>ista</strong></span> <span class='ocrx_word' id='word_1_912' title='bbox 3025 5620 3341 5692; x_wconf 67' lang='lat' dir='ltr'><strong>praepositio</strong></span> <span class='ocrx_word' id='word_1_913' title='bbox 3374 5635 3500 5688; x_wconf 84' lang='lat' dir='ltr'><strong>per,</strong></span> <span class='ocrx_word' id='word_1_914' title='bbox 3546 5618 3690 5672; x_wconf 88' lang='lat' dir='ltr'><strong>idem</strong></span> 
     </span>
    </p>
   </div>
   <div class='ocr_carea' id='block_1_116' title="bbox 2118 5696 3687 5792">
    <p class='ocr_par' dir='ltr' id='par_1_116' title="bbox 2118 5696 3687 5792">
     <span class='ocr_line' id='line_1_116' title="bbox 2118 5696 3687 5792; baseline -0.011 -16"><span class='ocrx_word' id='word_1_915' title='bbox 2118 5722 2263 5791; x_wconf 89' lang='lat' dir='ltr'><strong>quod</strong></span> <span class='ocrx_word' id='word_1_916' title='bbox 2296 5718 2607 5792; x_wconf 70' lang='lat' dir='ltr'><strong>pnepositio</strong></span> <span class='ocrx_word' id='word_1_917' title='bbox 2664 5734 2785 5770; x_wconf 83' lang='lat' dir='ltr'><strong>cum</strong></span> <span class='ocrx_word' id='word_1_918' title='bbox 2824 5696 2907 5785; x_wconf 55' lang='lat' dir='ltr'><strong>(ut</strong></span> <span class='ocrx_word' id='word_1_919' title='bbox 2962 5714 3339 5785; x_wconf 84' lang='lat' dir='ltr'><strong>probavimus)</strong></span> <span class='ocrx_word' id='word_1_920' title='bbox 3391 5712 3687 5783; x_wconf 82' lang='lat' dir='ltr'><strong>signiﬁcat,</strong></span> 
     </span>
    </p>
   </div>
   <div class='ocr_carea' id='block_1_117' title="bbox 2119 5803 3687 5881">
    <p class='ocr_par' dir='ltr' id='par_1_117' title="bbox 2119 5803 3687 5881">
     <span class='ocr_line' id='line_1_117' title="bbox 2119 5803 3687 5881; baseline -0.004 -16"><span class='ocrx_word' id='word_1_921' title='bbox 2119 5813 2183 5865; x_wconf 86' lang='lat' dir='ltr'><strong>ad</strong></span> <span class='ocrx_word' id='word_1_922' title='bbox 2209 5828 2329 5881; x_wconf 74' lang='lat' dir='ltr'><strong>qna:</strong></span> <span class='ocrx_word' id='word_1_923' title='bbox 2362 5812 2613 5881; x_wconf 78' lang='lat' dir='ltr'><strong>refugere</strong></span> <span class='ocrx_word' id='word_1_924' title='bbox 2645 5812 2823 5865; x_wconf 88' lang='lat' dir='ltr'><strong>solent</strong></span> <span class='ocrx_word' id='word_1_925' title='bbox 2855 5806 3197 5862; x_wconf 68' lang='lat' dir='ltr'><strong>adversarii:</strong></span> <span class='ocrx_word' id='word_1_926' title='bbox 3233 5807 3364 5877; x_wconf 91' lang='lat' dir='ltr'><strong>quid</strong></span> <span class='ocrx_word' id='word_1_927' title='bbox 3401 5803 3549 5860; x_wconf 86' lang='lat' dir='ltr'><strong>aliud</strong></span> <span class='ocrx_word' id='word_1_928' title='bbox 3597 5817 3687 5858; x_wconf 76' lang='lat' dir='ltr'><strong>re-</strong></span> 
     </span>
    </p>
   </div>
   <div class='ocr_carea' id='block_1_118' title="bbox 2121 5891 3694 5973">
    <p class='ocr_par' dir='ltr' id='par_1_118' title="bbox 2121 5891 3694 5973">
     <span class='ocr_line' id='line_1_118' title="bbox 2121 5891 3694 5973; baseline -0.009 -15"><span class='ocrx_word' id='word_1_929' title='bbox 2121 5902 2411 5973; x_wconf 87' lang='lat' dir='ltr'><strong>linquitur;</strong></span> <span class='ocrx_word' id='word_1_930' title='bbox 2449 5902 2549 5957; x_wconf 83' lang='lat' dir='ltr'><strong>nisi</strong></span> <span class='ocrx_word' id='word_1_931' title='bbox 2602 5913 2659 5955; x_wconf 84' lang='grc' dir='ltr'><strong>ιιι</strong></span> <span class='ocrx_word' id='word_1_932' title='bbox 2707 5916 2797 5969; x_wconf 69' lang='grc' dir='ltr'><strong>ρον</strong></span> <span class='ocrx_word' id='word_1_933' title='bbox 2832 5898 3102 5969; x_wconf 82' lang='lat' dir='ltr'><strong>signiﬁcet</strong></span> <span class='ocrx_word' id='word_1_934' title='bbox 3137 5911 3357 5953; x_wconf 84' lang='lat' dir='ltr'><strong>causam</strong></span> <span class='ocrx_word' id='word_1_935' title='bbox 3393 5895 3507 5953; x_wconf 85' lang='lat' dir='ltr'><strong>sive</strong></span> <span class='ocrx_word' id='word_1_936' title='bbox 3538 5891 3694 5961; x_wconf 80' lang='lat' dir='ltr'><strong>prin-</strong></span> 
     </span>
    </p>
   </div>
  </div>
