4136 6402
441 432 544 493 E87

1401 437 1903 498 BESSARIONIS
1946 439 2002 501 S.
2045 440 2117 501 Β.
2159 444 2224 505 Ε.
2275 395 2738 505 (‘ARDIN‘ALIS

3579 448 3686 511 588

440 543 544 608 τῆς
579 544 636 608 ἐξ
670 544 840 598 ἀϊδίου
891 546 1116 616 προόδου
1158 547 1324 601 αὑτοῦ
1375 549 1470 601 καὶ
1499 550 1825 621 ὑπάρξεωςο
1882 548 2006 603 οὔτε
2037 555 2092 610 A'
2119 552 2273 616 Υίοῦ,
2304 557 2511 616 ἐκεῖνος
2561 559 2752 625 ἡγεῖτο
2803 557 2904 627 τῷ,
2947 556 3086 628 μετᾶ
3141 558 3237 611 τοῦ
3286 558 3442 624 Υίοῦ,
3492 562 3688 615 ταυτδν

444 636 628 701 μέντοι
659 637 824 690 ταυτὸ
856 637 1078 692 δύναται
1109 643 1174 708 τῇ
1197 640 1368 708 μετὰ.
1399 641 1432 711 ἡ
1474 641 1595 703 διὰ,
1657 643 1842 705 καθὼς
1873 645 2010 696 ἁπε-

441 725 719 795 δείξαμεν,
745 730 826 788 εἰς
855 729 890 782 ἃ
915 732 1285 801 καταφεύγειν
1331 733 1454 796 ἔθος
1484 737 1598 797 τοῖς
1628 735 1974 799 ἀντιλέγουσι
1995 749 2009 764 ο

441 814 496 867 τί
520 815 706 883 ἕτερον
739 817 1042 890 λείπεταιῆ
1077 823 1264 875 αἰτίαν
1321 824 1421 892 τὴν
1481 824 1602 887 διὰ,
1662 825 1866 894 ταύτην
1907 840 2011 892 ση-

443 907 694 980 μηαίνεινς
723 911 793 962 δι’
825 912 957 965 Υίοῦ
983 913 1094 982 γὰρ
1127 916 1228 984 τὴν
1260 915 1496 987 ὓπαρξιν
1526 917 1672 986 ἔχειν
1697 918 1759 970 τὸ
1788 917 2013 984 Πνεῦμα

438 999 731 1069 λεγόντων,
773 1006 806 1075 ἠ
871 1005 994 1070 διὰ,
1025 1008 1153 1061 καθ’
1187 1009 1360 1080 αὑτὴν
1393 1011 1652 1078 μένουσα,
1689 1013 1783 1064 καὶ
1819 1009 1894 1079 μὴ
1924 1010 2013 1063 δυ-

441 1096 653 1167 ναμένη
692 1098 1112 1168 μεταληφθῆναι
1144 1100 1224 1165 εἰς
1257 1101 1357 1171 τὴν
1402 1101 1578 1171 μετὰ.
1605 1103 1665 1156 τὸ
1693 1104 1896 1172 ἑαυτῆς
1923 1102 2012 1156 δύ-

442 1204 602 1240 ναται
629 1187 870 1255 πάντως,
901 1193 998 1244 καὶ
1027 1191 1207 1246 αἰτίαν
1256 1193 1613 1262 παρίστησιν,
1646 1194 1828 1247 αἰτίαν
1873 1195 2014 1248 πάν-

444 1295 566 1332 τοτε
592 1280 874 1352 δειχθεῖσα
926 1283 1219 1351 σημαίνειν
1241 1283 1333 1354 ἐφ’
1368 1278 1555 1358 ὧνπερ
1591 1285 2018 1354 παραλαμϐάνε-

441 1390 555 1427 ται.
587 1374 712 1428 ’Ὀτι
759 1375 816 1428 δὲ
847 1376 879 1446 ἡ
917 1375 1038 1440 διὰ,
1067 1377 1221 1430 οὐδὲν
1248 1377 1454 1431 τούτων
1483 1377 1593 1430 τῶν
1632 1379 1801 1448 τριῶν
1832 1377 2016 1449 βούλε-

443 1483 557 1532 ται,
583 1467 692 1520 ἀπό
717 1485 775 1521 τε
823 1468 915 1522 τοῦ
960 1469 1216 1538 Μαξίμου
1255 1472 1314 1522 ἐν
1343 1474 1407 1540 τῇ
1449 1470 1585 1539 πρὸς
1624 1473 1891 1542 Μαρῖνον,
1924 1472 2017 1526 καὶ

442 1557 540 1611 τοῦ
586 1559 949 1630 Δαμασκηνοῦ
995 1561 1380 1632 καθαρώτερον
1433 1562 1731 1629 δείκνυται,
1785 1563 1884 1632 τὴν
1945 1564 2016 1615 ἐκ

445 1651 698 1720 φανερῶς
728 1652 1262 1731 μεταλαμϐανόντων
1291 1656 1412 1707 ἀντὶ
1457 1655 1559 1723 τῆς
1613 1654 1731 1718 διὰ,
1767 1657 1858 1708 καὶ
1887 1657 2018 1724 περὶ

447 1745 549 1811 τῆς
584 1743 679 1797 τοῦ
721 1745 1040 1816 Πνεῦματος
1101 1746 1478 1810 ὑποστάσεως,
1532 1746 1614 1800 ἔτι
1664 1747 1721 1801 δὲ
1773 1749 1866 1800 καὶ
1916 1747 2018 1816 τῆς

445 1837 626 1890 ἀϊδίου
660 1837 954 1907 ὑπάρξεως
1005 1838 1352 1908 ποιουμένων
1390 1840 1484 1892 τδν
1519 1838 1698 1905 λόγον.
1735 1839 1900 1892 Ὅσον
1925 1835 2018 1892 οὖν

443 1929 759 1999 κοινότητος
793 1929 1014 1999 μέτεστι
1045 1933 1112 2000 τῇ
1143 1932 1316 1999 μετὰ,
1369 1932 1466 1982 καὶ
1509 1933 1576 2000 τῇ
1630 1929 1724 1995 ἐκ,
1756 1929 2015 1983 τοσοῦτον

442 2021 512 2087 τῇ
563 2017 683 2084 διὰ,
721 2020 815 2072 καὶ
867 2022 933 2090 τῇ
977 2021 1128 2088 μετά
1150 2036 1165 2052 ο
1197 2020 1290 2074 καὶ
1338 2019 1682 2090 Θεοδώρητος
1709 2021 1768 2074 δὲ
1799 2020 1920 2073 οὐδὲ
1944 2021 2012 2075 δι’

443 2111 576 2164 Υίοῦ
606 2110 706 2182 τὴν
730 2111 968 2182 ὓπαρξιν
997 2113 1170 2180 λέγων
1201 2112 1350 2182 ἔχειν
1381 2113 1442 2165 τὸ
1472 2113 1692 2180 Πνεῦμα
1727 2112 1787 2166 τὸ
1832 2111 2015 2180 ἅγιον,

442 2203 674 2271 πότερον
696 2202 816 2255 ἀντὶ
859 2204 1000 2272 μετὰ
1025 2201 1122 2255 τοῦ
1175 2202 1302 2256 Υἰοῦ
1350 2202 1752 2272 ὲξελάμδανενς
1802 2202 2017 2258 Οὐκοῦν

439 2294 699 2364 ἐψεύδετο
733 2295 1009 2365 φανερῶς,
1055 2297 1116 2350 οὐ
1175 2298 1256 2350 δεῖ
1313 2298 1462 2367 ἡμᾶς
1495 2298 1588 2354 ἐπὶ
1619 2298 1795 2369 τούτῳ
1828 2299 1921 2352 καὶ
1948 2300 2014 2368 τῇ

437 2389 539 2457 τῆς
578 2389 800 2443 συνόδου
841 2392 966 2460 σιγῇ
995 2389 1369 2460 ἰσχυρίζεσθαι
1391 2407 1407 2420 ο
1459 2391 1552 2443 καὶ
1583 2390 1692 2461 γάρ
1723 2390 1845 2444 ἐστι
1878 2391 2018 2460 μετὰ

442 2480 537 2533 τοῦ
563 2481 694 2534 Υἱοῦ
718 2481 778 2534 τὸ
805 2482 1057 2551 Πνεῦμα,
1089 2481 1395 2552 συμπροῖὸν
1426 2481 1576 2550 αὐτῷ
1606 2499 2016 2554 συμπαρομαρ-

441 2573 573 2630 τοῦν
596 2593 652 2628 τε
687 2575 782 2628 καὶ
818 2575 1227 2645 συνεκλάμπον.
1265 2575 1408 2628 Ἀλλ’
1437 2575 1734 2645 ὁμώνυμον
1782 2575 2020 2646 ἡγούμε-

444 2682 533 2729 νος
568 2665 666 2735 τὴν
694 2665 904 2736 φωνὴνι
933 2667 1026 2719 καὶ
1051 2665 1112 2718 τὸ
1137 2666 1227 2720 διὰ
1257 2665 1350 2718 τοῦ
1383 2665 1542 2730 Υίοῦ,
1579 2664 1678 2717 νῦν
1708 2667 1805 2735 μὲν
1841 2664 2018 2718 ἰσοδυ-

440 2761 636 2826 ναμεῖν
679 2757 755 2827 τῷ
791 2757 929 2826 μετὰ
970 2758 1064 2809 τοῦ
1101 2756 1254 2822 Υἰοῦ,
1313 2756 1410 2810 νῦν
1438 2757 1496 2809 δὲ
1527 2755 1652 2809 καθ’
1685 2755 1819 2809 αὐτὸ
1841 2755 1916 2817 ὠς
1951 2756 2020 2808 δι’

443 2850 600 2915 Υίοῦ,
623 2845 746 2902 εἷτα
781 2848 841 2902 τὸ
867 2848 934 2902 δι’
963 2847 1096 2902 Υἱοῦ
1131 2847 1193 2901 τὸ
1220 2847 1448 2916 Πνεῦμα
1494 2847 1768 2919 ὑπάρχειν
1809 2848 2018 2909 ἐκεῖνος

441 2943 714 3012 ἀρνεῖται.
743 2942 960 2994 Οὐκοῦν
987 2940 1021 3011 ἢ
1055 2941 1192 2992 αὐτὸ
1219 2939 1328 2992 ἔδει
1358 2939 1456 3008 τὴν
1490 2941 1835 3009 ὁμωνυμίαν,
1861 2939 1894 3009 ἢ
1921 2939 2018 3008 τὴν

446 3032 664 3086 σύνοδον
692 3033 1020 3094 διαστείλαι,
1055 3033 1150 3085 καὶ
1178 3031 1341 3099 δῆλον
1393 3031 1641 3101 ποιῆσαι,
1681 3030 1809 3101 περὶ
1861 3030 2015 3082 ποίου

445 3125 555 3180 τῶν
591 3124 1011 3197 σημαινομένων
1040 3125 1067 3175 6
1093 3123 1253 3190 λόγος
1284 3122 1459 3192 αὐτῷ.
1509 3121 1657 3174 Ἀλλ’
1687 3120 1811 3174 οὔτε
1836 3121 1923 3188 τὺ,
1949 3120 2020 3174 δι’

444 3305 694 3379 eipium?
743 3306 880 3361 Cum
937 3305 1083 3359 enim
1142 3319 1254 3374 per.
1286 3303 1478 3360 Filium
1533 3303 1719 3357 dicant
1765 3302 2022 3358 doctores

446 3400 709 3472 Spiritum
773 3410 1022 3454 sanetum
1082 3411 1204 3452 esse
1254 3408 1310 3452 et
1361 3397 1740 3451 exsistentiam
1790 3395 2022 3468 habere,

444 3511 680 3566 cumque
715 3494 832 3564 ipsa
861 3508 959 3560 per
992 3506 1101 3545 non
1121 3491 1294 3561 possit
1317 3505 1419 3561 pro
1443 3507 1564 3544 cum
1593 3490 1846 3560 intelligi,
1866 3504 2021 3544 suam

442 3591 556 3643 vim
589 3587 840 3658 exprimit
866 3585 1080 3656 utique,
1102 3593 1158 3641 et
1189 3599 1410 3639 causam
1441 3583 1732 3654 signiﬁcat,
1766 3597 1890 3637 cum
1911 3583 2022 3652 jam

444 3683 736 3751 probatum
772 3681 846 3735 sit
873 3690 1092 3734 causam
1134 3677 1444 3746 signiﬁcare
1480 3677 1532 3730 in
1573 3675 1778 3745 quibus
1817 3675 2024 3745 accipi-

447 3787 557 3830 tur.
585 3773 742 3841 Quod
785 3778 966 3826 autem
988 3769 1104 3838 ipsa
1136 3785 1234 3839 per
1273 3769 1484 3822 nullum
1524 3768 1688 3820 trium
1737 3767 2026 3836 przudicto-

446 3883 569 3924 rum
605 3867 696 3922 hic
723 3865 1016 3936 signiﬁcet,
1047 3878 1114 3918 ex
1142 3862 1372 3930 epistola
1406 3860 1626 3914 Maximi
1658 3859 1725 3916 ad
1754 3859 2023 3914 Marinum

447 3957 737 4029 praedicta,
782 3965 841 4010 et
887 3969 955 4009 ex
997 3955 1116 4023 ipso
1146 3951 1482 4006 Damasceno
1526 3951 1700 4019 palam
1737 3950 2024 4020 probatur,

444 4054 536 4120 qui
580 4051 750 4119 ipsam
801 4063 866 4101 ea:
915 4052 1127 4099 mutant
1171 4045 1227 4095 in
1266 4058 1381 4112 per,
1417 4051 1474 4095 ct
1516 4041 1584 4094 de
1624 4040 1737 4110 ipsa
1793 4054 2024 4107 persona

448 4143 692 4212 Spiritus
749 4148 808 4194 et
862 4139 985 4208 eius
1045 4147 1247 4191 aeterna
1317 4133 1638 4188 exsistentia
1699 4132 2023 4199 loquuntur.

448 4237 725 4303 Quantum
756 4232 922 4302 igitur
945 4230 1277 4286 conveniunt
1305 4244 1368 4282 ex
1406 4239 1462 4284 et
1492 4242 1637 4290 cum,
1677 4233 1888 4280 tantum
1937 4239 2030 4292 per

447 4344 502 4385 ut
531 4346 652 4384 cum
697 4325 994 4380 convenire
1028 4332 1292 4392 possunt,
1319 4319 1467 4392 quod
1502 4327 1556 4374 et
1593 4331 1691 4388 per
1721 4315 2029 4370 Theodori-

448 4437 564 4480 tnm
603 4424 839 4478 maxime
862 4421 1148 4490 probatur.
1180 4420 1316 4473 Cum
1348 4416 1496 4470 enim
1522 4415 1614 4471 ille
1636 4414 1868 4476 diceret,
1901 4411 2029 4481 Spi-

448 4519 615 4573 ritum
665 4532 774 4570 non
811 4514 1018 4568 habere
1067 4512 1448 4566 exsistentiam
1507 4523 1602 4577 per
1644 4505 1869 4570 Filium,
1900 4520 2026 4558 cum

2113 644 2397 710 δύνασθαι,
2425 649 2519 702 καὶ
2542 650 2604 702 τὸ
2643 649 2710 704 δι’
2740 650 2875 704 Υίοῦ
2911 650 2985 712 ὡς
3007 651 3079 703 δι’
3115 649 3248 704 Υίοῦ
3284 651 3566 722 ἐξεδέχετο
3591 657 3688 709 καὶ

2114 738 2293 790 αἰτίαν
2321 741 2388 808 τῇ
2443 739 2542 793 διὰ
2590 741 2907 808 ἀπονέμων.
2948 741 3226 795 Πάντοθεν
3272 741 3368 795 οὖν
3397 744 3692 812 ἀναφαίνε-

2113 847 2204 884 ται
2255 830 2370 884 ἀνθ’
2419 833 2618 902 ἑαυτῆς
2653 835 2688 902 ἠ
2734 832 2857 895 διὰ,
2885 833 3153 904 τιθεμένη
3191 833 3277 902 ἐφ’
3311 827 3390 888 ὧν
3407 836 3527 888 νυνὶ
3558 845 3694 904 πρε-

2115 923 2435 992 ηνέγκαμεν
2474 924 2745 992 χρήσεων,
2783 924 2875 977 καὶ
2899 923 3178 994 δυναμένη
3213 924 3275 977 τὸ
3303 926 3528 994 ἑαυτῆς,
3579 927 3690 980 acati

2118 1014 2370 1086 φανερῶς
2399 1016 2583 1068 αἰτίαν
2617 1016 2984 1086 σημαίνουσα.
3009 1015 3173 1071 Ἀλλὰ
3201 1018 3276 1087 μὴ
3305 1031 3397 1085 μοι.
3420 1018 3583 1071 πάλιν
3607 1021 3691 1081 τίς

2117 1106 2181 1158 τὸ
2215 1107 2452 1174 συναφὲς
2485 1109 2811 1178 καταφύγῃς
2850 1107 2942 1160 καὶ
2969 1107 3396 1178 ἀπαράλλακτον
3445 1106 3546 1178 τῆς
3590 1111 3687 1162 06-

2121 1195 2281 1262 σίας,
2315 1196 2403 1250 διὰ
2458 1199 2620 1252 τοῦτο
2670 1200 2846 1267 λέγων
2893 1199 2985 1252 διὰ
3036 1200 3132 1253 τοῦ
3169 1201 3301 1254 Υἰοῦ
3353 1202 3607 1272 προϊέναι
3635 1203 3698 1254 τδ

2120 1287 2348 1355 Πνεῦμα
2369 1289 2642 1358 εἰρῆσθαι,
2679 1290 2764 1344 ἵνα
2784 1293 2843 1343 τὸ
2873 1290 3115 1358 συναφὲς
3140 1292 3234 1344 καὶ
3263 1290 3698 1362 ἀπαράλλακτον

2119 1378 2334 1450 δηλωθῇ
2387 1381 2485 1451 τῆς
2535 1381 2745 1442 οὐσίας.
2797 1379 3024 1454 Πρῶτον
3059 1384 3160 1452 μὲν
3191 1383 3303 1453 γὰρ
3347 1383 3407 1437 τὸ
3437 1384 3698 1454 προϊέναι

2119 1471 2357 1525 ἐνταῦθα
2386 1474 2507 1526 ἀντὶ
2559 1475 2654 1526 τοῦ
2684 1474 3090 1545 ἐκπορεύεσθαι
3149 1475 3402 1545 εἰρηταν
3431 1476 3596 1538 αὐτός
3634 1492 3696 1528 τε

2119 1568 2230 1638 γὰρ
2256 1570 2283 1620 6
2319 1567 2462 1630 θεῖος
2495 1571 2747 1640 Μάξιμος
2777 1574 2804 1624 6
2833 1572 2994 1624 τοῦτο
3016 1571 3188 1625 εἰπὼν
3225 1575 3281 1625 ἐν
3304 1575 3371 1643 τῇ
3406 1574 3540 1643 πρὸς
3577 1573 3700 1626 Μα-

2124 1662 2270 1731 ρῖνον
2301 1662 2584 1732 ἐπιστολῇ,
2614 1666 2674 1718 έν
2707 1667 2780 1736 τῇ
2828 1667 2907 1727 εἰς
2937 1669 3029 1719 τον
3072 1666 3350 1736 Ζαχαρίαν
3377 1666 3589 1738 θεωρίᾳ
3609 1672 3710 1720 ιιι-ι

2121 1752 2458 1823 πορεύεσθαι
2503 1755 2726 1826 είρηκεο
2761 1757 2822 1810 τὸ
2875 1757 2920 1810 δ’
2968 1760 3104 1813 αὐτὸ
3129 1761 3224 1814 καὶ
3252 1761 3280 1812 6
3304 1761 3696 1830 Δαμασκηνὸς,

2053 1891 2093 1946 ὓ
2124 1847 2218 1900 καὶ
2254 1849 2287 1918 ή
2319 1849 2428 1901 τῶν
2473 1849 2710 1903 συνόδων
2730 1847 2959 1921 ἑϐδόμη.
3008 1851 3082 1905 T6
3123 1852 3180 1906 δὲ
3208 1852 3610 1924 ἐκπορεύεσθαι
3636 1852 3699 1904 τὺ

2120 1941 2224 2008 τὴν
2247 1943 2483 2012 ὓπαρξιν
2511 1941 2658 2014 ἔχειν
2691 1944 2876 2014 δηλοῐ·
2902 1947 2996 1998 καὶ
3026 1945 3087 1999 τὸ
3118 1945 3186 2000 δι’
3217 1945 3349 2000 Υίοῦ
3395 1945 3700 2016 ἐκπορεύε-

2121 2041 2246 2093 σθαι
2276 2040 2336 2092 τὸ
2363 2039 2435 2093 δι’
2467 2039 2636 2093 αὑτοῦ
2660 2041 2759 2112 τὴν
2811 2041 3052 2112 ὕπαρξιν
3105 2042 3274 2114 ἔχειν.
3322 2043 3502 2098 Τοῦτο
3524 2045 3572 2098 δ’
3592 2046 3696 2098 οὐκ

2119 2125 2185 2181 ἂν
2218 2127 2439 2182 δύναιτο
2483 2124 2647 2195 εἶναι,
2692 2129 2766 2200 μὴ
2791 2133 2890 2186 καὶ
2927 2131 3021 2186 τοῦ
3079 2132 3215 2186 Υίοῦ
3248 2133 3350 2205 τῆς
3385 2132 3482 2188 τοῦ
3522 2134 3698 2188 Πνεῦ-

2123 2235 2292 2290 ματος
2317 2223 2604 2294 ὑπάρξεως
2663 2223 2817 2288 ὄντος
2868 2227 3070 2290 αἰτίας.
3106 2224 3342 2282 Ἔπειτα
3362 2229 3419 2282 δὲ
3469 2227 3552 2282 ὄτι
3583 2227 3699 2282 οὐδ’

2120 2315 2280 2382 ἡμεῖς
2304 2313 2536 2384 λέγομεν
2564 2315 2633 2368 δι’
2669 2314 2802 2368 Υίοῦ
2828 2315 3084 2386 προϊέναι
3123 2317 3184 2370 τὸ
3212 2318 3440 2389 Πνεῦμα
3472 2318 3536 2371 1:6
3563 2335 3698 2371 ταυ-

2119 2405 2210 2457 τὸν
2238 2405 2334 2474 τῆς
2368 2404 2557 2467 οὐσίας
2579 2405 2613 2474 ἦ
2642 2405 2810 2470 ἐστιν,
2846 2405 2878 2475 ἢ
2927 2405 3187 2476 δηλοῦται
3209 2423 3224 2440 ο
3259 2407 3319 2459 οὗ
3380 2407 3492 2476 γὰρ
3543 2405 3696 2477 ἡμᾶς

2120 2498 2380 2564 ἀναμένει
2409 2497 2502 2549 καὶ
2527 2497 2616 2549 τὸν
2647 2497 2922 2565 ἡμέτερον
2953 2497 3114 2566 λόγον
3149 2497 3182 2569 ἠ
3237 2496 3361 2552 θεία
3391 2498 3550 2551 οὐσία
3579 2499 3692 2560 το⁹ς

2121 2588 2438 2658 προσώποις
2481 2587 2836 2650 ταυτίζεσθαί
2891 2601 2952 2642 τε
3021 2581 3122 2642 καῖ
3167 2589 3482 2642 κοινοῦσθαι
3509 2605 3525 2620 ·
3561 2589 3697 2642 ἀλλᾶ

2119 2681 2254 2738 διότι
2282 2681 2401 2732 ἐστὶ
2434 2679 2495 2732 τὸ
2527 2681 2728 2732 ταυτὸν
2757 2680 2858 2749 τῆς
2908 2681 2967 2733 οὐ
2981 2681 3128 2747 σίας,
3163 2681 3257 2734 διὰ
3286 2683 3446 2734 τοῦτο
3487 2682 3585 2734 καὶ
3613 2681 3701 2733 λέ-

2120 2783 2277 2839 γεται
2301 2771 2550 2842 προϊέναι
2584 2771 2678 2825 καὶ
2717 2771 2937 2843 πρόεισι
2970 2772 3059 2826 διὰ
3088 2772 3183 2826 τοῦ
3215 2773 3348 2827 Υἱοῦ
3379 2773 3440 2826 τὸ
3469 2774 3699 2842 Πνεῦμα

2118 2865 2180 2918 τὸ
2212 2863 2388 2930 ἅγιον.
2414 2863 2587 2918 Τοῦτο
2625 2865 2681 2918 δὲ
2709 2865 2807 2918 καί⁸
2841 2865 2891 2917 οἰ
2917 2866 3140 2920 Λατῖνοί
3166 2882 3324 2935 φασι.
3367 2865 3467 2918 Διὰ
3509 2865 3571 2919 τδ
3600 2867 3702 2935 τὴν

2121 2953 2288 3024 αὐτὴν
2312 2954 2501 3009 οὐσίαν
2531 2950 2674 3008 εῖναι
2731 2957 2907 3026 Πατρὶ
2939 2958 3035 3009 καὶ
3091 2956 3229 3026 Υίῷ,
3268 2958 3366 3011 καὶ
3405 2957 3589 3010 πάντα
3631 2959 3703 3009 τὰ

2119 3046 2214 3100 τοῦ
2253 3050 2460 3117 llas-p5;
2489 3048 2581 3102 τὸν
2623 3049 2753 3103 Υίὸν
2780 3048 2950 3120 ’ἔχειν
2982 3048 3107 3119 δίχα
3137 3048 3232 3102 τοῦ
3267 3043 3410 3103 εἴναι
3455 3049 3702 3118 Πατέρα,

2123 3140 2221 3192 καὶ
2249 3139 2341 3192 τοῦ
2366 3139 2764 3211 ἐκπορεύεσθαι
2787 3141 2847 3205 ἐξ
2866 3141 3031 3194 αὐτοῦ
3057 3140 3176 3210 ἤδι⁹
3193 3139 3361 3194 αὐτοῦ
3392 3142 3450 3194 τὸ
3478 3140 3701 3210 Πνεῦμα

2123 3330 2354 3388 ‘samque
2381 3317 2673 3373 manifeSte
2702 3311 3028 3388 signiﬁcare,
3049 3329 3106 3374 et
3130 3320 3269 3375 hanc
3300 3319 3698 3374 Theodoritum

2125 3425 2347 3480 negare,
2405 3409 2550 3464 hanc
2583 3417 2814 3464 caeteros
2871 3419 3092 3466 sanctos
3141 3411 3394 3466 doctores
3443 3410 3704 3464 atulaeter

2125 3502 2392 3574 proﬁteri.
2430 3499 2534 3556 Sed
2569 3519 2637 3556 ne
2664 3515 2857 3556 rursus
2885 3503 2949 3556 ad
2984 3502 3075 3556 illa
3115 3511 3377 3558 consueta
3410 3504 3616 3573 rcfugia
3649 3513 3703 3559 te

2127 3593 2380 3661 recipias,
2415 3591 2540 3647 ideo
2567 3593 2756 3647 dicens
2805 3609 2900 3662 per
2938 3592 3134 3648 Filium
3171 3595 3391 3664 prodire
3412 3595 3700 3660 Spiritum,

2128 3685 2335 3739 dictum
2358 3685 2552 3750 fuisse,
2585 3693 2644 3738 ut
2669 3685 3008 3755 conjunctio,
3042 3687 3411 3750 connexio,et
3445 3688 3705 3742 identitas

2128 3778 2446 3832 substantiae
2478 3791 2670 3833 eorum
2727 3778 3090 3848 signiﬁcrtur.
3126 3779 3307 3833 l‘rimo
3335 3789 3568 3850 uanique
3617 3779 3707 3836 hic

2129 3869 2348 3938 prodire
2393 3885 2494 3938 pro
2555 3869 2858 3940 procedere
2910 3869 3148 3940 capitur.
3209 3869 3326 3939 Ipse
3357 3871 3504 3926 enim
3559 3871 3703 3926 idem

2131 3959 2420 4026 Maximus,
2454 3961 2548 4032 qui
2589 3961 2644 4015 in
2675 3960 2903 4029 epistola
2933 3962 2996 4016 ad
3023 3960 3317 4026 Marinum,
3347 3964 3568 4032 prodire
3591 3964 3702 4016 ait:
3771 3958 3774 3960 ⁷

2131 4053 2184 4106 in
2244 4053 2585 4122 (‘XpOSiZiODC
2632 4052 2697 4107 ad
2740 4051 3084 4117 Zachariam,
3148 4055 3448 4122 procedere
3503 4054 3705 4123 inquit.

2130 4144 2276 4199 idem
2342 4146 2732 4210 Datnascenns,
2798 4145 2941 4199 Idem
3005 4146 3238 4214 septima
3299 4145 3541 4218 synodus
3585 4147 3704 4200 ait:

2135 4233 2435 4290 Procedcre
2463 4251 2615 4302 vero,
2649 4236 3057 4292 subsistentiam
3090 4238 3291 4293 habere
3324 4237 3592 4307 signiﬁcat
3613 4255 3627 4292 :
3652 4246 3713 4290 et

2131 4339 2229 4396 per
2270 4321 2467 4382 Filium
2524 4328 2850 4399 procedere,
2904 4344 3002 4399 per
3051 4329 3248 4384 Filium
3288 4330 3704 4384 subsistentiam

2134 4419 2338 4474 habere
2386 4420 2575 4491 procul
2629 4421 2802 4476 dubio
2845 4422 3138 4492 signiﬁcat.
3173 4419 3288 4477 Hoc
3356 4433 3540 4478 autem
3585 4437 3709 4478 esm

2137 4523 2244 4565 nun
2297 4511 2522 4581 poterit,
2582 4513 2685 4567 nisi
2725 4521 2780 4568 et
2829 4515 3001 4569 Filius
3046 4515 3414 4571 subsistentia:
3473 4514 3713 4583 Spiritus

451 4608 664 4663 Filione
698 4602 1088 4673 intelligebat?
1117 4603 1258 4673 Ergo
1287 4603 1462 4670 palam
1500 4599 1894 4661 mentiebatur,
1925 4613 2028 4652 nec
2063 4599 2104 4654 ῐὶ
2135 4605 2463 4674 principium
2491 4605 2585 4660 sit.
2628 4607 2834 4661 Deinde
2856 4645 2870 4668 .
2900 4623 3005 4662 non
3031 4608 3158 4677 quia
3192 4623 3291 4662 nos
3318 4607 3553 4662 dicimus
3589 4606 3715 4674 Spi-

450 4700 612 4754 decet
657 4711 758 4750 nos
819 4695 917 4749 niti
951 4694 1169 4749 concilii
1217 4693 1456 4748 silentio.
1511 4692 1727 4746 Etenim
1781 4689 2026 4760 Spiritus

432 4782 577 4846 cum
612 4787 748 4842 Filio
795 4786 957 4839 simul
1005 4791 1108 4848 ρει,
1147 4793 1202 4838 et
1249 4800 1314 4838 ex
1346 4786 1502 4838 Patre
1533 4784 1698 4838 simul
1742 4797 2023 4836 emanans.

452 4883 535 4939 An
560 4880 897 4948 mquivocam
925 4879 1066 4932 hanc
1093 4877 1391 4930 dictionem
1431 4894 1543 4945 per,
1587 4878 1677 4931 ille
1715 4887 1934 4944 putans,
1971 4884 2030 4928 ut

452 4968 748 5040 aliquando
795 4967 936 5021 idem
968 4966 1111 5035 quod
1143 4983 1282 5029 cunt,
1313 4967 1606 5036 aliquando
1642 4968 1882 5032 scipsum
1936 4982 2029 5031 per

452 5063 810 5135 signiﬁcaret,
859 5074 953 5127 per
996 5057 1192 5111 Filium
1250 5070 1409 5126 negat
1455 5059 1720 5127 Spiritum
1758 5059 1919 5112 esse?
1960 5061 2029 5112 At

451 5155 791 5228 oportuisset
815 5153 899 5207 vel
932 5153 1135 5220 ipsum,
1163 5151 1246 5204 vel
1275 5152 1570 5204 concilium
1609 5152 1748 5204 hanc
1780 5151 2027 5219 acquivo-

449 5249 728 5306 cationem
758 5245 1121 5314 distinguere,
1162 5252 1218 5298 et
1250 5243 1450 5297 docere
1482 5242 1548 5296 de
1580 5259 1690 5312 quo
1721 5243 2028 5313 signiﬁcato

451 5344 687 5402 diceret,
743 5346 911 5409 prout
952 5351 1146 5392 omnes
1193 5335 1377 5390 solent
1423 5335 1716 5389 doctores:
1778 5335 1876 5389 sed
1928 5350 2030 5390 nec

451 5435 596 5491 idem
633 5449 747 5502 per,
787 5447 912 5487 cutn
935 5430 1097 5494 Filio,
1149 5428 1239 5483 ille
1292 5428 1518 5493 putabat
1563 5442 1722 5497 posse
1773 5427 2030 5496 intelligi,

451 5545 575 5583 eum
605 5529 882 5582 diceretur
931 5539 1029 5594 per
1068 5521 1308 5577 Filium:
1344 5531 1401 5575 et
1454 5535 1549 5589 per
1586 5519 1784 5574 Filium
1829 5535 2032 5588 negans

454 5615 724 5686 Spiritum
757 5617 957 5671 habere
989 5610 1396 5674 exsistentiam,
1438 5624 1660 5665 causam
1695 5606 2023 5680 signiﬁcare,

453 5709 597 5762 hanc
649 5707 1092 5775 praepositionem
1144 5703 1390 5773 putabat.
1456 5701 1639 5756 Palam
1699 5703 1885 5770 itaque
1946 5703 2031 5756 his

455 5801 710 5853 omnibus
749 5811 898 5867 patet
949 5817 1002 5854 SC
1059 5801 1227 5868 ipsum
1287 5802 1338 5852 tu
1376 5797 1655 5867 pt'mimrtis
1689 5798 2026 5851 :tltuim'ilati-

459 5890 559 5942 bus
588 5906 677 5952 ριν
728 5890 1053 5956 signiﬁcare,
1090 5900 1142 5944 et.
1177 5893 1318 5956 quod
1357 5907 1513 5943 sninn
1567 5900 1639 5943 Οτι
1686 5907 1779 5956 ρετ
1809 5907 1861 5943 se
1899 5908 2022 5943 can-

2135 4697 2298 4750 ritum
2343 4697 2563 4766 prodire
2616 4713 2712 4768 per
2746 4697 2943 4752 Filium
2969 4738 2984 4762 ,
3029 4699 3152 4754 ideo
3194 4707 3288 4753 aut
3316 4708 3422 4761 est,
3453 4708 3550 4751 aut
3596 4709 3716 4749 nia-

2133 4787 2424 4842 infestatur
2453 4788 2774 4842 substantiae
2807 4788 3065 4842 identitas
3105 4793 3239 4858 (non
3279 4788 3426 4842 enim
3459 4799 3555 4856 per
3589 4803 3713 4848 nus,

2134 4895 2311 4949 neque
2345 4897 2439 4948 τοι·
2481 4890 2726 4934 nostrum
2758 4882 2974 4933 dicendi
3005 4888 3248 4942 modum,
3269 4880 3451 4933 divina
3467 4881 3710 4932 essentia

2132 4973 2336 5027 divinis
2371 4973 2556 5028 unitur
2588 4984 2683 5026 aut
2710 4973 3081 5028 identiﬁcatur
3111 4972 3408 5040 personis).
3431 4970 3526 5026 sed
3578 4970 3708 5038 quia

2131 5079 2214 5121 cst
2254 5067 2505 5121 CSSCnIliB
2544 5067 2822 5126 identitas.
2851 5067 2974 5120 ideo
3002 5066 3225 5134 prodire
3253 5066 3476 5127 dicitur,
3501 5075 3555 5118 et
3585 5081 3711 5132 pro-

2133 5160 2212 5213 dit
2253 5177 2348 5227 per
2384 5160 2580 5214 Filium
2630 5161 2888 5229 Spiritus.
2945 5159 3058 5213 Hoc
3105 5170 3289 5213 autem
3334 5160 3512 5213 Latini
3543 5159 3710 5210 etiam

2133 5250 2496 5315 dicunt.Quia
2527 5251 2673 5304 enim
2701 5251 2892 5304 eadem
2923 5264 3006 5304 est
3036 5252 3272 5304 essentia
3305 5252 3448 5305 Patri
3472 5262 3524 5304 et
3548 5251 3709 5313 Fili»,

2133 5342 2329 5396 aiunt:
2364 5343 2431 5395 Et
2462 5341 2647 5396 (nimia
2671 5342 2846 5396 Patris
2875 5342 3043 5396 Filius
3062 5341 3224 5396 etiam
3262 5341 3447 5404 liabet,
3486 5350 3712 5409 practer-

2134 5447 2295 5502 quam
2330 5433 2476 5503 quod
2515 5448 2620 5486 non
2647 5434 2718 5486 sit
2745 5433 2938 5500 Pater;
2971 5433 3098 5487 ideo
3129 5433 3292 5486 etiam
3320 5433 3425 5485 huc
3459 5445 3582 5486 eum
3617 5431 3714 5483 ba-

2134 5525 2264 5581 bcre
2294 5537 2631 5591 asseverant,
2655 5526 2801 5596 quod
2828 5542 2894 5580 cx
2925 5543 2987 5580 eo
3011 5565 3028 5593 ,
3059 5526 3143 5579 vel
3178 5541 3274 5594 per
3303 5541 3428 5580 eum
3466 5525 3714 5592 Spiritus

2135 5619 2415 5687 procedat.
2459 5621 2575 5674 Hoc
2632 5620 2775 5675 idem
2843 5635 3063 5690 quoque
3113 5619 3305 5672 beatus
3356 5618 3593 5688 Cyrillus
3653 5618 3711 5672 in

2135 5711 2327 5779 quinto
2387 5711 2456 5764 a‘d
2511 5712 2784 5766 Hermiam
2848 5713 3064 5780 probat,
3115 5710 3343 5764 dicens:
3410 5711 3710 5778 Cujusnam

2137 5803 2415 5868 propriam
2478 5818 2600 5855 emt-1
2654 5803 2919 5869 Spiritum
2973 5803 3254 5852 diutinus?
3318 5803 3506 5855 lfttrnm
3543 5801 3712 5854 solius

2142 5892 2232 5945 lict
2287 5907 2336 5950 ct
2402 5895 2595 5960 Patris,
2640 5910 2704 5949 an
2757 5894 2918 5947 etiam
2960 5895 3104 5961 .l':iti,
3162 5911 3228 5946 an
3284 5907 3332 5947 CI
3395 5893 3710 5962 disiunctio)
