4136 6410
425 422 533 489 589

1395 426 1685 487 ORATIO
1731 427 2167 486 DOGMATHZA
2208 426 2357 487 PRO
2403 426 2719 488 UNLONE.

3576 424 3679 486 590

422 540 484 589 τὸ
510 538 687 604 ἄτιον,
711 539 800 591 τὸν
824 538 951 591 Υίδν
972 536 1116 608 ἔχειν
1147 537 1598 609 διισχυρίζονται.
1651 539 1724 591 Tb
1777 538 1821 590 δ’
1865 536 2000 592 αὐτὸ
2033 542 2071 597 Δ
2102 540 2286 595 λαϐεῖν
2328 545 2639 607 κοινωνίαν,
2667 545 2741 607 ὡς
2774 543 2940 614 μηδὲν
2962 537 3127 617 ἦττον
3156 543 3251 598 καὶ
3275 543 3374 615 τὴν
3402 542 3674 615 διάκρισιν

424 626 587 681 τοῦτο
619 630 714 681 καὶ
743 629 772 682 ὁ
804 629 1078 697 μακάριος
1130 628 1400 697 Κύριλλος
1430 629 1487 693 ἐν
1513 628 1588 696 τῷ
1616 627 1854 697 πέμπτῳ
1887 627 1995 679 τῶν

426 717 563 789 «pb;
603 719 867 797 Ἑρμείαν
896 720 1049 788 δηλοῖ
1081 736 1096 751 °
1123 716 1280 781 Τίνος
1300 718 1408 787 γὰρ
1439 718 1592 783 ἴδιον,
1631 720 1818 787 φησὶν,
1859 716 2001 775 εἶναί

427 828 611 881 φαμεν
654 809 716 863 τὸ
747 808 969 879 Πνεῦμα
1004 810 1063 862 τὸ
1098 810 1291 877 ἆγιον;
1341 813 1571 877 πότερον
1599 810 1655 862 δὲ
1706 810 1869 879 μόνον
1903 812 2000 864 τοῦ

425 900 562 955 Θεοῦ
598 899 690 977 καὶ
725 901 959 971 Πατρδς,
988 900 1022 970 ἢ
1051 900 1182 968 γοῦν
1220 900 1431 954 καὶτοῦ
1471 902 1630 967 Υίοῦ;
1684 903 1717 973 ἦ
1760 906 1855 957 καὶ
1901 904 2004 958 ἀνὰ

428 993 597 1063 μὲρος
647 994 917 1065 ἐκατέρου
967 997 1062 1049 καὶ
1088 996 1316 1065 ἀμφοῖν,
1378 995 1452 1059 ὡς
1485 997 1544 1048 ἒν
1595 997 1659 1053 ἐκ
1693 998 1907 1066 Πατρδς
1936 997 2002 1050 δι’

432 1084 559 1138 Υίοῦ
590 1085 682 1138 διὰ
708 1085 807 1156 τὴν
833 1086 1139 1157 ταυτότητα
1168 1090 1264 1157 τῆς
1296 1089 1521 1153 οὐσίας;
1554 1092 1766 1160 Πατρὸς
1799 1090 2004 1160 δηλαδὴ

429 1179 523 1231 καὶ
556 1175 687 1232 Υίοῦ
711 1176 908 1245 λέγων.
936 1179 1322 1249 ’Δποκρίνεται
1341 1180 1397 1234 δὲ
1418 1180 1449 1232 δ
1487 1180 1747 1250 Ἑρμείας
1768 1195 1785 1215 ⁸
1818 1182 2009 1244 Οὕτως

428 1271 609 1339 ἔγωγέ
648 1288 813 1340 φημι,
838 1264 1117 1342 ὧὲταῖρε.
1169 1272 1277 1326 Kal
1319 1275 1345 1326 ὁ
1405 1273 1561 1341 ἅγιος
1618 1275 1753 1346 πρὸς
1801 1276 1961 1329 αὐτόν
1987 1292 2003 1308 ο

441 1360 671 1426 Ὀρθῶς.
735 1361 837 1415 Διά
865 1362 928 1414 τὸ
978 1362 1203 1427 ταυτὸν,
1242 1364 1400 1433 φησὶ,
1450 1365 1547 1435 τῆς
1575 1367 1764 1429 οὐσίας
1796 1366 2007 1437 "amb;

431 1454 528 1507 καὶ⁵
564 1454 695 1506 Υίοῦ
723 1455 933 1523 ἀμφοῖν
959 1457 1022 1508 rb
1054 1455 1281 1525 Πνεῦμά
1313 1458 1452 1520 ἐστι,
1488 1459 1584 1511 καὶ
1621 1460 1686 1513 ὲκ
1711 1460 1915 1531 Πατρὸς
1940 1461 2008 1514 δι’

433 1546 569 1603 Υίοῦ
598 1547 962 1618 ἐκπορεύεται
984 1564 998 1579 ⁸
1026 1548 1109 1603 ὅτι
1141 1549 1393 1619 βούλεται
1416 1550 1628 1620 ἕτερον,
1664 1553 1697 1623 ἢ
1725 1553 1808 1606 ὅτι
1833 1552 1923 1607 διὰ
1949 1554 2009 1607 τὸ

431 1639 635 1693 ταυτὸν
666 1639 766 1709 τῆς
818 1639 1014 1704 οὐσίας
1045 1641 1160 1711 Υίῷ
1208 1643 1344 1712 πρὸς
1381 1644 1603 1714 Πατέρα
1653 1646 1748 1707 καὶ
1794 1646 1883 1701 διὰ
1916 1646 2008 1699 τοῦ

437 1726 569 1780 Υίοῦ
601 1728 818 1797 πρόεισι
854 1729 915 1781 τὸ
949 1729 1202 1800 Πνεῦμα,
1235 1732 1331 1786 καὶ
1364 1732 1596 1804 Πνεῦμά
1641 1734 1793 1789 ἔστιν
1819 1736 2009 1800 αὑτοῦ,

432 1823 625 1892 ὥσπερ
646 1823 856 1877 καὶτοῦ
886 1825 1118 1896 Πατρός.
1154 1826 1326 1881 Τοῦτο
1358 1828 1413 1881 δὲ
1441 1832 1536 1887 καὶ
1558 1832 1812 1894 Λατίνοις
1840 1832 2008 1887 δοκεῖ.

435 1915 649 1977 Ἀλλως
674 1932 735 1968 τε
794 1916 854 1971 rb
890 1917 1185 1985 ὀμοούσιόν
1229 1936 1286 1975 τε
1341 1921 1439 1975 καὶ
1468 1922 1888 1993 ἀπαράλλακτον
1910 1926 2011 1996 τῆς

434 2009 626 2072 οὐσίας
666 2007 842 2072 οὕτως
871 2009 937 2064 ἂν
991 2011 1238 2082 δειχθείη
1275 2015 1517 2082 μάλιστα
1566 2015 1802 2070 ἐπὶτῶν
1850 2016 2011 2070 θείων

433 2107 749 2175 προσώπων
787 2106 1003 2175 Πατρός
1026 2125 1084 2160 τε
1110 2107 1246 2178 «pb;
1275 2108 1367 2161 τὸν
1392 2108 1520 2163 Υἰδν
1547 2112 1639 2162 καὶ
1668 2111 1724 2163 τὸ
1757 2111 2007 2180 Πνεῦμα,

434 2196 530 2249 καὶ
562 2196 696 2250 Υίοῦ
748 2198 887 2269 πρὸς
945 2199 1039 2251 τὸν
1077 2198 1301 2269 Πατέρα
1334 2205 1431 2254 καὶ
1488 2203 1550 2255 rb
1581 2202 1829 2271 Πνεῦμα,
1860 2205 1907 2257 εἰ
1935 2203 2013 2268 ὡς

432 2288 613 2345 αίτιον
663 2288 760 2347 καὶ
795 2291 1043 2344 αίτιατὸν
1086 2289 1271 2360 ἔχουσι
1308 2291 1448 2361 πρὸς
1504 2292 1800 2361 ἀλλήλους’
1905 2295 2012 2367 γὰρ

431 2377 679 2441 τοιαῦτα.
717 2381 1037 2446 κοινωνήσει
1086 2397 1145 2434 τι
1174 2381 1411 2451 μάλιστα
1463 2382 1736 2453 ἀλλήλοις,
1797 2385 2013 2449 οικείως

432 2473 626 2540 ἔχοντα
656 2474 793 2543 πρὸς
824 2473 1034 2543 ἄλληλα
1070 2475 1215 2528 κατὰ
1247 2473 1434 2543 φύσιν,
1458 2475 1547 2529 διὰ
1574 2478 1635 2529 τὸ
1668 2478 1801 2530 αὐτὸ
1825 2477 1882 2531 δὲ
1917 2479 2011 2531 ού-

433 2565 522 2616 δὲν
546 2560 708 2635 ἦττον
740 2565 1222 2635 διακριθήσονταιο
1279 2568 1373 2620 καὶ
1424 2566 1629 2635 μᾶλλον
1681 2568 1771 2622 διὰ
1821 2570 2012 2624 τούτου

432 2657 528 2709 τοῦ
594 2657 798 2726 τρόπου
851 2656 882 2726 ἢ
945 2656 1012 2710 δι’
1069 2657 1305 2727 ἑτέρου,
1364 2658 1459 2710 τοῦ
1522 2659 1695 2713 αὐτοῦ
1745 2662 1838 2717 καὶ
1895 2661 2014 2724 ἑνὸς

432 2749 725 2819 ἀμφότερα
780 2748 1083 2819 δυναμένου
1120 2750 1243 2803 καὶ
1296 2750 1523 2814 είκότως
1590 2752 2013 2821 παραλαμόανοο

439 2845 604 2912 μένου
672 2844 765 2897 ἐπὶ
805 2844 914 2897 τῶν
973 2843 1155 2899 θείων.
1205 2844 1420 2916 Ὠσπερ
1474 2848 1582 2917 γὰρ
1642 2847 1877 2911 ἰκτίνοις
1922 2849 2016 2901 καὶ

436 2944 501 3008 τῇ
538 2938 752 2992 ’ὲνὼσει
810 2942 843 3011 ἠ
899 2940 1195 3011 διάκρισις,
1249 2944 1345 2994 καὶ
1391 2944 1459 3012 τῇ
1508 2942 1782 3012 διακρίσει
1810 2945 1844 3013 ἡ
1884 2943 2017 2997 ἔνω-

440 3054 525 3097 σις
562 3036 1015 3105 συνεμφαίνεται,
1048 3035 1223 3100 οὕτως
1254 3036 1474 3106 ἀνάγκη
1503 3036 1596 3090 καὶ
1616 3035 1878 3107 τοιαύτην
1902 3038 2019 3091 ἐκεῖ

2047 1876 2086 1930 Β

2105 635 2162 686 ὲν
2195 635 2364 706 ἑαυτῇ
2401 636 2649 707 συνέχειν
2671 652 2683 666 ⁸
2706 639 2802 689 καὶ
2828 637 2992 690 πάλιν
3020 636 3281 706 τοιαύτην
3305 636 3597 707 διάκρισιν,
3618 638 3677 690 ὲν

2103 722 2137 800 ᾖ
2170 728 2754 799 συμπεριλαμϐάνεται
2781 728 2877 783 καὶ
2915 729 3165 797 ήὲνωσις
3192 745 3206 760 ³
3258 729 3399 786 ὥστε
3439 729 3505 782 ἄν
3535 746 3679 792 τινος

2106 821 2434 891 ἀκούσωμεν
2484 823 2736 891 λέγοντος
2776 823 2886 876 τῶν
2924 824 3117 889 ἁγίων,
3149 822 3239 876 διὰ
3262 825 3362 894 τήν
3392 823 3680 890 ὁμοουσιό-

2105 930 2243 982 τητα
2294 915 2544 984 εἰρῆσθαι
2595 916 2662 970 δι’
2698 916 2827 969 Υίοῦ
2858 916 2918 968 τὸ
2955 916 3177 986 Πνεῦμα
3224 916 3286 969 τὸ
3328 916 3486 984 ἅγιον
3514 918 3683 968 ὲκπου

2110 1003 2390 1072 ρεύεσθαι,
2424 1006 2545 1057 ἐπεὶ
2567 1006 2667 1074 τὴν
2692 1006 3093 1075 ὁμοουσιότητα
3132 1007 3339 1076 ταύτην
3373 1006 3406 1075 ἡ
3444 1004 3586 1059 κατὰ
3619 1006 3682 1057 τὸ

2107 1094 2283 1147 αῐτιον
2312 1092 2407 1146 καὶ
2446 1094 2692 1148 αἱτιατόν
2744 1095 2933 1165 σχέσις
2980 1095 3153 1165 δηλοῖ,
3193 1095 3431 1165 μάλιστα
3460 1095 3549 1149 διὰ
3578 1096 3681 1163 τὴν

2109 1186 2253 1239 κατὰ
2284 1186 2346 1238 τὸ
2377 1184 2551 1240 αἴτιον
2586 1188 2680 1240 καὶ
2710 1188 2955 1240 αἰτιατδν
3000 1186 3189 1257 σχέσιν
3235 1189 3551 1258 νομίσωμεν
3581 1188 3680 1240 αὖ-

2109 1276 2233 1335 τοὺς
2260 1277 2566 1346 εἰρηκέναι,
2598 1276 2688 1332 διὰ
2708 1277 2803 1331 τοῦ
2832 1278 2960 1332 Υίοῦ
2992 1279 3249 1349 λὲγεσθαι
3280 1280 3680 1350 ἐκπορεύεσθαι

2108 1366 2169 1419 τὸ
2224 1365 2449 1437 Πνεῦμα
2496 1369 2557 1421 τὺ
2590 1368 2765 1436 ἅγιον.
2799 1369 2923 1422 Ὅτι
2958 1369 3074 1440 δὲή
3128 1371 3352 1442 τοιαύτη
3407 1371 3590 1441 σχέσις
3623 1372 3685 1424 rb

2110 1456 2396 1525 ὁμοούσιον
2426 1459 2689 1529 παριστᾷ,
2725 1459 2862 1530 πρὸς
2893 1463 3002 1523 τοῖς
3036 1460 3357 1529 λεγομένοις
3402 1463 3496 1515 καὶ
3529 1464 3557 1516 ὁ
3587 1464 3686 1533 μέν

2110 1566 2213 1614 γας
2251 1551 2591 1619 μαρτυρήσει
2623 1550 2925 1617 Βασίλειος,
2955 1554 3014 1606 ἒν
3041 1556 3108 1623 τῇ
3154 1554 3293 1623 «pb;
3318 1554 3420 1617 τὰς
3455 1556 3687 1609 Κανονι·

2113 1640 2214 1704 κὰς
2237 1642 2495 1711 ἐπιστολῇ
2526 1644 2687 1696 ταυτὶ
2716 1642 2896 1711 λέγων
2918 1659 2934 1677 ’
2986 1644 3142 1699 Ἐπεὶ
3181 1645 3313 1713 γοῦν
3343 1647 3496 1699 ἐστιν
3522 1645 3690 1718 ἄναρ·

2112 1751 2206 1806 χον
2242 1734 2359 1803 φῶς
2389 1735 2416 1787 ὁ
2444 1735 2658 1806 Πατὴρ,
2691 1736 2953 1807 γεννητὸν
2995 1735 3053 1791 δὲ
3098 1737 3262 1806 φῶςδ
3294 1737 3447 1801 Υίὺς,
3495 1738 3609 1806 φῶς
3630 1739 3692 1794 δὲ

2114 1828 2207 1885 καὶ
2242 1827 2358 1894 φῶς
2394 1827 2679 1897 ἑκάτερος,
2719 1828 3014 1898 ὁμοούσιον
3063 1828 3229 1883 αὑτὸν
3259 1831 3468 1883 εἴποιεν
3511 1829 3578 1883 ἂν
3605 1829 3699 1882 δι-⁴

2114 1918 2306 1982 καίως,
2343 1919 2428 1972 ἵνα
2453 1918 2514 1972 τὺ
2540 1919 2639 1989 τῆς
2667 1918 2887 1986 φύσεως
2920 1920 3187 1990 ὁμότιμον
3236 1920 3694 1991 παραστήσωσιν.

2114 2007 2189 2061 Οὐ
2226 2009 2335 2078 γὰρ
2366 2006 2437 2063 τὰ
2456 2009 2663 2077 ἀδελφὰ
2692 2008 2945 2080 ἀλλήλοις
2978 2009 3247 2080 όμοούσια
3275 2010 3517 2080 λέγεται,
3552 2010 3695 2080 ὅπερ

2111 2101 2258 2164 τινὲς
2292 2101 2676 2172 ὑπειλήφασιν,
2707 2104 2975 2159 ἀλλ’ὄταν
3008 2104 3102 2157 καὶ
3131 2104 3191 2157 τὸ
3219 2105 3390 2158 αἰτιον
3424 2105 3517 2160 καὶ
3540 2104 3601 2157 τὸ
3628 2106 3694 2156 ἐκ

2112 2189 2208 2243 τοῦ
2239 2190 2412 2244 αἰτίου
2442 2192 2541 2263 τὴν
2576 2192 2813 2265 ὓπαρξιν
2845 2193 2968 2264 ἔχον
2994 2197 3093 2266 τῆς
3133 2194 3308 2264 αὐτῆς
3332 2196 3554 2266 ὑπάρχῃ
3586 2195 3695 2262 φύ-

2116 2298 2277 2349 σεως,
2307 2282 2572 2352 ὁμοούσια
2598 2285 2843 2353 λέγεται.
2878 2286 2990 2340 Kal
3015 2288 3074 2339 ὲν
3105 2284 3182 2356 τῷ
3221 2287 3365 2340 κατὰ
3398 2287 3692 2340 Σαϐελλίου

2115 2383 2210 2435 καὶ
2251 2378 2553 2451 ’Δρειανῶν
2597 2378 2743 2448 λόγῳ
2792 2378 2922 2447 περὶ
2955 2379 3170 2450 Πατρδς
3200 2379 3295 2433 καὶ
3336 2376 3467 2431 Υίοῦ
3492 2378 3695 2447 λέγων,

2116 2475 2191 2527 Οὐ
2224 2473 2329 2543 γὰρ
2363 2471 2594 2540 ἀδελιρᾶ,
2640 2472 2797 2542 φησὶ,
2849 2470 3105 2541 λέγομεν,
3159 2470 3297 2525 ἀλλὰ
3343 2469 3563 2539 Πατέρα
3593 2470 3691 2522 καὶ
3750 2534 3753 2535 ν

2118 2567 2247 2621 Υίδν
2272 2564 2643 2635 ὁμολογοῦμεν
2666 2577 2681 2593 ’
2713 2562 2776 2617 τὸ
2804 2563 2860 2616 δὲ
2885 2562 2985 2633 τῆς
3014 2562 3200 2626 οὐσίας
3243 2561 3466 2630 ταυτὸν,
3497 2560 3693 2630 ἐπειδὴ

2116 2660 2181 2713 ὲκ
2207 2656 2302 2711 τοῦ
2335 2657 2546 2726 Πατρδς
2576 2658 2604 2710 ὁ
2636 2655 2789 2719 Υίός.
2820 2654 2885 2709 El
2911 2650 3007 2711 οῦν
3026 2654 3118 2709 διὰ
3140 2654 3203 2709 τὸ
3233 2653 3521 2723 ὀμοούσιον
3540 2652 3692 2722 εἴρη-

2115 2768 2206 2803 ται
2232 2749 2322 2803 διὰ
2357 2749 2450 2803 τοῦ
2485 2748 2615 2802 Υίοῦ
2650 2748 2710 2802 τὸ
2732 2747 2958 2818 Πνεῦμα
2982 2764 2996 2778 ⁸
3031 2748 3094 2802 τὸ
3123 2748 3170 2802 δ’
3200 2746 3265 2800 ἐκ
3290 2763 3437 2809 τινος
3471 2744 3533 2799 ὃν
3564 2747 3694 2815 ὀμο-

2116 2839 2297 2895 ούσιον
2321 2835 2463 2894 εἶναι
2492 2841 2571 2910 τῷ
2590 2841 2649 2907 ἐξ
2676 2839 2736 2894 οὗ
2770 2841 2907 2905 ίστι,
2933 2840 3028 2893 καὶ
3056 2838 3136 2909 τῷ
3169 2838 3395 2909 μεγάλῳ
3424 2836 3693 2902 Βασιλείῳ

2117 2936 2287 2997 δοκεῖ,
2322 2935 2417 2988 καὶ
2441 2932 2657 3003 μάλισθ’
2692 2933 2823 2987 ὅταν
2850 2932 2952 3001 τῆς
2979 2930 3153 3001 αὐτῆς
3197 2930 3414 3000 φύσεως
3446 2921 3571 2990 diu,
3603 2925 3694 2978 διὰ

2118 3028 2180 3081 τδ
2206 3026 2378 3082 αἴτιον
2405 3024 2500 3079 καὶ
2517 3024 2763 3079 ιίτιατὸν
2786 3022 2854 3077 δι’
2876 3020 3003 3076 Υίοῦ
3025 3020 3420 3092 ἐκπορεύεσθαι
3442 3020 3687 3091 εἴρηται..

440 3221 729 3288 utriusque
775 3224 832 3271 et
863 3214 1024 3271 simul
1073 3213 1398 3276 amborum.
1432 3221 1689 3283 tanquam
1729 3227 1897 3267 unum
1945 3226 2012 3266 ex
2041 3210 2083 3268 (ἶ
2118 3221 2265 3270 ctum
2342 3208 2549 3275 fuisse,
2605 3220 2706 3277 per
2762 3203 2964 3261 Filium
3038 3200 3304 3273 Spiritum
3356 3199 3698 3272 procedere;

440 3312 597 3365 Patre
625 3324 722 3379 per
749 3306 947 3362 Filium
975 3317 1198 3375 propter
1234 3304 1578 3360 identitatem
1611 3305 1862 3359 essentia:
1886 3304 1909 3357 ?
1934 3303 2013 3359 Ad

440 3416 562 3469 quae
612 3398 910 3469 respondet
960 3395 1255 3451 Hermias:
1322 3395 1398 3449 Ita
1456 3394 1594 3449 mihi
1652 3394 1892 3449 videtur.
1950 3393 2019 3447 At

440 3495 635 3548 ductor
665 3491 733 3546 ad
762 3505 889 3545 eum
914 3504 928 3540 :
949 3489 1118 3543 Recte
1147 3487 1391 3558 quidem.
1416 3487 1645 3551 Propter
1672 3486 2016 3541 idcntitatem

440 3585 716 3650 essentia,
750 3582 952 3652 inquit,
984 3580 1164 3635 Patris
1190 3588 1243 3634 et
1299 3578 1444 3641 Filii,
1479 3587 1536 3632 et
1567 3578 1855 3631 amborum
1896 3576 2020 3645 Spi-

445 3679 584 3733 ritus
621 3685 725 3740 est,
773 3684 829 3729 et
861 3689 930 3728 ex
970 3673 1129 3728 Patre
1171 3670 1420 3741 procedit
1461 3684 1556 3739 per
1591 3667 1812 3721 Filium.
1864 3666 2021 3734 Quod

443 3768 574 3838 quid
601 3768 752 3822 aliud
771 3764 908 3827 vult,
944 3763 1051 3818 nisi
1093 3760 1239 3832 quod
1284 3770 1506 3831 propter
1560 3758 1901 3813 identitatem
1929 3773 2020 3813 es-

446 3862 634 3917 sentia)
679 3859 805 3915 Filii
841 3866 899 3914 et
948 3855 1146 3921 Patris,
1178 3862 1234 3908 et
1269 3868 1366 3923 per
1389 3852 1589 3907 Filium
1622 3850 1863 3920 Spiritus
1897 3864 2023 3917 pro-

443 3956 615 4018 cedit,
635 3962 692 4008 et
720 3952 842 4021 ejus
862 3949 1100 4019 Spiritus
1120 3958 1223 4009 est.
1249 3944 1710 4016 quemadmodum
1732 3950 1789 3997 et
1811 3941 2025 3997 Patris?

450 4051 563 4104 lloc
594 4055 774 4101 autem
808 4042 987 4097 Latini
1016 4040 1182 4095 etiam
1216 4035 1834 4092 couceduut.Pr:nterea
1865 4032 2021 4087 iden-

450 4146 577 4196 titas
606 4139 856 4194 essentia:
884 4134 1059 4190 Patris
1108 4146 1233 4187 cum
1278 4129 1419 4184 Filio
1443 4139 1500 4183 et
1534 4127 1741 4197 Spiritu
1764 4166 1778 4188 .
1804 4142 1868 4181 ac
1900 4123 2025 4180 Filii

446 4251 572 4291 cum
601 4235 761 4290 Patre
790 4240 846 4287 et
868 4230 1096 4301 Spiritu,
1129 4238 1242 4281 tum
1274 4226 1547 4296 pra-cipue
1590 4224 1872 4293 probatur,
1902 4239 2027 4277 cum

447 4332 515 4385 ad
544 4330 776 4384 invicem
808 4334 868 4381 ut
898 4322 1257 4394 principium,
1300 4329 1357 4375 et
1392 4320 1445 4373 id
1474 4319 1618 4388 quod
1649 4333 1679 4371 a
1732 4316 2026 4387 principio,

447 4442 508 4479 se
564 4422 820 4476 habeant.
867 4418 929 4473 In
980 4424 1247 4486 quantum
1282 4413 1430 4468 enim
1478 4414 1635 4475 tales,
1686 4418 1740 4463 et
1791 4410 2028 4463 maxime

2118 3312 2341 3377 propter
2368 3300 2642 3372 principii,
2672 3308 2725 3354 et
2756 3299 2877 3369 ejus
2904 3297 3049 3367 quod
3078 3312 3108 3350 a
3142 3295 3436 3365 principio,
3465 3293 3693 3351 relatio-

2118 3413 2242 3453 nem
2268 3410 2366 3451 eos
2405 3393 2607 3448 dixisse
2648 3400 2925 3461 putemus,
2968 3404 3067 3460 per
3105 3387 3302 3443 Filium
3353 3385 3461 3441 dici
3502 3399 3697 3455 proce-

2120 3490 2250 3546 dere
2279 3486 2545 3558 Spiritum
2572 3491 2841 3550 sanctum,
2878 3493 2937 3537 et
2967 3481 3039 3536 ob
3079 3481 3287 3535 nullam
3327 3478 3489 3533 aliam
3524 3476 3696 3531 ratio-

2121 3596 2269 3645 nem,
2303 3594 2427 3634 cum
2477 3578 2634 3630 istam
2672 3560 3299 3629 cousubstantialitatem
3350 3567 3696 3637 potissimum

2122 3668 2399 3740 principii,
2435 3676 2491 3722 et
2522 3667 2642 3736 ejus
2682 3664 2828 3735 quod
2862 3679 2891 3717 a
2920 3661 3215 3731 principio,
3252 3658 3445 3714 relatio
3477 3658 3695 3727 probet.

2121 3760 2293 3831 Cujus
2324 3775 2431 3814 una
2458 3772 2583 3813 cum
2616 3756 2741 3812 aliis
2766 3770 2997 3825 magnus
3029 3767 3253 3823 quoque
3280 3749 3513 3804 Basilius
3545 3749 3715 3804 testis

2122 3863 2227 3920 est,
2278 3853 2333 3906 in
2394 3851 2629 3921 cpistola
2677 3848 2747 3904 ad
2795 3846 3092 3902 canonicas
3146 3843 3260 3897 haec
3307 3840 3700 3896 dicens:Cum

2124 3947 2271 4004 enim
2298 3943 2463 4000 Pater
2489 3944 2673 3998 lumen
2707 3942 2824 3996 sine
2860 3938 3132 4009 principio
3158 3945 3262 4002 est,
3298 3934 3468 3989 Filius
3485 3949 3704 4004 quoque

2127 4042 2335 4103 lumen,
2376 4037 2471 4094 sed
2528 4044 2739 4099 natum,
2779 4034 2963 4088 lumen
3000 4040 3179 4085 tamen
3211 4037 3465 4097 uterque,
3506 4024 3707 4081 merito

2128 4128 2658 4189 consubstantialem
2688 4141 2814 4179 eum
2850 4124 3055 4190 dicent,
3109 4131 3169 4176 ut
3197 4130 3409 4176 natura:
3444 4118 3702 4175 identitao

2128 4232 2239 4280 tem
2300 4220 2628 4293 signiﬁcent.
2690 4217 2812 4273 Non
2870 4214 3037 4282 enim,
3071 4229 3192 4285 quae
3236 4227 3493 4283 germana
3554 4220 3701 4273 sunt,

2129 4313 2616 4373 consubstantialia
2652 4311 2950 4374 dicuntur,
3009 4317 3067 4362 ut
3097 4304 3323 4376 quidam
3360 4312 3574 4373 putant,
3611 4304 3705 4356 sed

2129 4424 2256 4464 cum
2283 4422 2467 4472 causa,
2504 4414 2559 4460 et
2597 4402 2743 4474 quod
2792 4418 2821 4456 a
2864 4414 3029 4455 causa
3064 4398 3480 4455 subsistentiam
3523 4395 3705 4459 habet,

450 4516 687 4571 invicem
728 4510 1221 4569 communicarent,
1259 4512 1315 4559 et
1372 4505 1609 4560 maxime
1664 4501 1729 4554 ad
1789 4501 2025 4554 invicem
2063 4551 2105 4571 κ
2132 4499 2379 4571 ejusdem
2416 4504 2622 4551 natura:
2654 4496 2798 4561 sint,
2834 4503 2964 4547 tunc
2996 4489 3486 4547 consubstantialia
3513 4488 3707 4543 dicun-

448 4608 940 4677 distinguerentur.
968 4599 1075 4667 Qui
1133 4596 1331 4653 modus
1396 4610 1521 4651 cum
1578 4593 1806 4663 intelligi
1864 4578 2029 4647 simul
2063 4577 2108 4608 ν
2134 4600 2244 4645 tur.
2286 4590 2501 4643 Rursus
2540 4585 2686 4639 idem
2720 4585 2772 4637 in
2804 4597 3058 4638 sermone
3108 4588 3297 4634 contra
3324 4577 3624 4633 Sabellium
3657 4587 3713 4629 et

450 4670 651 4772 possit:
682 4696 881 4752 merito
911 4692 966 4747 in
991 4689 1193 4746 divinis
1214 4688 1473 4744 omnibus
1504 4686 1626 4740 aliis
1647 4682 2024 4753 distinguendi
2134 4682 2390 4745 Arianos,
2428 4679 2496 4733 de
2534 4677 2695 4731 Patre
2743 4675 2936 4729 dicens
2958 4682 3015 4728 et
3050 4673 3230 4729 Filio:
3271 4672 3390 4726 Non
3417 4670 3566 4725 enim
3594 4684 3711 4731 eos,

450 4794 536 4848 vel
584 4788 810 4845 uuiendi
868 4784 1046 4841 modis
1118 4782 1480 4854 praeponitur.
1551 4775 2026 4854 Quemadmodum

450 4885 599 4943 enim
634 4883 691 4937 in
714 4882 824 4936 illis
864 4878 1027 4933 rebus
1057 4875 1262 4931 divinis
1308 4883 1365 4928 ct
1402 4887 1509 4927 una
1538 4886 1663 4945 cum
1702 4851 1913 4925 unitate
1945 4868 2033 4922 di-

451 4976 697 5039 stinctio,
734 4984 789 5027 et
820 4987 942 5027 eum
969 4968 1323 5024 distinctione
1352 4978 1564 5019 summa
1591 4962 1771 5015 unitas
1798 4970 1883 5015 est
1911 4975 1925 5011 :
1955 4958 2033 5013 ita

453 5081 679 5125 necesse
709 5075 794 5121 est
832 5078 933 5119 nos
961 5060 1126 5117 etiam
1178 5059 1340 5114 talem
1385 5055 1604 5112 unionis
1638 5055 1864 5109 modum
1916 5051 2030 5107 illic

454 5160 782 5231 intelligere,
803 5157 896 5228 qui
925 5171 1033 5211 non
1064 5154 1245 5207 minus
1275 5151 1439 5205 etiam
1458 5149 1869 5204 distinctionem
1898 5159 2031 5200 con-

457 5255 649 5318 tineat,
685 5259 743 5305 et
778 5250 942 5304 talem
1004 5243 1433 5305 distinctionem,
1480 5254 1601 5313 qua;
1648 5238 1910 5293 unionem
1974 5234 2031 5289 in

455 5361 517 5399 se
547 5344 781 5399 habeat:
813 5340 937 5397 talis
970 5353 1101 5393 vero
1127 5337 1241 5392 sola
1291 5332 1569 5405 principii,
1611 5338 1669 5386 et
1716 5331 1835 5400 ejus
1885 5327 2032 5398 quod

458 5454 487 5491 a
523 5433 814 5504 principio,
851 5431 1045 5486 relatio
1085 5439 1187 5485 est.
1237 5428 1417 5493 Quare
1454 5427 1497 5480 si
1553 5440 1691 5493 quos
1742 5422 2037 5476 audiamus

458 5529 718 5584 doctores
746 5525 991 5581 dicentes
1030 5530 1248 5594 propter
1286 5516 1909 5576 consubstantialitatcm
1955 5513 2037 5567 (ίί-

2135 4774 2334 4841 inquit,
2368 4784 2657 4837 germanos
2705 4767 2966 4833 dicimus,
3025 4764 3120 4819 scd
3155 4764 3369 4818 Patrem
3393 4761 3717 4832 proﬁtemur

2135 4874 2192 4919 et
2218 4862 2415 4917 Filium
2444 4878 2457 4913 :
2491 4857 2754 4913 identitas
2783 4867 2965 4911 autem
2992 4852 3247 4910 essentne
3276 4853 3329 4907 in
3355 4851 3436 4907 eis
3457 4859 3563 4919 est,
3590 4852 3718 4920 quia

2141 4954 2313 5010 Filius
2346 4968 2413 5007 ex
2442 4951 2620 5006 Patre.
2641 4950 2697 5004 Si
2731 4948 2900 5017 igitur
2931 4956 3155 5017 propter
3181 4944 3721 4999 consubstantialita-

2141 5057 2248 5102 tcm
2274 5045 2458 5099 dictus
2489 5049 2576 5097 est
2618 5056 2715 5111 per
2750 5040 2946 5094 Filiqu
2991 5038 3252 5108 Spiritus,
3304 5052 3470 5093 causa
3503 5051 3634 5089 vero
3665 5043 3723 5088 ct

2141 5147 2448 5205 causatum,
2482 5153 2608 5190 cum
2646 5133 2892 5205 ejusdem
2935 5145 3146 5186 natura:
3176 5131 3306 5197 sint,
3350 5129 3717 5184 consubstan-

2144 5232 2291 5287 tialia
2316 5240 2462 5296 sunt,
2485 5236 2546 5282 ut
2568 5227 2646 5280 ait
2676 5226 2907 5280 Basilius
2926 5267 2940 5291 ,
2979 5223 3267 5277 manifeste
3301 5230 3468 5291 patet,
3492 5230 3719 5289 propter

2146 5322 2462 5378 relationem
2494 5333 2674 5373 causa:
2709 5326 2765 5371 et
2803 5315 3033 5379 causali,
3073 5314 3191 5368 sive
3219 5312 3474 5383 principii
3516 5320 3573 5365 et
3600 5312 3719 5380 ejus

2144 5413 2286 5483 quod
2320 5427 2349 5465 a
2386 5409 2659 5480 principio
2697 5391 2800 5475 est,
2839 5424 2937 5478 per
2977 5407 3175 5461 Filium
3209 5404 3505 5476 procedere
3545 5401 3723 5471 Spirio

2150 5520 2261 5562 tum
2303 5506 2510 5560 dietum
2533 5502 2722 5557 fuisse.

2075 5731 2145 5742 ..υ-ξ
