  <div class='ocr_page' id='page_1' title='image "/cluster/home/n/w/nwhite01/storage/ocr_20150623/161/coo.31924054870666/386.png"; bbox 0 0 4136 6398; ppageno 0'>
   <div class='ocr_carea' id='block_1_1' title="bbox 489 365 2776 448">
    <p class='ocr_par' dir='ltr' id='par_1_1' title="bbox 489 365 2776 448">
     <span class='ocr_line' id='line_1_1' title="bbox 489 365 2776 448; baseline 0.009 -22"><span class='ocrx_word' id='word_1_1' title='bbox 489 365 594 428; x_wconf 71' lang='grc' dir='ltr'><strong>ἷ-93</strong></span> <span class='ocrx_word' id='word_1_2' title='bbox 1071 419 1074 422; x_wconf 49' lang='lat'><strong>.</strong></span> <span class='ocrx_word' id='word_1_3' title='bbox 1442 383 1732 445; x_wconf 73' lang='lat' dir='ltr'><strong>ORATIO</strong></span> <span class='ocrx_word' id='word_1_4' title='bbox 1771 387 2219 448; x_wconf 79' lang='lat' dir='ltr'><strong>DOGMATICA</strong></span> <span class='ocrx_word' id='word_1_5' title='bbox 2262 389 2412 447; x_wconf 81' lang='lat' dir='ltr'><strong>PllO</strong></span> <span class='ocrx_word' id='word_1_6' title='bbox 2460 385 2776 448; x_wconf 80' lang='lat' dir='ltr'><strong>UNIONE.</strong></span> 
     </span>
    </p>
   </div>
   <div class='ocr_carea' id='block_1_2' title="bbox 3624 395 3731 460">
    <p class='ocr_par' dir='ltr' id='par_1_2' title="bbox 3624 395 3731 460">
     <span class='ocr_line' id='line_1_2' title="bbox 3624 395 3731 460; baseline 0.056 -7"><span class='ocrx_word' id='word_1_7' title='bbox 3624 395 3731 460; x_wconf 65' lang='lat'><strong>594</strong></span> 
     </span>
    </p>
   </div>
   <div class='ocr_carea' id='block_1_3' title="bbox 480 488 3735 579">
    <p class='ocr_par' dir='ltr' id='par_1_3' title="bbox 480 488 3735 579">
     <span class='ocr_line' id='line_1_3' title="bbox 480 488 3735 579; baseline 0.007 -39"><span class='ocrx_word' id='word_1_8' title='bbox 480 488 744 556; x_wconf 70' lang='grc' dir='ltr'><strong>ἐξήγησιν</strong></span> <span class='ocrx_word' id='word_1_9' title='bbox 761 490 1177 563; x_wconf 79' lang='grc' dir='ltr'>ἀντεστήσαμεν</span> <span class='ocrx_word' id='word_1_10' title='bbox 1206 496 1432 569; x_wconf 81' lang='grc' dir='ltr'><strong>ταύτην,</strong></span> <span class='ocrx_word' id='word_1_11' title='bbox 1459 503 1647 570; x_wconf 81' lang='grc' dir='ltr'><strong>σαφῶς</strong></span> <span class='ocrx_word' id='word_1_12' title='bbox 1693 504 2050 573; x_wconf 78' lang='grc' dir='ltr'>παριστῶσαν</span> <span class='ocrx_word' id='word_1_13' title='bbox 2075 505 2124 562; x_wconf 81' lang='grc' dir='ltr'>Α</span> <span class='ocrx_word' id='word_1_14' title='bbox 2154 504 2266 573; x_wconf 78' lang='grc' dir='ltr'><strong>ἔχει</strong></span> <span class='ocrx_word' id='word_1_15' title='bbox 2298 506 2435 573; x_wconf 70' lang='grc' dir='ltr'>μετὰ</span> <span class='ocrx_word' id='word_1_16' title='bbox 2496 504 2590 558; x_wconf 80' lang='grc' dir='ltr'><strong>τοῦ</strong></span> <span class='ocrx_word' id='word_1_17' title='bbox 2653 503 2887 572; x_wconf 83' lang='grc' dir='ltr'>Πατρός.</span> <span class='ocrx_word' id='word_1_18' title='bbox 2946 503 3057 558; x_wconf 79' lang='grc' dir='ltr'><strong>Καὶ</strong></span> <span class='ocrx_word' id='word_1_19' title='bbox 3102 503 3380 574; x_wconf 78' lang='grc' dir='ltr'><strong>ἀνωτέρω,</strong></span> <span class='ocrx_word' id='word_1_20' title='bbox 3410 504 3517 559; x_wconf 74' lang='grc' dir='ltr'><strong>Τοῦ</strong></span> <span class='ocrx_word' id='word_1_21' title='bbox 3578 509 3735 579; x_wconf 71' lang='lat' dir='ltr'><strong>Tia-3,</strong></span> 
     </span>
    </p>
   </div>
   <div class='ocr_carea' id='block_1_4' title="bbox 479 579 2054 663">
    <p class='ocr_par' dir='ltr' id='par_1_4' title="bbox 479 579 2054 663">
     <span class='ocr_line' id='line_1_4' title="bbox 479 579 2054 663; baseline 0.01 -31"><span class='ocrx_word' id='word_1_22' title='bbox 479 579 578 650; x_wconf 78' lang='grc' dir='ltr'><strong>τὴν</strong></span> <span class='ocrx_word' id='word_1_23' title='bbox 603 581 700 636; x_wconf 84' lang='grc' dir='ltr'><strong>τοῦ</strong></span> <span class='ocrx_word' id='word_1_24' title='bbox 721 581 1048 638; x_wconf 84' lang='grc' dir='ltr'><strong>διδασκάλου</strong></span> <span class='ocrx_word' id='word_1_25' title='bbox 1099 587 1383 644; x_wconf 58' lang='grc' dir='ltr'>διάνοιαν</span> <span class='ocrx_word' id='word_1_26' title='bbox 1416 595 1644 663; x_wconf 82' lang='grc' dir='ltr'><strong>προσέτι</strong></span> <span class='ocrx_word' id='word_1_27' title='bbox 1692 595 1749 649; x_wconf 83' lang='grc' dir='ltr'><strong>δὲ</strong></span> <span class='ocrx_word' id='word_1_28' title='bbox 1799 597 1893 648; x_wconf 74' lang='grc' dir='ltr'><strong>καὶ</strong></span> <span class='ocrx_word' id='word_1_29' title='bbox 1943 597 2054 649; x_wconf 80' lang='grc' dir='ltr'><strong>ἀπὸ</strong></span> 
     </span>
    </p>
   </div>
   <div class='ocr_carea' id='block_1_5' title="bbox 477 674 2050 754">
    <p class='ocr_par' dir='ltr' id='par_1_5' title="bbox 477 674 2050 754">
     <span class='ocr_line' id='line_1_5' title="bbox 477 674 2050 754; baseline 0.011 -29"><span class='ocrx_word' id='word_1_30' title='bbox 477 674 577 741; x_wconf 84' lang='grc' dir='ltr'><strong>τῆς</strong></span> <span class='ocrx_word' id='word_1_31' title='bbox 598 674 896 744; x_wconf 76' lang='grc' dir='ltr'><strong>ἀπολογίας</strong></span> <span class='ocrx_word' id='word_1_32' title='bbox 917 678 1016 748; x_wconf 82' lang='grc' dir='ltr'><strong>τῆς</strong></span> <span class='ocrx_word' id='word_1_33' title='bbox 1052 680 1191 750; x_wconf 78' lang='grc' dir='ltr'>πρὸς</span> <span class='ocrx_word' id='word_1_34' title='bbox 1230 683 1582 754; x_wconf 83' lang='grc' dir='ltr'>Θεοδὼρητον</span> <span class='ocrx_word' id='word_1_35' title='bbox 1612 687 1673 740; x_wconf 81' lang='grc' dir='ltr'><strong>τὸ</strong></span> <span class='ocrx_word' id='word_1_36' title='bbox 1705 688 1838 741; x_wconf 79' lang='grc' dir='ltr'>αὐτὸ</span> <span class='ocrx_word' id='word_1_37' title='bbox 1868 688 2050 750; x_wconf 82' lang='grc' dir='ltr'><strong>τοῦτο,</strong></span> 
     </span>
    </p>
   </div>
   <div class='ocr_carea' id='block_1_6' title="bbox 474 766 2054 849">
    <p class='ocr_par' dir='ltr' id='par_1_6' title="bbox 474 766 2054 849">
     <span class='ocr_line' id='line_1_6' title="bbox 474 766 2054 849; baseline 0.01 -31"><span class='ocrx_word' id='word_1_38' title='bbox 474 766 532 819; x_wconf 81' lang='grc' dir='ltr'><strong>ετ</strong></span> <span class='ocrx_word' id='word_1_39' title='bbox 555 784 640 840; x_wconf 68' lang='grc' dir='ltr'>τις</span> <span class='ocrx_word' id='word_1_40' title='bbox 655 769 1019 840; x_wconf 84' lang='grc' dir='ltr'>εὐγνωμόνως</span> <span class='ocrx_word' id='word_1_41' title='bbox 1049 773 1367 840; x_wconf 82' lang='grc' dir='ltr'><strong>ἀκούσεται,</strong></span> <span class='ocrx_word' id='word_1_42' title='bbox 1389 777 1563 844; x_wconf 77' lang='grc' dir='ltr'>δεῖξαι</span> <span class='ocrx_word' id='word_1_43' title='bbox 1594 779 1895 849; x_wconf 76' lang='grc' dir='ltr'>δυνάμεθα.</span> <span class='ocrx_word' id='word_1_44' title='bbox 1934 781 2054 833; x_wconf 86' lang='grc' dir='ltr'><strong>Ἐκ·-</strong></span> 
     </span>
    </p>
   </div>
   <div class='ocr_carea' id='block_1_7' title="bbox 478 858 2050 936">
    <p class='ocr_par' dir='ltr' id='par_1_7' title="bbox 478 858 2050 936">
     <span class='ocr_line' id='line_1_7' title="bbox 478 858 2050 936; baseline 0.01 -26"><span class='ocrx_word' id='word_1_45' title='bbox 478 858 770 928; x_wconf 84' lang='grc' dir='ltr'>πορεύεται</span> <span class='ocrx_word' id='word_1_46' title='bbox 804 863 905 931; x_wconf 82' lang='grc' dir='ltr'><strong>μὲν</strong></span> <span class='ocrx_word' id='word_1_47' title='bbox 928 863 1056 931; x_wconf 78' lang='grc' dir='ltr'>γὰρ,</span> <span class='ocrx_word' id='word_1_48' title='bbox 1107 867 1292 936; x_wconf 73' lang='grc' dir='ltr'>φησὶν,</span> <span class='ocrx_word' id='word_1_49' title='bbox 1320 867 1394 932; x_wconf 84' lang='grc' dir='ltr'><strong>ὡς</strong></span> <span class='ocrx_word' id='word_1_50' title='bbox 1425 871 1489 922; x_wconf 84' lang='grc' dir='ltr'><strong>ὲκ</strong></span> <span class='ocrx_word' id='word_1_51' title='bbox 1522 869 1616 923; x_wconf 79' lang='grc' dir='ltr'><strong>τοῦ</strong></span> <span class='ocrx_word' id='word_1_52' title='bbox 1647 870 1783 923; x_wconf 82' lang='grc' dir='ltr'><strong>Θεοῦ</strong></span> <span class='ocrx_word' id='word_1_53' title='bbox 1811 870 1908 923; x_wconf 75' lang='grc' dir='ltr'><strong>καὶ</strong></span> <span class='ocrx_word' id='word_1_54' title='bbox 1935 872 2050 924; x_wconf 82' lang='grc' dir='ltr'>Πα-</span> 
     </span>
    </p>
   </div>
   <div class='ocr_carea' id='block_1_8' title="bbox 476 955 2052 1032">
    <p class='ocr_par' dir='ltr' id='par_1_8' title="bbox 476 955 2052 1032">
     <span class='ocr_line' id='line_1_8' title="bbox 476 955 2052 1032; baseline 0.006 -27"><span class='ocrx_word' id='word_1_55' title='bbox 476 955 607 1022; x_wconf 72' lang='grc' dir='ltr'>τρδς</span> <span class='ocrx_word' id='word_1_56' title='bbox 639 955 699 1007; x_wconf 76' lang='grc' dir='ltr'><strong>τὸ</strong></span> <span class='ocrx_word' id='word_1_57' title='bbox 732 955 960 1026; x_wconf 75' lang='grc' dir='ltr'>Πνεῦμα</span> <span class='ocrx_word' id='word_1_58' title='bbox 990 958 1050 1011; x_wconf 73' lang='grc' dir='ltr'><strong>τὸ</strong></span> <span class='ocrx_word' id='word_1_59' title='bbox 1082 957 1236 1025; x_wconf 74' lang='grc' dir='ltr'>ἅγιον</span> <span class='ocrx_word' id='word_1_60' title='bbox 1291 960 1433 1014; x_wconf 83' lang='grc' dir='ltr'>κατά</span> <span class='ocrx_word' id='word_1_61' title='bbox 1493 961 1592 1031; x_wconf 77' lang='grc' dir='ltr'><strong>τὴν</strong></span> <span class='ocrx_word' id='word_1_62' title='bbox 1649 962 1742 1015; x_wconf 80' lang='grc' dir='ltr'><strong>τοῦ</strong></span> <span class='ocrx_word' id='word_1_63' title='bbox 1799 963 2052 1032; x_wconf 79' lang='grc' dir='ltr'><strong>Σωτῆρος</strong></span> 
     </span>
    </p>
   </div>
   <div class='ocr_carea' id='block_1_9' title="bbox 477 1046 2050 1126">
    <p class='ocr_par' dir='ltr' id='par_1_9' title="bbox 477 1046 2050 1126">
     <span class='ocr_line' id='line_1_9' title="bbox 477 1046 2050 1126; baseline 0.006 -28"><span class='ocrx_word' id='word_1_64' title='bbox 477 1046 683 1115; x_wconf 83' lang='grc' dir='ltr'>φωνὴν,</span> <span class='ocrx_word' id='word_1_65' title='bbox 709 1046 825 1100; x_wconf 78' lang='grc' dir='ltr'><strong>ἀλλ’</strong></span> <span class='ocrx_word' id='word_1_66' title='bbox 861 1047 962 1101; x_wconf 83' lang='grc' dir='ltr'><strong>οὐκ</strong></span> <span class='ocrx_word' id='word_1_67' title='bbox 993 1049 1276 1120; x_wconf 82' lang='grc' dir='ltr'>ἀλλότριόν</span> <span class='ocrx_word' id='word_1_68' title='bbox 1299 1053 1416 1105; x_wconf 76' lang='grc' dir='ltr'>ἐστι</span> <span class='ocrx_word' id='word_1_69' title='bbox 1437 1052 1531 1106; x_wconf 81' lang='grc' dir='ltr'>τοῦ</span> <span class='ocrx_word' id='word_1_70' title='bbox 1559 1053 1712 1116; x_wconf 81' lang='grc' dir='ltr'><strong>Υἱοῦ,</strong></span> <span class='ocrx_word' id='word_1_71' title='bbox 1746 1055 1923 1108; x_wconf 78' lang='grc' dir='ltr'>πάντα</span> <span class='ocrx_word' id='word_1_72' title='bbox 1945 1056 2050 1126; x_wconf 82' lang='grc' dir='ltr'>γὰρ</span> 
     </span>
    </p>
   </div>
   <div class='ocr_carea' id='block_1_10' title="bbox 475 1229 2044 1305">
    <p class='ocr_par' dir='ltr' id='par_1_10' title="bbox 475 1229 2044 1305">
     <span class='ocr_line' id='line_1_10' title="bbox 475 1229 2044 1305; baseline 0.003 -22"><span class='ocrx_word' id='word_1_73' title='bbox 475 1246 668 1297; x_wconf 79' lang='lat' dir='ltr'><strong>gnere.</strong></span> <span class='ocrx_word' id='word_1_74' title='bbox 699 1229 906 1286; x_wconf 86' lang='lat' dir='ltr'><strong>Deinde</strong></span> <span class='ocrx_word' id='word_1_75' title='bbox 926 1232 1060 1286; x_wconf 85' lang='lat' dir='ltr'><strong>satis</strong></span> <span class='ocrx_word' id='word_1_76' title='bbox 1085 1233 1197 1305; x_wconf 89' lang='lat' dir='ltr'><strong>jam</strong></span> <span class='ocrx_word' id='word_1_77' title='bbox 1225 1233 1293 1289; x_wconf 91' lang='lat' dir='ltr'><strong>de</strong></span> <span class='ocrx_word' id='word_1_78' title='bbox 1321 1235 1428 1290; x_wconf 88' lang='lat' dir='ltr'><strong>hoc</strong></span> <span class='ocrx_word' id='word_1_79' title='bbox 1458 1251 1556 1304; x_wconf 87' lang='lat' dir='ltr'><strong>per</strong></span> <span class='ocrx_word' id='word_1_80' title='bbox 1590 1251 1690 1290; x_wconf 91' lang='lat' dir='ltr'><strong>nos</strong></span> <span class='ocrx_word' id='word_1_81' title='bbox 1713 1233 1917 1289; x_wconf 92' lang='lat' dir='ltr'><strong>dictum</strong></span> <span class='ocrx_word' id='word_1_82' title='bbox 1941 1245 2044 1299; x_wconf 89' lang='lat' dir='ltr'><strong>est,</strong></span> 
     </span>
    </p>
   </div>
   <div class='ocr_carea' id='block_1_11' title="bbox 475 1323 2048 1395">
    <p class='ocr_par' dir='ltr' id='par_1_11' title="bbox 475 1323 2048 1395">
     <span class='ocr_line' id='line_1_11' title="bbox 475 1323 2048 1395; baseline 0.003 -20"><span class='ocrx_word' id='word_1_83' title='bbox 475 1323 697 1390; x_wconf 82' lang='lat' dir='ltr'><strong>quando</strong></span> <span class='ocrx_word' id='word_1_84' title='bbox 724 1324 826 1378; x_wconf 89' lang='lat' dir='ltr'><strong>etsi</strong></span> <span class='ocrx_word' id='word_1_85' title='bbox 859 1340 967 1378; x_wconf 92' lang='lat' dir='ltr'><strong>non</strong></span> <span class='ocrx_word' id='word_1_86' title='bbox 1009 1325 1061 1378; x_wconf 89' lang='lat' dir='ltr'><strong>in</strong></span> <span class='ocrx_word' id='word_1_87' title='bbox 1104 1335 1358 1395; x_wconf 90' lang='lat' dir='ltr'><strong>utroque,</strong></span> <span class='ocrx_word' id='word_1_88' title='bbox 1396 1327 1449 1381; x_wconf 90' lang='lat' dir='ltr'><strong>in</strong></span> <span class='ocrx_word' id='word_1_89' title='bbox 1485 1329 1658 1382; x_wconf 89' lang='lat' dir='ltr'><strong>altero</strong></span> <span class='ocrx_word' id='word_1_90' title='bbox 1709 1339 1886 1381; x_wconf 86' lang='lat' dir='ltr'><strong>tamen</strong></span> <span class='ocrx_word' id='word_1_91' title='bbox 1922 1343 2048 1382; x_wconf 90' lang='lat' dir='ltr'><strong>eum</strong></span> 
     </span>
    </p>
   </div>
   <div class='ocr_carea' id='block_1_12' title="bbox 475 1413 2046 1488">
    <p class='ocr_par' dir='ltr' id='par_1_12' title="bbox 475 1413 2046 1488">
     <span class='ocr_line' id='line_1_12' title="bbox 475 1413 2046 1488; baseline 0.005 -24"><span class='ocrx_word' id='word_1_92' title='bbox 475 1413 768 1466; x_wconf 89' lang='lat' dir='ltr'><strong>mentitum</strong></span> <span class='ocrx_word' id='word_1_93' title='bbox 820 1413 990 1468; x_wconf 80' lang='lat' dir='ltr'><strong>fuisse</strong></span> <span class='ocrx_word' id='word_1_94' title='bbox 1041 1416 1414 1484; x_wconf 75' lang='lat' dir='ltr'><strong>probavimus,</strong></span> <span class='ocrx_word' id='word_1_95' title='bbox 1459 1432 1582 1471; x_wconf 89' lang='lat' dir='ltr'><strong>cum</strong></span> <span class='ocrx_word' id='word_1_96' title='bbox 1638 1418 1754 1486; x_wconf 90' lang='lat' dir='ltr'><strong>ipse</strong></span> <span class='ocrx_word' id='word_1_97' title='bbox 1801 1417 2046 1488; x_wconf 84' lang='lat' dir='ltr'><strong>quidem,</strong></span> 
     </span>
    </p>
   </div>
   <div class='ocr_carea' id='block_1_13' title="bbox 474 1503 2045 1575">
    <p class='ocr_par' dir='ltr' id='par_1_13' title="bbox 474 1503 2045 1575">
     <span class='ocr_line' id='line_1_13' title="bbox 474 1503 2045 1575; baseline 0.004 -19"><span class='ocrx_word' id='word_1_98' title='bbox 474 1503 621 1572; x_wconf 87' lang='lat' dir='ltr'><strong>quod</strong></span> <span class='ocrx_word' id='word_1_99' title='bbox 685 1519 782 1572; x_wconf 90' lang='lat' dir='ltr'><strong>per</strong></span> <span class='ocrx_word' id='word_1_100' title='bbox 830 1504 1027 1559; x_wconf 82' lang='lat' dir='ltr'><strong>Filium</strong></span> <span class='ocrx_word' id='word_1_101' title='bbox 1077 1506 1317 1574; x_wconf 90' lang='lat' dir='ltr'><strong>Spiritus</strong></span> <span class='ocrx_word' id='word_1_102' title='bbox 1363 1507 1562 1562; x_wconf 87' lang='lat' dir='ltr'><strong>habeat</strong></span> <span class='ocrx_word' id='word_1_103' title='bbox 1606 1508 2045 1575; x_wconf 87' lang='lat' dir='ltr'><strong>snbsistentiam,</strong></span> 
     </span>
    </p>
   </div>
   <div class='ocr_carea' id='block_1_14' title="bbox 473 1601 2048 1670">
    <p class='ocr_par' dir='ltr' id='par_1_14' title="bbox 473 1601 2048 1670">
     <span class='ocr_line' id='line_1_14' title="bbox 473 1601 2048 1670; baseline 0.004 -22"><span class='ocrx_word' id='word_1_104' title='bbox 473 1603 732 1667; x_wconf 85' lang='lat' dir='ltr'><strong>negaret;</strong></span> <span class='ocrx_word' id='word_1_105' title='bbox 783 1612 884 1652; x_wconf 90' lang='lat' dir='ltr'><strong>nos</strong></span> <span class='ocrx_word' id='word_1_106' title='bbox 935 1607 1118 1653; x_wconf 89' lang='lat' dir='ltr'><strong>autem</strong></span> <span class='ocrx_word' id='word_1_107' title='bbox 1171 1601 1502 1655; x_wconf 76' lang='lat' dir='ltr'><strong>testimoniis</strong></span> <span class='ocrx_word' id='word_1_108' title='bbox 1532 1601 1820 1656; x_wconf 91' lang='lat' dir='ltr'><strong>doctorum</strong></span> <span class='ocrx_word' id='word_1_109' title='bbox 1854 1601 2048 1670; x_wconf 91' lang='lat' dir='ltr'><strong>proba-</strong></span> 
     </span>
    </p>
   </div>
   <div class='ocr_carea' id='block_1_15' title="bbox 471 1689 2049 1757">
    <p class='ocr_par' dir='ltr' id='par_1_15' title="bbox 471 1689 2049 1757">
     <span class='ocr_line' id='line_1_15' title="bbox 471 1689 2049 1757; baseline 0.003 -15"><span class='ocrx_word' id='word_1_110' title='bbox 471 1689 718 1742; x_wconf 88' lang='lat' dir='ltr'><strong>verimus</strong></span> <span class='ocrx_word' id='word_1_111' title='bbox 744 1704 934 1743; x_wconf 90' lang='lat' dir='ltr'><strong>verum</strong></span> <span class='ocrx_word' id='word_1_112' title='bbox 967 1705 1108 1757; x_wconf 87' lang='lat' dir='ltr'><strong>esse,</strong></span> <span class='ocrx_word' id='word_1_113' title='bbox 1136 1690 1207 1745; x_wconf 89' lang='lat' dir='ltr'><strong>ita</strong></span> <span class='ocrx_word' id='word_1_114' title='bbox 1242 1699 1303 1746; x_wconf 92' lang='lat' dir='ltr'><strong>ut</strong></span> <span class='ocrx_word' id='word_1_115' title='bbox 1343 1708 1450 1748; x_wconf 91' lang='lat' dir='ltr'><strong>non</strong></span> <span class='ocrx_word' id='word_1_116' title='bbox 1484 1693 1782 1749; x_wconf 84' lang='lat' dir='ltr'><strong>debeamus</strong></span> <span class='ocrx_word' id='word_1_117' title='bbox 1828 1694 2049 1748; x_wconf 88' lang='lat' dir='ltr'><strong>silentio</strong></span> 
     </span>
    </p>
   </div>
   <div class='ocr_carea' id='block_1_16' title="bbox 471 1779 2048 1853">
    <p class='ocr_par' dir='ltr' id='par_1_16' title="bbox 471 1779 2048 1853">
     <span class='ocr_line' id='line_1_16' title="bbox 471 1779 2048 1853; baseline 0.003 -21"><span class='ocrx_word' id='word_1_118' title='bbox 471 1779 612 1832; x_wconf 85' lang='lat' dir='ltr'><strong>sacri</strong></span> <span class='ocrx_word' id='word_1_119' title='bbox 635 1779 854 1833; x_wconf 88' lang='lat' dir='ltr'><strong>concilii</strong></span> <span class='ocrx_word' id='word_1_120' title='bbox 899 1779 1020 1844; x_wconf 91' lang='lat' dir='ltr'><strong>niti,</strong></span> <span class='ocrx_word' id='word_1_121' title='bbox 1075 1789 1130 1833; x_wconf 90' lang='lat' dir='ltr'><strong>et</strong></span> <span class='ocrx_word' id='word_1_122' title='bbox 1170 1780 1296 1836; x_wconf 92' lang='lat' dir='ltr'><strong>inde</strong></span> <span class='ocrx_word' id='word_1_123' title='bbox 1329 1798 1582 1852; x_wconf 82' lang='lat' dir='ltr'><strong>arguere,</strong></span> <span class='ocrx_word' id='word_1_124' title='bbox 1612 1783 1758 1853; x_wconf 88' lang='lat' dir='ltr'><strong>quod</strong></span> <span class='ocrx_word' id='word_1_125' title='bbox 1791 1783 2048 1839; x_wconf 89' lang='lat' dir='ltr'><strong>Theodo-</strong></span> 
     </span>
    </p>
   </div>
   <div class='ocr_carea' id='block_1_17' title="bbox 2163 595 3738 669">
    <p class='ocr_par' dir='ltr' id='par_1_17' title="bbox 2163 595 3738 669">
     <span class='ocr_line' id='line_1_17' title="bbox 2163 595 3738 669; baseline 0.006 -22"><span class='ocrx_word' id='word_1_126' title='bbox 2163 598 2317 666; x_wconf 74' lang='grc' dir='ltr'><strong>φησὶ,</strong></span> <span class='ocrx_word' id='word_1_127' title='bbox 2348 597 2571 664; x_wconf 79' lang='grc' dir='ltr'><strong>Πνεῦμα</strong></span> <span class='ocrx_word' id='word_1_128' title='bbox 2599 599 2660 649; x_wconf 81' lang='grc' dir='ltr'><strong>τὸ</strong></span> <span class='ocrx_word' id='word_1_129' title='bbox 2683 597 2932 666; x_wconf 71' lang='grc' dir='ltr'>Πνεῦμα,</span> <span class='ocrx_word' id='word_1_130' title='bbox 2972 597 3067 650; x_wconf 75' lang='grc' dir='ltr'><strong>καὶ</strong></span> <span class='ocrx_word' id='word_1_131' title='bbox 3101 595 3235 652; x_wconf 76' lang='grc' dir='ltr'>ἴδιον</span> <span class='ocrx_word' id='word_1_132' title='bbox 3257 597 3448 665; x_wconf 75' lang='grc' dir='ltr'>αὐτοῦ,</span> <span class='ocrx_word' id='word_1_133' title='bbox 3482 617 3738 669; x_wconf 82' lang='grc' dir='ltr'>μονονου-</span> 
     </span>
    </p>
   </div>
   <div class='ocr_carea' id='block_1_18' title="bbox 2160 689 3736 763">
    <p class='ocr_par' dir='ltr' id='par_1_18' title="bbox 2160 689 3736 763">
     <span class='ocr_line' id='line_1_18' title="bbox 2160 689 3736 763; baseline 0.004 -23"><span class='ocrx_word' id='word_1_134' title='bbox 2160 689 2216 759; x_wconf 66' lang='lat' dir='ltr'><strong>xi.</strong></span> <span class='ocrx_word' id='word_1_135' title='bbox 2245 690 2402 743; x_wconf 70' lang='grc' dir='ltr'>τοῦτο</span> <span class='ocrx_word' id='word_1_136' title='bbox 2422 690 2618 758; x_wconf 64' lang='grc' dir='ltr'><strong>λέγων,</strong></span> <span class='ocrx_word' id='word_1_137' title='bbox 2646 691 2721 752; x_wconf 79' lang='grc' dir='ltr'><strong>ὡς</strong></span> <span class='ocrx_word' id='word_1_138' title='bbox 2754 692 2802 742; x_wconf 76' lang='grc' dir='ltr'><strong>εἰ</strong></span> <span class='ocrx_word' id='word_1_139' title='bbox 2835 691 2927 745; x_wconf 72' lang='grc' dir='ltr'><strong>καὶ</strong></span> <span class='ocrx_word' id='word_1_140' title='bbox 2957 691 3020 743; x_wconf 78' lang='grc' dir='ltr'><strong>ὲκ</strong></span> <span class='ocrx_word' id='word_1_141' title='bbox 3047 689 3140 744; x_wconf 78' lang='grc' dir='ltr'>τοῦ</span> <span class='ocrx_word' id='word_1_142' title='bbox 3183 689 3395 759; x_wconf 81' lang='grc' dir='ltr'>Πατρδς</span> <span class='ocrx_word' id='word_1_143' title='bbox 3435 691 3736 763; x_wconf 72' lang='grc' dir='ltr'><strong>ἐκπορεύε-</strong></span> 
     </span>
    </p>
   </div>
   <div class='ocr_carea' id='block_1_19' title="bbox 2161 769 3733 854">
    <p class='ocr_par' dir='ltr' id='par_1_19' title="bbox 2161 769 3733 854">
     <span class='ocr_line' id='line_1_19' title="bbox 2161 769 3733 854; baseline 0.001 -21"><span class='ocrx_word' id='word_1_144' title='bbox 2161 781 2288 834; x_wconf 78' lang='grc' dir='ltr'>σθαι</span> <span class='ocrx_word' id='word_1_145' title='bbox 2332 782 2463 835; x_wconf 79' lang='grc' dir='ltr'>αὐτὸ</span> <span class='ocrx_word' id='word_1_146' title='bbox 2492 784 2519 836; x_wconf 89' lang='grc' dir='ltr'><strong>ὁ</strong></span> <span class='ocrx_word' id='word_1_147' title='bbox 2551 783 2814 852; x_wconf 85' lang='grc' dir='ltr'>σωτήριός</span> <span class='ocrx_word' id='word_1_148' title='bbox 2837 799 2971 851; x_wconf 72' lang='grc' dir='ltr'>φησι</span> <span class='ocrx_word' id='word_1_149' title='bbox 2998 769 3176 850; x_wconf 78' lang='grc' dir='ltr'>λόγος,</span> <span class='ocrx_word' id='word_1_150' title='bbox 3209 781 3325 835; x_wconf 80' lang='grc' dir='ltr'><strong>ἀλλ’</strong></span> <span class='ocrx_word' id='word_1_151' title='bbox 3360 780 3513 835; x_wconf 70' lang='grc' dir='ltr'>οὐδὲν</span> <span class='ocrx_word' id='word_1_152' title='bbox 3564 777 3733 854; x_wconf 82' lang='grc' dir='ltr'>ἧττόν</span> 
     </span>
    </p>
   </div>
   <div class='ocr_carea' id='block_1_20' title="bbox 2159 874 3735 944">
    <p class='ocr_par' dir='ltr' id='par_1_20' title="bbox 2159 874 3735 944">
     <span class='ocr_line' id='line_1_20' title="bbox 2159 874 3735 944; baseline 0.003 -20"><span class='ocrx_word' id='word_1_153' title='bbox 2159 875 2400 927; x_wconf 75' lang='grc' dir='ltr'>ἐστικαὶ</span> <span class='ocrx_word' id='word_1_154' title='bbox 2429 875 2521 928; x_wconf 83' lang='grc' dir='ltr'>τοῦ</span> <span class='ocrx_word' id='word_1_155' title='bbox 2545 874 2701 938; x_wconf 81' lang='grc' dir='ltr'><strong>Υἱοῦ,</strong></span> <span class='ocrx_word' id='word_1_156' title='bbox 2736 875 2810 938; x_wconf 84' lang='grc' dir='ltr'>ὡς</span> <span class='ocrx_word' id='word_1_157' title='bbox 2832 874 3036 944; x_wconf 74' lang='grc' dir='ltr'><strong>δηλαδὴ</strong></span> <span class='ocrx_word' id='word_1_158' title='bbox 3065 875 3500 944; x_wconf 76' lang='grc' dir='ltr'><strong>ἐκπορευόμενον</strong></span> <span class='ocrx_word' id='word_1_159' title='bbox 3530 874 3589 940; x_wconf 76' lang='grc' dir='ltr'><strong>ἐξ</strong></span> <span class='ocrx_word' id='word_1_160' title='bbox 3635 875 3735 928; x_wconf 82' lang='grc' dir='ltr'><strong>αὖ·</strong></span> 
     </span>
    </p>
   </div>
   <div class='ocr_carea' id='block_1_21' title="bbox 2157 962 3730 1036">
    <p class='ocr_par' dir='ltr' id='par_1_21' title="bbox 2157 962 3730 1036">
     <span class='ocr_line' id='line_1_21' title="bbox 2157 962 3730 1036; baseline 0.002 -21"><span class='ocrx_word' id='word_1_161' title='bbox 2157 962 2251 1015; x_wconf 80' lang='grc' dir='ltr'><strong>τοῦ</strong></span> <span class='ocrx_word' id='word_1_162' title='bbox 2291 981 2305 996; x_wconf 92' lang='grc'><strong>·</strong></span> <span class='ocrx_word' id='word_1_163' title='bbox 2336 966 2485 1035; x_wconf 72' lang='grc' dir='ltr'><strong>καὶὴ</strong></span> <span class='ocrx_word' id='word_1_164' title='bbox 2521 966 2689 1029; x_wconf 77' lang='grc' dir='ltr'>αἰτία,</span> <span class='ocrx_word' id='word_1_165' title='bbox 2722 966 2807 1018; x_wconf 83' lang='grc' dir='ltr'><strong>ὅτι</strong></span> <span class='ocrx_word' id='word_1_166' title='bbox 2839 968 3018 1019; x_wconf 69' lang='lat' dir='ltr'><strong>nium</strong></span> <span class='ocrx_word' id='word_1_167' title='bbox 3049 965 3163 1035; x_wconf 76' lang='grc' dir='ltr'><strong>ἔχει</strong></span> <span class='ocrx_word' id='word_1_168' title='bbox 3191 965 3330 1032; x_wconf 80' lang='grc' dir='ltr'>μετὰ</span> <span class='ocrx_word' id='word_1_169' title='bbox 3351 966 3446 1018; x_wconf 81' lang='grc' dir='ltr'><strong>τοῦ</strong></span> <span class='ocrx_word' id='word_1_170' title='bbox 3478 965 3689 1036; x_wconf 80' lang='grc' dir='ltr'>Πατρός</span> <span class='ocrx_word' id='word_1_171' title='bbox 3712 980 3730 995; x_wconf 84' lang='grc'><strong>⁹</strong></span> 
     </span>
    </p>
   </div>
   <div class='ocr_carea' id='block_1_22' title="bbox 2157 1045 3729 1127">
    <p class='ocr_par' dir='ltr' id='par_1_22' title="bbox 2157 1045 3729 1127">
     <span class='ocr_line' id='line_1_22' title="bbox 2157 1045 3729 1127; baseline 0.002 -19"><span class='ocrx_word' id='word_1_172' title='bbox 2157 1055 2247 1108; x_wconf 79' lang='grc' dir='ltr'><strong>διὰ</strong></span> <span class='ocrx_word' id='word_1_173' title='bbox 2274 1057 2433 1108; x_wconf 80' lang='grc' dir='ltr'>τοῦτο</span> <span class='ocrx_word' id='word_1_174' title='bbox 2456 1058 2586 1126; x_wconf 80' lang='grc' dir='ltr'>γὰρ,</span> <span class='ocrx_word' id='word_1_175' title='bbox 2617 1045 2772 1127; x_wconf 67' lang='grc' dir='ltr'>φησὶ,</span> <span class='ocrx_word' id='word_1_176' title='bbox 2801 1057 2894 1109; x_wconf 76' lang='grc' dir='ltr'><strong>καὶ</strong></span> <span class='ocrx_word' id='word_1_177' title='bbox 2943 1057 3026 1122; x_wconf 70' lang='grc' dir='ltr'><strong>τὸ,</strong></span> <span class='ocrx_word' id='word_1_178' title='bbox 3095 1058 3199 1122; x_wconf 79' lang='grc' dir='ltr'><strong>Ἐξ</strong></span> <span class='ocrx_word' id='word_1_179' title='bbox 3254 1057 3401 1127; x_wconf 74' lang='grc' dir='ltr'><strong>ἐμοῦ</strong></span> <span class='ocrx_word' id='word_1_180' title='bbox 3442 1059 3729 1127; x_wconf 70' lang='grc' dir='ltr'><strong>λήψεται,</strong></span> 
     </span>
    </p>
   </div>
   <div class='ocr_carea' id='block_1_23' title="bbox 2157 1238 3732 1310">
    <p class='ocr_par' dir='ltr' id='par_1_23' title="bbox 2157 1238 3732 1310">
     <span class='ocr_line' id='line_1_23' title="bbox 2157 1238 3732 1310; baseline 0.003 -21"><span class='ocrx_word' id='word_1_181' title='bbox 2157 1238 2304 1308; x_wconf 83' lang='lat' dir='ltr'><strong>quod</strong></span> <span class='ocrx_word' id='word_1_182' title='bbox 2330 1239 2433 1293; x_wconf 92' lang='lat' dir='ltr'><strong>hoc</strong></span> <span class='ocrx_word' id='word_1_183' title='bbox 2481 1243 2548 1294; x_wconf 92' lang='lat' dir='ltr'><strong>de</strong></span> <span class='ocrx_word' id='word_1_184' title='bbox 2590 1239 2797 1310; x_wconf 89' lang='lat' dir='ltr'><strong>Spiritu</strong></span> <span class='ocrx_word' id='word_1_185' title='bbox 2855 1240 3071 1295; x_wconf 79' lang='lat' dir='ltr'><strong>dixerat</strong></span> <span class='ocrx_word' id='word_1_186' title='bbox 3117 1241 3398 1296; x_wconf 81' lang='lat' dir='ltr'><strong>Dominus.</strong></span> <span class='ocrx_word' id='word_1_187' title='bbox 3445 1242 3732 1296; x_wconf 82' lang='lat' dir='ltr'><strong>Postremo</strong></span> 
     </span>
    </p>
   </div>
   <div class='ocr_carea' id='block_1_24' title="bbox 2159 1330 3727 1400">
    <p class='ocr_par' dir='ltr' id='par_1_24' title="bbox 2159 1330 3727 1400">
     <span class='ocr_line' id='line_1_24' title="bbox 2159 1330 3727 1400; baseline 0.001 -17"><span class='ocrx_word' id='word_1_188' title='bbox 2159 1330 2302 1383; x_wconf 92' lang='lat' dir='ltr'><strong>idem</strong></span> <span class='ocrx_word' id='word_1_189' title='bbox 2339 1330 2533 1399; x_wconf 89' lang='lat' dir='ltr'><strong>prohat</strong></span> <span class='ocrx_word' id='word_1_190' title='bbox 2560 1346 2657 1399; x_wconf 88' lang='lat' dir='ltr'><strong>per</strong></span> <span class='ocrx_word' id='word_1_191' title='bbox 2703 1331 2848 1384; x_wconf 81' lang='lat' dir='ltr'><strong>illam</strong></span> <span class='ocrx_word' id='word_1_192' title='bbox 2898 1333 3305 1396; x_wconf 72' lang='lat' dir='ltr'><strong>auctoritatem,</strong></span> <span class='ocrx_word' id='word_1_193' title='bbox 3341 1333 3487 1400; x_wconf 89' lang='lat' dir='ltr'><strong>quod</strong></span> <span class='ocrx_word' id='word_1_194' title='bbox 3519 1349 3584 1387; x_wconf 85' lang='lat' dir='ltr'><strong>ex</strong></span> <span class='ocrx_word' id='word_1_195' title='bbox 3639 1352 3727 1395; x_wconf 81' lang='lat' dir='ltr'><strong>eo,</strong></span> 
     </span>
    </p>
   </div>
   <div class='ocr_carea' id='block_1_25' title="bbox 2157 1420 3733 1491">
    <p class='ocr_par' dir='ltr' id='par_1_25' title="bbox 2157 1420 3733 1491">
     <span class='ocr_line' id='line_1_25' title="bbox 2157 1420 3733 1491; baseline 0.003 -17"><span class='ocrx_word' id='word_1_196' title='bbox 2157 1421 2209 1474; x_wconf 90' lang='lat' dir='ltr'><strong>id</strong></span> <span class='ocrx_word' id='word_1_197' title='bbox 2243 1430 2348 1485; x_wconf 88' lang='lat' dir='ltr'><strong>est,</strong></span> <span class='ocrx_word' id='word_1_198' title='bbox 2378 1420 2515 1474; x_wconf 83' lang='lat' dir='ltr'><strong>Filio</strong></span> <span class='ocrx_word' id='word_1_199' title='bbox 2547 1420 2777 1489; x_wconf 80' lang='lat' dir='ltr'><strong>accipiat</strong></span> <span class='ocrx_word' id='word_1_200' title='bbox 2803 1421 3062 1491; x_wconf 83' lang='lat' dir='ltr'><strong>Spiritus.</strong></span> <span class='ocrx_word' id='word_1_201' title='bbox 3101 1423 3216 1475; x_wconf 82' lang='lat' dir='ltr'><strong>[loc</strong></span> <span class='ocrx_word' id='word_1_202' title='bbox 3245 1422 3391 1477; x_wconf 91' lang='lat' dir='ltr'><strong>enim</strong></span> <span class='ocrx_word' id='word_1_203' title='bbox 3423 1433 3478 1476; x_wconf 89' lang='lat' dir='ltr'><strong>et</strong></span> <span class='ocrx_word' id='word_1_204' title='bbox 3510 1435 3733 1478; x_wconf 84' lang='lat' dir='ltr'><strong>sanctus</strong></span> 
     </span>
    </p>
   </div>
   <div class='ocr_carea' id='block_1_26' title="bbox 2156 1512 3730 1584">
    <p class='ocr_par' dir='ltr' id='par_1_26' title="bbox 2156 1512 3730 1584">
     <span class='ocr_line' id='line_1_26' title="bbox 2156 1512 3730 1584; baseline 0.001 -18"><span class='ocrx_word' id='word_1_205' title='bbox 2156 1512 2494 1582; x_wconf 83' lang='lat' dir='ltr'><strong>Epiphanius</strong></span> <span class='ocrx_word' id='word_1_206' title='bbox 2519 1512 2780 1582; x_wconf 83' lang='lat' dir='ltr'><strong>(utpaulo</strong></span> <span class='ocrx_word' id='word_1_207' title='bbox 2812 1523 2932 1583; x_wconf 90' lang='lat' dir='ltr'><strong>post</strong></span> <span class='ocrx_word' id='word_1_208' title='bbox 2959 1515 3310 1582; x_wconf 91' lang='lat' dir='ltr'><strong>ostenditur),</strong></span> <span class='ocrx_word' id='word_1_209' title='bbox 3343 1529 3446 1584; x_wconf 91' lang='lat' dir='ltr'><strong>pro</strong></span> <span class='ocrx_word' id='word_1_210' title='bbox 3481 1529 3549 1568; x_wconf 88' lang='lat' dir='ltr'><strong>eo</strong></span> <span class='ocrx_word' id='word_1_211' title='bbox 3580 1516 3730 1581; x_wconf 86' lang='lat' dir='ltr'><strong>quod</strong></span> 
     </span>
    </p>
   </div>
   <div class='ocr_carea' id='block_1_27' title="bbox 2155 1603 3734 1674">
    <p class='ocr_par' dir='ltr' id='par_1_27' title="bbox 2155 1603 3734 1674">
     <span class='ocr_line' id='line_1_27' title="bbox 2155 1603 3734 1674; baseline 0 -17"><span class='ocrx_word' id='word_1_212' title='bbox 2155 1620 2222 1658; x_wconf 86' lang='lat' dir='ltr'><strong>ex</strong></span> <span class='ocrx_word' id='word_1_213' title='bbox 2259 1618 2326 1657; x_wconf 93' lang='lat' dir='ltr'><strong>co</strong></span> <span class='ocrx_word' id='word_1_214' title='bbox 2383 1606 2663 1673; x_wconf 84' lang='lat' dir='ltr'><strong>procedat,</strong></span> <span class='ocrx_word' id='word_1_215' title='bbox 2700 1605 2918 1674; x_wconf 90' lang='lat' dir='ltr'><strong>accipit.</strong></span> <span class='ocrx_word' id='word_1_216' title='bbox 2961 1605 3078 1673; x_wconf 85' lang='lat' dir='ltr'><strong>Ipse</strong></span> <span class='ocrx_word' id='word_1_217' title='bbox 3115 1620 3337 1673; x_wconf 88' lang='lat' dir='ltr'><strong>quoque</strong></span> <span class='ocrx_word' id='word_1_218' title='bbox 3392 1605 3580 1658; x_wconf 82' lang='lat' dir='ltr'><strong>beatus</strong></span> <span class='ocrx_word' id='word_1_219' title='bbox 3622 1603 3734 1673; x_wconf 78' lang='lat' dir='ltr'><strong>Cy-</strong></span> 
     </span>
    </p>
   </div>
   <div class='ocr_carea' id='block_1_28' title="bbox 2158 1695 3809 1765">
    <p class='ocr_par' dir='ltr' id='par_1_28' title="bbox 2158 1695 3809 1765">
     <span class='ocr_line' id='line_1_28' title="bbox 2158 1695 3809 1765; baseline 0.002 -18"><span class='ocrx_word' id='word_1_220' title='bbox 2158 1695 2315 1748; x_wconf 85' lang='lat' dir='ltr'><strong>rillns</strong></span> <span class='ocrx_word' id='word_1_221' title='bbox 2354 1695 2407 1748; x_wconf 94' lang='lat' dir='ltr'><strong>in</strong></span> <span class='ocrx_word' id='word_1_222' title='bbox 2439 1695 2780 1764; x_wconf 77' lang='lat' dir='ltr'><strong>expositione</strong></span> <span class='ocrx_word' id='word_1_223' title='bbox 2804 1712 2970 1765; x_wconf 82' lang='lat' dir='ltr'><strong>super</strong></span> <span class='ocrx_word' id='word_1_224' title='bbox 2997 1696 3290 1761; x_wconf 77' lang='lat' dir='ltr'><strong>Joannem,</strong></span> <span class='ocrx_word' id='word_1_225' title='bbox 3335 1697 3503 1765; x_wconf 87' lang='lat' dir='ltr'><strong>ipsam</strong></span> <span class='ocrx_word' id='word_1_226' title='bbox 3536 1706 3730 1750; x_wconf 85' lang='lat' dir='ltr'><strong>aucto-</strong></span> <span class='ocrx_word' id='word_1_227' title='bbox 3807 1702 3809 1704; x_wconf 78' lang='grc'><em>’</em></span> 
     </span>
    </p>
   </div>
   <div class='ocr_carea' id='block_1_29' title="bbox 2156 1785 3731 1856">
    <p class='ocr_par' dir='ltr' id='par_1_29' title="bbox 2156 1785 3731 1856">
     <span class='ocr_line' id='line_1_29' title="bbox 2156 1785 3731 1856; baseline 0 -18"><span class='ocrx_word' id='word_1_228' title='bbox 2156 1787 2365 1839; x_wconf 84' lang='lat' dir='ltr'><strong>ritatem</strong></span> <span class='ocrx_word' id='word_1_229' title='bbox 2400 1802 2713 1855; x_wconf 82' lang='lat' dir='ltr'><strong>exponens,</strong></span> <span class='ocrx_word' id='word_1_230' title='bbox 2749 1786 2828 1840; x_wconf 93' lang='lat' dir='ltr'><strong>sic</strong></span> <span class='ocrx_word' id='word_1_231' title='bbox 2874 1788 3052 1856; x_wconf 88' lang='lat' dir='ltr'><strong>inquit</strong></span> <span class='ocrx_word' id='word_1_232' title='bbox 3087 1803 3098 1838; x_wconf 90' lang='lat'><strong>:</strong></span> <span class='ocrx_word' id='word_1_233' title='bbox 3132 1785 3395 1856; x_wconf 78' lang='lat' dir='ltr'><strong>Accipere</strong></span> <span class='ocrx_word' id='word_1_234' title='bbox 3431 1787 3582 1840; x_wconf 89' lang='lat' dir='ltr'><strong>enim</strong></span> <span class='ocrx_word' id='word_1_235' title='bbox 3607 1785 3731 1853; x_wconf 86' lang='lat' dir='ltr'><strong>Spi-</strong></span> 
     </span>
    </p>
   </div>
   <div class='ocr_carea' id='block_1_30' title="bbox 473 1857 3728 1947">
    <p class='ocr_par' dir='ltr' id='par_1_30' title="bbox 473 1857 3728 1947">
     <span class='ocr_line' id='line_1_30' title="bbox 473 1857 3728 1947; baseline 0.002 -23"><span class='ocrx_word' id='word_1_236' title='bbox 473 1872 615 1926; x_wconf 90' lang='lat' dir='ltr'><strong>ritus</strong></span> <span class='ocrx_word' id='word_1_237' title='bbox 640 1871 951 1940; x_wconf 87' lang='lat' dir='ltr'><strong>scripsisset</strong></span> <span class='ocrx_word' id='word_1_238' title='bbox 1001 1872 1264 1942; x_wconf 90' lang='lat' dir='ltr'><strong>Spiritum</strong></span> <span class='ocrx_word' id='word_1_239' title='bbox 1309 1885 1580 1941; x_wconf 87' lang='lat' dir='ltr'><strong>sanctum,</strong></span> <span class='ocrx_word' id='word_1_240' title='bbox 1633 1893 1735 1931; x_wconf 89' lang='lat' dir='ltr'><strong>nec</strong></span> <span class='ocrx_word' id='word_1_241' title='bbox 1767 1892 1834 1931; x_wconf 83' lang='lat' dir='ltr'><strong>ex</strong></span> <span class='ocrx_word' id='word_1_242' title='bbox 1882 1877 2044 1942; x_wconf 86' lang='lat' dir='ltr'><strong>Filio,</strong></span> <span class='ocrx_word' id='word_1_243' title='bbox 2083 1857 2121 1914; x_wconf 73' lang='grc' dir='ltr'><strong>θ</strong></span> <span class='ocrx_word' id='word_1_244' title='bbox 2154 1877 2318 1930; x_wconf 90' lang='lat' dir='ltr'><strong>ritum</strong></span> <span class='ocrx_word' id='word_1_245' title='bbox 2372 1877 2605 1932; x_wconf 90' lang='lat' dir='ltr'><strong>dicimus</strong></span> <span class='ocrx_word' id='word_1_246' title='bbox 2660 1893 2727 1933; x_wconf 87' lang='lat' dir='ltr'><strong>ex</strong></span> <span class='ocrx_word' id='word_1_247' title='bbox 2773 1875 2936 1933; x_wconf 86' lang='lat' dir='ltr'><strong>Patre</strong></span> <span class='ocrx_word' id='word_1_248' title='bbox 2983 1889 3038 1933; x_wconf 91' lang='lat' dir='ltr'><strong>et</strong></span> <span class='ocrx_word' id='word_1_249' title='bbox 3072 1879 3214 1933; x_wconf 88' lang='lat' dir='ltr'><strong>Filio</strong></span> <span class='ocrx_word' id='word_1_250' title='bbox 3254 1894 3319 1933; x_wconf 89' lang='lat' dir='ltr'><strong>ea</strong></span> <span class='ocrx_word' id='word_1_251' title='bbox 3351 1893 3473 1947; x_wconf 68' lang='lat' dir='ltr'><strong>quae</strong></span> <span class='ocrx_word' id='word_1_252' title='bbox 3509 1877 3728 1931; x_wconf 88' lang='lat' dir='ltr'><strong>illorum</strong></span> 
     </span>
    </p>
   </div>
   <div class='ocr_carea' id='block_1_31' title="bbox 472 1963 2046 2034">
    <p class='ocr_par' dir='ltr' id='par_1_31' title="bbox 472 1963 2046 2034">
     <span class='ocr_line' id='line_1_31' title="bbox 472 1963 2046 2034; baseline 0.002 -17"><span class='ocrx_word' id='word_1_253' title='bbox 472 1979 578 2019; x_wconf 90' lang='lat' dir='ltr'><strong>nec</strong></span> <span class='ocrx_word' id='word_1_254' title='bbox 615 1978 714 2034; x_wconf 88' lang='lat' dir='ltr'><strong>per</strong></span> <span class='ocrx_word' id='word_1_255' title='bbox 735 1963 933 2019; x_wconf 89' lang='lat' dir='ltr'><strong>Filium</strong></span> <span class='ocrx_word' id='word_1_256' title='bbox 963 1965 1374 2021; x_wconf 89' lang='lat' dir='ltr'><strong>subsistentiam</strong></span> <span class='ocrx_word' id='word_1_257' title='bbox 1406 1967 1636 2030; x_wconf 87' lang='lat' dir='ltr'><strong>habere,</strong></span> <span class='ocrx_word' id='word_1_258' title='bbox 1660 1979 1716 2022; x_wconf 91' lang='lat' dir='ltr'><strong>et</strong></span> <span class='ocrx_word' id='word_1_259' title='bbox 1744 1968 2046 2023; x_wconf 88' lang='lat' dir='ltr'><strong>concilium</strong></span> 
     </span>
    </p>
   </div>
   <div class='ocr_carea' id='block_1_32' title="bbox 475 2055 2049 2126">
    <p class='ocr_par' dir='ltr' id='par_1_32' title="bbox 475 2055 2049 2126">
     <span class='ocr_line' id='line_1_32' title="bbox 475 2055 2049 2126; baseline 0.002 -17"><span class='ocrx_word' id='word_1_260' title='bbox 475 2056 562 2111; x_wconf 77' lang='lat' dir='ltr'><strong>his</strong></span> <span class='ocrx_word' id='word_1_261' title='bbox 611 2055 817 2111; x_wconf 90' lang='lat' dir='ltr'><strong>auditis</strong></span> <span class='ocrx_word' id='word_1_262' title='bbox 865 2058 1119 2123; x_wconf 86' lang='lat' dir='ltr'><strong>tacuerit,</strong></span> <span class='ocrx_word' id='word_1_263' title='bbox 1179 2072 1282 2113; x_wconf 89' lang='lat' dir='ltr'><strong>nec</strong></span> <span class='ocrx_word' id='word_1_264' title='bbox 1312 2072 1438 2112; x_wconf 91' lang='lat' dir='ltr'><strong>eum</strong></span> <span class='ocrx_word' id='word_1_265' title='bbox 1500 2057 1884 2126; x_wconf 78' lang='lat' dir='ltr'><strong>redarguerit:</strong></span> <span class='ocrx_word' id='word_1_266' title='bbox 1924 2057 2049 2112; x_wconf 89' lang='lat' dir='ltr'><strong>ideo</strong></span> 
     </span>
    </p>
   </div>
   <div class='ocr_carea' id='block_1_33' title="bbox 473 2149 2046 2220">
    <p class='ocr_par' dir='ltr' id='par_1_33' title="bbox 473 2149 2046 2220">
     <span class='ocr_line' id='line_1_33' title="bbox 473 2149 2046 2220; baseline -0.001 -15"><span class='ocrx_word' id='word_1_267' title='bbox 473 2150 663 2216; x_wconf 83' lang='lat' dir='ltr'><strong>tacuit,</strong></span> <span class='ocrx_word' id='word_1_268' title='bbox 699 2149 829 2220; x_wconf 86' lang='lat' dir='ltr'><strong>quia</strong></span> <span class='ocrx_word' id='word_1_269' title='bbox 861 2165 986 2204; x_wconf 88' lang='lat' dir='ltr'><strong>eum</strong></span> <span class='ocrx_word' id='word_1_270' title='bbox 1019 2165 1148 2205; x_wconf 86' lang='lat' dir='ltr'><strong>vera</strong></span> <span class='ocrx_word' id='word_1_271' title='bbox 1183 2151 1388 2206; x_wconf 83' lang='lat' dir='ltr'><strong>dixisse</strong></span> <span class='ocrx_word' id='word_1_272' title='bbox 1414 2151 1642 2206; x_wconf 88' lang='lat' dir='ltr'><strong>sciebat.</strong></span> <span class='ocrx_word' id='word_1_273' title='bbox 1673 2150 1813 2206; x_wconf 92' lang='lat' dir='ltr'><strong>Ecce</strong></span> <span class='ocrx_word' id='word_1_274' title='bbox 1844 2152 2046 2206; x_wconf 89' lang='lat' dir='ltr'><strong>etenim</strong></span> 
     </span>
    </p>
   </div>
   <div class='ocr_carea' id='block_1_34' title="bbox 471 2240 2047 2313">
    <p class='ocr_par' dir='ltr' id='par_1_34' title="bbox 471 2240 2047 2313">
     <span class='ocr_line' id='line_1_34' title="bbox 471 2240 2047 2313; baseline 0.003 -19"><span class='ocrx_word' id='word_1_275' title='bbox 471 2240 764 2311; x_wconf 88' lang='lat' dir='ltr'><strong>probatum</strong></span> <span class='ocrx_word' id='word_1_276' title='bbox 793 2241 1012 2311; x_wconf 89' lang='lat' dir='ltr'><strong>quidem</strong></span> <span class='ocrx_word' id='word_1_277' title='bbox 1030 2251 1130 2310; x_wconf 85' lang='lat' dir='ltr'><strong>est,</strong></span> <span class='ocrx_word' id='word_1_278' title='bbox 1150 2241 1417 2313; x_wconf 89' lang='lat' dir='ltr'><strong>Spiritum</strong></span> <span class='ocrx_word' id='word_1_279' title='bbox 1443 2253 1689 2297; x_wconf 89' lang='lat' dir='ltr'><strong>sanctum</strong></span> <span class='ocrx_word' id='word_1_280' title='bbox 1722 2259 1818 2312; x_wconf 90' lang='lat' dir='ltr'><strong>per</strong></span> <span class='ocrx_word' id='word_1_281' title='bbox 1848 2243 2047 2298; x_wconf 87' lang='lat' dir='ltr'><strong>Filium</strong></span> 
     </span>
    </p>
   </div>
   <div class='ocr_carea' id='block_1_35' title="bbox 473 2334 2050 2406">
    <p class='ocr_par' dir='ltr' id='par_1_35' title="bbox 473 2334 2050 2406">
     <span class='ocr_line' id='line_1_35' title="bbox 473 2334 2050 2406; baseline 0.001 -18"><span class='ocrx_word' id='word_1_282' title='bbox 473 2335 885 2389; x_wconf 87' lang='lat' dir='ltr'><strong>subsistentiam</strong></span> <span class='ocrx_word' id='word_1_283' title='bbox 917 2334 1160 2400; x_wconf 90' lang='lat' dir='ltr'><strong>habere;</strong></span> <span class='ocrx_word' id='word_1_284' title='bbox 1194 2334 1437 2406; x_wconf 88' lang='lat' dir='ltr'><strong>synodus</strong></span> <span class='ocrx_word' id='word_1_285' title='bbox 1468 2350 1597 2388; x_wconf 69' lang='lat' dir='ltr'><strong>vero</strong></span> <span class='ocrx_word' id='word_1_286' title='bbox 1627 2351 1730 2387; x_wconf 91' lang='lat' dir='ltr'><strong>non</strong></span> <span class='ocrx_word' id='word_1_287' title='bbox 1777 2335 1951 2388; x_wconf 91' lang='lat' dir='ltr'><strong>solum</strong></span> <span class='ocrx_word' id='word_1_288' title='bbox 1981 2334 2050 2389; x_wconf 92' lang='lat' dir='ltr'><strong>de</strong></span> 
     </span>
    </p>
   </div>
   <div class='ocr_carea' id='block_1_36' title="bbox 471 2425 2048 2495">
    <p class='ocr_par' dir='ltr' id='par_1_36' title="bbox 471 2425 2048 2495">
     <span class='ocr_line' id='line_1_36' title="bbox 471 2425 2048 2495; baseline -0.002 -14"><span class='ocrx_word' id='word_1_289' title='bbox 471 2429 666 2493; x_wconf 89' lang='lat' dir='ltr'><strong>altero,</strong></span> <span class='ocrx_word' id='word_1_290' title='bbox 705 2425 964 2482; x_wconf 73' lang='lat' dir='ltr'><strong>videlicet</strong></span> <span class='ocrx_word' id='word_1_291' title='bbox 991 2427 1137 2495; x_wconf 86' lang='lat' dir='ltr'><strong>quod</strong></span> <span class='ocrx_word' id='word_1_292' title='bbox 1192 2442 1299 2481; x_wconf 92' lang='lat' dir='ltr'><strong>non</strong></span> <span class='ocrx_word' id='word_1_293' title='bbox 1333 2443 1398 2480; x_wconf 86' lang='lat' dir='ltr'><strong>ex</strong></span> <span class='ocrx_word' id='word_1_294' title='bbox 1446 2426 1587 2480; x_wconf 71' lang='lat' dir='ltr'><strong>Filio</strong></span> <span class='ocrx_word' id='word_1_295' title='bbox 1631 2426 1828 2479; x_wconf 89' lang='lat' dir='ltr'><strong>habeat</strong></span> <span class='ocrx_word' id='word_1_296' title='bbox 1869 2425 2048 2480; x_wconf 85' lang='lat' dir='ltr'><strong>subsi-</strong></span> 
     </span>
    </p>
   </div>
   <div class='ocr_carea' id='block_1_37' title="bbox 472 2516 2045 2585">
    <p class='ocr_par' dir='ltr' id='par_1_37' title="bbox 472 2516 2045 2585">
     <span class='ocr_line' id='line_1_37' title="bbox 472 2516 2045 2585; baseline -0.004 -11"><span class='ocrx_word' id='word_1_297' title='bbox 472 2519 750 2584; x_wconf 88' lang='lat' dir='ltr'><strong>stentiam,</strong></span> <span class='ocrx_word' id='word_1_298' title='bbox 785 2519 974 2583; x_wconf 87' lang='lat' dir='ltr'><strong>tacuit,</strong></span> <span class='ocrx_word' id='word_1_299' title='bbox 1011 2516 1104 2572; x_wconf 91' lang='lat' dir='ltr'><strong>sed</strong></span> <span class='ocrx_word' id='word_1_300' title='bbox 1138 2517 1303 2571; x_wconf 87' lang='lat' dir='ltr'><strong>etiam</strong></span> <span class='ocrx_word' id='word_1_301' title='bbox 1331 2516 1398 2571; x_wconf 90' lang='lat' dir='ltr'><strong>de</strong></span> <span class='ocrx_word' id='word_1_302' title='bbox 1429 2518 1599 2571; x_wconf 87' lang='lat' dir='ltr'><strong>altera</strong></span> <span class='ocrx_word' id='word_1_303' title='bbox 1623 2525 1795 2585; x_wconf 87' lang='lat' dir='ltr'><strong>parte,</strong></span> <span class='ocrx_word' id='word_1_304' title='bbox 1820 2517 1920 2570; x_wconf 90' lang='lat' dir='ltr'><strong>hoc</strong></span> <span class='ocrx_word' id='word_1_305' title='bbox 1940 2527 2045 2582; x_wconf 91' lang='lat' dir='ltr'><strong>est,</strong></span> 
     </span>
    </p>
   </div>
   <div class='ocr_carea' id='block_1_38' title="bbox 470 2608 2047 2681">
    <p class='ocr_par' dir='ltr' id='par_1_38' title="bbox 470 2608 2047 2681">
     <span class='ocr_line' id='line_1_38' title="bbox 470 2608 2047 2681; baseline -0.003 -16"><span class='ocrx_word' id='word_1_306' title='bbox 470 2616 615 2681; x_wconf 92' lang='lat' dir='ltr'><strong>quod</strong></span> <span class='ocrx_word' id='word_1_307' title='bbox 649 2625 750 2665; x_wconf 89' lang='lat' dir='ltr'><strong>nec</strong></span> <span class='ocrx_word' id='word_1_308' title='bbox 790 2626 888 2680; x_wconf 89' lang='lat' dir='ltr'><strong>per</strong></span> <span class='ocrx_word' id='word_1_309' title='bbox 925 2609 1124 2664; x_wconf 88' lang='lat' dir='ltr'><strong>Filium</strong></span> <span class='ocrx_word' id='word_1_310' title='bbox 1153 2609 1434 2679; x_wconf 81' lang='lat' dir='ltr'><strong>procedat,</strong></span> <span class='ocrx_word' id='word_1_311' title='bbox 1466 2608 1613 2678; x_wconf 80' lang='lat' dir='ltr'><strong>quod</strong></span> <span class='ocrx_word' id='word_1_312' title='bbox 1660 2617 1840 2661; x_wconf 88' lang='lat' dir='ltr'><strong>tamen</strong></span> <span class='ocrx_word' id='word_1_313' title='bbox 1869 2609 2047 2678; x_wconf 85' lang='lat' dir='ltr'><strong>palam</strong></span> 
     </span>
    </p>
   </div>
   <div class='ocr_carea' id='block_1_39' title="bbox 474 2698 2052 2769">
    <p class='ocr_par' dir='ltr' id='par_1_39' title="bbox 474 2698 2052 2769">
     <span class='ocr_line' id='line_1_39' title="bbox 474 2698 2052 2769; baseline -0.001 -13"><span class='ocrx_word' id='word_1_314' title='bbox 474 2702 670 2756; x_wconf 75' lang='lat' dir='ltr'><strong>falsum</strong></span> <span class='ocrx_word' id='word_1_315' title='bbox 696 2710 801 2756; x_wconf 89' lang='lat' dir='ltr'><strong>est.</strong></span> <span class='ocrx_word' id='word_1_316' title='bbox 837 2699 1310 2767; x_wconf 82' lang='lat' dir='ltr'><strong>Quemadmodum</strong></span> <span class='ocrx_word' id='word_1_317' title='bbox 1345 2698 1491 2753; x_wconf 90' lang='lat' dir='ltr'><strong>enim</strong></span> <span class='ocrx_word' id='word_1_318' title='bbox 1530 2699 1636 2753; x_wconf 91' lang='lat' dir='ltr'><strong>hoc</strong></span> <span class='ocrx_word' id='word_1_319' title='bbox 1670 2699 1889 2753; x_wconf 93' lang='lat' dir='ltr'><strong>silentio</strong></span> <span class='ocrx_word' id='word_1_320' title='bbox 1915 2715 2052 2769; x_wconf 70' lang='lat' dir='ltr'><strong>prae-</strong></span> 
     </span>
    </p>
   </div>
   <div class='ocr_carea' id='block_1_40' title="bbox 473 2790 2044 2859">
    <p class='ocr_par' dir='ltr' id='par_1_40' title="bbox 473 2790 2044 2859">
     <span class='ocr_line' id='line_1_40' title="bbox 473 2790 2044 2859; baseline -0.003 -11"><span class='ocrx_word' id='word_1_321' title='bbox 473 2792 642 2858; x_wconf 87' lang='lat' dir='ltr'><strong>teriit,</strong></span> <span class='ocrx_word' id='word_1_322' title='bbox 686 2807 809 2845; x_wconf 88' lang='lat' dir='ltr'><strong>cum</strong></span> <span class='ocrx_word' id='word_1_323' title='bbox 843 2800 1024 2846; x_wconf 87' lang='lat' dir='ltr'><strong>tamen</strong></span> <span class='ocrx_word' id='word_1_324' title='bbox 1060 2790 1255 2844; x_wconf 80' lang='lat' dir='ltr'><strong>falsum</strong></span> <span class='ocrx_word' id='word_1_325' title='bbox 1303 2792 1394 2858; x_wconf 91' lang='lat' dir='ltr'><strong>sit,</strong></span> <span class='ocrx_word' id='word_1_326' title='bbox 1441 2791 1513 2844; x_wconf 91' lang='lat' dir='ltr'><strong>ita</strong></span> <span class='ocrx_word' id='word_1_327' title='bbox 1554 2791 1718 2846; x_wconf 88' lang='lat' dir='ltr'><strong>etiam</strong></span> <span class='ocrx_word' id='word_1_328' title='bbox 1751 2791 2044 2859; x_wconf 88' lang='lat' dir='ltr'><strong>reliquum,</strong></span> 
     </span>
    </p>
   </div>
   <div class='ocr_carea' id='block_1_41' title="bbox 472 2881 2067 2952">
    <p class='ocr_par' dir='ltr' id='par_1_41' title="bbox 472 2881 2067 2952">
     <span class='ocr_line' id='line_1_41' title="bbox 472 2881 2067 2952; baseline -0.001 -16"><span class='ocrx_word' id='word_1_329' title='bbox 472 2883 728 2938; x_wconf 80' lang='lat' dir='ltr'><strong>videlicet</strong></span> <span class='ocrx_word' id='word_1_330' title='bbox 765 2883 909 2952; x_wconf 91' lang='lat' dir='ltr'><strong>quod</strong></span> <span class='ocrx_word' id='word_1_331' title='bbox 953 2898 1053 2937; x_wconf 92' lang='lat' dir='ltr'><strong>nec</strong></span> <span class='ocrx_word' id='word_1_332' title='bbox 1076 2899 1142 2936; x_wconf 77' lang='lat' dir='ltr'><strong>ex</strong></span> <span class='ocrx_word' id='word_1_333' title='bbox 1192 2882 1332 2936; x_wconf 85' lang='lat' dir='ltr'><strong>Filio</strong></span> <span class='ocrx_word' id='word_1_334' title='bbox 1362 2882 1778 2937; x_wconf 88' lang='lat' dir='ltr'><strong>subsistentiam</strong></span> <span class='ocrx_word' id='word_1_335' title='bbox 1826 2881 2067 2946; x_wconf 87' lang='lat' dir='ltr'><strong>haheat,-</strong></span> 
     </span>
    </p>
   </div>
   <div class='ocr_carea' id='block_1_42' title="bbox 471 2975 2048 3045">
    <p class='ocr_par' dir='ltr' id='par_1_42' title="bbox 471 2975 2048 3045">
     <span class='ocr_line' id='line_1_42' title="bbox 471 2975 2048 3045; baseline 0 -14"><span class='ocrx_word' id='word_1_336' title='bbox 471 2993 595 3031; x_wconf 91' lang='lat' dir='ltr'><strong>cum</strong></span> <span class='ocrx_word' id='word_1_337' title='bbox 634 2976 811 3045; x_wconf 88' lang='lat' dir='ltr'><strong>ipsum</strong></span> <span class='ocrx_word' id='word_1_338' title='bbox 840 2990 1059 3044; x_wconf 87' lang='lat' dir='ltr'><strong>quoque</strong></span> <span class='ocrx_word' id='word_1_339' title='bbox 1087 2975 1284 3029; x_wconf 84' lang='lat' dir='ltr'><strong>falsum</strong></span> <span class='ocrx_word' id='word_1_340' title='bbox 1317 2976 1410 3029; x_wconf 91' lang='lat' dir='ltr'><strong>sit.</strong></span> <span class='ocrx_word' id='word_1_341' title='bbox 1439 2975 1561 3028; x_wconf 73' lang='lat' dir='ltr'><strong>llree</strong></span> <span class='ocrx_word' id='word_1_342' title='bbox 1593 2975 1758 3045; x_wconf 78' lang='lat' dir='ltr'><strong>igitur</strong></span> <span class='ocrx_word' id='word_1_343' title='bbox 1803 2977 1856 3029; x_wconf 91' lang='lat' dir='ltr'><strong>in</strong></span> <span class='ocrx_word' id='word_1_344' title='bbox 1882 2991 2048 3045; x_wconf 81' lang='lat' dir='ltr'><strong>supc-</strong></span> 
     </span>
    </p>
   </div>
   <div class='ocr_carea' id='block_1_43' title="bbox 474 3067 2050 3133">
    <p class='ocr_par' dir='ltr' id='par_1_43' title="bbox 474 3067 2050 3133">
     <span class='ocr_line' id='line_1_43' title="bbox 474 3067 2050 3133; baseline -0.001 -12"><span class='ocrx_word' id='word_1_345' title='bbox 474 3069 714 3122; x_wconf 87' lang='lat' dir='ltr'><strong>rioribus</strong></span> <span class='ocrx_word' id='word_1_346' title='bbox 769 3067 1044 3133; x_wconf 81' lang='lat' dir='ltr'><strong>diximus,</strong></span> <span class='ocrx_word' id='word_1_347' title='bbox 1090 3076 1142 3120; x_wconf 92' lang='lat' dir='ltr'><strong>et</strong></span> <span class='ocrx_word' id='word_1_348' title='bbox 1179 3083 1326 3121; x_wconf 88' lang='lat' dir='ltr'><strong>nunc</strong></span> <span class='ocrx_word' id='word_1_349' title='bbox 1377 3067 1524 3121; x_wconf 91' lang='lat' dir='ltr'><strong>illius</strong></span> <span class='ocrx_word' id='word_1_350' title='bbox 1555 3068 1684 3122; x_wconf 90' lang='lat' dir='ltr'><strong>noui</strong></span> <span class='ocrx_word' id='word_1_351' title='bbox 1729 3068 2050 3122; x_wconf 84' lang='lat' dir='ltr'><strong>anathema-</strong></span> 
     </span>
    </p>
   </div>
   <div class='ocr_carea' id='block_1_44' title="bbox 476 3156 2042 3226">
    <p class='ocr_par' dir='ltr' id='par_1_44' title="bbox 476 3156 2042 3226">
     <span class='ocr_line' id='line_1_44' title="bbox 476 3156 2042 3226; baseline 0 -13"><span class='ocrx_word' id='word_1_352' title='bbox 476 3159 645 3225; x_wconf 82' lang='lat' dir='ltr'><strong>tisnii,</strong></span> <span class='ocrx_word' id='word_1_353' title='bbox 673 3156 865 3212; x_wconf 83' lang='lat' dir='ltr'><strong>contra</strong></span> <span class='ocrx_word' id='word_1_354' title='bbox 892 3172 1054 3226; x_wconf 80' lang='lat' dir='ltr'><strong>quem</strong></span> <span class='ocrx_word' id='word_1_355' title='bbox 1097 3156 1466 3211; x_wconf 83' lang='lat' dir='ltr'><strong>Theodoritus</strong></span> <span class='ocrx_word' id='word_1_356' title='bbox 1497 3160 1742 3214; x_wconf 87' lang='lat' dir='ltr'><strong>scribens</strong></span> <span class='ocrx_word' id='word_1_357' title='bbox 1765 3159 1853 3213; x_wconf 88' lang='lat' dir='ltr'><strong>illa</strong></span> <span class='ocrx_word' id='word_1_358' title='bbox 1884 3159 2042 3225; x_wconf 82' lang='lat' dir='ltr'><strong>dixit,</strong></span> 
     </span>
    </p>
   </div>
   <div class='ocr_carea' id='block_1_45' title="bbox 471 3249 2050 3321">
    <p class='ocr_par' dir='ltr' id='par_1_45' title="bbox 471 3249 2050 3321">
     <span class='ocr_line' id='line_1_45' title="bbox 471 3249 2050 3321; baseline 0 -15"><span class='ocrx_word' id='word_1_359' title='bbox 471 3251 647 3320; x_wconf 87' lang='lat' dir='ltr'><strong>ipsius</strong></span> <span class='ocrx_word' id='word_1_360' title='bbox 685 3250 876 3321; x_wconf 84' lang='lat' dir='ltr'><strong>Cyrilli</strong></span> <span class='ocrx_word' id='word_1_361' title='bbox 907 3249 1300 3319; x_wconf 75' lang='lat' dir='ltr'><strong>expositionem</strong></span> <span class='ocrx_word' id='word_1_362' title='bbox 1334 3249 1668 3317; x_wconf 86' lang='lat' dir='ltr'><strong>induximus,</strong></span> <span class='ocrx_word' id='word_1_363' title='bbox 1693 3253 1936 3321; x_wconf 87' lang='lat' dir='ltr'><strong>seipsnm</strong></span> <span class='ocrx_word' id='word_1_364' title='bbox 1992 3260 2050 3306; x_wconf 91' lang='lat' dir='ltr'><strong>et</strong></span> 
     </span>
    </p>
   </div>
   <div class='ocr_carea' id='block_1_46' title="bbox 471 3341 2048 3410">
    <p class='ocr_par' dir='ltr' id='par_1_46' title="bbox 471 3341 2048 3410">
     <span class='ocr_line' id='line_1_46' title="bbox 471 3341 2048 3410; baseline -0.002 -11"><span class='ocrx_word' id='word_1_365' title='bbox 471 3358 627 3399; x_wconf 88' lang='lat' dir='ltr'><strong>suam</strong></span> <span class='ocrx_word' id='word_1_366' title='bbox 684 3351 923 3396; x_wconf 86' lang='lat' dir='ltr'><strong>mentem</strong></span> <span class='ocrx_word' id='word_1_367' title='bbox 990 3342 1340 3410; x_wconf 81' lang='lat' dir='ltr'><strong>exponentis.</strong></span> <span class='ocrx_word' id='word_1_368' title='bbox 1393 3351 1449 3396; x_wconf 92' lang='lat' dir='ltr'><strong>et</strong></span> <span class='ocrx_word' id='word_1_369' title='bbox 1498 3350 1690 3396; x_wconf 88' lang='lat' dir='ltr'><strong>contra</strong></span> <span class='ocrx_word' id='word_1_370' title='bbox 1758 3341 2048 3396; x_wconf 85' lang='lat' dir='ltr'><strong>maledicta</strong></span> 
     </span>
    </p>
   </div>
   <div class='ocr_carea' id='block_1_47' title="bbox 477 3431 2050 3502">
    <p class='ocr_par' dir='ltr' id='par_1_47' title="bbox 477 3431 2050 3502">
     <span class='ocr_line' id='line_1_47' title="bbox 477 3431 2050 3502; baseline -0.001 -14"><span class='ocrx_word' id='word_1_371' title='bbox 477 3432 794 3491; x_wconf 76' lang='lat' dir='ltr'><strong>Thsodoriti</strong></span> <span class='ocrx_word' id='word_1_372' title='bbox 847 3431 1184 3501; x_wconf 86' lang='lat' dir='ltr'><strong>replicantis.</strong></span> <span class='ocrx_word' id='word_1_373' title='bbox 1238 3431 1357 3486; x_wconf 89' lang='lat' dir='ltr'><strong>Non</strong></span> <span class='ocrx_word' id='word_1_374' title='bbox 1393 3431 1552 3486; x_wconf 88' lang='lat' dir='ltr'><strong>decet</strong></span> <span class='ocrx_word' id='word_1_375' title='bbox 1601 3433 1788 3502; x_wconf 86' lang='lat' dir='ltr'><strong>igitur,</strong></span> <span class='ocrx_word' id='word_1_376' title='bbox 1846 3431 2050 3488; x_wconf 88' lang='lat' dir='ltr'><strong>omisso</strong></span> 
     </span>
    </p>
   </div>
   <div class='ocr_carea' id='block_1_48' title="bbox 475 3525 2045 3598">
    <p class='ocr_par' dir='ltr' id='par_1_48' title="bbox 475 3525 2045 3598">
     <span class='ocr_line' id='line_1_48' title="bbox 475 3525 2045 3598; baseline -0.004 -13"><span class='ocrx_word' id='word_1_377' title='bbox 475 3529 568 3585; x_wconf 90' lang='lat' dir='ltr'><strong>illo</strong></span> <span class='ocrx_word' id='word_1_378' title='bbox 587 3529 755 3584; x_wconf 87' lang='lat' dir='ltr'><strong>alium</strong></span> <span class='ocrx_word' id='word_1_379' title='bbox 796 3541 1046 3598; x_wconf 70' lang='lat' dir='ltr'><strong>quaerere</strong></span> <span class='ocrx_word' id='word_1_380' title='bbox 1092 3534 1387 3581; x_wconf 78' lang='lat' dir='ltr'><strong>verborum</strong></span> <span class='ocrx_word' id='word_1_381' title='bbox 1421 3525 1607 3595; x_wconf 85' lang='lat' dir='ltr'><strong>Cyrilli</strong></span> <span class='ocrx_word' id='word_1_382' title='bbox 1651 3526 2045 3594; x_wconf 85' lang='lat' dir='ltr'><strong>expositorem,</strong></span> 
     </span>
    </p>
   </div>
   <div class='ocr_carea' id='block_1_49' title="bbox 473 3616 2048 3692">
    <p class='ocr_par' dir='ltr' id='par_1_49' title="bbox 473 3616 2048 3692">
     <span class='ocr_line' id='line_1_49' title="bbox 473 3616 2048 3692; baseline -0.003 -16"><span class='ocrx_word' id='word_1_383' title='bbox 473 3630 529 3677; x_wconf 90' lang='lat' dir='ltr'><strong>et</strong></span> <span class='ocrx_word' id='word_1_384' title='bbox 562 3622 858 3692; x_wconf 65' lang='lat' dir='ltr'><strong>praesertim</strong></span> <span class='ocrx_word' id='word_1_385' title='bbox 883 3619 1216 3674; x_wconf 90' lang='lat' dir='ltr'><strong>acerrimum</strong></span> <span class='ocrx_word' id='word_1_386' title='bbox 1253 3618 1371 3687; x_wconf 85' lang='lat' dir='ltr'><strong>ejus</strong></span> <span class='ocrx_word' id='word_1_387' title='bbox 1397 3618 1630 3672; x_wconf 91' lang='lat' dir='ltr'><strong>hostem.</strong></span> <span class='ocrx_word' id='word_1_388' title='bbox 1657 3616 1836 3682; x_wconf 86' lang='lat' dir='ltr'><strong>Quare</strong></span> <span class='ocrx_word' id='word_1_389' title='bbox 1865 3624 2048 3672; x_wconf 87' lang='lat' dir='ltr'><strong>autem</strong></span> 
     </span>
    </p>
   </div>
   <div class='ocr_carea' id='block_1_50' title="bbox 473 3707 2044 3782">
    <p class='ocr_par' dir='ltr' id='par_1_50' title="bbox 473 3707 2044 3782">
     <span class='ocr_line' id='line_1_50' title="bbox 473 3707 2044 3782; baseline -0.004 -14"><span class='ocrx_word' id='word_1_390' title='bbox 473 3711 712 3782; x_wconf 85' lang='lat' dir='ltr'><strong>Cyritlns</strong></span> <span class='ocrx_word' id='word_1_391' title='bbox 744 3710 1012 3780; x_wconf 89' lang='lat' dir='ltr'><strong>Spiritum</strong></span> <span class='ocrx_word' id='word_1_392' title='bbox 1053 3708 1266 3763; x_wconf 87' lang='lat' dir='ltr'><strong>dixerat</strong></span> <span class='ocrx_word' id='word_1_393' title='bbox 1291 3708 1568 3778; x_wconf 85' lang='lat' dir='ltr'><strong>proprium</strong></span> <span class='ocrx_word' id='word_1_394' title='bbox 1603 3707 1746 3775; x_wconf 89' lang='lat' dir='ltr'><strong>Filii,</strong></span> <span class='ocrx_word' id='word_1_395' title='bbox 1793 3708 1844 3761; x_wconf 91' lang='lat' dir='ltr'><strong>in</strong></span> <span class='ocrx_word' id='word_1_396' title='bbox 1895 3723 2044 3762; x_wconf 92' lang='lat' dir='ltr'><strong>nono</strong></span> 
     </span>
    </p>
   </div>
   <div class='ocr_carea' id='block_1_51' title="bbox 470 3803 2048 3884">
    <p class='ocr_par' dir='ltr' id='par_1_51' title="bbox 470 3803 2048 3884">
     <span class='ocr_line' id='line_1_51' title="bbox 470 3803 2048 3884; baseline -0.003 -22"><span class='ocrx_word' id='word_1_397' title='bbox 470 3807 977 3884; x_wconf 71' lang='lat' dir='ltr'><strong>anathematismo,</strong></span> <span class='ocrx_word' id='word_1_398' title='bbox 1011 3805 1158 3874; x_wconf 89' lang='lat' dir='ltr'><strong>quod</strong></span> <span class='ocrx_word' id='word_1_399' title='bbox 1205 3803 1576 3858; x_wconf 88' lang='lat' dir='ltr'><strong>Theodoritns</strong></span> <span class='ocrx_word' id='word_1_400' title='bbox 1628 3804 1866 3874; x_wconf 89' lang='lat' dir='ltr'><strong>carpsit,</strong></span> <span class='ocrx_word' id='word_1_401' title='bbox 1930 3804 2048 3872; x_wconf 90' lang='lat' dir='ltr'><strong>ipse</strong></span> 
     </span>
    </p>
   </div>
   <div class='ocr_carea' id='block_1_52' title="bbox 469 3895 2046 3970">
    <p class='ocr_par' dir='ltr' id='par_1_52' title="bbox 469 3895 2046 3970">
     <span class='ocr_line' id='line_1_52' title="bbox 469 3895 2046 3970; baseline -0.003 -15"><span class='ocrx_word' id='word_1_402' title='bbox 469 3915 790 3970; x_wconf 86' lang='lat' dir='ltr'><strong>exponens:</strong></span> <span class='ocrx_word' id='word_1_403' title='bbox 827 3898 966 3966; x_wconf 88' lang='lat' dir='ltr'><strong>Quia</strong></span> <span class='ocrx_word' id='word_1_404' title='bbox 994 3897 1148 3962; x_wconf 86' lang='lat' dir='ltr'><strong>dicit,</strong></span> <span class='ocrx_word' id='word_1_405' title='bbox 1177 3896 1255 3950; x_wconf 88' lang='lat' dir='ltr'><strong>Ex</strong></span> <span class='ocrx_word' id='word_1_406' title='bbox 1286 3910 1352 3950; x_wconf 91' lang='lat' dir='ltr'><strong>co</strong></span> <span class='ocrx_word' id='word_1_407' title='bbox 1383 3905 1486 3961; x_wconf 89' lang='lat' dir='ltr'><strong>est,</strong></span> <span class='ocrx_word' id='word_1_408' title='bbox 1525 3907 1582 3950; x_wconf 90' lang='lat' dir='ltr'><strong>et</strong></span> <span class='ocrx_word' id='word_1_409' title='bbox 1610 3895 1948 3952; x_wconf 88' lang='lat' dir='ltr'><strong>conveniens</strong></span> <span class='ocrx_word' id='word_1_410' title='bbox 1991 3895 2046 3950; x_wconf 93' lang='lat' dir='ltr'><strong>in</strong></span> 
     </span>
    </p>
   </div>
   <div class='ocr_carea' id='block_1_53' title="bbox 472 3986 2046 4057">
    <p class='ocr_par' dir='ltr' id='par_1_53' title="bbox 472 3986 2046 4057">
     <span class='ocr_line' id='line_1_53' title="bbox 472 3986 2046 4057; baseline -0.004 -8"><span class='ocrx_word' id='word_1_411' title='bbox 472 3997 578 4050; x_wconf 91' lang='lat' dir='ltr'><strong>hoc</strong></span> <span class='ocrx_word' id='word_1_412' title='bbox 607 3991 1055 4050; x_wconf 75' lang='lat' dir='ltr'><strong>Occidentalibus</strong></span> <span class='ocrx_word' id='word_1_413' title='bbox 1080 3989 1354 4046; x_wconf 76' lang='lat' dir='ltr'><strong>Patr-ibus.</strong></span> <span class='ocrx_word' id='word_1_414' title='bbox 1387 3989 1448 4042; x_wconf 82' lang='lat' dir='ltr'><strong>Et</strong></span> <span class='ocrx_word' id='word_1_415' title='bbox 1488 3989 1562 4043; x_wconf 93' lang='lat' dir='ltr'><strong>illi</strong></span> <span class='ocrx_word' id='word_1_416' title='bbox 1592 3987 1738 4043; x_wconf 89' lang='lat' dir='ltr'><strong>enim</strong></span> <span class='ocrx_word' id='word_1_417' title='bbox 1780 3986 2046 4057; x_wconf 89' lang='lat' dir='ltr'><strong>Spiritum</strong></span> 
     </span>
    </p>
   </div>
   <div class='ocr_carea' id='block_1_54' title="bbox 469 4079 2046 4154">
    <p class='ocr_par' dir='ltr' id='par_1_54' title="bbox 469 4079 2046 4154">
     <span class='ocr_line' id='line_1_54' title="bbox 469 4079 2046 4154; baseline -0.005 -12"><span class='ocrx_word' id='word_1_418' title='bbox 469 4086 665 4143; x_wconf 87' lang='lat' dir='ltr'><strong>dicunt</strong></span> <span class='ocrx_word' id='word_1_419' title='bbox 697 4086 816 4141; x_wconf 81' lang='lat' dir='ltr'><strong>Filii</strong></span> <span class='ocrx_word' id='word_1_420' title='bbox 853 4095 1112 4154; x_wconf 86' lang='lat' dir='ltr'><strong>tanquam</strong></span> <span class='ocrx_word' id='word_1_421' title='bbox 1138 4098 1203 4136; x_wconf 81' lang='lat' dir='ltr'><strong>cx</strong></span> <span class='ocrx_word' id='word_1_422' title='bbox 1243 4098 1308 4136; x_wconf 86' lang='lat' dir='ltr'><strong>eo</strong></span> <span class='ocrx_word' id='word_1_423' title='bbox 1335 4081 1742 4150; x_wconf 89' lang='lat' dir='ltr'><strong>procedentem.</strong></span> <span class='ocrx_word' id='word_1_424' title='bbox 1778 4079 2046 4136; x_wconf 79' lang='lat' dir='ltr'><strong>Przeterea</strong></span> 
     </span>
    </p>
   </div>
   <div class='ocr_carea' id='block_1_55' title="bbox 469 4172 2050 4248">
    <p class='ocr_par' dir='ltr' id='par_1_55' title="bbox 469 4172 2050 4248">
     <span class='ocr_line' id='line_1_55' title="bbox 469 4172 2050 4248; baseline -0.004 -14"><span class='ocrx_word' id='word_1_425' title='bbox 469 4195 540 4234; x_wconf 82' lang='lat' dir='ltr'><strong>ex</strong></span> <span class='ocrx_word' id='word_1_426' title='bbox 565 4177 922 4248; x_wconf 84' lang='lat' dir='ltr'><strong>responsione</strong></span> <span class='ocrx_word' id='word_1_427' title='bbox 952 4175 1137 4246; x_wconf 82' lang='lat' dir='ltr'><strong>Cyrilli</strong></span> <span class='ocrx_word' id='word_1_428' title='bbox 1184 4174 1250 4228; x_wconf 89' lang='lat' dir='ltr'><strong>ad</strong></span> <span class='ocrx_word' id='word_1_429' title='bbox 1301 4173 1696 4228; x_wconf 88' lang='lat' dir='ltr'><strong>Thcodoritum</strong></span> <span class='ocrx_word' id='word_1_430' title='bbox 1745 4172 1888 4227; x_wconf 89' lang='lat' dir='ltr'><strong>idem</strong></span> <span class='ocrx_word' id='word_1_431' title='bbox 1922 4188 2050 4242; x_wconf 86' lang='lat' dir='ltr'><strong>pro-</strong></span> 
     </span>
    </p>
   </div>
   <div class='ocr_carea' id='block_1_56' title="bbox 471 4264 2045 4338">
    <p class='ocr_par' dir='ltr' id='par_1_56' title="bbox 471 4264 2045 4338">
     <span class='ocr_line' id='line_1_56' title="bbox 471 4264 2045 4338; baseline -0.004 -12"><span class='ocrx_word' id='word_1_432' title='bbox 471 4271 605 4326; x_wconf 89' lang='lat' dir='ltr'><strong>bare</strong></span> <span class='ocrx_word' id='word_1_433' title='bbox 649 4283 960 4338; x_wconf 90' lang='lat' dir='ltr'><strong>possumus,</strong></span> <span class='ocrx_word' id='word_1_434' title='bbox 989 4283 1034 4321; x_wconf 83' lang='lat' dir='ltr'><strong>st</strong></span> <span class='ocrx_word' id='word_1_435' title='bbox 1077 4267 1201 4337; x_wconf 90' lang='lat' dir='ltr'><strong>quis</strong></span> <span class='ocrx_word' id='word_1_436' title='bbox 1255 4266 1375 4320; x_wconf 91' lang='lat' dir='ltr'><strong>sine</strong></span> <span class='ocrx_word' id='word_1_437' title='bbox 1422 4264 1776 4319; x_wconf 89' lang='lat' dir='ltr'><strong>contentione</strong></span> <span class='ocrx_word' id='word_1_438' title='bbox 1808 4265 2045 4320; x_wconf 89' lang='lat' dir='ltr'><strong>audiat:</strong></span> 
     </span>
    </p>
   </div>
   <div class='ocr_carea' id='block_1_57' title="bbox 471 4357 2049 4432">
    <p class='ocr_par' dir='ltr' id='par_1_57' title="bbox 471 4357 2049 4432">
     <span class='ocr_line' id='line_1_57' title="bbox 471 4357 2049 4432; baseline -0.004 -14"><span class='ocrx_word' id='word_1_439' title='bbox 471 4362 728 4419; x_wconf 85' lang='lat' dir='ltr'><strong>Procedit</strong></span> <span class='ocrx_word' id='word_1_440' title='bbox 757 4362 1002 4432; x_wconf 90' lang='lat' dir='ltr'><strong>quidem,</strong></span> <span class='ocrx_word' id='word_1_441' title='bbox 1039 4360 1238 4429; x_wconf 86' lang='lat' dir='ltr'><strong>inquit,</strong></span> <span class='ocrx_word' id='word_1_442' title='bbox 1281 4357 1519 4426; x_wconf 88' lang='lat' dir='ltr'><strong>Spiritus</strong></span> <span class='ocrx_word' id='word_1_443' title='bbox 1573 4365 1797 4415; x_wconf 89' lang='lat' dir='ltr'><strong>sanctus</strong></span> <span class='ocrx_word' id='word_1_444' title='bbox 1831 4373 1895 4412; x_wconf 86' lang='lat' dir='ltr'><strong>ex</strong></span> <span class='ocrx_word' id='word_1_445' title='bbox 1937 4358 2049 4412; x_wconf 87' lang='lat' dir='ltr'><strong>Deo</strong></span> 
     </span>
    </p>
   </div>
   <div class='ocr_carea' id='block_1_58' title="bbox 471 4449 2050 4534">
    <p class='ocr_par' dir='ltr' id='par_1_58' title="bbox 471 4449 2050 4534">
     <span class='ocr_line' id='line_1_58' title="bbox 471 4449 2050 4534; baseline -0.004 -23"><span class='ocrx_word' id='word_1_446' title='bbox 471 4457 634 4511; x_wconf 84' lang='lat' dir='ltr'><strong>Patre</strong></span> <span class='ocrx_word' id='word_1_447' title='bbox 688 4453 992 4510; x_wconf 90' lang='lat' dir='ltr'><strong>secundum</strong></span> <span class='ocrx_word' id='word_1_448' title='bbox 1038 4455 1205 4507; x_wconf 87' lang='lat' dir='ltr'><strong>verba</strong></span> <span class='ocrx_word' id='word_1_449' title='bbox 1238 4449 1558 4534; x_wconf 73' lang='lat' dir='ltr'><strong>salvatoris,</strong></span> <span class='ocrx_word' id='word_1_450' title='bbox 1586 4465 1692 4503; x_wconf 90' lang='lat' dir='ltr'><strong>non</strong></span> <span class='ocrx_word' id='word_1_451' title='bbox 1749 4457 1929 4504; x_wconf 90' lang='lat' dir='ltr'><strong>tamen</strong></span> <span class='ocrx_word' id='word_1_452' title='bbox 1964 4458 2050 4505; x_wconf 87' lang='lat' dir='ltr'><strong>est</strong></span> 
     </span>
    </p>
   </div>
   <div class='ocr_carea' id='block_1_59' title="bbox 2153 1969 3731 2040">
    <p class='ocr_par' dir='ltr' id='par_1_59' title="bbox 2153 1969 3731 2040">
     <span class='ocr_line' id='line_1_59' title="bbox 2153 1969 3731 2040; baseline -0.001 -18"><span class='ocrx_word' id='word_1_453' title='bbox 2153 1979 2298 2035; x_wconf 87' lang='lat' dir='ltr'><strong>sunt,</strong></span> <span class='ocrx_word' id='word_1_454' title='bbox 2333 1985 2440 2023; x_wconf 90' lang='lat' dir='ltr'><strong>non</strong></span> <span class='ocrx_word' id='word_1_455' title='bbox 2481 1980 2737 2039; x_wconf 88' lang='lat' dir='ltr'><strong>tanquam</strong></span> <span class='ocrx_word' id='word_1_456' title='bbox 2790 1970 3086 2040; x_wconf 80' lang='lat' dir='ltr'><strong>aliquando</strong></span> <span class='ocrx_word' id='word_1_457' title='bbox 3121 1971 3344 2036; x_wconf 82' lang='lat' dir='ltr'><strong>quidem</strong></span> <span class='ocrx_word' id='word_1_458' title='bbox 3373 1985 3482 2023; x_wconf 83' lang='lat' dir='ltr'><strong>non</strong></span> <span class='ocrx_word' id='word_1_459' title='bbox 3516 1969 3731 2022; x_wconf 87' lang='lat' dir='ltr'><strong>haben-</strong></span> 
     </span>
    </p>
   </div>
   <div class='ocr_carea' id='block_1_60' title="bbox 2151 2061 3727 2132">
    <p class='ocr_par' dir='ltr' id='par_1_60' title="bbox 2151 2061 3727 2132">
     <span class='ocr_line' id='line_1_60' title="bbox 2151 2061 3727 2132; baseline -0.003 -18"><span class='ocrx_word' id='word_1_460' title='bbox 2151 2068 2259 2114; x_wconf 85' lang='lat' dir='ltr'><strong>tem</strong></span> <span class='ocrx_word' id='word_1_461' title='bbox 2298 2061 2516 2115; x_wconf 87' lang='lat' dir='ltr'><strong>insitam</strong></span> <span class='ocrx_word' id='word_1_462' title='bbox 2549 2062 2600 2115; x_wconf 93' lang='lat' dir='ltr'><strong>in</strong></span> <span class='ocrx_word' id='word_1_463' title='bbox 2629 2061 2711 2117; x_wconf 89' lang='lat' dir='ltr'><strong>eis</strong></span> <span class='ocrx_word' id='word_1_464' title='bbox 2745 2064 3068 2131; x_wconf 85' lang='lat' dir='ltr'><strong>sapientiam</strong></span> <span class='ocrx_word' id='word_1_465' title='bbox 3116 2074 3174 2118; x_wconf 90' lang='lat' dir='ltr'><strong>et</strong></span> <span class='ocrx_word' id='word_1_466' title='bbox 3221 2065 3523 2132; x_wconf 90' lang='lat' dir='ltr'><strong>potentiam</strong></span> <span class='ocrx_word' id='word_1_467' title='bbox 3548 2105 3562 2128; x_wconf 94' lang='lat'><strong>,</strong></span> <span class='ocrx_word' id='word_1_468' title='bbox 3603 2076 3727 2114; x_wconf 71' lang='lat' dir='ltr'><strong>curn</strong></span> 
     </span>
    </p>
   </div>
   <div class='ocr_carea' id='block_1_61' title="bbox 2151 2151 3731 2223">
    <p class='ocr_par' dir='ltr' id='par_1_61' title="bbox 2151 2151 3731 2223">
     <span class='ocr_line' id='line_1_61' title="bbox 2151 2151 3731 2223; baseline 0 -18"><span class='ocrx_word' id='word_1_469' title='bbox 2151 2151 2484 2223; x_wconf 86' lang='lat' dir='ltr'><strong>intelligatur</strong></span> <span class='ocrx_word' id='word_1_470' title='bbox 2538 2153 2740 2208; x_wconf 88' lang='lat' dir='ltr'><strong>habere</strong></span> <span class='ocrx_word' id='word_1_471' title='bbox 2805 2155 3054 2209; x_wconf 85' lang='lat' dir='ltr'><strong>eamdem</strong></span> <span class='ocrx_word' id='word_1_472' title='bbox 3111 2154 3443 2221; x_wconf 85' lang='lat' dir='ltr'><strong>essentiam,</strong></span> <span class='ocrx_word' id='word_1_473' title='bbox 3513 2169 3731 2220; x_wconf 87' lang='lat' dir='ltr'><strong>semper</strong></span> 
     </span>
    </p>
   </div>
   <div class='ocr_carea' id='block_1_62' title="bbox 2149 2243 3730 2314">
    <p class='ocr_par' dir='ltr' id='par_1_62' title="bbox 2149 2243 3730 2314">
     <span class='ocr_line' id='line_1_62' title="bbox 2149 2243 3730 2314; baseline 0.002 -16"><span class='ocrx_word' id='word_1_474' title='bbox 2149 2243 2350 2298; x_wconf 89' lang='lat' dir='ltr'><strong>etenim</strong></span> <span class='ocrx_word' id='word_1_475' title='bbox 2401 2244 2617 2314; x_wconf 88' lang='lat' dir='ltr'><strong>sapiens</strong></span> <span class='ocrx_word' id='word_1_476' title='bbox 2658 2255 2713 2299; x_wconf 89' lang='lat' dir='ltr'><strong>et</strong></span> <span class='ocrx_word' id='word_1_477' title='bbox 2764 2255 2960 2314; x_wconf 88' lang='lat' dir='ltr'><strong>potens</strong></span> <span class='ocrx_word' id='word_1_478' title='bbox 2998 2257 3084 2302; x_wconf 90' lang='lat' dir='ltr'><strong>est</strong></span> <span class='ocrx_word' id='word_1_479' title='bbox 3134 2247 3409 2314; x_wconf 80' lang='lat' dir='ltr'><strong>Spiritus;</strong></span> <span class='ocrx_word' id='word_1_480' title='bbox 3450 2247 3562 2301; x_wconf 85' lang='lat' dir='ltr'><strong>imo</strong></span> <span class='ocrx_word' id='word_1_481' title='bbox 3596 2261 3730 2302; x_wconf 74' lang='lat' dir='ltr'><strong>vero</strong></span> 
     </span>
    </p>
   </div>
   <div class='ocr_carea' id='block_1_63' title="bbox 2150 2335 3726 2405">
    <p class='ocr_par' dir='ltr' id='par_1_63' title="bbox 2150 2335 3726 2405">
     <span class='ocr_line' id='line_1_63' title="bbox 2150 2335 3726 2405; baseline 0 -16"><span class='ocrx_word' id='word_1_482' title='bbox 2150 2336 2265 2405; x_wconf 88' lang='lat' dir='ltr'><strong>ipsa</strong></span> <span class='ocrx_word' id='word_1_483' title='bbox 2304 2335 2569 2404; x_wconf 86' lang='lat' dir='ltr'><strong>sapientia</strong></span> <span class='ocrx_word' id='word_1_484' title='bbox 2599 2343 2653 2388; x_wconf 89' lang='lat' dir='ltr'><strong>et</strong></span> <span class='ocrx_word' id='word_1_485' title='bbox 2683 2337 2921 2403; x_wconf 89' lang='lat' dir='ltr'><strong>potentia</strong></span> <span class='ocrx_word' id='word_1_486' title='bbox 2954 2349 3074 2402; x_wconf 87' lang='lat' dir='ltr'><strong>est,</strong></span> <span class='ocrx_word' id='word_1_487' title='bbox 3123 2353 3230 2392; x_wconf 91' lang='lat' dir='ltr'><strong>non</strong></span> <span class='ocrx_word' id='word_1_488' title='bbox 3273 2337 3726 2405; x_wconf 82' lang='lat' dir='ltr'><strong>participatione,</strong></span> 
     </span>
    </p>
   </div>
   <div class='ocr_carea' id='block_1_64' title="bbox 2149 2427 3732 2498">
    <p class='ocr_par' dir='ltr' id='par_1_64' title="bbox 2149 2427 3732 2498">
     <span class='ocr_line' id='line_1_64' title="bbox 2149 2427 3732 2498; baseline -0.001 -16"><span class='ocrx_word' id='word_1_489' title='bbox 2149 2427 2244 2482; x_wconf 86' lang='lat' dir='ltr'><strong>sed</strong></span> <span class='ocrx_word' id='word_1_490' title='bbox 2270 2427 2616 2483; x_wconf 88' lang='lat' dir='ltr'><strong>naturaliter.</strong></span> <span class='ocrx_word' id='word_1_491' title='bbox 2642 2427 2698 2482; x_wconf 90' lang='lat' dir='ltr'><strong>Si</strong></span> <span class='ocrx_word' id='word_1_492' title='bbox 2733 2429 2900 2498; x_wconf 80' lang='lat' dir='ltr'><strong>igitur</strong></span> <span class='ocrx_word' id='word_1_493' title='bbox 2933 2429 2983 2482; x_wconf 93' lang='lat' dir='ltr'><strong>id</strong></span> <span class='ocrx_word' id='word_1_494' title='bbox 3025 2428 3169 2498; x_wconf 89' lang='lat' dir='ltr'><strong>quod</strong></span> <span class='ocrx_word' id='word_1_495' title='bbox 3209 2428 3453 2498; x_wconf 91' lang='lat' dir='ltr'><strong>Spiritus</strong></span> <span class='ocrx_word' id='word_1_496' title='bbox 3492 2445 3556 2482; x_wconf 80' lang='lat' dir='ltr'><strong>cx</strong></span> <span class='ocrx_word' id='word_1_497' title='bbox 3591 2428 3732 2482; x_wconf 76' lang='lat' dir='ltr'><strong>Filio</strong></span> 
     </span>
    </p>
   </div>
   <div class='ocr_carea' id='block_1_65' title="bbox 2149 2517 3728 2588">
    <p class='ocr_par' dir='ltr' id='par_1_65' title="bbox 2149 2517 3728 2588">
     <span class='ocr_line' id='line_1_65' title="bbox 2149 2517 3728 2588; baseline 0.001 -18"><span class='ocrx_word' id='word_1_498' title='bbox 2149 2518 2368 2587; x_wconf 90' lang='lat' dir='ltr'><strong>accipit,</strong></span> <span class='ocrx_word' id='word_1_499' title='bbox 2420 2517 2683 2588; x_wconf 88' lang='lat' dir='ltr'><strong>sapientia</strong></span> <span class='ocrx_word' id='word_1_500' title='bbox 2735 2528 2789 2572; x_wconf 91' lang='lat' dir='ltr'><strong>et</strong></span> <span class='ocrx_word' id='word_1_501' title='bbox 2829 2520 3074 2588; x_wconf 89' lang='lat' dir='ltr'><strong>potentia</strong></span> <span class='ocrx_word' id='word_1_502' title='bbox 3128 2527 3250 2583; x_wconf 89' lang='lat' dir='ltr'><strong>est,</strong></span> <span class='ocrx_word' id='word_1_503' title='bbox 3311 2521 3424 2573; x_wconf 68' lang='lat' dir='ltr'><strong>haec</strong></span> <span class='ocrx_word' id='word_1_504' title='bbox 3451 2535 3582 2573; x_wconf 88' lang='lat' dir='ltr'><strong>vero</strong></span> <span class='ocrx_word' id='word_1_505' title='bbox 3620 2535 3728 2572; x_wconf 84' lang='lat' dir='ltr'><strong>non</strong></span> 
     </span>
    </p>
   </div>
   <div class='ocr_carea' id='block_1_66' title="bbox 2149 2608 3730 2680">
    <p class='ocr_par' dir='ltr' id='par_1_66' title="bbox 2149 2608 3730 2680">
     <span class='ocr_line' id='line_1_66' title="bbox 2149 2608 3730 2680; baseline -0.003 -15"><span class='ocrx_word' id='word_1_506' title='bbox 2149 2608 2444 2680; x_wconf 87' lang='lat' dir='ltr'><strong>aliquando</strong></span> <span class='ocrx_word' id='word_1_507' title='bbox 2495 2611 2718 2679; x_wconf 91' lang='lat' dir='ltr'><strong>quidem</strong></span> <span class='ocrx_word' id='word_1_508' title='bbox 2779 2611 2984 2677; x_wconf 88' lang='lat' dir='ltr'><strong>habet,</strong></span> <span class='ocrx_word' id='word_1_509' title='bbox 3041 2611 3336 2680; x_wconf 85' lang='lat' dir='ltr'><strong>aliquando</strong></span> <span class='ocrx_word' id='word_1_510' title='bbox 3389 2627 3522 2666; x_wconf 88' lang='lat' dir='ltr'><strong>vero</strong></span> <span class='ocrx_word' id='word_1_511' title='bbox 3581 2625 3730 2675; x_wconf 84' lang='lat' dir='ltr'><strong>non;</strong></span> 
     </span>
    </p>
   </div>
   <div class='ocr_carea' id='block_1_67' title="bbox 2148 2703 3732 2772">
    <p class='ocr_par' dir='ltr' id='par_1_67' title="bbox 2148 2703 3732 2772">
     <span class='ocr_line' id='line_1_67' title="bbox 2148 2703 3732 2772; baseline 0.001 -18"><span class='ocrx_word' id='word_1_512' title='bbox 2148 2716 2369 2771; x_wconf 88' lang='lat' dir='ltr'><strong>semper</strong></span> <span class='ocrx_word' id='word_1_513' title='bbox 2418 2718 2652 2772; x_wconf 88' lang='lat' dir='ltr'><strong>namque</strong></span> <span class='ocrx_word' id='word_1_514' title='bbox 2709 2703 2832 2757; x_wconf 86' lang='lat' dir='ltr'><strong>talis</strong></span> <span class='ocrx_word' id='word_1_515' title='bbox 2872 2711 2956 2756; x_wconf 81' lang='lat' dir='ltr'><strong>est</strong></span> <span class='ocrx_word' id='word_1_516' title='bbox 3014 2715 3230 2769; x_wconf 87' lang='lat' dir='ltr'><strong>natura,</strong></span> <span class='ocrx_word' id='word_1_517' title='bbox 3286 2719 3392 2757; x_wconf 90' lang='lat' dir='ltr'><strong>non</strong></span> <span class='ocrx_word' id='word_1_518' title='bbox 3438 2703 3732 2772; x_wconf 90' lang='lat' dir='ltr'><strong>participa-</strong></span> 
     </span>
    </p>
   </div>
   <div class='ocr_carea' id='block_1_68' title="bbox 2152 2791 3726 2862">
    <p class='ocr_par' dir='ltr' id='par_1_68' title="bbox 2152 2791 3726 2862">
     <span class='ocr_line' id='line_1_68' title="bbox 2152 2791 3726 2862; baseline -0.001 -15"><span class='ocrx_word' id='word_1_519' title='bbox 2152 2793 2334 2858; x_wconf 87' lang='lat' dir='ltr'><strong>tione;</strong></span> <span class='ocrx_word' id='word_1_520' title='bbox 2388 2806 2715 2861; x_wconf 85' lang='lat' dir='ltr'><strong>semperque</strong></span> <span class='ocrx_word' id='word_1_521' title='bbox 2766 2807 2794 2845; x_wconf 90' lang='lat' dir='ltr'><strong>a</strong></span> <span class='ocrx_word' id='word_1_522' title='bbox 2845 2791 2981 2846; x_wconf 89' lang='lat' dir='ltr'><strong>Filio</strong></span> <span class='ocrx_word' id='word_1_523' title='bbox 3020 2794 3243 2862; x_wconf 86' lang='lat' dir='ltr'><strong>accipit,</strong></span> <span class='ocrx_word' id='word_1_524' title='bbox 3277 2809 3399 2862; x_wconf 73' lang='lat' dir='ltr'><strong>qua:</strong></span> <span class='ocrx_word' id='word_1_525' title='bbox 3439 2807 3562 2846; x_wconf 91' lang='lat' dir='ltr'><strong>cum</strong></span> <span class='ocrx_word' id='word_1_526' title='bbox 3615 2807 3726 2846; x_wconf 87' lang='lat' dir='ltr'><strong>non</strong></span> 
     </span>
    </p>
   </div>
   <div class='ocr_carea' id='block_1_69' title="bbox 2151 2884 3732 2954">
    <p class='ocr_par' dir='ltr' id='par_1_69' title="bbox 2151 2884 3732 2954">
     <span class='ocr_line' id='line_1_69' title="bbox 2151 2884 3732 2954; baseline -0.001 -16"><span class='ocrx_word' id='word_1_527' title='bbox 2151 2885 2347 2940; x_wconf 87' lang='lat' dir='ltr'><strong>habeat</strong></span> <span class='ocrx_word' id='word_1_528' title='bbox 2383 2885 2823 2954; x_wconf 82' lang='lat' dir='ltr'><strong>participatione,</strong></span> <span class='ocrx_word' id='word_1_529' title='bbox 2858 2894 3052 2938; x_wconf 85' lang='lat' dir='ltr'><strong>natura</strong></span> <span class='ocrx_word' id='word_1_530' title='bbox 3077 2885 3198 2954; x_wconf 78' lang='lat' dir='ltr'><strong>ejus</strong></span> <span class='ocrx_word' id='word_1_531' title='bbox 3243 2894 3408 2939; x_wconf 87' lang='lat' dir='ltr'><strong>sunt:</strong></span> <span class='ocrx_word' id='word_1_532' title='bbox 3440 2884 3567 2953; x_wconf 89' lang='lat' dir='ltr'><strong>quid</strong></span> <span class='ocrx_word' id='word_1_533' title='bbox 3603 2884 3732 2937; x_wconf 85' lang='lat' dir='ltr'><strong>hinc</strong></span> 
     </span>
    </p>
   </div>
   <div class='ocr_carea' id='block_1_70' title="bbox 2149 2976 3732 3048">
    <p class='ocr_par' dir='ltr' id='par_1_70' title="bbox 2149 2976 3732 3048">
     <span class='ocr_line' id='line_1_70' title="bbox 2149 2976 3732 3048; baseline -0.003 -15"><span class='ocrx_word' id='word_1_534' title='bbox 2149 2979 2461 3048; x_wconf 84' lang='lat' dir='ltr'><strong>colligatur,</strong></span> <span class='ocrx_word' id='word_1_535' title='bbox 2492 2977 2616 3047; x_wconf 86' lang='lat' dir='ltr'><strong>quis</strong></span> <span class='ocrx_word' id='word_1_536' title='bbox 2647 2976 2900 3048; x_wconf 81' lang='lat' dir='ltr'><strong>ignorat?</strong></span> <span class='ocrx_word' id='word_1_537' title='bbox 2924 2978 2989 3030; x_wconf 88' lang='lat' dir='ltr'><strong>Et</strong></span> <span class='ocrx_word' id='word_1_538' title='bbox 3012 2977 3208 3031; x_wconf 87' lang='lat' dir='ltr'><strong>merito</strong></span> <span class='ocrx_word' id='word_1_539' title='bbox 3233 2979 3347 3032; x_wconf 81' lang='lat' dir='ltr'><strong>lnec</strong></span> <span class='ocrx_word' id='word_1_540' title='bbox 3370 2979 3561 3031; x_wconf 88' lang='lat' dir='ltr'><strong>beatus</strong></span> <span class='ocrx_word' id='word_1_541' title='bbox 3594 2977 3732 3030; x_wconf 89' lang='lat' dir='ltr'><strong>dicit</strong></span> 
     </span>
    </p>
   </div>
   <div class='ocr_carea' id='block_1_71' title="bbox 2149 3068 3732 3143">
    <p class='ocr_par' dir='ltr' id='par_1_71' title="bbox 2149 3068 3732 3143">
     <span class='ocr_line' id='line_1_71' title="bbox 2149 3068 3732 3143; baseline -0.005 -16"><span class='ocrx_word' id='word_1_542' title='bbox 2149 3071 2406 3143; x_wconf 86' lang='lat' dir='ltr'><strong>Cyrillus,</strong></span> <span class='ocrx_word' id='word_1_543' title='bbox 2442 3072 2536 3140; x_wconf 91' lang='lat' dir='ltr'><strong>qui</strong></span> <span class='ocrx_word' id='word_1_544' title='bbox 2578 3071 2631 3125; x_wconf 88' lang='lat' dir='ltr'><strong>in</strong></span> <span class='ocrx_word' id='word_1_545' title='bbox 2675 3069 2951 3139; x_wconf 90' lang='lat' dir='ltr'><strong>plerisque</strong></span> <span class='ocrx_word' id='word_1_546' title='bbox 2982 3069 3104 3122; x_wconf 90' lang='lat' dir='ltr'><strong>aliis</strong></span> <span class='ocrx_word' id='word_1_547' title='bbox 3151 3068 3286 3122; x_wconf 88' lang='lat' dir='ltr'><strong>locis</strong></span> <span class='ocrx_word' id='word_1_548' title='bbox 3331 3068 3614 3122; x_wconf 78' lang='lat' dir='ltr'><strong>manifeste</strong></span> <span class='ocrx_word' id='word_1_549' title='bbox 3666 3083 3732 3120; x_wconf 74' lang='lat' dir='ltr'><strong>ex</strong></span> 
     </span>
    </p>
   </div>
   <div class='ocr_carea' id='block_1_72' title="bbox 2153 3159 3734 3230">
    <p class='ocr_par' dir='ltr' id='par_1_72' title="bbox 2153 3159 3734 3230">
     <span class='ocr_line' id='line_1_72' title="bbox 2153 3159 3734 3230; baseline -0.003 -13"><span class='ocrx_word' id='word_1_550' title='bbox 2153 3163 2312 3229; x_wconf 85' lang='lat' dir='ltr'><strong>Filio,</strong></span> <span class='ocrx_word' id='word_1_551' title='bbox 2348 3163 2508 3218; x_wconf 89' lang='lat' dir='ltr'><strong>sicuti</strong></span> <span class='ocrx_word' id='word_1_552' title='bbox 2559 3177 2629 3216; x_wconf 81' lang='lat' dir='ltr'><strong>ex</strong></span> <span class='ocrx_word' id='word_1_553' title='bbox 2669 3162 2862 3228; x_wconf 89' lang='lat' dir='ltr'><strong>Patre,</strong></span> <span class='ocrx_word' id='word_1_554' title='bbox 2917 3159 3217 3230; x_wconf 79' lang='lat' dir='ltr'><strong>procedere</strong></span> <span class='ocrx_word' id='word_1_555' title='bbox 3275 3159 3412 3213; x_wconf 68' lang='lat' dir='ltr'><strong>dicit</strong></span> <span class='ocrx_word' id='word_1_556' title='bbox 3465 3159 3734 3228; x_wconf 89' lang='lat' dir='ltr'><strong>Spiritum</strong></span> 
     </span>
    </p>
   </div>
   <div class='ocr_carea' id='block_1_73' title="bbox 2143 3249 3732 3323">
    <p class='ocr_par' dir='ltr' id='par_1_73' title="bbox 2143 3249 3732 3323">
     <span class='ocr_line' id='line_1_73' title="bbox 2143 3249 3732 3323; baseline -0.004 -14"><span class='ocrx_word' id='word_1_557' title='bbox 2143 3265 2424 3311; x_wconf 82' lang='lat' dir='ltr'><strong>sanctum.</strong></span> <span class='ocrx_word' id='word_1_558' title='bbox 2468 3254 2528 3308; x_wconf 86' lang='lat' dir='ltr'><strong>In</strong></span> <span class='ocrx_word' id='word_1_559' title='bbox 2561 3253 2794 3323; x_wconf 90' lang='lat' dir='ltr'><strong>epistola</strong></span> <span class='ocrx_word' id='word_1_560' title='bbox 2854 3268 3092 3322; x_wconf 89' lang='lat' dir='ltr'><strong>namque</strong></span> <span class='ocrx_word' id='word_1_561' title='bbox 3125 3251 3192 3306; x_wconf 91' lang='lat' dir='ltr'><strong>ad</strong></span> <span class='ocrx_word' id='word_1_562' title='bbox 3234 3250 3587 3306; x_wconf 85' lang='lat' dir='ltr'><strong>Nestorium:</strong></span> <span class='ocrx_word' id='word_1_563' title='bbox 3621 3249 3732 3303; x_wconf 82' lang='lat' dir='ltr'><strong>Etsi</strong></span> 
     </span>
    </p>
   </div>
   <div class='ocr_carea' id='block_1_74' title="bbox 2151 3343 3738 3418">
    <p class='ocr_par' dir='ltr' id='par_1_74' title="bbox 2151 3343 3738 3418">
     <span class='ocr_line' id='line_1_74' title="bbox 2151 3343 3738 3418; baseline -0.005 -15"><span class='ocrx_word' id='word_1_564' title='bbox 2151 3357 2254 3415; x_wconf 91' lang='lat' dir='ltr'><strong>cst,</strong></span> <span class='ocrx_word' id='word_1_565' title='bbox 2320 3347 2520 3418; x_wconf 89' lang='lat' dir='ltr'><strong>inquit,</strong></span> <span class='ocrx_word' id='word_1_566' title='bbox 2585 3346 2822 3416; x_wconf 87' lang='lat' dir='ltr'><strong>Spiritus</strong></span> <span class='ocrx_word' id='word_1_567' title='bbox 2876 3344 2932 3399; x_wconf 89' lang='lat' dir='ltr'><strong>in</strong></span> <span class='ocrx_word' id='word_1_568' title='bbox 2964 3344 3181 3414; x_wconf 83' lang='lat' dir='ltr'><strong>pr0pria</strong></span> <span class='ocrx_word' id='word_1_569' title='bbox 3235 3343 3512 3414; x_wconf 76' lang='lat' dir='ltr'><strong>hyposmsi</strong></span> <span class='ocrx_word' id='word_1_570' title='bbox 3575 3351 3738 3411; x_wconf 83' lang='lat' dir='ltr'><strong>prout</strong></span> 
     </span>
    </p>
   </div>
   <div class='ocr_carea' id='block_1_75' title="bbox 2152 3431 3736 3509">
    <p class='ocr_par' dir='ltr' id='par_1_75' title="bbox 2152 3431 3736 3509">
     <span class='ocr_line' id='line_1_75' title="bbox 2152 3431 3736 3509; baseline -0.007 -15"><span class='ocrx_word' id='word_1_571' title='bbox 2152 3438 2392 3509; x_wconf 87' lang='lat' dir='ltr'><strong>Spiritus</strong></span> <span class='ocrx_word' id='word_1_572' title='bbox 2427 3449 2530 3504; x_wconf 91' lang='lat' dir='ltr'><strong>cst,</strong></span> <span class='ocrx_word' id='word_1_573' title='bbox 2562 3451 2671 3491; x_wconf 93' lang='lat' dir='ltr'><strong>non</strong></span> <span class='ocrx_word' id='word_1_574' title='bbox 2704 3435 2898 3502; x_wconf 86' lang='lat' dir='ltr'><strong>Filius,</strong></span> <span class='ocrx_word' id='word_1_575' title='bbox 2926 3450 3035 3490; x_wconf 91' lang='lat' dir='ltr'><strong>non</strong></span> <span class='ocrx_word' id='word_1_576' title='bbox 3073 3444 3158 3489; x_wconf 91' lang='lat' dir='ltr'><strong>est</strong></span> <span class='ocrx_word' id='word_1_577' title='bbox 3192 3441 3374 3487; x_wconf 89' lang='lat' dir='ltr'><strong>tamen</strong></span> <span class='ocrx_word' id='word_1_578' title='bbox 3405 3433 3474 3487; x_wconf 92' lang='lat' dir='ltr'><strong>ab</strong></span> <span class='ocrx_word' id='word_1_579' title='bbox 3502 3448 3570 3486; x_wconf 84' lang='lat' dir='ltr'><strong>co</strong></span> <span class='ocrx_word' id='word_1_580' title='bbox 3598 3431 3736 3484; x_wconf 86' lang='lat' dir='ltr'><strong>alie-</strong></span> 
     </span>
    </p>
   </div>
   <div class='ocr_carea' id='block_1_76' title="bbox 2150 3523 3731 3598">
    <p class='ocr_par' dir='ltr' id='par_1_76' title="bbox 2150 3523 3731 3598">
     <span class='ocr_line' id='line_1_76' title="bbox 2150 3523 3731 3598; baseline -0.003 -16"><span class='ocrx_word' id='word_1_581' title='bbox 2150 3545 2274 3596; x_wconf 88' lang='lat' dir='ltr'><strong>nus,</strong></span> <span class='ocrx_word' id='word_1_582' title='bbox 2300 3527 2524 3598; x_wconf 92' lang='lat' dir='ltr'><strong>proﬂuit</strong></span> <span class='ocrx_word' id='word_1_583' title='bbox 2558 3535 2740 3580; x_wconf 88' lang='lat' dir='ltr'><strong>autem</strong></span> <span class='ocrx_word' id='word_1_584' title='bbox 2779 3540 2846 3580; x_wconf 83' lang='lat' dir='ltr'><strong>ex</strong></span> <span class='ocrx_word' id='word_1_585' title='bbox 2879 3538 2946 3579; x_wconf 85' lang='lat' dir='ltr'><strong>eo</strong></span> <span class='ocrx_word' id='word_1_586' title='bbox 2997 3524 3156 3579; x_wconf 87' lang='lat' dir='ltr'><strong>sicuti</strong></span> <span class='ocrx_word' id='word_1_587' title='bbox 3198 3539 3263 3577; x_wconf 81' lang='lat' dir='ltr'><strong>ex</strong></span> <span class='ocrx_word' id='word_1_588' title='bbox 3303 3525 3411 3577; x_wconf 85' lang='lat' dir='ltr'><strong>l‘co</strong></span> <span class='ocrx_word' id='word_1_589' title='bbox 3451 3531 3507 3577; x_wconf 90' lang='lat' dir='ltr'><strong>et</strong></span> <span class='ocrx_word' id='word_1_590' title='bbox 3549 3523 3731 3578; x_wconf 80' lang='lat' dir='ltr'><strong>Patre.</strong></span> 
     </span>
    </p>
   </div>
   <div class='ocr_carea' id='block_1_77' title="bbox 2151 3612 3734 3688">
    <p class='ocr_par' dir='ltr' id='par_1_77' title="bbox 2151 3612 3734 3688">
     <span class='ocr_line' id='line_1_77' title="bbox 2151 3612 3734 3688; baseline -0.005 -14"><span class='ocrx_word' id='word_1_591' title='bbox 2151 3618 2228 3674; x_wconf 82' lang='lat' dir='ltr'><strong>Ne</strong></span> <span class='ocrx_word' id='word_1_592' title='bbox 2260 3619 2385 3688; x_wconf 93' lang='lat' dir='ltr'><strong>quis</strong></span> <span class='ocrx_word' id='word_1_593' title='bbox 2406 3627 2588 3673; x_wconf 88' lang='lat' dir='ltr'><strong>autem</strong></span> <span class='ocrx_word' id='word_1_594' title='bbox 2621 3616 2726 3672; x_wconf 89' lang='lat' dir='ltr'><strong>hoc</strong></span> <span class='ocrx_word' id='word_1_595' title='bbox 2757 3616 3008 3682; x_wconf 83' lang='lat' dir='ltr'><strong>verbum,</strong></span> <span class='ocrx_word' id='word_1_596' title='bbox 3050 3613 3352 3679; x_wconf 90' lang='lat' dir='ltr'><strong>Proﬂucre,</strong></span> <span class='ocrx_word' id='word_1_597' title='bbox 3383 3612 3452 3666; x_wconf 90' lang='lat' dir='ltr'><strong>de</strong></span> <span class='ocrx_word' id='word_1_598' title='bbox 3490 3613 3734 3667; x_wconf 89' lang='lat' dir='ltr'><strong>secunda</strong></span> 
     </span>
    </p>
   </div>
   <div class='ocr_carea' id='block_1_78' title="bbox 2149 3704 3728 3779">
    <p class='ocr_par' dir='ltr' id='par_1_78' title="bbox 2149 3704 3728 3779">
     <span class='ocr_line' id='line_1_78' title="bbox 2149 3704 3728 3779; baseline -0.008 -13"><span class='ocrx_word' id='word_1_599' title='bbox 2149 3721 2204 3766; x_wconf 80' lang='lat' dir='ltr'><strong>et</strong></span> <span class='ocrx_word' id='word_1_600' title='bbox 2237 3709 2524 3779; x_wconf 90' lang='lat' dir='ltr'><strong>temporali</strong></span> <span class='ocrx_word' id='word_1_601' title='bbox 2564 3709 2918 3778; x_wconf 90' lang='lat' dir='ltr'><strong>processione</strong></span> <span class='ocrx_word' id='word_1_602' title='bbox 2958 3713 3114 3776; x_wconf 92' lang='lat' dir='ltr'><strong>putet</strong></span> <span class='ocrx_word' id='word_1_603' title='bbox 3148 3705 3238 3758; x_wconf 92' lang='lat' dir='ltr'><strong>hic</strong></span> <span class='ocrx_word' id='word_1_604' title='bbox 3278 3705 3448 3757; x_wconf 83' lang='lat' dir='ltr'><strong>fuisse</strong></span> <span class='ocrx_word' id='word_1_605' title='bbox 3487 3704 3728 3767; x_wconf 88' lang='lat' dir='ltr'><strong>dictum;</strong></span> 
     </span>
    </p>
   </div>
   <div class='ocr_carea' id='block_1_79' title="bbox 2151 3789 3730 3876">
    <p class='ocr_par' dir='ltr' id='par_1_79' title="bbox 2151 3789 3730 3876">
     <span class='ocr_line' id='line_1_79' title="bbox 2151 3789 3730 3876; baseline -0.005 -16"><span class='ocrx_word' id='word_1_606' title='bbox 2151 3807 2327 3876; x_wconf 91' lang='lat' dir='ltr'><strong>primo</strong></span> <span class='ocrx_word' id='word_1_607' title='bbox 2371 3803 2592 3873; x_wconf 88' lang='lat' dir='ltr'><strong>quidem</strong></span> <span class='ocrx_word' id='word_1_608' title='bbox 2653 3803 2809 3870; x_wconf 86' lang='lat' dir='ltr'><strong>sciat,</strong></span> <span class='ocrx_word' id='word_1_609' title='bbox 2868 3801 3014 3873; x_wconf 90' lang='lat' dir='ltr'><strong>quod</strong></span> <span class='ocrx_word' id='word_1_610' title='bbox 3054 3815 3163 3855; x_wconf 89' lang='lat' dir='ltr'><strong>non</strong></span> <span class='ocrx_word' id='word_1_611' title='bbox 3191 3807 3276 3854; x_wconf 90' lang='lat' dir='ltr'><strong>est</strong></span> <span class='ocrx_word' id='word_1_612' title='bbox 3313 3799 3401 3853; x_wconf 90' lang='lat' dir='ltr'><strong>hic</strong></span> <span class='ocrx_word' id='word_1_613' title='bbox 3427 3814 3606 3852; x_wconf 76' lang='lat' dir='ltr'><strong>sermo</strong></span> <span class='ocrx_word' id='word_1_614' title='bbox 3661 3789 3730 3852; x_wconf 82' lang='lat' dir='ltr'><strong>de</strong></span> 
     </span>
    </p>
   </div>
   <div class='ocr_carea' id='block_1_80' title="bbox 2151 3888 3725 3958">
    <p class='ocr_par' dir='ltr' id='par_1_80' title="bbox 2151 3888 3725 3958">
     <span class='ocr_line' id='line_1_80' title="bbox 2151 3888 3725 3958; baseline -0.008 -7"><span class='ocrx_word' id='word_1_615' title='bbox 2151 3897 2540 3952; x_wconf 89' lang='lat' dir='ltr'><strong>distributione</strong></span> <span class='ocrx_word' id='word_1_616' title='bbox 2590 3895 2864 3949; x_wconf 91' lang='lat' dir='ltr'><strong>donorum</strong></span> <span class='ocrx_word' id='word_1_617' title='bbox 2918 3902 2974 3947; x_wconf 91' lang='lat' dir='ltr'><strong>et</strong></span> <span class='ocrx_word' id='word_1_618' title='bbox 3016 3893 3407 3947; x_wconf 90' lang='lat' dir='ltr'><strong>charismatum</strong></span> <span class='ocrx_word' id='word_1_619' title='bbox 3462 3888 3725 3958; x_wconf 72' lang='lat' dir='ltr'><strong>Spiritus,</strong></span> 
     </span>
    </p>
   </div>
   <div class='ocr_carea' id='block_1_81' title="bbox 2150 3980 3722 4058">
    <p class='ocr_par' dir='ltr' id='par_1_81' title="bbox 2150 3980 3722 4058">
     <span class='ocr_line' id='line_1_81' title="bbox 2150 3980 3722 4058; baseline -0.006 -15"><span class='ocrx_word' id='word_1_620' title='bbox 2150 3989 2243 4043; x_wconf 88' lang='lat' dir='ltr'><strong>sed</strong></span> <span class='ocrx_word' id='word_1_621' title='bbox 2266 3989 2333 4043; x_wconf 90' lang='lat' dir='ltr'><strong>de</strong></span> <span class='ocrx_word' id='word_1_622' title='bbox 2365 3988 2482 4058; x_wconf 87' lang='lat' dir='ltr'><strong>ipsa</strong></span> <span class='ocrx_word' id='word_1_623' title='bbox 2505 3987 2626 4056; x_wconf 85' lang='lat' dir='ltr'><strong>ejus</strong></span> <span class='ocrx_word' id='word_1_624' title='bbox 2659 3983 2960 4056; x_wconf 82' lang='lat' dir='ltr'><strong>hypostasi.</strong></span> <span class='ocrx_word' id='word_1_625' title='bbox 2995 3983 3200 4038; x_wconf 88' lang='lat' dir='ltr'><strong>Deinde</strong></span> <span class='ocrx_word' id='word_1_626' title='bbox 3241 3983 3366 4048; x_wconf 92' lang='lat' dir='ltr'><strong>hoc,</strong></span> <span class='ocrx_word' id='word_1_627' title='bbox 3421 3980 3722 4045; x_wconf 88' lang='lat' dir='ltr'><strong>Proﬂuere,</strong></span> 
     </span>
    </p>
   </div>
   <div class='ocr_carea' id='block_1_82' title="bbox 2149 4072 3730 4146">
    <p class='ocr_par' dir='ltr' id='par_1_82' title="bbox 2149 4072 3730 4146">
     <span class='ocr_line' id='line_1_82' title="bbox 2149 4072 3730 4146; baseline -0.007 -13"><span class='ocrx_word' id='word_1_628' title='bbox 2149 4091 2368 4146; x_wconf 88' lang='lat' dir='ltr'><strong>semper</strong></span> <span class='ocrx_word' id='word_1_629' title='bbox 2399 4075 2646 4145; x_wconf 89' lang='lat' dir='ltr'><strong>reperies</strong></span> <span class='ocrx_word' id='word_1_630' title='bbox 2679 4073 2822 4143; x_wconf 90' lang='lat' dir='ltr'><strong>apud</strong></span> <span class='ocrx_word' id='word_1_631' title='bbox 2863 4073 3011 4126; x_wconf 90' lang='lat' dir='ltr'><strong>hunc</strong></span> <span class='ocrx_word' id='word_1_632' title='bbox 3050 4072 3330 4126; x_wconf 88' lang='lat' dir='ltr'><strong>doctorem</strong></span> <span class='ocrx_word' id='word_1_633' title='bbox 3374 4087 3493 4140; x_wconf 89' lang='lat' dir='ltr'><strong>pro,</strong></span> <span class='ocrx_word' id='word_1_634' title='bbox 3525 4072 3730 4126; x_wconf 84' lang='lat' dir='ltr'><strong>Proce-</strong></span> 
     </span>
    </p>
   </div>
   <div class='ocr_carea' id='block_1_83' title="bbox 2149 4161 3729 4234">
    <p class='ocr_par' dir='ltr' id='par_1_83' title="bbox 2149 4161 3729 4234">
     <span class='ocr_line' id='line_1_83' title="bbox 2149 4161 3729 4234; baseline -0.006 -11"><span class='ocrx_word' id='word_1_635' title='bbox 2149 4167 2302 4223; x_wconf 89' lang='lat' dir='ltr'><strong>derc.</strong></span> <span class='ocrx_word' id='word_1_636' title='bbox 2334 4166 2553 4222; x_wconf 88' lang='lat' dir='ltr'><strong>Etenim</strong></span> <span class='ocrx_word' id='word_1_637' title='bbox 2587 4175 2703 4220; x_wconf 90' lang='lat' dir='ltr'><strong>tum</strong></span> <span class='ocrx_word' id='word_1_638' title='bbox 2737 4163 2791 4218; x_wconf 90' lang='lat' dir='ltr'><strong>in</strong></span> <span class='ocrx_word' id='word_1_639' title='bbox 2824 4165 3168 4234; x_wconf 79' lang='lat' dir='ltr'><strong>expositione</strong></span> <span class='ocrx_word' id='word_1_640' title='bbox 3201 4162 3468 4233; x_wconf 84' lang='lat' dir='ltr'><strong>Symboli,</strong></span> <span class='ocrx_word' id='word_1_641' title='bbox 3503 4161 3729 4232; x_wconf 90' lang='lat' dir='ltr'><strong>proﬂuit</strong></span> 
     </span>
    </p>
   </div>
   <div class='ocr_carea' id='block_1_84' title="bbox 2149 4254 3732 4330">
    <p class='ocr_par' dir='ltr' id='par_1_84' title="bbox 2149 4254 3732 4330">
     <span class='ocr_line' id='line_1_84' title="bbox 2149 4254 3732 4330; baseline -0.004 -18"><span class='ocrx_word' id='word_1_642' title='bbox 2149 4257 2392 4330; x_wconf 88' lang='lat' dir='ltr'><strong>quidem,</strong></span> <span class='ocrx_word' id='word_1_643' title='bbox 2437 4256 2638 4328; x_wconf 88' lang='lat' dir='ltr'><strong>inquit,</strong></span> <span class='ocrx_word' id='word_1_644' title='bbox 2688 4257 2792 4311; x_wconf 91' lang='lat' dir='ltr'><strong>hoc</strong></span> <span class='ocrx_word' id='word_1_645' title='bbox 2826 4255 3262 4330; x_wconf 75' lang='lat' dir='ltr'><strong>cst,_proccdit:</strong></span> <span class='ocrx_word' id='word_1_646' title='bbox 3315 4263 3428 4309; x_wconf 91' lang='lat' dir='ltr'><strong>tum</strong></span> <span class='ocrx_word' id='word_1_647' title='bbox 3470 4254 3524 4308; x_wconf 88' lang='lat' dir='ltr'><strong>in</strong></span> <span class='ocrx_word' id='word_1_648' title='bbox 3575 4262 3732 4307; x_wconf 84' lang='lat' dir='ltr'><strong>sexto</strong></span> 
     </span>
    </p>
   </div>
   <div class='ocr_carea' id='block_1_85' title="bbox 2150 4327 3730 4421">
    <p class='ocr_par' dir='ltr' id='par_1_85' title="bbox 2150 4327 3730 4421">
     <span class='ocr_line' id='line_1_85' title="bbox 2150 4327 3730 4421; baseline -0.008 -13"><span class='ocrx_word' id='word_1_649' title='bbox 2150 4327 2217 4408; x_wconf 77' lang='lat' dir='ltr'><strong>ad</strong></span> <span class='ocrx_word' id='word_1_650' title='bbox 2267 4327 2566 4419; x_wconf 80' lang='lat' dir='ltr'><strong>Hermiam,</strong></span> <span class='ocrx_word' id='word_1_651' title='bbox 2625 4360 2683 4406; x_wconf 93' lang='lat' dir='ltr'><strong>ct</strong></span> <span class='ocrx_word' id='word_1_652' title='bbox 2719 4327 2986 4421; x_wconf 78' lang='lat' dir='ltr'><strong>Spiritum</strong></span> <span class='ocrx_word' id='word_1_653' title='bbox 3038 4348 3259 4418; x_wconf 89' lang='lat' dir='ltr'><strong>quidem</strong></span> <span class='ocrx_word' id='word_1_654' title='bbox 3307 4348 3554 4402; x_wconf 84' lang='lat' dir='ltr'><strong>veritatis</strong></span> <span class='ocrx_word' id='word_1_655' title='bbox 3603 4362 3730 4400; x_wconf 86' lang='lat' dir='ltr'><strong>eum</strong></span> 
     </span>
    </p>
   </div>
   <div class='ocr_carea' id='block_1_86' title="bbox 2149 4438 3729 4514">
    <p class='ocr_par' dir='ltr' id='par_1_86' title="bbox 2149 4438 3729 4514">
     <span class='ocr_line' id='line_1_86' title="bbox 2149 4438 3729 4514; baseline -0.004 -16"><span class='ocrx_word' id='word_1_656' title='bbox 2149 4444 2418 4512; x_wconf 89' lang='lat' dir='ltr'><strong>nominat,</strong></span> <span class='ocrx_word' id='word_1_657' title='bbox 2469 4442 2742 4514; x_wconf 90' lang='lat' dir='ltr'><strong>proﬂuere</strong></span> <span class='ocrx_word' id='word_1_658' title='bbox 2779 4450 2960 4497; x_wconf 89' lang='lat' dir='ltr'><strong>autem</strong></span> <span class='ocrx_word' id='word_1_659' title='bbox 2994 4455 3062 4495; x_wconf 82' lang='lat' dir='ltr'><strong>ex</strong></span> <span class='ocrx_word' id='word_1_660' title='bbox 3116 4441 3232 4511; x_wconf 91' lang='lat' dir='ltr'><strong>ipso</strong></span> <span class='ocrx_word' id='word_1_661' title='bbox 3278 4440 3476 4495; x_wconf 87' lang='lat' dir='ltr'><strong>asserit</strong></span> <span class='ocrx_word' id='word_1_662' title='bbox 3533 4438 3729 4504; x_wconf 85' lang='lat' dir='ltr'><strong>Patre,</strong></span> 
     </span>
    </p>
   </div>
   <div class='ocr_carea' id='block_1_87' title="bbox 467 4533 3782 4614">
    <p class='ocr_par' dir='ltr' id='par_1_87' title="bbox 467 4533 3782 4614">
     <span class='ocr_line' id='line_1_87' title="bbox 467 4533 3782 4614; baseline -0.005 -11"><span class='ocrx_word' id='word_1_663' title='bbox 467 4548 686 4604; x_wconf 76' lang='lat' dir='ltr'><strong>alienus</strong></span> <span class='ocrx_word' id='word_1_664' title='bbox 713 4563 743 4602; x_wconf 92' lang='lat' dir='ltr'><strong>a</strong></span> <span class='ocrx_word' id='word_1_665' title='bbox 785 4545 963 4612; x_wconf 88' lang='lat' dir='ltr'><strong>Filio;</strong></span> <span class='ocrx_word' id='word_1_666' title='bbox 993 4545 1174 4600; x_wconf 90' lang='lat' dir='ltr'><strong>omnia</strong></span> <span class='ocrx_word' id='word_1_667' title='bbox 1223 4533 1458 4614; x_wconf 82' lang='lat' dir='ltr'><strong>namque</strong></span> <span class='ocrx_word' id='word_1_668' title='bbox 1498 4558 1619 4596; x_wconf 86' lang='lat' dir='ltr'><strong>eum</strong></span> <span class='ocrx_word' id='word_1_669' title='bbox 1650 4542 1810 4598; x_wconf 85' lang='lat' dir='ltr'><strong>Patre</strong></span> <span class='ocrx_word' id='word_1_670' title='bbox 1859 4543 2046 4598; x_wconf 87' lang='lat' dir='ltr'><strong>habet.</strong></span> <span class='ocrx_word' id='word_1_671' title='bbox 2080 4541 2123 4598; x_wconf 77' lang='grc' dir='ltr'><strong>Β</strong></span> <span class='ocrx_word' id='word_1_672' title='bbox 2155 4547 2268 4593; x_wconf 92' lang='lat' dir='ltr'><strong>tum</strong></span> <span class='ocrx_word' id='word_1_673' title='bbox 2296 4537 2457 4592; x_wconf 90' lang='lat' dir='ltr'><strong>etiam</strong></span> <span class='ocrx_word' id='word_1_674' title='bbox 2490 4536 2770 4607; x_wconf 88' lang='lat' dir='ltr'><strong>plerisque</strong></span> <span class='ocrx_word' id='word_1_675' title='bbox 2808 4535 2932 4590; x_wconf 87' lang='lat' dir='ltr'><strong>aliis</strong></span> <span class='ocrx_word' id='word_1_676' title='bbox 2963 4535 3018 4590; x_wconf 93' lang='lat' dir='ltr'><strong>in</strong></span> <span class='ocrx_word' id='word_1_677' title='bbox 3056 4535 3195 4590; x_wconf 87' lang='lat' dir='ltr'><strong>locis</strong></span> <span class='ocrx_word' id='word_1_678' title='bbox 3229 4535 3372 4590; x_wconf 82' lang='lat' dir='ltr'><strong>idem</strong></span> <span class='ocrx_word' id='word_1_679' title='bbox 3405 4533 3562 4589; x_wconf 88' lang='lat' dir='ltr'><strong>dicit.</strong></span> <span class='ocrx_word' id='word_1_680' title='bbox 3587 4533 3730 4588; x_wconf 89' lang='lat' dir='ltr'><strong>lllud</strong></span> <span class='ocrx_word' id='word_1_681' title='bbox 3779 4591 3782 4600; x_wconf 61' lang='grc'><strong><em>,</em></strong></span> 
     </span>
    </p>
   </div>
   <div class='ocr_carea' id='block_1_88' title="bbox 473 4634 2049 4710">
    <p class='ocr_par' dir='ltr' id='par_1_88' title="bbox 473 4634 2049 4710">
     <span class='ocr_line' id='line_1_88' title="bbox 473 4634 2049 4710; baseline -0.004 -14"><span class='ocrx_word' id='word_1_682' title='bbox 473 4643 541 4696; x_wconf 88' lang='lat' dir='ltr'><strong>Et</strong></span> <span class='ocrx_word' id='word_1_683' title='bbox 574 4641 681 4696; x_wconf 87' lang='lat' dir='ltr'><strong>hoc</strong></span> <span class='ocrx_word' id='word_1_684' title='bbox 711 4640 943 4710; x_wconf 89' lang='lat' dir='ltr'><strong>ipsemet</strong></span> <span class='ocrx_word' id='word_1_685' title='bbox 982 4639 1188 4704; x_wconf 91' lang='lat' dir='ltr'><strong>docuit,</strong></span> <span class='ocrx_word' id='word_1_686' title='bbox 1224 4637 1415 4692; x_wconf 91' lang='lat' dir='ltr'><strong>dicens</strong></span> <span class='ocrx_word' id='word_1_687' title='bbox 1445 4637 1513 4691; x_wconf 88' lang='lat' dir='ltr'><strong>de</strong></span> <span class='ocrx_word' id='word_1_688' title='bbox 1550 4634 1761 4706; x_wconf 90' lang='lat' dir='ltr'><strong>Spiritu</strong></span> <span class='ocrx_word' id='word_1_689' title='bbox 1816 4646 2049 4692; x_wconf 89' lang='lat' dir='ltr'><strong>sancto:</strong></span> 
     </span>
    </p>
   </div>
   <div class='ocr_carea' id='block_1_89' title="bbox 470 4728 2053 4804">
    <p class='ocr_par' dir='ltr' id='par_1_89' title="bbox 470 4728 2053 4804">
     <span class='ocr_line' id='line_1_89' title="bbox 470 4728 2053 4804; baseline -0.005 -13"><span class='ocrx_word' id='word_1_690' title='bbox 470 4735 662 4792; x_wconf 83' lang='lat' dir='ltr'><strong>Omnia</strong></span> <span class='ocrx_word' id='word_1_691' title='bbox 716 4747 1038 4804; x_wconf 64' lang='lat' dir='ltr'><strong>qua&#39;cunque</strong></span> <span class='ocrx_word' id='word_1_692' title='bbox 1081 4731 1232 4785; x_wconf 81' lang='lat' dir='ltr'><strong>habet</strong></span> <span class='ocrx_word' id='word_1_693' title='bbox 1297 4728 1480 4795; x_wconf 84' lang='lat' dir='ltr'><strong>Pater,</strong></span> <span class='ocrx_word' id='word_1_694' title='bbox 1543 4744 1662 4782; x_wconf 77' lang='lat' dir='ltr'><strong>nica</strong></span> <span class='ocrx_word' id='word_1_695' title='bbox 1706 4738 1879 4783; x_wconf 75' lang='lat' dir='ltr'><strong>sunt:</strong></span> <span class='ocrx_word' id='word_1_696' title='bbox 1928 4728 2053 4783; x_wconf 86' lang='lat' dir='ltr'><strong>ideo</strong></span> 
     </span>
    </p>
   </div>
   <div class='ocr_carea' id='block_1_90' title="bbox 471 4819 2050 4899">
    <p class='ocr_par' dir='ltr' id='par_1_90' title="bbox 471 4819 2050 4899">
     <span class='ocr_line' id='line_1_90' title="bbox 471 4819 2050 4899; baseline -0.005 -19"><span class='ocrx_word' id='word_1_697' title='bbox 471 4827 616 4882; x_wconf 82' lang='lat' dir='ltr'><strong>dixit</strong></span> <span class='ocrx_word' id='word_1_698' title='bbox 645 4825 838 4880; x_wconf 81' lang='lat' dir='ltr'><strong>vobis:</strong></span> <span class='ocrx_word' id='word_1_699' title='bbox 879 4822 960 4877; x_wconf 80' lang='lat' dir='ltr'><strong>Ea:</strong></span> <span class='ocrx_word' id='word_1_700' title='bbox 999 4837 1110 4876; x_wconf 86' lang='lat' dir='ltr'><strong>meo</strong></span> <span class='ocrx_word' id='word_1_701' title='bbox 1149 4821 1402 4890; x_wconf 84' lang='lat' dir='ltr'><strong>accipiet,</strong></span> <span class='ocrx_word' id='word_1_702' title='bbox 1438 4829 1486 4874; x_wconf 85' lang='lat' dir='ltr'><strong>et</strong></span> <span class='ocrx_word' id='word_1_703' title='bbox 1525 4819 1862 4899; x_wconf 78' lang='lat' dir='ltr'><strong>annuntiabit</strong></span> <span class='ocrx_word' id='word_1_704' title='bbox 1890 4819 2050 4872; x_wconf 80' lang='lat' dir='ltr'><strong>vobis.</strong></span> 
     </span>
    </p>
   </div>
   <div class='ocr_carea' id='block_1_91' title="bbox 475 4909 2054 4982">
    <p class='ocr_par' dir='ltr' id='par_1_91' title="bbox 475 4909 2054 4982">
     <span class='ocr_line' id='line_1_91' title="bbox 475 4909 2054 4982; baseline -0.007 -8"><span class='ocrx_word' id='word_1_705' title='bbox 475 4918 611 4975; x_wconf 85' lang='lat' dir='ltr'><strong>Nam</strong></span> <span class='ocrx_word' id='word_1_706' title='bbox 650 4916 752 4972; x_wconf 90' lang='lat' dir='ltr'><strong>etsi</strong></span> <span class='ocrx_word' id='word_1_707' title='bbox 782 4931 812 4969; x_wconf 89' lang='lat' dir='ltr'><strong>a</strong></span> <span class='ocrx_word' id='word_1_708' title='bbox 841 4913 1022 4979; x_wconf 86' lang='lat' dir='ltr'><strong>Patre,</strong></span> <span class='ocrx_word' id='word_1_709' title='bbox 1057 4913 1252 4982; x_wconf 88' lang='lat' dir='ltr'><strong>inquit,</strong></span> <span class='ocrx_word' id='word_1_710' title='bbox 1285 4909 1584 4981; x_wconf 87' lang='lat' dir='ltr'><strong>procedere</strong></span> <span class='ocrx_word' id='word_1_711' title='bbox 1625 4909 1891 4977; x_wconf 90' lang='lat' dir='ltr'><strong>Spiritum</strong></span> <span class='ocrx_word' id='word_1_712' title='bbox 1925 4924 2054 4964; x_wconf 89' lang='lat' dir='ltr'><strong>san-</strong></span> 
     </span>
    </p>
   </div>
   <div class='ocr_carea' id='block_1_92' title="bbox 473 5001 2052 5069">
    <p class='ocr_par' dir='ltr' id='par_1_92' title="bbox 473 5001 2052 5069">
     <span class='ocr_line' id='line_1_92' title="bbox 473 5001 2052 5069; baseline -0.006 -4"><span class='ocrx_word' id='word_1_713' title='bbox 473 5020 626 5065; x_wconf 91' lang='lat' dir='ltr'><strong>ctum</strong></span> <span class='ocrx_word' id='word_1_714' title='bbox 672 5007 924 5062; x_wconf 83' lang='lat' dir='ltr'><strong>Salvator</strong></span> <span class='ocrx_word' id='word_1_715' title='bbox 969 5004 1144 5069; x_wconf 84' lang='lat' dir='ltr'><strong>dixit,</strong></span> <span class='ocrx_word' id='word_1_716' title='bbox 1179 5018 1290 5057; x_wconf 91' lang='lat' dir='ltr'><strong>non</strong></span> <span class='ocrx_word' id='word_1_717' title='bbox 1329 5003 1512 5056; x_wconf 90' lang='lat' dir='ltr'><strong>minus</strong></span> <span class='ocrx_word' id='word_1_718' title='bbox 1548 5011 1727 5056; x_wconf 89' lang='lat' dir='ltr'><strong>tamen</strong></span> <span class='ocrx_word' id='word_1_719' title='bbox 1769 5009 1857 5054; x_wconf 88' lang='lat' dir='ltr'><strong>est</strong></span> <span class='ocrx_word' id='word_1_720' title='bbox 1886 5001 2052 5055; x_wconf 84' lang='lat' dir='ltr'><strong>etiam</strong></span> 
     </span>
    </p>
   </div>
   <div class='ocr_carea' id='block_1_93' title="bbox 472 5089 2052 5159">
    <p class='ocr_par' dir='ltr' id='par_1_93' title="bbox 472 5089 2052 5159">
     <span class='ocr_line' id='line_1_93' title="bbox 472 5089 2052 5159; baseline -0.005 -7"><span class='ocrx_word' id='word_1_721' title='bbox 472 5097 638 5152; x_wconf 80' lang='lat' dir='ltr'><strong>Filii:</strong></span> <span class='ocrx_word' id='word_1_722' title='bbox 688 5104 771 5150; x_wconf 88' lang='lat' dir='ltr'><strong>est</strong></span> <span class='ocrx_word' id='word_1_723' title='bbox 811 5100 992 5147; x_wconf 87' lang='lat' dir='ltr'><strong>autem</strong></span> <span class='ocrx_word' id='word_1_724' title='bbox 1047 5090 1190 5156; x_wconf 89' lang='lat' dir='ltr'><strong>Filii,</strong></span> <span class='ocrx_word' id='word_1_725' title='bbox 1252 5089 1716 5159; x_wconf 89' lang='lat' dir='ltr'><strong>quemadmodum</strong></span> <span class='ocrx_word' id='word_1_726' title='bbox 1757 5097 1814 5143; x_wconf 89' lang='lat' dir='ltr'><strong>et</strong></span> <span class='ocrx_word' id='word_1_727' title='bbox 1855 5089 2052 5144; x_wconf 84' lang='lat' dir='ltr'><strong>Patris.</strong></span> 
     </span>
    </p>
   </div>
   <div class='ocr_carea' id='block_1_94' title="bbox 474 5179 2054 5257">
    <p class='ocr_par' dir='ltr' id='par_1_94' title="bbox 474 5179 2054 5257">
     <span class='ocr_line' id='line_1_94' title="bbox 474 5179 2054 5257; baseline -0.008 -13"><span class='ocrx_word' id='word_1_728' title='bbox 474 5187 741 5257; x_wconf 83' lang='lat' dir='ltr'><strong>Superius</strong></span> <span class='ocrx_word' id='word_1_729' title='bbox 767 5198 1004 5252; x_wconf 87' lang='lat' dir='ltr'><strong>namque</strong></span> <span class='ocrx_word' id='word_1_730' title='bbox 1033 5182 1173 5236; x_wconf 86' lang='lat' dir='ltr'><strong>dixit</strong></span> <span class='ocrx_word' id='word_1_731' title='bbox 1209 5197 1223 5234; x_wconf 90' lang='lat'><strong>:</strong></span> <span class='ocrx_word' id='word_1_732' title='bbox 1249 5180 1380 5234; x_wconf 91' lang='lat' dir='ltr'><strong>Erat</strong></span> <span class='ocrx_word' id='word_1_733' title='bbox 1421 5195 1655 5248; x_wconf 88' lang='lat' dir='ltr'><strong>namque</strong></span> <span class='ocrx_word' id='word_1_734' title='bbox 1681 5186 1736 5233; x_wconf 87' lang='lat' dir='ltr'><strong>et</strong></span> <span class='ocrx_word' id='word_1_735' title='bbox 1761 5188 1847 5232; x_wconf 89' lang='lat' dir='ltr'><strong>est</strong></span> <span class='ocrx_word' id='word_1_736' title='bbox 1876 5179 2054 5248; x_wconf 88' lang='lat' dir='ltr'><strong>Spiri-</strong></span> 
     </span>
    </p>
   </div>
   <div class='ocr_carea' id='block_1_95' title="bbox 476 5271 2051 5349">
    <p class='ocr_par' dir='ltr' id='par_1_95' title="bbox 476 5271 2051 5349">
     <span class='ocr_line' id='line_1_95' title="bbox 476 5271 2051 5349; baseline -0.006 -14"><span class='ocrx_word' id='word_1_737' title='bbox 476 5295 564 5335; x_wconf 87' lang='lat' dir='ltr'><strong>tus</strong></span> <span class='ocrx_word' id='word_1_738' title='bbox 612 5279 751 5349; x_wconf 90' lang='lat' dir='ltr'><strong>ejus,</strong></span> <span class='ocrx_word' id='word_1_739' title='bbox 807 5276 954 5332; x_wconf 90' lang='lat' dir='ltr'><strong>sicut</strong></span> <span class='ocrx_word' id='word_1_740' title='bbox 1013 5283 1070 5329; x_wconf 90' lang='lat' dir='ltr'><strong>et</strong></span> <span class='ocrx_word' id='word_1_741' title='bbox 1117 5273 1340 5329; x_wconf 85' lang='lat' dir='ltr'><strong>Patris:</strong></span> <span class='ocrx_word' id='word_1_742' title='bbox 1382 5282 1440 5327; x_wconf 87' lang='lat' dir='ltr'><strong>et</strong></span> <span class='ocrx_word' id='word_1_743' title='bbox 1479 5287 1590 5327; x_wconf 91' lang='lat' dir='ltr'><strong>non</strong></span> <span class='ocrx_word' id='word_1_744' title='bbox 1642 5271 1811 5342; x_wconf 86' lang='lat' dir='ltr'><strong>magis</strong></span> <span class='ocrx_word' id='word_1_745' title='bbox 1854 5271 2051 5339; x_wconf 82' lang='lat' dir='ltr'><strong>Patris,</strong></span> 
     </span>
    </p>
   </div>
   <div class='ocr_carea' id='block_1_96' title="bbox 477 5365 2052 5437">
    <p class='ocr_par' dir='ltr' id='par_1_96' title="bbox 477 5365 2052 5437">
     <span class='ocr_line' id='line_1_96' title="bbox 477 5365 2052 5437; baseline -0.004 -9"><span class='ocrx_word' id='word_1_746' title='bbox 477 5377 661 5430; x_wconf 88' lang='lat' dir='ltr'><strong>minus</strong></span> <span class='ocrx_word' id='word_1_747' title='bbox 686 5371 830 5437; x_wconf 86' lang='lat' dir='ltr'><strong>Filii,</strong></span> <span class='ocrx_word' id='word_1_748' title='bbox 858 5368 954 5425; x_wconf 88' lang='lat' dir='ltr'><strong>sed</strong></span> <span class='ocrx_word' id='word_1_749' title='bbox 989 5368 1244 5422; x_wconf 91' lang='lat' dir='ltr'><strong>similiter</strong></span> <span class='ocrx_word' id='word_1_750' title='bbox 1273 5367 1584 5422; x_wconf 89' lang='lat' dir='ltr'><strong>amborum.</strong></span> <span class='ocrx_word' id='word_1_751' title='bbox 1607 5365 1721 5420; x_wconf 85' lang='lat' dir='ltr'><strong>[loc</strong></span> <span class='ocrx_word' id='word_1_752' title='bbox 1749 5381 1881 5420; x_wconf 87' lang='lat' dir='ltr'><strong>vero</strong></span> <span class='ocrx_word' id='word_1_753' title='bbox 1915 5366 2052 5422; x_wconf 91' lang='lat' dir='ltr'><strong>nihil</strong></span> 
     </span>
    </p>
   </div>
   <div class='ocr_carea' id='block_1_97' title="bbox 473 5454 2050 5532">
    <p class='ocr_par' dir='ltr' id='par_1_97' title="bbox 473 5454 2050 5532">
     <span class='ocr_line' id='line_1_97' title="bbox 473 5454 2050 5532; baseline -0.008 -11"><span class='ocrx_word' id='word_1_754' title='bbox 473 5465 622 5521; x_wconf 86' lang='lat' dir='ltr'><strong>aliud</strong></span> <span class='ocrx_word' id='word_1_755' title='bbox 652 5473 754 5532; x_wconf 92' lang='lat' dir='ltr'><strong>est,</strong></span> <span class='ocrx_word' id='word_1_756' title='bbox 782 5462 885 5518; x_wconf 91' lang='lat' dir='ltr'><strong>nisi</strong></span> <span class='ocrx_word' id='word_1_757' title='bbox 910 5479 925 5517; x_wconf 91' lang='lat'><strong>:</strong></span> <span class='ocrx_word' id='word_1_758' title='bbox 954 5458 1425 5527; x_wconf 88' lang='lat' dir='ltr'><strong>Quemadmodum</strong></span> <span class='ocrx_word' id='word_1_759' title='bbox 1461 5464 1544 5512; x_wconf 92' lang='lat' dir='ltr'><strong>est</strong></span> <span class='ocrx_word' id='word_1_760' title='bbox 1575 5454 1813 5526; x_wconf 91' lang='lat' dir='ltr'><strong>Spiritus</strong></span> <span class='ocrx_word' id='word_1_761' title='bbox 1854 5456 2050 5523; x_wconf 88' lang='lat' dir='ltr'><strong>Patris,</strong></span> 
     </span>
    </p>
   </div>
   <div class='ocr_carea' id='block_1_98' title="bbox 477 5545 2052 5626">
    <p class='ocr_par' dir='ltr' id='par_1_98' title="bbox 477 5545 2052 5626">
     <span class='ocr_line' id='line_1_98' title="bbox 477 5545 2052 5626; baseline -0.006 -15"><span class='ocrx_word' id='word_1_762' title='bbox 477 5545 737 5626; x_wconf 86' lang='lat' dir='ltr'><strong>tanquam</strong></span> <span class='ocrx_word' id='word_1_763' title='bbox 775 5571 842 5611; x_wconf 84' lang='lat' dir='ltr'><strong>ex</strong></span> <span class='ocrx_word' id='word_1_764' title='bbox 893 5569 961 5609; x_wconf 90' lang='lat' dir='ltr'><strong>eo</strong></span> <span class='ocrx_word' id='word_1_765' title='bbox 1014 5551 1338 5622; x_wconf 89' lang='lat' dir='ltr'><strong>procedens,</strong></span> <span class='ocrx_word' id='word_1_766' title='bbox 1379 5550 1453 5604; x_wconf 88' lang='lat' dir='ltr'><strong>ita</strong></span> <span class='ocrx_word' id='word_1_767' title='bbox 1483 5549 1694 5604; x_wconf 89' lang='lat' dir='ltr'><strong>scilicet</strong></span> <span class='ocrx_word' id='word_1_768' title='bbox 1721 5547 1885 5602; x_wconf 87' lang='lat' dir='ltr'><strong>etiam</strong></span> <span class='ocrx_word' id='word_1_769' title='bbox 1931 5547 2052 5602; x_wconf 87' lang='lat' dir='ltr'><strong>Filii</strong></span> 
     </span>
    </p>
   </div>
   <div class='ocr_carea' id='block_1_99' title="bbox 475 5640 2054 5718">
    <p class='ocr_par' dir='ltr' id='par_1_99' title="bbox 475 5640 2054 5718">
     <span class='ocr_line' id='line_1_99' title="bbox 475 5640 2054 5718; baseline -0.006 -15"><span class='ocrx_word' id='word_1_770' title='bbox 475 5658 579 5715; x_wconf 89' lang='lat' dir='ltr'><strong>est,</strong></span> <span class='ocrx_word' id='word_1_771' title='bbox 637 5656 896 5718; x_wconf 88' lang='lat' dir='ltr'><strong>tanquam</strong></span> <span class='ocrx_word' id='word_1_772' title='bbox 964 5662 1030 5700; x_wconf 85' lang='lat' dir='ltr'><strong>cx</strong></span> <span class='ocrx_word' id='word_1_773' title='bbox 1059 5661 1126 5701; x_wconf 92' lang='lat' dir='ltr'><strong>eo</strong></span> <span class='ocrx_word' id='word_1_774' title='bbox 1175 5659 1270 5714; x_wconf 90' lang='lat' dir='ltr'><strong>per</strong></span> <span class='ocrx_word' id='word_1_775' title='bbox 1326 5657 1454 5698; x_wconf 90' lang='lat' dir='ltr'><strong>eum</strong></span> <span class='ocrx_word' id='word_1_776' title='bbox 1499 5640 1822 5710; x_wconf 85' lang='lat' dir='ltr'><strong>procedens.</strong></span> <span class='ocrx_word' id='word_1_777' title='bbox 1855 5640 1924 5694; x_wconf 86' lang='lat' dir='ltr'><strong>Et</strong></span> <span class='ocrx_word' id='word_1_778' title='bbox 1950 5640 2054 5694; x_wconf 90' lang='lat' dir='ltr'><strong>hoc</strong></span> 
     </span>
    </p>
   </div>
   <div class='ocr_carea' id='block_1_100' title="bbox 477 5732 2045 5810">
    <p class='ocr_par' dir='ltr' id='par_1_100' title="bbox 477 5732 2045 5810">
     <span class='ocr_line' id='line_1_100' title="bbox 477 5732 2045 5810; baseline -0.008 -16"><span class='ocrx_word' id='word_1_779' title='bbox 477 5741 746 5810; x_wconf 81' lang='lat' dir='ltr'><strong>signiticat</strong></span> <span class='ocrx_word' id='word_1_780' title='bbox 773 5755 896 5793; x_wconf 91' lang='lat' dir='ltr'><strong>cum</strong></span> <span class='ocrx_word' id='word_1_781' title='bbox 928 5739 980 5793; x_wconf 91' lang='lat' dir='ltr'><strong>in</strong></span> <span class='ocrx_word' id='word_1_782' title='bbox 1034 5735 1408 5792; x_wconf 85' lang='lat' dir='ltr'><strong>testimonium</strong></span> <span class='ocrx_word' id='word_1_783' title='bbox 1447 5734 1609 5803; x_wconf 88' lang='lat' dir='ltr'><strong>hujus</strong></span> <span class='ocrx_word' id='word_1_784' title='bbox 1661 5733 1738 5786; x_wconf 87' lang='lat' dir='ltr'><strong>rei</strong></span> <span class='ocrx_word' id='word_1_785' title='bbox 1795 5732 2045 5801; x_wconf 77' lang='lat' dir='ltr'><strong>accipiat,</strong></span> 
     </span>
    </p>
   </div>
   <div class='ocr_carea' id='block_1_101' title="bbox 480 5825 2040 5900">
    <p class='ocr_par' dir='ltr' id='par_1_101' title="bbox 480 5825 2040 5900">
     <span class='ocr_line' id='line_1_101' title="bbox 480 5825 2040 5900; baseline -0.004 -16"><span class='ocrx_word' id='word_1_786' title='bbox 480 5831 622 5900; x_wconf 87' lang='lat' dir='ltr'><strong>quod</strong></span> <span class='ocrx_word' id='word_1_787' title='bbox 651 5831 821 5887; x_wconf 78' lang='lat' dir='ltr'><strong>Filius</strong></span> <span class='ocrx_word' id='word_1_788' title='bbox 855 5831 1034 5886; x_wconf 89' lang='lat' dir='ltr'><strong>omnia</strong></span> <span class='ocrx_word' id='word_1_789' title='bbox 1074 5829 1267 5884; x_wconf 84' lang='lat' dir='ltr'><strong>habeat</strong></span> <span class='ocrx_word' id='word_1_790' title='bbox 1306 5842 1425 5899; x_wconf 80' lang='lat' dir='ltr'><strong>qua:</strong></span> <span class='ocrx_word' id='word_1_791' title='bbox 1459 5837 1511 5880; x_wconf 87' lang='lat' dir='ltr'><strong>et</strong></span> <span class='ocrx_word' id='word_1_792' title='bbox 1553 5826 1731 5893; x_wconf 77' lang='lat' dir='ltr'><strong>Pater,</strong></span> <span class='ocrx_word' id='word_1_793' title='bbox 1778 5833 1826 5879; x_wconf 86' lang='lat' dir='ltr'><strong>ct</strong></span> <span class='ocrx_word' id='word_1_794' title='bbox 1858 5825 2040 5892; x_wconf 82' lang='lat' dir='ltr'><strong>addat,</strong></span> 
     </span>
    </p>
   </div>
   <div class='ocr_carea' id='block_1_102' title="bbox 2153 4623 3732 4698">
    <p class='ocr_par' dir='ltr' id='par_1_102' title="bbox 2153 4623 3732 4698">
     <span class='ocr_line' id='line_1_102' title="bbox 2153 4623 3732 4698; baseline -0.003 -16"><span class='ocrx_word' id='word_1_795' title='bbox 2153 4642 2374 4698; x_wconf 90' lang='lat' dir='ltr'><strong>quoque</strong></span> <span class='ocrx_word' id='word_1_796' title='bbox 2407 4626 2552 4696; x_wconf 91' lang='lat' dir='ltr'><strong>quod</strong></span> <span class='ocrx_word' id='word_1_797' title='bbox 2592 4627 2726 4680; x_wconf 90' lang='lat' dir='ltr'><strong>dicit</strong></span> <span class='ocrx_word' id='word_1_798' title='bbox 2762 4664 2777 4680; x_wconf 95' lang='lat'><strong>.</strong></span> <span class='ocrx_word' id='word_1_799' title='bbox 2810 4623 2982 4680; x_wconf 87' lang='lat' dir='ltr'><strong>Sicuti</strong></span> <span class='ocrx_word' id='word_1_800' title='bbox 3035 4641 3100 4680; x_wconf 85' lang='lat' dir='ltr'><strong>ex</strong></span> <span class='ocrx_word' id='word_1_801' title='bbox 3157 4625 3269 4680; x_wconf 85' lang='lat' dir='ltr'><strong>Deo</strong></span> <span class='ocrx_word' id='word_1_802' title='bbox 3311 4635 3368 4680; x_wconf 91' lang='lat' dir='ltr'><strong>et</strong></span> <span class='ocrx_word' id='word_1_803' title='bbox 3401 4627 3577 4692; x_wconf 90' lang='lat' dir='ltr'><strong>Patre,</strong></span> <span class='ocrx_word' id='word_1_804' title='bbox 3623 4642 3732 4678; x_wconf 80' lang='lat' dir='ltr'><strong>nen</strong></span> 
     </span>
    </p>
   </div>
   <div class='ocr_carea' id='block_1_103' title="bbox 2155 4717 3732 4790">
    <p class='ocr_par' dir='ltr' id='par_1_103' title="bbox 2155 4717 3732 4790">
     <span class='ocr_line' id='line_1_103' title="bbox 2155 4717 3732 4790; baseline -0.005 -15"><span class='ocrx_word' id='word_1_805' title='bbox 2155 4719 2474 4790; x_wconf 89' lang='lat' dir='ltr'><strong>superﬂuit;</strong></span> <span class='ocrx_word' id='word_1_806' title='bbox 2512 4718 2647 4773; x_wconf 88' lang='lat' dir='ltr'><strong>nihil</strong></span> <span class='ocrx_word' id='word_1_807' title='bbox 2681 4717 2828 4773; x_wconf 89' lang='lat' dir='ltr'><strong>enim</strong></span> <span class='ocrx_word' id='word_1_808' title='bbox 2849 4717 2939 4773; x_wconf 90' lang='lat' dir='ltr'><strong>ille</strong></span> <span class='ocrx_word' id='word_1_809' title='bbox 2963 4732 3468 4787; x_wconf 85' lang='lat' dir='ltr'><strong>supervacaneum,</strong></span> <span class='ocrx_word' id='word_1_810' title='bbox 3495 4718 3589 4771; x_wconf 88' lang='lat' dir='ltr'><strong>sed</strong></span> <span class='ocrx_word' id='word_1_811' title='bbox 3615 4735 3732 4769; x_wconf 83' lang='lat' dir='ltr'><strong>mn-</strong></span> 
     </span>
    </p>
   </div>
   <div class='ocr_carea' id='block_1_104' title="bbox 2156 4810 3730 4882">
    <p class='ocr_par' dir='ltr' id='par_1_104' title="bbox 2156 4810 3730 4882">
     <span class='ocr_line' id='line_1_104' title="bbox 2156 4810 3730 4882; baseline -0.004 -12"><span class='ocrx_word' id='word_1_812' title='bbox 2156 4815 2244 4870; x_wconf 89' lang='lat' dir='ltr'><strong>nia</strong></span> <span class='ocrx_word' id='word_1_813' title='bbox 2265 4829 2388 4869; x_wconf 91' lang='lat' dir='ltr'><strong>cum</strong></span> <span class='ocrx_word' id='word_1_814' title='bbox 2414 4827 2610 4882; x_wconf 86' lang='lat' dir='ltr'><strong>magno</strong></span> <span class='ocrx_word' id='word_1_815' title='bbox 2639 4811 2887 4881; x_wconf 88' lang='lat' dir='ltr'><strong>pondere</strong></span> <span class='ocrx_word' id='word_1_816' title='bbox 2917 4810 3083 4877; x_wconf 90' lang='lat' dir='ltr'><strong>dicit;</strong></span> <span class='ocrx_word' id='word_1_817' title='bbox 3107 4819 3163 4864; x_wconf 87' lang='lat' dir='ltr'><strong>et</strong></span> <span class='ocrx_word' id='word_1_818' title='bbox 3193 4811 3268 4865; x_wconf 91' lang='lat' dir='ltr'><strong>ita</strong></span> <span class='ocrx_word' id='word_1_819' title='bbox 3296 4811 3435 4877; x_wconf 85' lang='lat' dir='ltr'><strong>vult,</strong></span> <span class='ocrx_word' id='word_1_820' title='bbox 3464 4811 3730 4881; x_wconf 91' lang='lat' dir='ltr'><strong>Spiritum</strong></span> 
     </span>
    </p>
   </div>
   <div class='ocr_carea' id='block_1_105' title="bbox 2152 4902 3732 4974">
    <p class='ocr_par' dir='ltr' id='par_1_105' title="bbox 2152 4902 3732 4974">
     <span class='ocr_line' id='line_1_105' title="bbox 2152 4902 3732 4974; baseline -0.006 -12"><span class='ocrx_word' id='word_1_821' title='bbox 2152 4922 2275 4962; x_wconf 87' lang='lat' dir='ltr'><strong>esse</strong></span> <span class='ocrx_word' id='word_1_822' title='bbox 2313 4904 2457 4972; x_wconf 90' lang='lat' dir='ltr'><strong>Filii,</strong></span> <span class='ocrx_word' id='word_1_823' title='bbox 2497 4911 2763 4974; x_wconf 90' lang='lat' dir='ltr'><strong>prontest</strong></span> <span class='ocrx_word' id='word_1_824' title='bbox 2801 4902 2980 4957; x_wconf 85' lang='lat' dir='ltr'><strong>Patris</strong></span> <span class='ocrx_word' id='word_1_825' title='bbox 3011 4920 3024 4955; x_wconf 89' lang='lat'><strong>:</strong></span> <span class='ocrx_word' id='word_1_826' title='bbox 3071 4913 3127 4957; x_wconf 92' lang='lat' dir='ltr'><strong>et</strong></span> <span class='ocrx_word' id='word_1_827' title='bbox 3159 4904 3230 4957; x_wconf 89' lang='lat' dir='ltr'><strong>ita</strong></span> <span class='ocrx_word' id='word_1_828' title='bbox 3269 4905 3565 4973; x_wconf 89' lang='lat' dir='ltr'><strong>proﬂuere,</strong></span> <span class='ocrx_word' id='word_1_829' title='bbox 3600 4919 3732 4974; x_wconf 86' lang='lat' dir='ltr'><strong>prn-</strong></span> 
     </span>
    </p>
   </div>
   <div class='ocr_carea' id='block_1_106' title="bbox 2155 4993 3730 5064">
    <p class='ocr_par' dir='ltr' id='par_1_106' title="bbox 2155 4993 3730 5064">
     <span class='ocr_line' id='line_1_106' title="bbox 2155 4993 3730 5064; baseline -0.003 -12"><span class='ocrx_word' id='word_1_830' title='bbox 2155 4999 2295 5063; x_wconf 90' lang='lat' dir='ltr'><strong>dire,</strong></span> <span class='ocrx_word' id='word_1_831' title='bbox 2346 5007 2402 5052; x_wconf 91' lang='lat' dir='ltr'><strong>et</strong></span> <span class='ocrx_word' id='word_1_832' title='bbox 2433 5010 2695 5050; x_wconf 85' lang='lat' dir='ltr'><strong>emanare</strong></span> <span class='ocrx_word' id='word_1_833' title='bbox 2749 5010 2776 5048; x_wconf 92' lang='lat' dir='ltr'><strong>a</strong></span> <span class='ocrx_word' id='word_1_834' title='bbox 2806 4993 2964 5060; x_wconf 89' lang='lat' dir='ltr'><strong>Filio,</strong></span> <span class='ocrx_word' id='word_1_835' title='bbox 2994 5003 3158 5064; x_wconf 91' lang='lat' dir='ltr'><strong>prout</strong></span> <span class='ocrx_word' id='word_1_836' title='bbox 3186 5009 3216 5048; x_wconf 87' lang='lat' dir='ltr'><strong>a</strong></span> <span class='ocrx_word' id='word_1_837' title='bbox 3250 4997 3434 5061; x_wconf 89' lang='lat' dir='ltr'><strong>Patre,</strong></span> <span class='ocrx_word' id='word_1_838' title='bbox 3462 5001 3518 5049; x_wconf 90' lang='lat' dir='ltr'><strong>ct</strong></span> <span class='ocrx_word' id='word_1_839' title='bbox 3575 4996 3730 5048; x_wconf 88' lang='lat' dir='ltr'><strong>nullo</strong></span> 
     </span>
    </p>
   </div>
   <div class='ocr_carea' id='block_1_107' title="bbox 2155 5087 3729 5147">
    <p class='ocr_par' dir='ltr' id='par_1_107' title="bbox 2155 5087 3729 5147">
     <span class='ocr_line' id='line_1_107' title="bbox 2155 5087 3729 5147; baseline -0.005 0"><span class='ocrx_word' id='word_1_840' title='bbox 2155 5092 2319 5147; x_wconf 93' lang='lat' dir='ltr'><strong>modo</strong></span> <span class='ocrx_word' id='word_1_841' title='bbox 2347 5091 2528 5145; x_wconf 87' lang='lat' dir='ltr'><strong>aliter.</strong></span> <span class='ocrx_word' id='word_1_842' title='bbox 2562 5089 2692 5142; x_wconf 88' lang='lat' dir='ltr'><strong>Ideo</strong></span> <span class='ocrx_word' id='word_1_843' title='bbox 2720 5088 2772 5141; x_wconf 92' lang='lat' dir='ltr'><strong>in</strong></span> <span class='ocrx_word' id='word_1_844' title='bbox 2817 5103 3073 5142; x_wconf 91' lang='lat' dir='ltr'><strong>sermone</strong></span> <span class='ocrx_word' id='word_1_845' title='bbox 3101 5087 3168 5142; x_wconf 87' lang='lat' dir='ltr'><strong>ad</strong></span> <span class='ocrx_word' id='word_1_846' title='bbox 3209 5087 3580 5144; x_wconf 85' lang='lat' dir='ltr'><strong>Theodosium</strong></span> <span class='ocrx_word' id='word_1_847' title='bbox 3626 5088 3729 5141; x_wconf 78' lang='lat' dir='ltr'><strong>im-</strong></span> 
     </span>
    </p>
   </div>
   <div class='ocr_carea' id='block_1_108' title="bbox 2155 5179 3730 5253">
    <p class='ocr_par' dir='ltr' id='par_1_108' title="bbox 2155 5179 3730 5253">
     <span class='ocr_line' id='line_1_108' title="bbox 2155 5179 3730 5253; baseline -0.002 -19"><span class='ocrx_word' id='word_1_848' title='bbox 2155 5192 2466 5253; x_wconf 88' lang='lat' dir='ltr'><strong>peratorem</strong></span> <span class='ocrx_word' id='word_1_849' title='bbox 2505 5180 2573 5235; x_wconf 90' lang='lat' dir='ltr'><strong>de</strong></span> <span class='ocrx_word' id='word_1_850' title='bbox 2625 5182 2730 5235; x_wconf 88' lang='lat' dir='ltr'><strong>hoc</strong></span> <span class='ocrx_word' id='word_1_851' title='bbox 2766 5180 3017 5250; x_wconf 88' lang='lat' dir='ltr'><strong>loquens,</strong></span> <span class='ocrx_word' id='word_1_852' title='bbox 3053 5187 3107 5233; x_wconf 90' lang='lat' dir='ltr'><strong>et</strong></span> <span class='ocrx_word' id='word_1_853' title='bbox 3153 5179 3343 5235; x_wconf 83' lang='lat' dir='ltr'><strong>volens</strong></span> <span class='ocrx_word' id='word_1_854' title='bbox 3379 5181 3610 5250; x_wconf 89' lang='lat' dir='ltr'><strong>probare</strong></span> <span class='ocrx_word' id='word_1_855' title='bbox 3655 5181 3730 5234; x_wconf 86' lang='lat' dir='ltr'><strong>ita</strong></span> 
     </span>
    </p>
   </div>
   <div class='ocr_carea' id='block_1_109' title="bbox 2155 5270 3734 5342">
    <p class='ocr_par' dir='ltr' id='par_1_109' title="bbox 2155 5270 3734 5342">
     <span class='ocr_line' id='line_1_109' title="bbox 2155 5270 3734 5342; baseline -0.004 -12"><span class='ocrx_word' id='word_1_856' title='bbox 2155 5289 2276 5330; x_wconf 88' lang='lat' dir='ltr'><strong>esse</strong></span> <span class='ocrx_word' id='word_1_857' title='bbox 2313 5273 2438 5328; x_wconf 88' lang='lat' dir='ltr'><strong>Filii</strong></span> <span class='ocrx_word' id='word_1_858' title='bbox 2474 5271 2742 5342; x_wconf 88' lang='lat' dir='ltr'><strong>Spiritum</strong></span> <span class='ocrx_word' id='word_1_859' title='bbox 2767 5307 2782 5333; x_wconf 86' lang='lat'><strong>,</strong></span> <span class='ocrx_word' id='word_1_860' title='bbox 2824 5278 2990 5340; x_wconf 91' lang='lat' dir='ltr'><strong>prout</strong></span> <span class='ocrx_word' id='word_1_861' title='bbox 3028 5270 3234 5335; x_wconf 88' lang='lat' dir='ltr'><strong>Patris;</strong></span> <span class='ocrx_word' id='word_1_862' title='bbox 3283 5281 3341 5325; x_wconf 87' lang='lat' dir='ltr'><strong>et</strong></span> <span class='ocrx_word' id='word_1_863' title='bbox 3369 5272 3442 5325; x_wconf 91' lang='lat' dir='ltr'><strong>ita</strong></span> <span class='ocrx_word' id='word_1_864' title='bbox 3475 5286 3539 5325; x_wconf 84' lang='lat' dir='ltr'><strong>ex</strong></span> <span class='ocrx_word' id='word_1_865' title='bbox 3595 5270 3734 5324; x_wconf 85' lang='lat' dir='ltr'><strong>Filio</strong></span> 
     </span>
    </p>
   </div>
   <div class='ocr_carea' id='block_1_110' title="bbox 2147 5363 3728 5432">
    <p class='ocr_par' dir='ltr' id='par_1_110' title="bbox 2147 5363 3728 5432">
     <span class='ocr_line' id='line_1_110' title="bbox 2147 5363 3728 5432; baseline -0.003 -11"><span class='ocrx_word' id='word_1_866' title='bbox 2147 5366 2315 5421; x_wconf 85' lang='lat' dir='ltr'><strong>nobis</strong></span> <span class='ocrx_word' id='word_1_867' title='bbox 2348 5379 2608 5421; x_wconf 84' lang='lat' dir='ltr'><strong>emanare</strong></span> <span class='ocrx_word' id='word_1_868' title='bbox 2636 5378 2784 5430; x_wconf 91' lang='lat' dir='ltr'><strong>eum,</strong></span> <span class='ocrx_word' id='word_1_869' title='bbox 2827 5371 2989 5432; x_wconf 92' lang='lat' dir='ltr'><strong>prout</strong></span> <span class='ocrx_word' id='word_1_870' title='bbox 3017 5380 3082 5418; x_wconf 85' lang='lat' dir='ltr'><strong>ex</strong></span> <span class='ocrx_word' id='word_1_871' title='bbox 3113 5365 3271 5418; x_wconf 86' lang='lat' dir='ltr'><strong>Patre</strong></span> <span class='ocrx_word' id='word_1_872' title='bbox 3297 5382 3309 5417; x_wconf 95' lang='lat'><strong>:</strong></span> <span class='ocrx_word' id='word_1_873' title='bbox 3335 5363 3452 5418; x_wconf 81' lang='lat' dir='ltr'><strong>Non</strong></span> <span class='ocrx_word' id='word_1_874' title='bbox 3484 5379 3550 5417; x_wconf 82' lang='lat' dir='ltr'><strong>ex</strong></span> <span class='ocrx_word' id='word_1_875' title='bbox 3573 5379 3728 5418; x_wconf 88' lang='lat' dir='ltr'><strong>men-</strong></span> 
     </span>
    </p>
   </div>
   <div class='ocr_carea' id='block_1_111' title="bbox 2154 5453 3729 5525">
    <p class='ocr_par' dir='ltr' id='par_1_111' title="bbox 2154 5453 3729 5525">
     <span class='ocr_line' id='line_1_111' title="bbox 2154 5453 3729 5525; baseline -0.001 -13"><span class='ocrx_word' id='word_1_876' title='bbox 2154 5472 2316 5523; x_wconf 92' lang='lat' dir='ltr'><strong>sura,</strong></span> <span class='ocrx_word' id='word_1_877' title='bbox 2375 5455 2592 5525; x_wconf 86' lang='lat' dir='ltr'><strong>inquit,</strong></span> <span class='ocrx_word' id='word_1_878' title='bbox 2641 5453 2949 5509; x_wconf 84' lang='lat' dir='ltr'><strong>secundum</strong></span> <span class='ocrx_word' id='word_1_879' title='bbox 2998 5454 3298 5522; x_wconf 81' lang='lat' dir='ltr'><strong>Joannem,</strong></span> <span class='ocrx_word' id='word_1_880' title='bbox 3333 5455 3428 5510; x_wconf 86' lang='lat' dir='ltr'><strong>dat</strong></span> <span class='ocrx_word' id='word_1_881' title='bbox 3464 5455 3729 5525; x_wconf 85' lang='lat' dir='ltr'><strong>Spiritum</strong></span> 
     </span>
    </p>
   </div>
   <div class='ocr_carea' id='block_1_112' title="bbox 2155 5543 3731 5614">
    <p class='ocr_par' dir='ltr' id='par_1_112' title="bbox 2155 5543 3731 5614">
     <span class='ocr_line' id='line_1_112' title="bbox 2155 5543 3731 5614; baseline -0.004 -11"><span class='ocrx_word' id='word_1_882' title='bbox 2155 5547 2346 5613; x_wconf 79' lang='lat' dir='ltr'><strong>Filius,</strong></span> <span class='ocrx_word' id='word_1_883' title='bbox 2401 5545 2496 5600; x_wconf 90' lang='lat' dir='ltr'><strong>sed</strong></span> <span class='ocrx_word' id='word_1_884' title='bbox 2532 5543 2648 5613; x_wconf 89' lang='lat' dir='ltr'><strong>ipse</strong></span> <span class='ocrx_word' id='word_1_885' title='bbox 2685 5558 2810 5596; x_wconf 91' lang='lat' dir='ltr'><strong>cum</strong></span> <span class='ocrx_word' id='word_1_886' title='bbox 2856 5558 2922 5597; x_wconf 85' lang='lat' dir='ltr'><strong>ex</strong></span> <span class='ocrx_word' id='word_1_887' title='bbox 2969 5543 3149 5612; x_wconf 89' lang='lat' dir='ltr'><strong>seipso</strong></span> <span class='ocrx_word' id='word_1_888' title='bbox 3174 5544 3398 5611; x_wconf 90' lang='lat' dir='ltr'><strong>emittit,</strong></span> <span class='ocrx_word' id='word_1_889' title='bbox 3460 5545 3731 5614; x_wconf 87' lang='lat' dir='ltr'><strong>quemad-</strong></span> 
     </span>
    </p>
   </div>
   <div class='ocr_carea' id='block_1_113' title="bbox 2153 5634 3728 5707">
    <p class='ocr_par' dir='ltr' id='par_1_113' title="bbox 2153 5634 3728 5707">
     <span class='ocr_line' id='line_1_113' title="bbox 2153 5634 3728 5707; baseline -0.003 -10"><span class='ocrx_word' id='word_1_890' title='bbox 2153 5640 2377 5697; x_wconf 89' lang='lat' dir='ltr'><strong>modum</strong></span> <span class='ocrx_word' id='word_1_891' title='bbox 2407 5647 2461 5692; x_wconf 93' lang='lat' dir='ltr'><strong>et</strong></span> <span class='ocrx_word' id='word_1_892' title='bbox 2503 5637 2618 5707; x_wconf 88' lang='lat' dir='ltr'><strong>ipse</strong></span> <span class='ocrx_word' id='word_1_893' title='bbox 2666 5635 2846 5690; x_wconf 84' lang='lat' dir='ltr'><strong>Pater.</strong></span> <span class='ocrx_word' id='word_1_894' title='bbox 2889 5634 3067 5701; x_wconf 90' lang='lat' dir='ltr'><strong>Quare</strong></span> <span class='ocrx_word' id='word_1_895' title='bbox 3097 5641 3287 5690; x_wconf 82' lang='lat' dir='ltr'><strong>beatus</strong></span> <span class='ocrx_word' id='word_1_896' title='bbox 3332 5639 3534 5692; x_wconf 86' lang='lat' dir='ltr'><strong>Paulus</strong></span> <span class='ocrx_word' id='word_1_897' title='bbox 3579 5637 3728 5692; x_wconf 89' lang='lat' dir='ltr'><strong>onmi</strong></span> 
     </span>
    </p>
   </div>
   <div class='ocr_carea' id='block_1_114' title="bbox 2155 5715 3730 5796">
    <p class='ocr_par' dir='ltr' id='par_1_114' title="bbox 2155 5715 3730 5796">
     <span class='ocr_line' id='line_1_114' title="bbox 2155 5715 3730 5796; baseline -0.004 -11"><span class='ocrx_word' id='word_1_898' title='bbox 2155 5731 2207 5785; x_wconf 91' lang='lat' dir='ltr'><strong>in</strong></span> <span class='ocrx_word' id='word_1_899' title='bbox 2251 5731 2355 5784; x_wconf 91' lang='lat' dir='ltr'><strong>hoc</strong></span> <span class='ocrx_word' id='word_1_900' title='bbox 2387 5715 2702 5782; x_wconf 83' lang='lat' dir='ltr'><strong>diﬂerentia</strong></span> <span class='ocrx_word' id='word_1_901' title='bbox 2757 5725 3056 5794; x_wconf 78' lang='lat' dir='ltr'><strong>proposita,</strong></span> <span class='ocrx_word' id='word_1_902' title='bbox 3099 5741 3247 5781; x_wconf 90' lang='lat' dir='ltr'><strong>nunc</strong></span> <span class='ocrx_word' id='word_1_903' title='bbox 3277 5727 3498 5796; x_wconf 79' lang='lat' dir='ltr'><strong>quidem</strong></span> <span class='ocrx_word' id='word_1_904' title='bbox 3540 5725 3648 5780; x_wconf 75' lang='lat' dir='ltr'><strong>Deo</strong></span> <span class='ocrx_word' id='word_1_905' title='bbox 3673 5737 3730 5782; x_wconf 86' lang='lat' dir='ltr'><strong>ct</strong></span> 
     </span>
    </p>
   </div>
   <div class='ocr_carea' id='block_1_115' title="bbox 2155 5816 3734 5885">
    <p class='ocr_par' dir='ltr' id='par_1_115' title="bbox 2155 5816 3734 5885">
     <span class='ocr_line' id='line_1_115' title="bbox 2155 5816 3734 5885; baseline -0.005 -7"><span class='ocrx_word' id='word_1_906' title='bbox 2155 5823 2301 5878; x_wconf 85' lang='lat' dir='ltr'><strong>Patri</strong></span> <span class='ocrx_word' id='word_1_907' title='bbox 2366 5821 2516 5875; x_wconf 87' lang='lat' dir='ltr'><strong>illum</strong></span> <span class='ocrx_word' id='word_1_908' title='bbox 2572 5816 2843 5885; x_wconf 85' lang='lat' dir='ltr'><strong>attribuit,</strong></span> <span class='ocrx_word' id='word_1_909' title='bbox 2900 5832 3048 5874; x_wconf 89' lang='lat' dir='ltr'><strong>nunc</strong></span> <span class='ocrx_word' id='word_1_910' title='bbox 3110 5833 3297 5874; x_wconf 82' lang='lat' dir='ltr'><strong>rursus</strong></span> <span class='ocrx_word' id='word_1_911' title='bbox 3321 5818 3476 5875; x_wconf 81' lang='lat' dir='ltr'><strong>Filio.</strong></span> <span class='ocrx_word' id='word_1_912' title='bbox 3519 5817 3734 5878; x_wconf 76' lang='lat' dir='ltr'><strong>Profert</strong></span> 
     </span>
    </p>
   </div>
  </div>
