4136 6454
439 405 548 465 55

1402 406 1910 471 BESSARIONiS
1949 414 2007 473 S.
2056 412 2139 477 R.‘
2170 414 2234 475 E.
2282 414 2751 477 (‘ARDINALIS

3598 420 3725 483 595‘-

439 510 680 580 εῖρηται,
710 512 790 565 ὅτι
831 512 867 566 ἃ
903 512 1174 579 λαμϐάνει
1212 518 1275 570 ἐκ
1324 518 1418 573 τοῦ
1482 522 1693 589 Πατρὶς
1745 522 2016 592 λαμϐάνει
2048 525 2092 583 Λ
2119 526 2211 578 τὸν
2239 526 2343 595 τῆς
2370 527 2580 594 οὐσίας.
2629 530 2879 601 ’Δρκὲσει
2928 531 3030 602 μὲν
3057 530 3150 585 οῦν
3177 529 3242 589 ἐκ
3299 529 3441 585 πάνυ
3492 532 3707 588 πολλῶν

440 602 538 655 καὶ
562 605 630 656 ἐκ
660 603 753 656 τοῦ
779 603 909 657 Υἱοῦ
937 622 950 634 ⁸
977 605 1038 658 οὐ
1073 606 1180 677 μὴν
1211 608 1349 663 ἀλλά
1392 615 1484 665 καὶ
1517 614 1577 666 r6
1624 614 1850 687 Πνεῦμα
1883 614 2017 668 Υίοῦ

441 693 536 746 καὶ
575 694 705 747 ἴδιον
733 694 825 747 τοῦ
854 695 986 749 Υίοῦ
1020 697 1081 750 τὸ
1123 699 1346 770 Πνεῦμα
1379 703 1560 771 λέγειν
1613 707 1680 757 r6
1703 706 1881 774 ἅγιον.
1910 698 2021 761 ’καὶ

443 787 508 838 ἐκ
535 785 627 838 τοῦ
668 785 798 839 Tim?
834 788 865 859 ἢ
898 788 985 842 διὰ
1042 789 1136 843 τοῦ
1197 792 1328 847 Υίοῦ
1389 796 1786 869 ἐκπορεύεσθαι
1826 800 2021 871 δηλοῦν

442 878 716 947 βούλεται.

511 975 585 1026 T6
615 975 723 1046 γὰρ
748 975 977 1049 Πνεῦμα
1002 978 1134 1032 Υἱοῦ
1164 980 1420 1047 λέγεσθαι
1459 986 1678 1055 εἴρηται
1705 986 1853 1050 ὅπως
1908 988 2021 1052 τοῖς

436 1064 618 1131 ἁγίοις
646 1066 850 1121 νοεῖται
877 1083 892 1100 ⁸
925 1069 1023 1122 καὶ
1048 1070 1131 1124 ὅτι
1158 1071 1239 1143 τῷ
1270 1072 1371 1142 μὲν
1404 1076 1627 1146 μεγάλῳ
1658 1077 1924 1148 Βασιλείῳ
1947 1078 2022 1141 ὡς

433 1157 526 1209 διά
553 1156 648 1209 τοῦ
680 1156 814 1212 Υίοῦ
848 1160 1116 1230 πεφηνὸς,
1144 1163 1223 1235 τῷ
1254 1165 1313 1219 δὲ
1370 1165 1501 1240 θείῳ
1532 1168 1769 1240 Μαξίμῳ
1819 1171 1895 1235 ὡς
1929 1174 2022 1226 ὲκ-

437 1251 809 1321 οπορευόμενον
825 1253 895 1306 δι’
924 1255 1112 1321 αὐτοῦ,
1141 1260 1253 1322 τοῖς
1279 1260 1337 1312 δὲ
1370 1261 1748 1332 Πατράσιτοίς
1769 1266 2022 1335 Δυτικοῖς

434 1342 509 1403 ὡς
540 1345 974 1415 ἐκπορευόμενον
1006 1348 1067 1414 ἐξ
1090 1349 1249 1405 Υίοῦ,
1284 1352 1401 1407 Οὐκ
1425 1353 1495 1408 ἂν
1546 1354 1641 1409 οὖν
1698 1357 1811 1410 οὐδ’
1868 1358 2020 1428 αὐτῷ

437 1437 559 1489 κατ’
593 1438 752 1491 ἄλλον
783 1438 929 1507 ἔδοξε
962 1442 1168 1513 τρόπον
1198 1444 1330 1498 Υίοῦ
1359 1445 1617 1516 λέγεσθαι
1646 1449 1894 1520 Πνεῦμα,
1928 1453 2022 1507 καὶ

437 1529 571 1583 [διον
594 1528 690 1583 τοῦ
723 1530 879 1596 Υίοῦ,
913 1533 1090 1605 ἀλλ’ἢ
1124 1534 1341 1600 πάντως
1363 1538 1439 1604 ὡς
1470 1541 1585 1603 τοῖς
1610 1543 2022 1613 όμόφροσιν,ὡς

435 1622 496 1685 ἐξ
524 1622 654 1675 Υίοῦ
685 1622 912 1697 δηλαδὴ,
946 1627 977 1695 ἦ
1016 1626 1087 1680 δι’
1132 1628 1263 1683 Υίοῦ
1303 1628 1403 1701 τὴν
1433 1630 1667 1701 ὓπαρξιν
1722 1633 1846 1704 ἔχον
1872 1650 1887 1666 ⁸
1927 1635 2016 1688 οὐ·

438 1715 531 1768 δέν
558 1716 667 1786 γὰρ
688 1716 942 1789 διαφέρει
964 1718 1024 1786 ἐξ
1054 1720 1187 1775 Υίοῦ
1214 1722 1421 1790 λέγειν,
1451 1724 1484 1795 ἢ
1507 1724 1575 1777 δι’
1598 1725 1753 1781 Υίοῦ,
1784 1726 1897 1781 Καὶ
1911 1728 2021 1800 γὰρ

440 1807 604 1873 αὐτὸς
637 1808 769 1863 ποτὲ
798 1810 899 1879 μὲν
923 1812 1022 1883 τὴν
1072 1813 1143 1868 ἐκ
1196 1815 1402 1886 τίθησι,
1454 1817 1588 1871 ποτέ
1617 1818 1673 1873 δέ
1712 1820 1882 1891 αὐτὴν
1924 1837 2021 1893 με·

436 1900 777 1972 τα).αμ6άνει
812 1903 895 1966 είς
944 1903 1043 1975 τὴν
1085 1906 1205 1981 διὰ,
1234 1905 1309 1971 ὡς
1363 1909 1458 1962 καὶ
1494 1909 1663 1981 ἄμφω
1716 1911 2018 1983 δυναμένας

440 1996 996 2067 παραλαμϐάνεσθαι.
1023 2000 1136 2054 Καὶ
1164 2000 1296 2069 γοῦν
1327 2002 1385 2057 ἐν
1408 2005 1522 2068 τοῖς
1553 2004 1691 2072 πρὸς
1723 2006 2022 2062 Παλλάδιον

436 2093 581 2145 κατά
608 2090 805 2145 πεῦσιν
834 2094 929 2147 καὶ
954 2093 1251 2167 ἀπόκρισιν
1274 2095 1474 2166 λόγοις,
1500 2097 1752 2169 Τρεπτόν
1774 2098 1890 2155 οῦτι
1918 2118 2023 2155 που

436 2184 499 2235 r6
532 2183 777 2251 Πνεῦμα,
813 2185 982 2254 φησίν
1016 2203 1030 2217 ⁸
1064 2186 1097 2255 ἢ
1139 2186 1300 2257 εἴπερ
1356 2190 1492 2243 αὐτὸ
1539 2191 1842 2262 τρέπεσθαι
1888 2197 2021 2260 νοεῖ,

436 2276 527 2328 ἐπ’
557 2275 727 2344 αὐτὴν
754 2277 783 2330 6
816 2277 1009 2347 μῶμος
1033 2278 1132 2350 τὴν
1170 2280 1323 2335 θείαν
1380 2282 1782 2354 ἀναδραμεῖται
1835 2285 2022 2355 φύσιν,

435 2370 599 2440 εἴπερ
628 2373 746 2424 ἐστὶ
777 2370 871 2425 τοῦ
900 2372 1038 2425 Θεοῦ
1081 2372 1179 2426 καὶ
1216 2374 1452 2446 Πατρὸς,
1484 2377 1574 2431 ναὶ
1626 2376 1736 2447 μὴν
1770 2380 1865 2431 καὶ
1926 2381 2021 2433 τοῦ

434 2465 591 2531 Υίοῦ,
621 2466 897 2530 οὐσιωδῶς
928 2466 986 2531 ἐξ
1009 2468 1239 2537 ἀμφοῖν,
1276 2470 1444 2540 ἤγουν
1468 2472 1533 2525 ὲκ
1560 2472 1777 2542 Πατρὸς
1796 2473 1864 2527 δι’
1890 2473 2022 2529 Υίοῦ

435 2558 816 2628 προχεόμενον
839 2559 1090 2631 Πνεῦμα.
1131 2560 1207 2615 Οὖ
1238 2562 1346 2634 μὴν
1373 2563 1512 2617 ἀλλὰ
1542 2565 1639 2617 καὶ
1670 2566 1728 2618 ἐν
1761 2564 1838 2636 τῷ
1887 2567 2023 2637 πέμ·

434 2668 558 2721 πτῳ
598 2651 707 2703 τῶν
764 2653 900 2721 πρὸς
944 2651 1229 2722 Ἑρμείαν,
1277 2655 1462 2708 αἰτίαν
1509 2655 1796 2721 ἀποδιδοὺς
1833 2657 1927 2711 τοῦ
1962 2659 2023 2712 τδ

433 2743 659 2814 Πνεῦμα
692 2743 823 2797 Υίοῦ
851 2745 1108 2813 λέγεσθαι
1162 2745 1411 2816 Πνεῦμα,
1453 2747 1590 2818 φησί
1615 2763 1630 2778 ⁸
1666 2747 1826 2810 Τίνος
1891 2749 2023 2802 ίδιον

432 2831 573 2889 εἷναί
607 2854 787 2908 φαμεν
816 2838 878 2891 τδ
915 2838 1072 2907 ἅγιον
1130 2838 1397 2907 Πνεῦμα;
1431 2840 1670 2909 Πότερον
1747 2841 1811 2908 δὴ
1858 2843 2021 2910 μόνου

431 2926 529 2980 τοῦ
553 2927 690 2981 Θεοῦ
721 2927 818 2982 καὶ
840 2927 1097 2999 Πατρός;
1133 2928 1165 2999 ἢ
1200 2929 1333 2998 γοῦν
1376 2929 1471 2983 καὶ
1511 2928 1607 2982 τοῦ
1641 2930 1771 2984 Υίοῦ
1799 2947 1814 2997 ;
1849 2934 1882 3002 ἢ
1927 2935 2023 2987 καὶ

435 3018 542 3072 ὰνά
574 3019 743 3089 μέρος
783 3019 1073 3090 ἑκατέρου,
1109 3019 1205 3073 καὶ
1236 3021 1463 3090 ἀμφοῖν,
1494 3021 1570 3082 ὡς
1606 3021 1664 3075 ἓν
1693 3024 1759 3077 ἐκ
1810 3024 2022 3097 Πατρδς

434 3110 504 3163 δι’
528 3109 656 3163 Υίοῦ
681 3110 768 3163 διὰ
792 3111 893 3181 τὴν
920 3113 1229 3184 ταυτότητά
1276 3114 1377 3186 τῆς
1405 3115 1599 3180 οὐσίας
1629 3134 1645 3183 ;
1692 3118 2019 3189 ’Δποκρίνε-

2121 618 2232 693 τῶν
2298 618 2394 673 τοῦ
2456 621 2733 691 μακαρίου
2788 622 3060 693 Κυρίλλου
3122 622 3218 676 καὶ
3281 623 3573 688 πλείστων,
3628 624 3707 689 ὥς

2124 711 2336 782 πλήρης
2378 713 2528 767 πᾶσα
2573 713 2740 768 αὐτοῦ
2799 715 3092 787 συγγραφὴ
3123 756 3137 780 ,
3178 716 3275 769 καὶ
3332 716 3473 786 μόνα
3530 717 3707 773 ταῦτα

2119 804 2221 874 τὴν
2251 805 2460 860 ἐκείνου
2516 807 2870 878 παραστῆσαι
2918 807 3179 863 διάνοιαν.
3245 808 3600 881 ’Δκούσωμεν
3649 812 3707 865 δὲ

2120 898 2183 950 r6
2217 896 2464 952 ἐντεῦθεν
2485 901 2580 952 καὶ
2624 899 2945 970 Ἐπιφανίου
3006 899 3101 955 τοῦ
3157 899 3471 970 θαυμαστοῦ
3520 903 3579 955 ὲν
3628 904 3707 971 τῷ

2136 989 2472 1060 Ἀγκυρωτῷ
2517 991 2662 1064 λόγῳ
2718 992 2970 1062 λέγοντος
3027 994 3171 1047 οὕτω
3199 1009 3212 1022 ⁸
3266 994 3341 1048 T6
3380 994 3609 1064 Πνεῦμα
3645 996 3709 1049 τὸ

2123 1080 2278 1145 ἅγιον
2304 1082 2367 1135 ἐκ
2399 1081 2493 1135 τοῦ
2514 1082 2729 1154 Πατρδς
2761 1083 2859 1137 καὶ
2890 1082 2986 1138 τοῦ
3019 1083 3173 1149 Υίοῦ,
3204 1083 3390 1153 τρίτον
3416 1087 3482 1156 τῇ
3509 1085 3710 1155 ὀνομαο

2125 1174 2217 1244 σία
2244 1188 2257 1204 ⁸
2294 1175 2388 1228 καὶ
2414 1176 2575 1229 πάλιν
2604 1192 2619 1206 ⁸
2657 1175 2976 1247 Ἀμφότερα
3008 1180 3255 1231 κατοικεῖ
3288 1180 3347 1231 ἐν
3379 1177 3458 1247 τῷ
3496 1177 3709 1248 ἀνθρὼ-

2125 1280 2212 1333 πῳ
2235 1263 2313 1333 τῷ
2340 1264 2559 1337 δικαίῳ,
2589 1266 2616 1318 6
2647 1265 2887 1336 Χριστὸς
2918 1266 3011 1321 καὶ
3043 1266 3106 1320 r6
3151 1264 3377 1337 Πνεῦμα
3426 1265 3616 1320 αὑτοῦ.
3645 1268 3708 1320 Εἰ

2122 1357 2179 1410 δέ
2202 1356 2435 1427 Χριστὸς
2467 1360 2532 1412 ἐκ
2568 1359 2663 1413 τοῦ
2696 1358 2911 1429 Πατρὸς
2947 1358 3263 1413 πιστεύεται
3290 1359 3421 1424 Θεὸς
3459 1360 3524 1413 ἐκ
3547 1360 3705 1421 Θεοῦ,

2124 1448 2220 1502 καὶ
2242 1447 2303 1501 r6
2332 1448 2561 1519 Πνεῦμα
2594 1450 2659 1503 ἐκ
2686 1449 2784 1503 τοῦ
2818 1448 3083 1519 Χριστοῦ,
3127 1450 3161 1520 ἢ
3190 1448 3325 1520 παρ’
3354 1448 3706 1520 ἀμφοτέρων,

2122 1538 2198 1602 ὥς
2232 1557 2395 1611 φησιν
2421 1542 2449 1594 6
2482 1541 2735 1612 Χριστὸς,
2771 1544 2842 1596 Ὃ
2884 1542 3047 1613 παρὰ
3095 1541 3203 1598 τοῦ
3244 1542 3477 1611 Πατρός
3530 1542 3709 1596 ἐκπο-

2115 1633 2378 1701 ρεύεται,
2405 1632 2505 1687 καὶ
2534 1628 2715 1701 οὗτος
2755 1634 2828 1690 ἐκ
2852 1634 2961 1691 τοῦ
2995 1633 3146 1705 ἐμοῦ
3190 1634 3477 1704 λήψεται.
3538 1633 3708 1698 Οὗτος

2126 1724 2227 1794 μὲν
2256 1718 2350 1778 οῦν
2384 1726 2506 1779 οὐδὲ
2539 1728 2670 1796 περὶ
2724 1727 3087 1803 χαρισμάτων
3139 1727 3407 1800 διανομῆς
3440 1743 3705 1796 πραγμα-

2122 1814 2364 1881 τεύεται,
2385 1818 2515 1887 περὶ
2536 1818 2595 1872 δὲ
2618 1817 2729 1872 τῶν
2750 1819 2912 1873 θείων
2937 1818 3127 1889 προσώ
3139 1837 3249 1872 πων
3266 1818 3361 1873 καὶ
3387 1819 3485 1888 τῆς
3500 1818 3709 1871 τούτων

2133 1906 2422 1977 ὑπάρξεως
2450 1909 2542 1962 τὸν
2556 1909 2712 1979 λόγον
2760 1913 2995 1965 ποιεῖται
3024 1928 3039 1944 ⁸
3066 1912 3148 1976 είς
3181 1912 3493 1984 μαρτυρίαν
3520 1913 3577 1967 δὲ
3608 1912 3705 1967 τοῦ

2126 2004 2224 2058 καὶ
2281 2004 2346 2057 ὲκ
2403 2002 2534 2058 Υίοῦ
2586 2005 3006 2076 ἐκπορεύεσθαι,
3060 2006 3123 2060 r6
3186 2007 3293 2073 Ἐξ
3322 2006 3474 2077 ἐμοῦ
3514 2009 3709 2078 λήψε-

2125 2111 2242 2161 ται,
2264 2094 2459 2148 ἔλασεν
2476 2111 2493 2127 ⁸
2516 2097 2611 2150 καὶ
2638 2096 2880 2150 διδάσκει
2902 2096 2992 2151 διὰ
3018 2097 3246 2163 τούτων,
3269 2098 3415 2153 οὓτω
3446 2097 3539 2153 τοῦ
3560 2099 3705 2153 θείου

2126 2184 2457 2252 Εὑαγγελίου
2481 2184 2703 2240 ἀκούειν
2728 2186 2792 2240 τό
2820 2200 2835 2216 ⁸
2866 2185 2974 2253 Ἐξ
2998 2186 3147 2256 ἐμοῦ
3176 2186 3463 2265 λήψεται,
3508 2188 3586 2251 ὡς
3612 2188 3709 2241 καί⁵

2125 2279 2189 2330 ἐκ
2214 2278 2309 2332 τοῦ
2344 2278 2480 2332 Υίοῦ
2518 2279 2943 2349 ἐκπορεύεσθαι.
2977 2278 3090 2333 Καὶ
3122 2278 3205 2332 ἔτι
3238 2279 3298 2333 ἐν
3327 2280 3445 2344 τοῖς
3471 2279 3657 2343 αὐτοῖς
3687 2296 3701 2309 ·

2137 2369 2280 2424 Ἀλλ’
2307 2372 2425 2447 ἐρεῖ
2450 2388 2533 2441 τις
2564 2387 2579 2402 ⁸
2604 2370 2815 2426 Οὐκοῦν
2836 2387 3022 2442 φαμεν
3045 2369 3145 2426 {tio
3169 2371 3337 2436 Υίοὺς
3366 2366 3508 2426 εἶναι
3545 2390 3560 2439 ;
3596 2373 3707 2426 Kal.

2126 2463 2244 2527 πῶς
2268 2467 2297 2519 6
2318 2466 2630 2535 Μονογενής
2652 2481 2668 2530 ;
2698 2464 2909 2519 Μενοῦν
2935 2482 2999 2535 γε
3024 2465 3089 2519 σὺ
3113 2466 3197 2529 τίς
3230 2462 3285 2520 εῖ
3314 2467 3343 2520 6
3374 2465 3709 2535 ἀντιλογιζό·

2127 2574 2287 2628 μενος
2317 2556 2395 2627 τῷ
2417 2556 2534 2625 Θεῷ
2567 2574 2581 2623 ;
2610 2556 2672 2609 El
2711 2556 2818 2627 γὰρ
2845 2556 2936 2611 τὸν
2956 2557 3085 2612 Υίὸν
3106 2557 3281 2625 καλεῖ,
3308 2557 3401 2613 τὸν
3429 2558 3490 2625 ἐξ
3517 2557 3705 2622 αὐτοῦ,

2123 2652 2185 2707 τὸ
2214 2651 2271 2706 δὲ
2315 2650 2473 2720 ἅγιον
2511 2648 2753 2716 Πνεῦμα,
2796 2650 2858 2703 τὸ
2911 2650 3044 2723 παρ’
3086 2652 3434 2723 ἀμφοτέρων,
3484 2654 3579 2706 καὶ
3637 2652 3708 2706 τὰ

2123 2744 2307 2801 λοιπά.
2344 2745 2453 2800 Καὶ
2486 2744 2568 2803 ἔτι
2603 2758 2618 2773 ⁸
2652 2743 2881 2815 Πνεῦμα
2935 2746 3113 2813 ἅγιον,
3173 2745 3394 2815 πνεῦμα
3448 2745 3710 2816 ἀληθείας

2125 2838 2264 2902 ἐστὶ,
2292 2836 2409 2906 φῶς
2450 2838 2635 2907 τρίτον
2664 2836 2821 2906 παρὰ
2848 2836 3063 2908 Πατρδς
3091 2836 3233 2892 κατά
3269 2835 3426 2893 Υίοῦ,
3468 2837 3577 2891 Καὶ
3610 2832 3709 2891 αῦ-

2126 2928 2211 2992 θις
2238 2943 2253 2960 ⁸
2291 2929 2392 2981 Ὃν
2417 2927 2527 2996 γὰρ
2549 2927 2754 2998 τρόπον
2785 2927 2963 2992 οὐδεὶς
2994 2927 3139 2990 ἔγνω
3170 2926 3262 2982 τὸν
3290 2928 3515 2999 Πατέρα
3553 2928 3603 2982 εί
3630 2927 3707 2999 μὴ

2124 3021 2153 3074 6
2182 3021 2335 3084 Υίδς,
2364 3020 2485 3075 οὑδέ
2531 3019 2625 3075 τὸν
2670 3020 2804 3075 Υίδν
2832 3021 2883 3074 εί
2911 3021 2987 3092 μὴ
3011 3022 3039 3075 ό
3067 3019 3281 3091 Πατὴρ,
3312 3020 3460 3075 οὕτω
3525 3021 3709 3091 τολμῶ

2124 3114 2327 3183 λέγειν,
2350 3114 2433 3169 ὅτι
2465 3113 2591 3169 οὐδὲ
2617 3112 2678 3167 r6
2707 3113 2930 3183 Πνεῦμα
2982 3113 3032 3168 εί
3092 3113 3168 3184 μὴ
3198 3114 3227 3167 6
3290 3113 3481 3183 Πατὴρ
3525 3115 3619 3168 καὶ
3677 3114 3709 3168 6

432 3218 527 3254 ται
557 3202 613 3254 δὲ
641 3204 669 3255 6
714 3203 978 3274 Ἑρμείας
1004 3220 1019 3235 ⁸
1055 3205 1243 3269 Οὕτως
1277 3205 1455 3275 ἔγωγέ
1508 3226 1675 3281 φημι,
1700 3202 1745 3263 ὦ
1786 3210 1972 3281 ἑταῖρε
1998 3227 2016 3245 ⁸
2041 3210 2089 3274 C
2121 3207 2269 3273 Υἱὸς,
2296 3205 2504 3278 παρὀῦ
2533 3204 2915 3277 ἐκπορεύεται,
2970 3204 3066 3259 καὶ
3106 3203 3239 3274 παρ’
3297 3201 3360 3257 οῦ
3416 3201 3707 3272 λαμϐάνει.

437 3294 532 3348 καὶ
563 3296 591 3347 6
630 3293 900 3363 Κύριλλος
928 3295 1068 3367 πρδς
1106 3296 1270 3352 αὐτόν
1296 3313 1310 3327 ⁸
1348 3298 1576 3369 Ὀρθῶς.
1625 3299 1756 3354 Ἰδοὺ
1797 3299 1893 3355 καὶ
1924 3301 2022 3354 αὐ-

434 3386 527 3447 τὸς
562 3386 692 3441 ἴδιον
710 3385 808 3439 τοῦ
834 3386 967 3441 Υίοῦ
994 3388 1055 3442 τὸ
1094 3388 1320 3460 Πνεῦμά
1353 3408 1487 3460 φησι
1513 3390 1603 3446 διά
1663 3391 1725 3446 rb
1783 3392 1852 3447 δι’
1884 3392 2019 3448 Υίοῦ

435 3472 577 3532 εἶναι
608 3495 620 3506 ·
656 3478 725 3532 δι’
755 3479 885 3534 Υίοῦ
912 3480 971 3534 δέ
996 3482 1135 3548 ἐστι,
1166 3481 1254 3537 διὰ
1285 3482 1384 3553 τὴν
1435 3484 1743 3554 ταυτότητα
1776 3485 1874 3557 τῆς
1930 3485 2022 3538 ού-

439 3573 561 3635 σίας
598 3573 815 3645 Πατρδς
845 3577 937 3628 καὶ
968 3575 1102 3629 Υίοῦ
1136 3593 1151 3607 ⁸
1184 3577 1324 3632 ἀλλὰ
1370 3578 1461 3632 διά
1482 3579 1583 3647 τὴν
1612 3578 1786 3651 αὐτὴν
1814 3578 2022 3650 ταύτην

437 3666 533 3721 καὶ
565 3667 743 3721 πάντα
774 3668 841 3722 τὰ
870 3667 965 3721 τοῦ
1011 3671 1225 3741 Πατρός
1259 3672 1379 3725 ἐστι
1411 3671 1506 3726 τοῦ
1552 3671 1708 3738 Υίοῦ,
1743 3670 1885 3745 πλὴν
1929 3671 2022 3729 τοῦ

435 3756 577 3811 εῐναι
609 3759 801 3830 Πατήρ
830 3776 845 3791 ⁸
875 3758 1050 3826 οὕτως
1084 3762 1260 3831 ἑαυτῷ
1285 3762 1373 3818 διὰ
1401 3764 1619 3817 πάντων
1650 3766 1678 3818 6
1704 3763 2024 3829 διδάσκαλος

436 3854 743 3921 συμφωνεῖ.
773 3854 875 3909 ’Ἐν
904 3872 967 3923 γε
999 3871 1109 3926 γαρ
1135 3857 1232 3917 καὶ
1255 3855 1315 3909 τὸ
1344 3856 1480 3909 αὐτὸ
1507 3854 1729 3927 Πνεῦμα
1790 3857 1855 3910 ἐκ
1907 3857 2023 3911 Πα-

438 3947 566 4015 τρὺς
596 3945 664 3998 δι’
693 3945 823 3999 Υἱοῦ
863 3948 999 4013 ἐστι,
1047 3949 1145 4019 μιᾷ
1186 3948 1409 4005 πνεύεει
1442 3947 1715 4018 πάντωςῆ
1756 3946 2025 4020 ἐκπορεύ-

442 4052 526 4093 σει
557 4054 571 4066 ·
606 4039 699 4092 καὶ
727 4038 816 4092 διὰ
846 4039 1006 4092 τοῦτό
1033 4056 1200 4106 φησιν
1251 4039 1434 4093 αὐτῶν
1482 4040 1615 4094 ἴδιον
1672 4033 1837 4104 εἶναι,
1892 4039 2026 4093 διότι

441 4130 507 4187 ἐκ
540 4130 752 4201 Πατρός
790 4133 905 4186 ἐστι
934 4130 1001 4186 δι’
1036 4131 1167 4185 Υίοῦ
1209 4150 1222 4164 ⁸
1249 4131 1407 4187 τοῦτο
1437 4132 1482 4188 δ’
1526 4133 1643 4186 ἐστὶ
1674 4134 1762 4189 διὰ
1800 4133 1862 4187 r6
1891 4150 2025 4193 ταυ-

435 4313 635 4369 deinde
669 4313 819 4369 Pauli
867 4315 1054 4383 verba,
1088 4315 1291 4385 quibus
1338 4332 1495 4391 teque
1530 4316 1651 4374 Filii
1691 4332 1816 4375 esse
1846 4316 2048 4389 Spiri-_

440 4416 547 4471 tus,
579 4405 740 4459 sicuti
791 4414 848 4461 ct
884 4406 1101 4474 Patris,
1142 4408 1429 4477 probatur.
1464 4408 1625 4466 Nulla
1673 4409 1820 4465 enim
1861 4409 2027 4471 ditl'e-

440 4498 615 4554 i'entia
646 4511 750 4565 est,
790 4499 913 4555 Filii
948 4500 1236 4571 Spiritum,
1281 4502 1367 4558 vel
1402 4502 1582 4559 Patris
1626 4502 1733 4560 diei
1761 4519 1775 4567 ;
1804 4518 2022 4559 omnem

433 4593 585 4645 enim
623 4592 678 4645 in
741 4593 844 4648 hoc
899 4593 1269 4649 ditl'ercntiam
1328 4595 1534 4651 Paulus
1586 4595 1891 4667 postponit.
1954 4593 2024 4651 At

441 4686 620 4741 Patris
649 4685 851 4740 dicitur
884 4686 1151 4757 Spiritus,
1183 4698 1442 4756 tanquam
1477 4702 1544 4743 ex
1572 4702 1637 4742 eo
1671 4686 1977 4757 procedens
2004 4702 2022 4744 :

437 4791 571 4841 ergo
593 4775 785 4829 eodem
816 4777 979 4829 modo
1003 4778 1123 4831 Filii
1155 4794 1373 4848 quoque
1402 4778 1607 4835 dicitur
1645 4779 1908 4849 Spiritus.

517 4868 781 4920 Prmtcrea
839 4867 892 4921 in
962 4869 1345 4937 superioribus
1409 4875 1544 4928 satis
1607 4873 2017 4937 disseruimus,

440 4958 715 5027 quomodo
744 4957 951 5011 dicitur
979 4960 1218 5029 Spiritus
1244 4962 1363 5018 Filii
1402 4963 1703 5017 secundum
1730 4962 2019 5029 ductores;

441 5049 746 5107 secundum
777 5050 925 5105 enim
956 5052 1233 5119 Basilium,
1271 5062 1526 5125 tanquam
1557 5069 1654 5124 per
1675 5054 1871 5109 Filium
1907 5069 2022 5108 ma-

442 5148 719 5202 nifestus:
776 5144 1079 5200 secundum
1122 5145 1437 5214 Maximum,
1479 5158 1737 5218 tanquam
1788 5162 1884 5219 per
1932 5147 2022 5202 Fi—

443 5241 577 5295 lium
629 5237 975 5310 procedens:
1020 5238 1321 5293 secundum
1361 5240 1549 5295 Patres
1613 5239 2018 5306 Occidentales,

449 5345 706 5403 tauquam
748 5349 813 5387 ex
868 5332 1006 5387 Filio
1058 5331 1382 5401 procedens.
1417 5333 1527 5391 Nec
1580 5333 1748 5404 igitur
1783 5315 2021 5405 Cyrillns

441 5429 543 5481 alia
600 5426 811 5481 ratione
848 5425 1097 5492 dixisset,
1143 5424 1407 5494 Spiritum
1462 5425 1583 5480 Filii
1638 5440 1761 5480 esse
1804 5434 1857 5480 ct
1900 5425 2019 5483 Filii

444 5521 752 5591 proprium,
795 5537 956 5589 quam
1013 5521 1101 5575 alii
1143 5520 1286 5575 idem
1340 5535 1462 5573 cuin
1505 5536 1569 5573 eo
1598 5520 1871 5587 sapientes
1926 5519 2024 5573 do-

443 5627 624 5668 ctores
660 5616 934 5681 dixerunt,
976 5627 1237 5686 tanquam
1260 5631 1325 5671 cst
1365 5616 1503 5670 Filio
1531 5615 1763 5682 scilicet,
1787 5616 1901 5669 sive
1926 5630 2023 5685 ppr

445 5705 664 5767 Filium,
725 5704 1137 5775 praeminentem.
1197 5706 1343 5762 Nihil
1409 5704 1557 5759 enim
1615 5704 1882 5769 interest,
1946 5702 2022 5756 Ex

454 5796 468 5845 l
500 5797 608 5849 ilio.
652 5796 750 5857 \rl,
786 5797 888 5850 Per
923 5797 1123 5851 Filium
1162 5804 1365 5851 tilf‘Cl‘C.
1403 5796 1620 5852 Etenim
1655 5795 1773 5862 Ῐῖιεθ
1806 5809 2026 5865 ίιιυιίιιθ

454 5901 598 5938 nunc
629 5887 797 5951 punit,
845 5888 937 5940 iis.
982 5904 1125 5953 mult;
1158 5908 1215 5943 [κει

1226 5908 1271 5941 ὶξῑ
1312 5900 1481 5944 mutat
1528 5906 1577 5943 Hi
1621 5906 1728 5951 ,οἲ-τ,
1766 5899 2020 5953 tamquam

2135 3299 2297 3355 Ἀλλὰ
2328 3298 2660 3371 σημείωσαι,
2698 3298 2784 3351 δτι
2822 3298 2886 3350 τδ
2938 3295 3242 3366 λαμϐάνειν
3269 3294 3392 3348 ἀντὶ
3422 3293 3514 3349 τοῦ
3547 3295 3712 3348 ἐκπο-

2125 3392 2380 3467 ρεύεσθαι
2407 3393 2435 3447 6
2456 3391 2612 3462 ἅγιος
2640 3388 2928 3457 ἐξεδέξατο
2956 3389 3237 3461 ἀνωτέρω.
3272 3388 3387 3444 Καὶ
3439 3387 3563 3442 οὐδὲ
3614 3386 3710 3440 τδν

2126 3484 2256 3540 Υίδν
2281 3485 2376 3538 καὶ
2400 3483 2490 3539 τὸν
2512 3481 2736 3553 Πατέρα
2759 3481 2808 3535 εί
2832 3482 2909 3553 μὴ
2930 3480 3159 3551 Πνεῦμα
3205 3480 3267 3534 r6
3300 3479 3480 3547 ἅγιον,
3510 3478 3574 3533 r6
3622 3478 3710 3531 δο-

2125 3574 2286 3647 ξάζον
2315 3574 2553 3645 ἀληθῶς,
2583 3573 2646 3628 τὸ
2684 3573 2941 3628 διδάσκον
2994 3571 3064 3626 τὰ
3097 3571 3300 3638 πάντα,
3329 3570 3360 3625 δ
3412 3570 3568 3643 παρά
3611 3568 3709 3623 τοῦ

2124 3669 2339 3741 Πατρδς
2366 3668 2577 3725 καὶτοῦ
2599 3670 2658 3739 ἐξ
2680 3666 2841 3722 Υίοῦ.
2874 3667 2942 3721 Τί
2966 3666 3165 3738 γένοιτ’
3186 3667 3251 3722 ἂν
3279 3664 3491 3720 τούτων
3541 3663 3711 3733 σαφέ-

2127 3780 2348 3834 στερον,
2371 3763 2425 3817 τί
2451 3763 2508 3818 δὲ
2529 3760 2920 3833 καθαρώτερον
2951 3776 2967 3827 ;
3010 3761 3085 3815 Οὐ
3120 3759 3420 3845 διαρρήδην
3446 3756 3595 3812 οῦτοι
3618 3758 3711 3813 καὶ

2125 3856 2219 3911 τὸν
2244 3856 2377 3911 Υίδν
2416 3855 2598 3909 αίτίαν
2630 3852 2913 3909 ποιοῦνται
2957 3851 3052 3907 τοῦ
3101 3852 3457 3924 Πνεύματος;
3490 3850 3571 3909 Οὐ
3615 3850 3713 3905 καὶ

2128 3944 2188 4013 ἐξ
2208 3944 2339 3999 Υίοῦ
2354 3944 2702 4001 διδάσκουσιν
2724 3945 2857 3998 αὐτὸ
2885 3941 3291 4014 ἐκπορεύεσθαι
3318 3959 3333 4011 ;
3362 3944 3431 3997 Τί
3454 3943 3585 4011 οῦν;
3620 3942 3712 4013 βύ-

2129 4055 2296 4108 σομεν
2321 4037 2389 4091 τά
2411 4031 2529 4092 ὦτα
2567 4036 2707 4108 πρὸς
2734 4035 3006 4098 τοσαύτας
3047 4034 3160 4087 τῶν
3207 4033 3548 4088 διδασκάλων
3598 4050 3714 4102 φω-

2128 4132 2248 4197 νὰς,
2281 4128 2428 4185 οῦτω
2464 4128 2563 4201 μὲν
2611 4126 2779 4193 οὔσας
2813 4127 3039 4195 πολλὰς,
3074 4125 3220 4181 οὕτω
3252 4126 3309 4181 δὲ
3344 4126 3522 4190 θείας,
3569 4125 3715 4179 οὕτω

2130 4315 2306 4373 ambae
2336 4330 2465 4371 vere
2501 4313 2611 4369 dici
2651 4311 2883 4384 possint.
2916 4310 3071 4368 Unde
3112 4310 3168 4366 in
3198 4310 3280 4367 eis
3312 4324 3437 4380 quae
3483 4308 3553 4364 ad
3593 4308 3711 4364 Pal-

2129 4404 2337 4461 ladium
2394 4406 2448 4460 in
2499 4405 2675 4461 forma
2706 4401 2903 4474 dialogi
2953 4400 3194 4458 scribit:
3250 4400 3530 4455 Mutabilis
3582 4416 3710 4455 vero

2132 4498 2381 4563 minime,
2417 4496 2616 4566 inquit,
2650 4504 2737 4550 est
2787 4493 3064 4564 Spiritus;
3113 4508 3239 4547 nam
3277 4493 3323 4547 si
3360 4492 3711 4547 inutabilitati

2131 4588 2462 4659 subjaccret,
2495 4587 2595 4656 ipsi
2643 4585 2845 4641 divina:
2880 4594 3091 4639 natura:
3125 4585 3231 4640 istc
3261 4583 3513 4640 defectus
3534 4585 3713 4639 ascri-

2132 4678 2380 4733 beretur.
2435 4674 2719 4745 Siquidem
2757 4672 2850 4727 Dei
2879 4682 2936 4728 et
2974 4672 3176 4739 Patris,
3209 4686 3313 4726 nec
3344 4687 3452 4725 non
3488 4681 3545 4727 et
3588 4671 3712 4726 Filii

2129 4783 2231 4838 est,
2262 4771 2357 4841 qui
2384 4768 2753 4825 essentialiter
2789 4783 2855 4823 ex
2900 4776 3171 4836 utroque,
3203 4765 3417 4820 scilicet
3455 4780 3521 4819 ex
3556 4765 3715 4820 Patre

2129 4879 2229 4936 per
2270 4863 2488 4928 Filium,
2534 4861 2751 4930 proﬂuit
2803 4858 3064 4929 Spiritus.
3106 4858 3243 4912 ltem
3282 4856 3336 4911 in
3388 4856 3585 4926 quinto
3644 4856 3713 4911 ad

2132 4954 2433 5019 llerniiam,
2469 4952 2702 5007 reddens
2737 4966 2980 5017 causam,
3019 4964 3121 5005 cur
3166 4948 3405 5018 Spiritus
3448 4948 3570 5003 Filii
3623 4948 3713 5002 di-

2130 5058 2289 5105 catur
2327 5048 2589 5119 Spiritus.
2627 5046 2945 5115 Cuiusnam,
2984 5042 3187 5114 inquit,
3229 5045 3512 5114 proprium
3568 5043 3713 5098 dici-

2131 5157 2254 5196 mus
2288 5156 2409 5195 esse
2441 5139 2707 5209 Spiritum
2746 5135 3040 5192 sanctum?
3089 5135 3283 5190 Utrum
3316 5136 3489 5191 solius
3527 5136 3621 5191 Dei
3658 5147 3713 5191 et

2133 5233 2347 5292 Patris?
2388 5248 2454 5284 an
2487 5231 2649 5285 etiam
2685 5229 2926 5284 Filii?an
2963 5238 3019 5283 et
3050 5227 3369 5297 disjunctim
3398 5230 3711 5297 utriusque.

2132 5326 2293 5382 simul
2329 5332 2385 5379 et
2422 5324 2734 5387 amborum,
2777 5332 3030 5389 tanquam
3078 5334 3247 5372 unum
3287 5335 3352 5372 ex
3412 5320 3571 5374 Patre
3619 5335 3716 5388 per

2133 5419 2330 5475 Filium
2389 5426 2615 5486 propter
2671 5414 3011 5469 identitatem
3071 5409 3365 5466 essentne?
3424 5412 3712 5481 Proprium

2134 5513 2319 5581 itaque
2346 5510 2464 5565 Filii
2518 5510 2633 5579 ipse
2673 5522 2895 5576 quoque
2928 5505 3195 5574 Spiritum
3234 5506 3393 5569 dicit,
3436 5507 3564 5574 quia
3617 5518 3714 5572 per

2134 5603 2335 5657 Filium
2368 5611 2472 5655 est.
2516 5600 2620 5655 Per
2648 5598 2846 5653 Filium
2904 5607 3086 5650 autem
3121 5606 3203 5649 est
3233 5606 3463 5665 propter
3517 5593 3719 5649 identi~

2136 5704 2302 5750 tatem
2333 5694 2604 5758 essentne,
2640 5691 2819 5746 Patris
2848 5690 3100 5745 videlicet
3132 5699 3187 5744 et
3220 5689 3364 5743 Filii.
3395 5692 3463 5742 At
3489 5696 3713 5757 prapter

2134 5788 2383 5844 eamdem
2420 5787 2591 5857 ipsam
2627 5786 2809 5838 omnia
2842 5783 3006 5837 etiam
3035 5782 3211 5837 Patris
3243 5790 3371 5835 sunt
3412 5780 3720 5849 Filii,pr:n~

2138 5896 2382 5953 lcrquam
2412 5882 2550 5951 quod
2587 5896 2691 5936 non
2730 5882 2793 5934 sit
2825 5878 2999 5933 Pater.
3026 5878 3100 5932 ita
3134 5876 3234 5932 sibi
3275 5875 3374 5946 ipsi
3400 5889 3495 5943 per
3532 5874 3717 5929 omnia
