  <div class='ocr_page' id='page_1' title='image "/cluster/home/n/w/nwhite01/storage/ocr_20150623/161/coo.31924054870666/388.png"; bbox 0 0 4136 6414; ppageno 0'>
   <div class='ocr_carea' id='block_1_1' title="bbox 436 378 545 445">
    <p class='ocr_par' dir='ltr' id='par_1_1' title="bbox 436 378 545 445">
     <span class='ocr_line' id='line_1_1' title="bbox 436 378 545 445; baseline 0.009 -1"><span class='ocrx_word' id='word_1_1' title='bbox 436 378 545 445; x_wconf 62' lang='lat' dir='ltr'><strong>i397</strong></span> 
     </span>
    </p>
   </div>
   <div class='ocr_carea' id='block_1_2' title="bbox 1406 392 2757 467">
    <p class='ocr_par' dir='ltr' id='par_1_2' title="bbox 1406 392 2757 467">
     <span class='ocr_line' id='line_1_2' title="bbox 1406 392 2757 467; baseline 0.012 -16"><span class='ocrx_word' id='word_1_2' title='bbox 1406 392 1694 454; x_wconf 69' lang='lat' dir='ltr'><strong>ORATIO</strong></span> <span class='ocrx_word' id='word_1_3' title='bbox 1741 397 2182 461; x_wconf 67' lang='lat' dir='ltr'><strong>DOGMA&#39;I‘ICA</strong></span> <span class='ocrx_word' id='word_1_4' title='bbox 2228 403 2381 463; x_wconf 79' lang='lat' dir='ltr'>PRO</span> <span class='ocrx_word' id='word_1_5' title='bbox 2423 405 2757 467; x_wconf 21' lang='lat' dir='ltr'><strong>UNIDNE.‘</strong></span> 
     </span>
    </p>
   </div>
   <div class='ocr_carea' id='block_1_3' title="bbox 3602 409 3712 469">
    <p class='ocr_par' dir='ltr' id='par_1_3' title="bbox 3602 409 3712 469">
     <span class='ocr_line' id='line_1_3' title="bbox 3602 409 3712 469; baseline -0.018 0"><span class='ocrx_word' id='word_1_6' title='bbox 3602 409 3712 469; x_wconf 69' lang='lat'><strong>.593</strong></span> 
     </span>
    </p>
   </div>
   <div class='ocr_carea' id='block_1_4' title="bbox 431 496 3709 588">
    <p class='ocr_par' dir='ltr' id='par_1_4' title="bbox 431 496 3709 588">
     <span class='ocr_line' id='line_1_4' title="bbox 431 496 3709 588; baseline 0.002 -22"><span class='ocrx_word' id='word_1_7' title='bbox 431 496 492 550; x_wconf 52' lang='grc' dir='ltr'><strong>δὲ</strong></span> <span class='ocrx_word' id='word_1_8' title='bbox 524 498 849 566; x_wconf 70' lang='grc' dir='ltr'><strong>συμφώνους</strong></span> <span class='ocrx_word' id='word_1_9' title='bbox 878 499 1117 562; x_wconf 56' lang='grc' dir='ltr'><strong>ἀπείπας,</strong></span> <span class='ocrx_word' id='word_1_10' title='bbox 1151 503 1244 555; x_wconf 72' lang='grc' dir='ltr'><strong>καὶ</strong></span> <span class='ocrx_word' id='word_1_11' title='bbox 1270 504 1339 555; x_wconf 65' lang='grc' dir='ltr'><strong>τά</strong></span> <span class='ocrx_word' id='word_1_12' title='bbox 1374 509 1441 574; x_wconf 83' lang='grc' dir='ltr'>τῇ</span> <span class='ocrx_word' id='word_1_13' title='bbox 1468 508 1733 577; x_wconf 66' lang='grc' dir='ltr'>προλήψει</span> <span class='ocrx_word' id='word_1_14' title='bbox 1788 511 2017 579; x_wconf 69' lang='grc' dir='ltr'>χτρίσὰ-</span> <span class='ocrx_word' id='word_1_15' title='bbox 2045 523 2099 581; x_wconf 69' lang='grc' dir='ltr'>Α</span> <span class='ocrx_word' id='word_1_16' title='bbox 2121 518 2199 569; x_wconf 75' lang='grc' dir='ltr'><strong>Οὐ</strong></span> <span class='ocrx_word' id='word_1_17' title='bbox 2224 518 2360 585; x_wconf 74' lang='grc' dir='ltr'>πρὸς</span> <span class='ocrx_word' id='word_1_18' title='bbox 2382 518 2593 588; x_wconf 77' lang='grc' dir='ltr'>ἀνδρῶν</span> <span class='ocrx_word' id='word_1_19' title='bbox 2630 520 2789 571; x_wconf 73' lang='grc' dir='ltr'>τοῦτο</span> <span class='ocrx_word' id='word_1_20' title='bbox 2816 520 2999 586; x_wconf 62' lang='grc' dir='ltr'>σοᾨῶν</span> <span class='ocrx_word' id='word_1_21' title='bbox 3030 539 3088 573; x_wconf 78' lang='grc' dir='ltr'><strong>τε</strong></span> <span class='ocrx_word' id='word_1_22' title='bbox 3117 522 3209 575; x_wconf 74' lang='grc' dir='ltr'><strong>καὶ</strong></span> <span class='ocrx_word' id='word_1_23' title='bbox 3248 521 3433 586; x_wconf 83' lang='grc' dir='ltr'>θείων,</span> <span class='ocrx_word' id='word_1_24' title='bbox 3463 523 3550 575; x_wconf 69' lang='grc' dir='ltr'><strong>καί</strong></span> <span class='ocrx_word' id='word_1_25' title='bbox 3580 526 3709 578; x_wconf 67' lang='grc' dir='ltr'>τοὺς</span> 
     </span>
    </p>
   </div>
   <div class='ocr_carea' id='block_1_5' title="bbox 435 588 2016 673">
    <p class='ocr_par' dir='ltr' id='par_1_5' title="bbox 435 588 2016 673">
     <span class='ocr_line' id='line_1_5' title="bbox 435 588 2016 673; baseline 0.011 -33"><span class='ocrx_word' id='word_1_26' title='bbox 435 603 589 656; x_wconf 72' lang='grc' dir='ltr'>μενοι</span> <span class='ocrx_word' id='word_1_27' title='bbox 609 588 746 659; x_wconf 82' lang='grc' dir='ltr'>μόνῃ</span> <span class='ocrx_word' id='word_1_28' title='bbox 776 588 982 643; x_wconf 72' lang='grc' dir='ltr'>τούτων</span> <span class='ocrx_word' id='word_1_29' title='bbox 1007 592 1259 646; x_wconf 66' lang='grc' dir='ltr'>ἁπάντων</span> <span class='ocrx_word' id='word_1_30' title='bbox 1286 597 1487 666; x_wconf 78' lang='grc' dir='ltr'>ἀργίαν</span> <span class='ocrx_word' id='word_1_31' title='bbox 1510 604 1975 673; x_wconf 73' lang='grc' dir='ltr'>καταγνωσόμεοα</span> <span class='ocrx_word' id='word_1_32' title='bbox 2000 622 2016 669; x_wconf 87' lang='lat'><strong>;</strong></span> 
     </span>
    </p>
   </div>
   <div class='ocr_carea' id='block_1_6' title="bbox 2128 606 3138 683">
    <p class='ocr_par' dir='ltr' id='par_1_6' title="bbox 2128 606 3138 683">
     <span class='ocr_line' id='line_1_6' title="bbox 2128 606 3138 683; baseline 0.007 -25"><span class='ocrx_word' id='word_1_33' title='bbox 2128 606 2321 675; x_wconf 71' lang='grc' dir='ltr'>λόγους</span> <span class='ocrx_word' id='word_1_34' title='bbox 2352 608 2789 678; x_wconf 73' lang='grc' dir='ltr'>οίκονομούντων</span> <span class='ocrx_word' id='word_1_35' title='bbox 2826 611 2881 662; x_wconf 85' lang='grc' dir='ltr'>ἐν</span> <span class='ocrx_word' id='word_1_36' title='bbox 2936 614 3138 683; x_wconf 77' lang='grc' dir='ltr'>κρίσει.</span> 
     </span>
    </p>
   </div>
   <div class='ocr_carea' id='block_1_7' title="bbox 1892 768 2253 824">
    <p class='ocr_par' dir='ltr' id='par_1_7' title="bbox 1892 768 2253 824">
     <span class='ocr_line' id='line_1_7' title="bbox 1892 768 2253 824; baseline 0.014 -5"><span class='ocrx_word' id='word_1_37' title='bbox 1892 768 2142 822; x_wconf 81' lang='grc' dir='ltr'><strong>ΚΕΦᾹΛ.</strong></span> <span class='ocrx_word' id='word_1_38' title='bbox 2174 768 2253 824; x_wconf 77' lang='grc' dir='ltr'><strong>ιν.</strong></span> 
     </span>
    </p>
   </div>
   <div class='ocr_carea' id='block_1_8' title="bbox 517 903 2022 977">
    <p class='ocr_par' dir='ltr' id='par_1_8' title="bbox 517 903 2022 977">
     <span class='ocr_line' id='line_1_8' title="bbox 517 903 2022 977; baseline 0.002 -21"><span class='ocrx_word' id='word_1_39' title='bbox 517 903 675 958; x_wconf 78' lang='grc' dir='ltr'>Ἐπεὶ</span> <span class='ocrx_word' id='word_1_40' title='bbox 708 904 764 957; x_wconf 79' lang='grc' dir='ltr'><strong>δέ</strong></span> <span class='ocrx_word' id='word_1_41' title='bbox 799 923 948 971; x_wconf 84' lang='grc' dir='ltr'>τινες</span> <span class='ocrx_word' id='word_1_42' title='bbox 981 908 1062 977; x_wconf 82' lang='grc' dir='ltr'>τῷ</span> <span class='ocrx_word' id='word_1_43' title='bbox 1119 910 1329 977; x_wconf 80' lang='grc' dir='ltr'>ῥήματι</span> <span class='ocrx_word' id='word_1_44' title='bbox 1384 908 1481 962; x_wconf 80' lang='grc' dir='ltr'>τοῦ</span> <span class='ocrx_word' id='word_1_45' title='bbox 1551 908 1868 977; x_wconf 80' lang='grc' dir='ltr'>πέμπεσθαι</span> <span class='ocrx_word' id='word_1_46' title='bbox 1926 909 2022 961; x_wconf 76' lang='grc' dir='ltr'><strong>καὶ</strong></span> 
     </span>
    </p>
   </div>
   <div class='ocr_carea' id='block_1_9' title="bbox 435 997 2022 1067">
    <p class='ocr_par' dir='ltr' id='par_1_9' title="bbox 435 997 2022 1067">
     <span class='ocr_line' id='line_1_9' title="bbox 435 997 2022 1067; baseline 0.003 -18"><span class='ocrx_word' id='word_1_47' title='bbox 435 997 759 1065; x_wconf 74' lang='grc' dir='ltr'>προχείσθαι</span> <span class='ocrx_word' id='word_1_48' title='bbox 820 1002 1282 1067; x_wconf 59' lang='grc' dir='ltr'>προσκόπτοντες,</span> <span class='ocrx_word' id='word_1_49' title='bbox 1341 1003 1405 1055; x_wconf 84' lang='grc' dir='ltr'>ἐκ</span> <span class='ocrx_word' id='word_1_50' title='bbox 1466 1000 1560 1055; x_wconf 82' lang='grc' dir='ltr'>τοῦ</span> <span class='ocrx_word' id='word_1_51' title='bbox 1615 1002 1744 1054; x_wconf 79' lang='grc' dir='ltr'>Υίοῦ</span> <span class='ocrx_word' id='word_1_52' title='bbox 1797 1001 1866 1052; x_wconf 70' lang='grc' dir='ltr'>τὰ</span> <span class='ocrx_word' id='word_1_53' title='bbox 1926 1002 2022 1053; x_wconf 85' lang='grc' dir='ltr'>τοῦ</span> 
     </span>
    </p>
   </div>
   <div class='ocr_carea' id='block_1_10' title="bbox 438 1089 2025 1163">
    <p class='ocr_par' dir='ltr' id='par_1_10' title="bbox 438 1089 2025 1163">
     <span class='ocr_line' id='line_1_10' title="bbox 438 1089 2025 1163; baseline 0.005 -23"><span class='ocrx_word' id='word_1_54' title='bbox 438 1089 755 1159; x_wconf 79' lang='grc' dir='ltr'>Πνεῦματος</span> <span class='ocrx_word' id='word_1_55' title='bbox 791 1092 1110 1161; x_wconf 71' lang='grc' dir='ltr'><strong>χαρίσματα</strong></span> <span class='ocrx_word' id='word_1_56' title='bbox 1147 1092 1758 1163; x_wconf 66' lang='grc' dir='ltr'>πέμπεσθαιλέγουσιν,</span> <span class='ocrx_word' id='word_1_57' title='bbox 1785 1096 1885 1148; x_wconf 79' lang='grc' dir='ltr'>οὐκ</span> <span class='ocrx_word' id='word_1_58' title='bbox 1926 1096 2025 1148; x_wconf 80' lang='grc' dir='ltr'><strong>αὒ-</strong></span> 
     </span>
    </p>
   </div>
   <div class='ocr_carea' id='block_1_11' title="bbox 433 1182 2022 1256">
    <p class='ocr_par' dir='ltr' id='par_1_11' title="bbox 433 1182 2022 1256">
     <span class='ocr_line' id='line_1_11' title="bbox 433 1182 2022 1256; baseline 0.004 -22"><span class='ocrx_word' id='word_1_59' title='bbox 433 1184 536 1249; x_wconf 82' lang='grc' dir='ltr'><strong>τὴν</strong></span> <span class='ocrx_word' id='word_1_60' title='bbox 566 1182 735 1237; x_wconf 70' lang='grc' dir='ltr'>αὑτοῦ</span> <span class='ocrx_word' id='word_1_61' title='bbox 770 1184 870 1254; x_wconf 79' lang='grc' dir='ltr'>τὴν</span> <span class='ocrx_word' id='word_1_62' title='bbox 921 1186 1225 1239; x_wconf 82' lang='grc' dir='ltr'><strong>ὑπόστασιν</strong></span> <span class='ocrx_word' id='word_1_63' title='bbox 1256 1200 1272 1216; x_wconf 75' lang='grc'><em>⁸</em></span> <span class='ocrx_word' id='word_1_64' title='bbox 1306 1186 1513 1240; x_wconf 69' lang='grc' dir='ltr'>τούτων</span> <span class='ocrx_word' id='word_1_65' title='bbox 1545 1188 1655 1256; x_wconf 83' lang='grc' dir='ltr'>γὰρ</span> <span class='ocrx_word' id='word_1_66' title='bbox 1706 1188 1800 1240; x_wconf 71' lang='grc' dir='ltr'>καὶ</span> <span class='ocrx_word' id='word_1_67' title='bbox 1859 1204 2022 1256; x_wconf 46' lang='lat' dir='ltr'><strong>pata»</strong></span> 
     </span>
    </p>
   </div>
   <div class='ocr_carea' id='block_1_12' title="bbox 435 1274 2020 1347">
    <p class='ocr_par' dir='ltr' id='par_1_12' title="bbox 435 1274 2020 1347">
     <span class='ocr_line' id='line_1_12' title="bbox 435 1274 2020 1347; baseline 0.004 -22"><span class='ocrx_word' id='word_1_68' title='bbox 435 1274 743 1343; x_wconf 72' lang='grc' dir='ltr'>λαμϐάνειν</span> <span class='ocrx_word' id='word_1_69' title='bbox 807 1277 935 1339; x_wconf 77' lang='grc' dir='ltr'>τοὺς</span> <span class='ocrx_word' id='word_1_70' title='bbox 992 1278 1549 1347; x_wconf 75' lang='grc' dir='ltr'>μεταλαμϐάνοντας·</span> <span class='ocrx_word' id='word_1_71' title='bbox 1598 1280 1675 1341; x_wconf 80' lang='grc' dir='ltr'>ὡς</span> <span class='ocrx_word' id='word_1_72' title='bbox 1724 1279 1793 1333; x_wconf 76' lang='grc' dir='ltr'>ἂν</span> <span class='ocrx_word' id='word_1_73' title='bbox 1846 1281 2020 1343; x_wconf 80' lang='grc' dir='ltr'>γέλως</span> 
     </span>
    </p>
   </div>
   <div class='ocr_carea' id='block_1_13' title="bbox 432 1368 2019 1441">
    <p class='ocr_par' dir='ltr' id='par_1_13' title="bbox 432 1368 2019 1441">
     <span class='ocr_line' id='line_1_13' title="bbox 432 1368 2019 1441; baseline 0.004 -24"><span class='ocrx_word' id='word_1_74' title='bbox 432 1368 731 1438; x_wconf 72' lang='grc' dir='ltr'><strong>ἀποδειχθῇ</strong></span> <span class='ocrx_word' id='word_1_75' title='bbox 792 1371 946 1422; x_wconf 77' lang='grc' dir='ltr'>πᾶσα</span> <span class='ocrx_word' id='word_1_76' title='bbox 998 1370 1295 1439; x_wconf 80' lang='grc' dir='ltr'><strong>περιεργία</strong></span> <span class='ocrx_word' id='word_1_77' title='bbox 1351 1371 1464 1424; x_wconf 85' lang='grc' dir='ltr'>τῶν</span> <span class='ocrx_word' id='word_1_78' title='bbox 1508 1372 1854 1441; x_wconf 77' lang='grc' dir='ltr'><strong>βουλομένων</strong></span> <span class='ocrx_word' id='word_1_79' title='bbox 1904 1374 2019 1434; x_wconf 72' lang='grc' dir='ltr'>τοῖς</span> 
     </span>
    </p>
   </div>
   <div class='ocr_carea' id='block_1_14' title="bbox 2126 910 3707 983">
    <p class='ocr_par' dir='ltr' id='par_1_14' title="bbox 2126 910 3707 983">
     <span class='ocr_line' id='line_1_14' title="bbox 2126 910 3707 983; baseline 0.003 -22"><span class='ocrx_word' id='word_1_80' title='bbox 2126 910 2221 962; x_wconf 86' lang='grc' dir='ltr'><strong>λον</strong></span> <span class='ocrx_word' id='word_1_81' title='bbox 2249 912 2433 965; x_wconf 80' lang='grc' dir='ltr'>εἰκόνα</span> <span class='ocrx_word' id='word_1_82' title='bbox 2464 914 2603 966; x_wconf 81' lang='grc' dir='ltr'>Θεοῦ</span> <span class='ocrx_word' id='word_1_83' title='bbox 2629 914 3021 983; x_wconf 63' lang='grc' dir='ltr'>δηκεκλῆσθαι</span> <span class='ocrx_word' id='word_1_84' title='bbox 3069 914 3162 966; x_wconf 71' lang='grc' dir='ltr'>τὸν</span> <span class='ocrx_word' id='word_1_85' title='bbox 3226 913 3542 983; x_wconf 75' lang='grc' dir='ltr'>ἄνθρωπον.</span> <span class='ocrx_word' id='word_1_86' title='bbox 3594 911 3707 967; x_wconf 79' lang='grc' dir='ltr'><strong>Εἶτ’</strong></span> 
     </span>
    </p>
   </div>
   <div class='ocr_carea' id='block_1_15' title="bbox 2127 1002 3708 1072">
    <p class='ocr_par' dir='ltr' id='par_1_15' title="bbox 2127 1002 3708 1072">
     <span class='ocr_line' id='line_1_15' title="bbox 2127 1002 3708 1072; baseline 0.004 -20"><span class='ocrx_word' id='word_1_87' title='bbox 2127 1002 2327 1072; x_wconf 77' lang='grc' dir='ltr'>ἐφεξῆς</span> <span class='ocrx_word' id='word_1_88' title='bbox 2356 1005 2786 1068; x_wconf 67' lang='grc' dir='ltr'><strong>κατασκευάζων</strong></span> <span class='ocrx_word' id='word_1_89' title='bbox 2819 1005 2909 1057; x_wconf 73' lang='grc' dir='ltr'><strong>διὰ</strong></span> <span class='ocrx_word' id='word_1_90' title='bbox 2940 1005 3182 1065; x_wconf 79' lang='grc' dir='ltr'>πάντων,</span> <span class='ocrx_word' id='word_1_91' title='bbox 3214 1004 3288 1066; x_wconf 86' lang='grc' dir='ltr'><strong>ὡς</strong></span> <span class='ocrx_word' id='word_1_92' title='bbox 3329 1006 3361 1071; x_wconf 86' lang='grc' dir='ltr'><strong>ή</strong></span> <span class='ocrx_word' id='word_1_93' title='bbox 3393 1006 3487 1057; x_wconf 81' lang='grc' dir='ltr'>τοῦ</span> <span class='ocrx_word' id='word_1_94' title='bbox 3539 1005 3708 1057; x_wconf 81' lang='grc' dir='ltr'><strong>Πνεὺ-</strong></span> 
     </span>
    </p>
   </div>
   <div class='ocr_carea' id='block_1_16' title="bbox 2131 1091 3708 1164">
    <p class='ocr_par' dir='ltr' id='par_1_16' title="bbox 2131 1091 3708 1164">
     <span class='ocr_line' id='line_1_16' title="bbox 2131 1091 3708 1164; baseline 0.002 -21"><span class='ocrx_word' id='word_1_95' title='bbox 2131 1110 2306 1161; x_wconf 79' lang='grc' dir='ltr'>ματος</span> <span class='ocrx_word' id='word_1_96' title='bbox 2330 1094 2634 1154; x_wconf 74' lang='grc' dir='ltr'><strong>ὑπόστασις</strong></span> <span class='ocrx_word' id='word_1_97' title='bbox 2658 1093 2817 1157; x_wconf 75' lang='grc' dir='ltr'>αὐτὸς</span> <span class='ocrx_word' id='word_1_98' title='bbox 2851 1098 2879 1147; x_wconf 89' lang='grc' dir='ltr'>ὁ</span> <span class='ocrx_word' id='word_1_99' title='bbox 2905 1095 3038 1157; x_wconf 78' lang='grc' dir='ltr'>Θεὸς</span> <span class='ocrx_word' id='word_1_100' title='bbox 3071 1091 3161 1164; x_wconf 81' lang='grc' dir='ltr'>ἦν,</span> <span class='ocrx_word' id='word_1_101' title='bbox 3192 1097 3220 1147; x_wconf 85' lang='grc' dir='ltr'>ὁ</span> <span class='ocrx_word' id='word_1_102' title='bbox 3253 1095 3353 1164; x_wconf 82' lang='grc' dir='ltr'>τὴν</span> <span class='ocrx_word' id='word_1_103' title='bbox 3388 1096 3539 1148; x_wconf 84' lang='grc' dir='ltr'>οείαν</span> <span class='ocrx_word' id='word_1_104' title='bbox 3573 1096 3708 1164; x_wconf 80' lang='grc' dir='ltr'>ἡμῖν</span> 
     </span>
    </p>
   </div>
   <div class='ocr_carea' id='block_1_17' title="bbox 2128 1186 3710 1257">
    <p class='ocr_par' dir='ltr' id='par_1_17' title="bbox 2128 1186 3710 1257">
     <span class='ocr_line' id='line_1_17' title="bbox 2128 1186 3710 1257; baseline 0.003 -20"><span class='ocrx_word' id='word_1_105' title='bbox 2128 1187 2189 1237; x_wconf 83' lang='grc' dir='ltr'><strong>ὲν</strong></span> <span class='ocrx_word' id='word_1_106' title='bbox 2218 1187 2287 1254; x_wconf 79' lang='grc' dir='ltr'>τῇ</span> <span class='ocrx_word' id='word_1_107' title='bbox 2322 1186 2513 1255; x_wconf 79' lang='grc' dir='ltr'>πρώτῃ</span> <span class='ocrx_word' id='word_1_108' title='bbox 2566 1186 2764 1240; x_wconf 79' lang='grc' dir='ltr'>πλάσει</span> <span class='ocrx_word' id='word_1_109' title='bbox 2824 1186 3135 1257; x_wconf 75' lang='grc' dir='ltr'>ἐγχαρὸξας</span> <span class='ocrx_word' id='word_1_110' title='bbox 3194 1186 3401 1247; x_wconf 81' lang='grc' dir='ltr'>εἰκόνα,</span> <span class='ocrx_word' id='word_1_111' title='bbox 3449 1188 3543 1239; x_wconf 69' lang='grc' dir='ltr'>καὶ</span> <span class='ocrx_word' id='word_1_112' title='bbox 3588 1188 3710 1255; x_wconf 72' lang='grc' dir='ltr'>οὐχὶ</span> 
     </span>
    </p>
   </div>
   <div class='ocr_carea' id='block_1_18' title="bbox 2129 1273 3709 1345">
    <p class='ocr_par' dir='ltr' id='par_1_18' title="bbox 2129 1273 3709 1345">
     <span class='ocr_line' id='line_1_18' title="bbox 2129 1273 3709 1345; baseline -0.002 -15"><span class='ocrx_word' id='word_1_113' title='bbox 2129 1277 2288 1345; x_wconf 79' lang='grc' dir='ltr'>χάρις</span> <span class='ocrx_word' id='word_1_114' title='bbox 2318 1292 2404 1337; x_wconf 85' lang='grc' dir='ltr'><strong>τις</strong></span> <span class='ocrx_word' id='word_1_115' title='bbox 2434 1275 2805 1336; x_wconf 83' lang='grc' dir='ltr'>ἀνυπόστατος</span> <span class='ocrx_word' id='word_1_116' title='bbox 2834 1291 2849 1306; x_wconf 91' lang='grc'><strong>·</strong></span> <span class='ocrx_word' id='word_1_117' title='bbox 2874 1276 2936 1327; x_wconf 87' lang='grc' dir='ltr'><strong>οὑ</strong></span> <span class='ocrx_word' id='word_1_118' title='bbox 2986 1273 3148 1327; x_wconf 81' lang='grc' dir='ltr'>τοῦτο</span> <span class='ocrx_word' id='word_1_119' title='bbox 3204 1274 3259 1326; x_wconf 77' lang='grc' dir='ltr'><strong>δὲ</strong></span> <span class='ocrx_word' id='word_1_120' title='bbox 3326 1274 3511 1343; x_wconf 84' lang='grc' dir='ltr'>μόνον,</span> <span class='ocrx_word' id='word_1_121' title='bbox 3572 1274 3709 1327; x_wconf 71' lang='grc' dir='ltr'>ἀλλὰ</span> 
     </span>
    </p>
   </div>
   <div class='ocr_carea' id='block_1_19' title="bbox 2128 1364 3711 1435">
    <p class='ocr_par' dir='ltr' id='par_1_19' title="bbox 2128 1364 3711 1435">
     <span class='ocr_line' id='line_1_19' title="bbox 2128 1364 3711 1435; baseline -0.001 -19"><span class='ocrx_word' id='word_1_122' title='bbox 2128 1366 2223 1417; x_wconf 74' lang='grc' dir='ltr'><strong>καὶ</strong></span> <span class='ocrx_word' id='word_1_123' title='bbox 2250 1364 2350 1435; x_wconf 85' lang='grc' dir='ltr'><strong>τὴν</strong></span> <span class='ocrx_word' id='word_1_124' title='bbox 2390 1365 2654 1433; x_wconf 75' lang='grc' dir='ltr'><strong>δευτέραν</strong></span> <span class='ocrx_word' id='word_1_125' title='bbox 2704 1366 2798 1418; x_wconf 80' lang='grc' dir='ltr'><strong>τοῦ</strong></span> <span class='ocrx_word' id='word_1_126' title='bbox 2858 1365 3180 1433; x_wconf 72' lang='grc' dir='ltr'><strong>πλάσματος</strong></span> <span class='ocrx_word' id='word_1_127' title='bbox 3230 1364 3572 1423; x_wconf 75' lang='grc' dir='ltr'>ἀνακαίνισιν</span> <span class='ocrx_word' id='word_1_128' title='bbox 3624 1364 3711 1415; x_wconf 77' lang='grc' dir='ltr'><strong>διὰ</strong></span> 
     </span>
    </p>
   </div>
   <div class='ocr_carea' id='block_1_20' title="bbox 438 1454 3711 1531">
    <p class='ocr_par' dir='ltr' id='par_1_20' title="bbox 438 1454 3711 1531">
     <span class='ocr_line' id='line_1_20' title="bbox 438 1454 3711 1531; baseline 0.002 -21"><span class='ocrx_word' id='word_1_129' title='bbox 438 1458 828 1528; x_wconf 59' lang='lat' dir='ltr'><strong>permanebam</strong></span> <span class='ocrx_word' id='word_1_130' title='bbox 850 1462 1091 1514; x_wconf 76' lang='grc' dir='ltr'>τουτοισὶ</span> <span class='ocrx_word' id='word_1_131' title='bbox 1129 1461 1312 1528; x_wconf 77' lang='grc' dir='ltr'>λόγοις</span> <span class='ocrx_word' id='word_1_132' title='bbox 1336 1464 1481 1515; x_wconf 74' lang='grc' dir='ltr'>κατὰ</span> <span class='ocrx_word' id='word_1_133' title='bbox 1506 1463 1608 1530; x_wconf 81' lang='grc' dir='ltr'>τῆς</span> <span class='ocrx_word' id='word_1_134' title='bbox 1664 1462 1855 1531; x_wconf 77' lang='grc' dir='ltr'><strong>ὑγιοῦς</strong></span> <span class='ocrx_word' id='word_1_135' title='bbox 1911 1463 2031 1516; x_wconf 77' lang='grc' dir='ltr'><strong>τῶν</strong></span> <span class='ocrx_word' id='word_1_136' title='bbox 2125 1455 2217 1507; x_wconf 74' lang='grc' dir='ltr'>τοῦ</span> <span class='ocrx_word' id='word_1_137' title='bbox 2245 1457 2520 1525; x_wconf 77' lang='grc' dir='ltr'><strong>σωτηρίου</strong></span> <span class='ocrx_word' id='word_1_138' title='bbox 2545 1458 2658 1520; x_wconf 79' lang='grc' dir='ltr'>τοῖς</span> <span class='ocrx_word' id='word_1_139' title='bbox 2685 1456 2955 1527; x_wconf 68' lang='grc' dir='ltr'>μαθηταῖς</span> <span class='ocrx_word' id='word_1_140' title='bbox 2982 1456 3384 1523; x_wconf 68' lang='grc' dir='ltr'>ἐμφυσήματος</span> <span class='ocrx_word' id='word_1_141' title='bbox 3410 1454 3711 1521; x_wconf 76' lang='grc' dir='ltr'><strong>γενομένην</strong></span> 
     </span>
    </p>
   </div>
   <div class='ocr_carea' id='block_1_21' title="bbox 433 1550 2019 1625">
    <p class='ocr_par' dir='ltr' id='par_1_21' title="bbox 433 1550 2019 1625">
     <span class='ocr_line' id='line_1_21' title="bbox 433 1550 2019 1625; baseline 0.004 -22"><span class='ocrx_word' id='word_1_142' title='bbox 433 1550 609 1615; x_wconf 80' lang='grc' dir='ltr'><strong>ἁγίων</strong></span> <span class='ocrx_word' id='word_1_143' title='bbox 638 1551 797 1621; x_wconf 84' lang='grc' dir='ltr'>δόξης</span> <span class='ocrx_word' id='word_1_144' title='bbox 828 1555 1047 1621; x_wconf 82' lang='grc' dir='ltr'><strong>χωρεῖν,</strong></span> <span class='ocrx_word' id='word_1_145' title='bbox 1092 1554 1247 1606; x_wconf 70' lang='grc' dir='ltr'>αὐτοὶ</span> <span class='ocrx_word' id='word_1_146' title='bbox 1302 1555 1466 1607; x_wconf 81' lang='grc' dir='ltr'>πάλιν</span> <span class='ocrx_word' id='word_1_147' title='bbox 1513 1558 1644 1625; x_wconf 79' lang='grc' dir='ltr'>ἡμῖν</span> <span class='ocrx_word' id='word_1_148' title='bbox 1682 1558 2019 1625; x_wconf 68' lang='grc' dir='ltr'>παρίτωσαν,</span> 
     </span>
    </p>
   </div>
   <div class='ocr_carea' id='block_1_22' title="bbox 432 1638 2021 1720">
    <p class='ocr_par' dir='ltr' id='par_1_22' title="bbox 432 1638 2021 1720">
     <span class='ocr_line' id='line_1_22' title="bbox 432 1638 2021 1720; baseline 0.005 -26"><span class='ocrx_word' id='word_1_149' title='bbox 432 1644 528 1694; x_wconf 68' lang='grc' dir='ltr'><strong>καὶ</strong></span> <span class='ocrx_word' id='word_1_150' title='bbox 556 1638 749 1695; x_wconf 73' lang='grc' dir='ltr'>τοῦτον</span> <span class='ocrx_word' id='word_1_151' title='bbox 778 1643 869 1697; x_wconf 80' lang='grc' dir='ltr'>τὸν</span> <span class='ocrx_word' id='word_1_152' title='bbox 893 1646 1050 1714; x_wconf 80' lang='grc' dir='ltr'>λόγον</span> <span class='ocrx_word' id='word_1_153' title='bbox 1080 1644 1479 1713; x_wconf 68' lang='grc' dir='ltr'>ἐξελέγξοντες,</span> <span class='ocrx_word' id='word_1_154' title='bbox 1510 1648 1605 1701; x_wconf 70' lang='grc' dir='ltr'><strong>καὶ</strong></span> <span class='ocrx_word' id='word_1_155' title='bbox 1633 1649 1862 1712; x_wconf 73' lang='grc' dir='ltr'>ἑαυτοὺς</span> <span class='ocrx_word' id='word_1_156' title='bbox 1896 1649 2021 1720; x_wconf 69' lang='grc' dir='ltr'><strong>ἐξη-</strong></span> 
     </span>
    </p>
   </div>
   <div class='ocr_carea' id='block_1_23' title="bbox 435 1735 715 1804">
    <p class='ocr_par' dir='ltr' id='par_1_23' title="bbox 435 1735 715 1804">
     <span class='ocr_line' id='line_1_23' title="bbox 435 1735 715 1804; baseline 0 -16"><span class='ocrx_word' id='word_1_157' title='bbox 435 1735 715 1804; x_wconf 59' lang='grc' dir='ltr'>γοῦμιιόι.</span> 
     </span>
    </p>
   </div>
   <div class='ocr_carea' id='block_1_24' title="bbox 2122 1546 3710 1617">
    <p class='ocr_par' dir='ltr' id='par_1_24' title="bbox 2122 1546 3710 1617">
     <span class='ocr_line' id='line_1_24' title="bbox 2122 1546 3710 1617; baseline -0.003 -17"><span class='ocrx_word' id='word_1_158' title='bbox 2122 1547 2211 1601; x_wconf 73' lang='grc' dir='ltr'><strong>διὰ</strong></span> <span class='ocrx_word' id='word_1_159' title='bbox 2243 1546 2341 1600; x_wconf 70' lang='grc' dir='ltr'>τοῦ</span> <span class='ocrx_word' id='word_1_160' title='bbox 2375 1547 2533 1613; x_wconf 78' lang='grc' dir='ltr'>ἁγίου</span> <span class='ocrx_word' id='word_1_161' title='bbox 2587 1549 2727 1617; x_wconf 81' lang='grc' dir='ltr'><strong>φησί</strong></span> <span class='ocrx_word' id='word_1_162' title='bbox 2780 1548 3114 1615; x_wconf 78' lang='grc' dir='ltr'>γεγενῆσθαι</span> <span class='ocrx_word' id='word_1_163' title='bbox 3180 1546 3525 1615; x_wconf 65' lang='grc' dir='ltr'>[ιειεύματος.</span> <span class='ocrx_word' id='word_1_164' title='bbox 3562 1546 3710 1597; x_wconf 70' lang='grc' dir='ltr'>Ἔδει</span> 
     </span>
    </p>
   </div>
   <div class='ocr_carea' id='block_1_25' title="bbox 2121 1635 3707 1712">
    <p class='ocr_par' dir='ltr' id='par_1_25' title="bbox 2121 1635 3707 1712">
     <span class='ocr_line' id='line_1_25' title="bbox 2121 1635 3707 1712; baseline -0.002 -21"><span class='ocrx_word' id='word_1_165' title='bbox 2121 1640 2233 1707; x_wconf 69' lang='grc' dir='ltr'>γὰρ</span> <span class='ocrx_word' id='word_1_166' title='bbox 2252 1635 2295 1706; x_wconf 79' lang='grc' dir='ltr'><strong>ᾧ</strong></span> <span class='ocrx_word' id='word_1_167' title='bbox 2322 1642 2590 1709; x_wconf 85' lang='grc' dir='ltr'>πρότερον</span> <span class='ocrx_word' id='word_1_168' title='bbox 2617 1642 2692 1710; x_wconf 79' lang='grc' dir='ltr'><strong>μὴ</strong></span> <span class='ocrx_word' id='word_1_169' title='bbox 2726 1640 2805 1693; x_wconf 81' lang='grc' dir='ltr'><strong>ὢν</strong></span> <span class='ocrx_word' id='word_1_170' title='bbox 2833 1642 3118 1712; x_wconf 75' lang='grc' dir='ltr'>ἄνθρωπος</span> <span class='ocrx_word' id='word_1_171' title='bbox 3148 1640 3442 1708; x_wconf 72' lang='grc' dir='ltr'>γεγένηται</span> <span class='ocrx_word' id='word_1_172' title='bbox 3489 1639 3707 1706; x_wconf 81' lang='grc' dir='ltr'>τρόπῳ,</span> 
     </span>
    </p>
   </div>
   <div class='ocr_carea' id='block_1_26' title="bbox 2119 1730 3710 1804">
    <p class='ocr_par' dir='ltr' id='par_1_26' title="bbox 2119 1730 3710 1804">
     <span class='ocr_line' id='line_1_26' title="bbox 2119 1730 3710 1804; baseline -0.003 -18"><span class='ocrx_word' id='word_1_173' title='bbox 2119 1734 2197 1802; x_wconf 79' lang='grc' dir='ltr'>τῷ</span> <span class='ocrx_word' id='word_1_174' title='bbox 2224 1733 2354 1802; x_wconf 76' lang='grc' dir='ltr'>Θείῳ</span> <span class='ocrx_word' id='word_1_175' title='bbox 2378 1734 2578 1804; x_wconf 78' lang='grc' dir='ltr'>δηλαδὴ</span> <span class='ocrx_word' id='word_1_176' title='bbox 2608 1734 2885 1803; x_wconf 81' lang='grc' dir='ltr'>Πνεύματι</span> <span class='ocrx_word' id='word_1_177' title='bbox 2904 1733 3052 1801; x_wconf 73' lang='grc' dir='ltr'>αὑτῷ</span> <span class='ocrx_word' id='word_1_178' title='bbox 3074 1733 3151 1802; x_wconf 83' lang='grc' dir='ltr'>τῷ</span> <span class='ocrx_word' id='word_1_179' title='bbox 3188 1732 3541 1798; x_wconf 77' lang='grc' dir='ltr'>ἐνυποστάτῳ</span> <span class='ocrx_word' id='word_1_180' title='bbox 3564 1730 3710 1799; x_wconf 77' lang='grc' dir='ltr'>Θεῷ,</span> 
     </span>
    </p>
   </div>
   <div class='ocr_carea' id='block_1_27' title="bbox 502 1826 3715 1927">
    <p class='ocr_par' dir='ltr' id='par_1_27' title="bbox 502 1826 3715 1927">
     <span class='ocr_line' id='line_1_27' title="bbox 502 1826 3715 1927; baseline -0.002 -40"><span class='ocrx_word' id='word_1_181' title='bbox 502 1827 675 1898; x_wconf 64' lang='grc' dir='ltr'><strong>Ψησῖν</strong></span> <span class='ocrx_word' id='word_1_182' title='bbox 698 1828 795 1882; x_wconf 82' lang='grc' dir='ltr'><strong>οὖν</strong></span> <span class='ocrx_word' id='word_1_183' title='bbox 826 1832 883 1883; x_wconf 77' lang='grc' dir='ltr'>ἐν</span> <span class='ocrx_word' id='word_1_184' title='bbox 917 1830 998 1901; x_wconf 84' lang='grc' dir='ltr'>τῷ</span> <span class='ocrx_word' id='word_1_185' title='bbox 1032 1833 1249 1903; x_wconf 72' lang='grc' dir='ltr'><strong>ἑϐδόμῳ</strong></span> <span class='ocrx_word' id='word_1_186' title='bbox 1298 1833 1413 1887; x_wconf 86' lang='grc' dir='ltr'>τῶν</span> <span class='ocrx_word' id='word_1_187' title='bbox 1472 1835 1610 1904; x_wconf 58' lang='grc' dir='ltr'>πρὸς</span> <span class='ocrx_word' id='word_1_188' title='bbox 1679 1834 1944 1905; x_wconf 78' lang='grc' dir='ltr'>Ἑρμείαν</span> <span class='ocrx_word' id='word_1_189' title='bbox 1990 1838 2018 1888; x_wconf 74' lang='grc' dir='ltr'><strong>ὁ</strong></span> <span class='ocrx_word' id='word_1_190' title='bbox 2054 1827 2203 1927; x_wconf 65' lang='grc' dir='ltr'><strong>Βτῷ</strong></span> <span class='ocrx_word' id='word_1_191' title='bbox 2238 1827 2390 1896; x_wconf 81' lang='grc' dir='ltr'>αὐτῷ</span> <span class='ocrx_word' id='word_1_192' title='bbox 2434 1827 2527 1879; x_wconf 84' lang='grc' dir='ltr'><strong>καὶ</strong></span> <span class='ocrx_word' id='word_1_193' title='bbox 2587 1828 2752 1881; x_wconf 82' lang='grc' dir='ltr'>πάλιν</span> <span class='ocrx_word' id='word_1_194' title='bbox 2802 1828 3222 1897; x_wconf 81' lang='grc' dir='ltr'>ἀναπλασοῆναι</span> <span class='ocrx_word' id='word_1_195' title='bbox 3284 1826 3377 1881; x_wconf 65' lang='grc' dir='ltr'>τὸν</span> <span class='ocrx_word' id='word_1_196' title='bbox 3435 1827 3715 1897; x_wconf 60' lang='grc' dir='ltr'>ἁγιασμόν</span> 
     </span>
    </p>
   </div>
   <div class='ocr_carea' id='block_1_28' title="bbox 434 1922 2017 1999">
    <p class='ocr_par' dir='ltr' id='par_1_28' title="bbox 434 1922 2017 1999">
     <span class='ocr_line' id='line_1_28' title="bbox 434 1922 2017 1999; baseline 0.005 -26"><span class='ocrx_word' id='word_1_197' title='bbox 434 1922 578 1993; x_wconf 73' lang='grc' dir='ltr'>ἱερὸς</span> <span class='ocrx_word' id='word_1_198' title='bbox 605 1922 875 1993; x_wconf 82' lang='grc' dir='ltr'>Κύριλλος</span> <span class='ocrx_word' id='word_1_199' title='bbox 903 1943 920 1960; x_wconf 80' lang='grc' dir='ltr'><strong>ο</strong></span> <span class='ocrx_word' id='word_1_200' title='bbox 954 1926 1028 1979; x_wconf 80' lang='grc' dir='ltr'><strong>Τὸ</strong></span> <span class='ocrx_word' id='word_1_201' title='bbox 1051 1928 1105 1981; x_wconf 82' lang='grc' dir='ltr'><strong>δὲ</strong></span> <span class='ocrx_word' id='word_1_202' title='bbox 1135 1927 1199 1999; x_wconf 79' lang='grc' dir='ltr'>δὴ</span> <span class='ocrx_word' id='word_1_203' title='bbox 1233 1932 1334 1997; x_wconf 77' lang='grc' dir='ltr'>τὴν</span> <span class='ocrx_word' id='word_1_204' title='bbox 1364 1930 1516 1982; x_wconf 83' lang='grc' dir='ltr'>Θείαν</span> <span class='ocrx_word' id='word_1_205' title='bbox 1560 1932 1693 1999; x_wconf 75' lang='grc' dir='ltr'>ἡμῖν</span> <span class='ocrx_word' id='word_1_206' title='bbox 1747 1929 2017 1999; x_wconf 72' lang='grc' dir='ltr'>ἐγχαράτ-</span> 
     </span>
    </p>
   </div>
   <div class='ocr_carea' id='block_1_29' title="bbox 431 2017 2019 2093">
    <p class='ocr_par' dir='ltr' id='par_1_29' title="bbox 431 2017 2019 2093">
     <span class='ocr_line' id='line_1_29' title="bbox 431 2017 2019 2093; baseline 0.004 -27"><span class='ocrx_word' id='word_1_207' title='bbox 431 2032 528 2066; x_wconf 80' lang='grc' dir='ltr'><strong>τον</strong></span> <span class='ocrx_word' id='word_1_208' title='bbox 558 2017 769 2081; x_wconf 76' lang='grc' dir='ltr'>εἰκόνα,</span> <span class='ocrx_word' id='word_1_209' title='bbox 799 2019 895 2073; x_wconf 76' lang='grc' dir='ltr'><strong>καὶ</strong></span> <span class='ocrx_word' id='word_1_210' title='bbox 922 2020 1240 2090; x_wconf 85' lang='grc' dir='ltr'>σημάντρου</span> <span class='ocrx_word' id='word_1_211' title='bbox 1273 2022 1434 2093; x_wconf 81' lang='grc' dir='ltr'>δίκην</span> <span class='ocrx_word' id='word_1_212' title='bbox 1463 2021 1731 2093; x_wconf 67' lang='grc' dir='ltr'>ἐμποιοῦν</span> <span class='ocrx_word' id='word_1_213' title='bbox 1756 2023 1817 2074; x_wconf 76' lang='grc' dir='ltr'>τὸ</span> <span class='ocrx_word' id='word_1_214' title='bbox 1847 2022 2019 2093; x_wconf 75' lang='grc' dir='ltr'>ὑπερ-ι</span> 
     </span>
    </p>
   </div>
   <div class='ocr_carea' id='block_1_30' title="bbox 431 2109 2021 2185">
    <p class='ocr_par' dir='ltr' id='par_1_30' title="bbox 431 2109 2021 2185">
     <span class='ocr_line' id='line_1_30' title="bbox 431 2109 2021 2185; baseline 0.006 -25"><span class='ocrx_word' id='word_1_215' title='bbox 431 2109 665 2177; x_wconf 78' lang='grc' dir='ltr'>κόσμιον</span> <span class='ocrx_word' id='word_1_216' title='bbox 691 2111 907 2176; x_wconf 80' lang='grc' dir='ltr'>κάλλος,</span> <span class='ocrx_word' id='word_1_217' title='bbox 927 2114 1048 2183; x_wconf 75' lang='grc' dir='ltr'>οὐχὶ</span> <span class='ocrx_word' id='word_1_218' title='bbox 1066 2116 1127 2167; x_wconf 83' lang='grc' dir='ltr'><strong>τὸ</strong></span> <span class='ocrx_word' id='word_1_219' title='bbox 1157 2115 1387 2184; x_wconf 79' lang='grc' dir='ltr'><strong>[1νεῦμά</strong></span> <span class='ocrx_word' id='word_1_220' title='bbox 1420 2118 1538 2169; x_wconf 76' lang='grc' dir='ltr'>ἐστι</span> <span class='ocrx_word' id='word_1_221' title='bbox 1571 2134 1585 2181; x_wconf 89' lang='lat'><strong>;</strong></span> <span class='ocrx_word' id='word_1_222' title='bbox 1632 2116 1776 2185; x_wconf 73' lang='grc' dir='ltr'>Πρὸς</span> <span class='ocrx_word' id='word_1_223' title='bbox 1817 2118 1876 2169; x_wconf 81' lang='grc' dir='ltr'><strong>ὃν</strong></span> <span class='ocrx_word' id='word_1_224' title='bbox 1918 2133 2021 2185; x_wconf 66' lang='lat' dir='ltr'><strong>(pq-</strong></span> 
     </span>
    </p>
   </div>
   <div class='ocr_carea' id='block_1_31' title="bbox 436 2196 2019 2275">
    <p class='ocr_par' dir='ltr' id='par_1_31' title="bbox 436 2196 2019 2275">
     <span class='ocr_line' id='line_1_31' title="bbox 436 2196 2019 2275; baseline 0.005 -26"><span class='ocrx_word' id='word_1_225' title='bbox 436 2214 523 2250; x_wconf 87' lang='grc' dir='ltr'><strong>σιν</strong></span> <span class='ocrx_word' id='word_1_226' title='bbox 550 2200 577 2250; x_wconf 88' lang='grc' dir='ltr'><strong>ό</strong></span> <span class='ocrx_word' id='word_1_227' title='bbox 622 2196 885 2270; x_wconf 77' lang='grc' dir='ltr'>Ἑρμείας</span> <span class='ocrx_word' id='word_1_228' title='bbox 911 2217 927 2232; x_wconf 76' lang='grc' dir='ltr'><strong>ο</strong></span> <span class='ocrx_word' id='word_1_229' title='bbox 964 2202 1071 2255; x_wconf 86' lang='grc' dir='ltr'>Ναί</span> <span class='ocrx_word' id='word_1_230' title='bbox 1102 2218 1117 2235; x_wconf 78' lang='grc'><strong>⁸</strong></span> <span class='ocrx_word' id='word_1_231' title='bbox 1151 2204 1271 2257; x_wconf 84' lang='grc' dir='ltr'>ἀλλ’</span> <span class='ocrx_word' id='word_1_232' title='bbox 1316 2206 1413 2275; x_wconf 74' lang='grc' dir='ltr'><strong>οὐχ</strong></span> <span class='ocrx_word' id='word_1_233' title='bbox 1466 2207 1541 2268; x_wconf 81' lang='grc' dir='ltr'>ὡς</span> <span class='ocrx_word' id='word_1_234' title='bbox 1594 2205 1751 2269; x_wconf 74' lang='grc' dir='ltr'>Θεὸς,</span> <span class='ocrx_word' id='word_1_235' title='bbox 1794 2206 1965 2275; x_wconf 81' lang='grc' dir='ltr'>φησίν</span> <span class='ocrx_word' id='word_1_236' title='bbox 2001 2222 2019 2236; x_wconf 78' lang='grc'><strong><em>⁸</em></strong></span> 
     </span>
    </p>
   </div>
   <div class='ocr_carea' id='block_1_32' title="bbox 432 2292 2019 2366">
    <p class='ocr_par' dir='ltr' id='par_1_32' title="bbox 432 2292 2019 2366">
     <span class='ocr_line' id='line_1_32' title="bbox 432 2292 2019 2366; baseline 0.006 -24"><span class='ocrx_word' id='word_1_237' title='bbox 432 2292 553 2343; x_wconf 81' lang='grc' dir='ltr'>ἀλλ’</span> <span class='ocrx_word' id='word_1_238' title='bbox 579 2293 653 2355; x_wconf 83' lang='grc' dir='ltr'>ὡς</span> <span class='ocrx_word' id='word_1_239' title='bbox 686 2292 840 2357; x_wconf 76' lang='grc' dir='ltr'>Θείας</span> <span class='ocrx_word' id='word_1_240' title='bbox 870 2295 1094 2366; x_wconf 87' lang='grc' dir='ltr'>χάριτος</span> <span class='ocrx_word' id='word_1_241' title='bbox 1127 2297 1424 2366; x_wconf 78' lang='grc' dir='ltr'>ὑπουργόν.</span> <span class='ocrx_word' id='word_1_242' title='bbox 1478 2298 1587 2351; x_wconf 69' lang='grc' dir='ltr'><strong>Καὶ</strong></span> <span class='ocrx_word' id='word_1_243' title='bbox 1624 2299 1652 2350; x_wconf 82' lang='grc' dir='ltr'>ὁ</span> <span class='ocrx_word' id='word_1_244' title='bbox 1675 2299 1830 2366; x_wconf 76' lang='grc' dir='ltr'>ἅγιος</span> <span class='ocrx_word' id='word_1_245' title='bbox 1862 2314 1876 2329; x_wconf 78' lang='grc'><strong><em>⁸</em></strong></span> <span class='ocrx_word' id='word_1_246' title='bbox 1904 2299 2019 2352; x_wconf 71' lang='grc' dir='ltr'><strong>Οὐκ</strong></span> 
     </span>
    </p>
   </div>
   <div class='ocr_carea' id='block_1_33' title="bbox 432 2385 2021 2461">
    <p class='ocr_par' dir='ltr' id='par_1_33' title="bbox 432 2385 2021 2461">
     <span class='ocr_line' id='line_1_33' title="bbox 432 2385 2021 2461; baseline 0.004 -25"><span class='ocrx_word' id='word_1_247' title='bbox 432 2385 565 2437; x_wconf 81' lang='grc' dir='ltr'>αὐτὸ</span> <span class='ocrx_word' id='word_1_248' title='bbox 590 2385 882 2457; x_wconf 81' lang='grc' dir='ltr'>τοιγαροῦν</span> <span class='ocrx_word' id='word_1_249' title='bbox 924 2389 1079 2457; x_wconf 75' lang='grc' dir='ltr'>ἡμῖν,</span> <span class='ocrx_word' id='word_1_250' title='bbox 1118 2389 1236 2442; x_wconf 80' lang='grc' dir='ltr'>ἀλλ’</span> <span class='ocrx_word' id='word_1_251' title='bbox 1270 2391 1302 2460; x_wconf 83' lang='grc' dir='ltr'><strong>ή</strong></span> <span class='ocrx_word' id='word_1_252' title='bbox 1333 2390 1400 2443; x_wconf 85' lang='grc' dir='ltr'><strong>δι’</strong></span> <span class='ocrx_word' id='word_1_253' title='bbox 1430 2390 1597 2445; x_wconf 82' lang='grc' dir='ltr'>αὐτοῦ</span> <span class='ocrx_word' id='word_1_254' title='bbox 1636 2391 1799 2461; x_wconf 81' lang='grc' dir='ltr'>χάρις</span> <span class='ocrx_word' id='word_1_255' title='bbox 1861 2392 2021 2457; x_wconf 77' lang='grc' dir='ltr'>ἐνση-</span> 
     </span>
    </p>
   </div>
   <div class='ocr_carea' id='block_1_34' title="bbox 439 2479 2021 2553">
    <p class='ocr_par' dir='ltr' id='par_1_34' title="bbox 439 2479 2021 2553">
     <span class='ocr_line' id='line_1_34' title="bbox 439 2479 2021 2553; baseline 0.004 -23"><span class='ocrx_word' id='word_1_256' title='bbox 439 2480 713 2548; x_wconf 80' lang='grc' dir='ltr'>μαίνεται.</span> <span class='ocrx_word' id='word_1_257' title='bbox 786 2479 845 2532; x_wconf 84' lang='grc' dir='ltr'>Ὀ</span> <span class='ocrx_word' id='word_1_258' title='bbox 908 2480 1168 2551; x_wconf 81' lang='grc' dir='ltr'>Ἑρμείας</span> <span class='ocrx_word' id='word_1_259' title='bbox 1209 2498 1225 2514; x_wconf 76' lang='grc' dir='ltr'><strong>ο</strong></span> <span class='ocrx_word' id='word_1_260' title='bbox 1266 2485 1503 2537; x_wconf 76' lang='grc' dir='ltr'>Ἔοικεν.</span> <span class='ocrx_word' id='word_1_261' title='bbox 1572 2485 1633 2538; x_wconf 82' lang='grc' dir='ltr'><strong>Ὀ</strong></span> <span class='ocrx_word' id='word_1_262' title='bbox 1687 2484 1877 2553; x_wconf 61' lang='grc' dir='ltr'>ἂγιιης·</span> <span class='ocrx_word' id='word_1_263' title='bbox 1909 2479 2021 2537; x_wconf 82' lang='grc' dir='ltr'><strong>ἾΙν</strong></span> 
     </span>
    </p>
   </div>
   <div class='ocr_carea' id='block_1_35' title="bbox 432 2570 2019 2647">
    <p class='ocr_par' dir='ltr' id='par_1_35' title="bbox 432 2570 2019 2647">
     <span class='ocr_line' id='line_1_35' title="bbox 432 2570 2019 2647; baseline 0.003 -24"><span class='ocrx_word' id='word_1_264' title='bbox 432 2570 526 2624; x_wconf 71' lang='grc' dir='ltr'><strong>οὖν</strong></span> <span class='ocrx_word' id='word_1_265' title='bbox 552 2572 868 2639; x_wconf 78' lang='grc' dir='ltr'>ἀναγκαῖον,</span> <span class='ocrx_word' id='word_1_266' title='bbox 905 2575 1091 2628; x_wconf 84' lang='grc' dir='ltr'>εἰκόνα</span> <span class='ocrx_word' id='word_1_267' title='bbox 1125 2576 1226 2645; x_wconf 80' lang='grc' dir='ltr'>τῆς</span> <span class='ocrx_word' id='word_1_268' title='bbox 1260 2578 1503 2647; x_wconf 69' lang='grc' dir='ltr'>χάριτος,</span> <span class='ocrx_word' id='word_1_269' title='bbox 1558 2578 1654 2629; x_wconf 72' lang='grc' dir='ltr'>καὶ</span> <span class='ocrx_word' id='word_1_270' title='bbox 1708 2578 1831 2646; x_wconf 74' lang='grc' dir='ltr'>οὐχὶ</span> <span class='ocrx_word' id='word_1_271' title='bbox 1877 2578 2019 2645; x_wconf 81' lang='grc' dir='ltr'><strong>μᾶλ-</strong></span> 
     </span>
    </p>
   </div>
   <div class='ocr_carea' id='block_1_36' title="bbox 428 2750 2015 2810">
    <p class='ocr_par' dir='ltr' id='par_1_36' title="bbox 428 2750 2015 2810">
     <span class='ocr_line' id='line_1_36' title="bbox 428 2750 2015 2810; baseline 0.004 -9"><span class='ocrx_word' id='word_1_272' title='bbox 428 2762 673 2803; x_wconf 85' lang='lat' dir='ltr'><strong>consona</strong></span> <span class='ocrx_word' id='word_1_273' title='bbox 711 2750 846 2806; x_wconf 80' lang='lat' dir='ltr'><strong>dicit</strong></span> <span class='ocrx_word' id='word_1_274' title='bbox 869 2759 1091 2807; x_wconf 82' lang='lat' dir='ltr'><strong>sanctus</strong></span> <span class='ocrx_word' id='word_1_275' title='bbox 1121 2753 1209 2809; x_wconf 87' lang='lat' dir='ltr'><strong>hic</strong></span> <span class='ocrx_word' id='word_1_276' title='bbox 1241 2754 1455 2810; x_wconf 89' lang='lat' dir='ltr'><strong>doctor.</strong></span> <span class='ocrx_word' id='word_1_277' title='bbox 1499 2754 1678 2809; x_wconf 88' lang='lat' dir='ltr'><strong>Unum</strong></span> <span class='ocrx_word' id='word_1_278' title='bbox 1717 2756 1923 2810; x_wconf 79' lang='lat' dir='ltr'><strong>etenim</strong></span> <span class='ocrx_word' id='word_1_279' title='bbox 1957 2763 2015 2808; x_wconf 83' lang='lat' dir='ltr'><strong>et</strong></span> 
     </span>
    </p>
   </div>
   <div class='ocr_carea' id='block_1_37' title="bbox 432 2844 2017 2917">
    <p class='ocr_par' dir='ltr' id='par_1_37' title="bbox 432 2844 2017 2917">
     <span class='ocr_line' id='line_1_37' title="bbox 432 2844 2017 2917; baseline 0.006 -23"><span class='ocrx_word' id='word_1_280' title='bbox 432 2844 686 2899; x_wconf 80' lang='lat' dir='ltr'><strong>eumdem</strong></span> <span class='ocrx_word' id='word_1_281' title='bbox 723 2844 988 2914; x_wconf 71' lang='lat' dir='ltr'><strong>Spiritum</strong></span> <span class='ocrx_word' id='word_1_282' title='bbox 1022 2860 1087 2899; x_wconf 81' lang='lat' dir='ltr'><strong>ex</strong></span> <span class='ocrx_word' id='word_1_283' title='bbox 1120 2848 1282 2902; x_wconf 84' lang='lat' dir='ltr'><strong>Patre</strong></span> <span class='ocrx_word' id='word_1_284' title='bbox 1307 2862 1402 2917; x_wconf 84' lang='lat' dir='ltr'><strong>per</strong></span> <span class='ocrx_word' id='word_1_285' title='bbox 1435 2847 1632 2902; x_wconf 74' lang='lat' dir='ltr'><strong>Fliilllﬂ</strong></span> <span class='ocrx_word' id='word_1_286' title='bbox 1658 2864 1803 2909; x_wconf 85' lang='lat' dir='ltr'><strong>esse,</strong></span> <span class='ocrx_word' id='word_1_287' title='bbox 1825 2863 1933 2902; x_wconf 82' lang='lat' dir='ltr'><strong>una</strong></span> <span class='ocrx_word' id='word_1_288' title='bbox 1962 2859 2017 2903; x_wconf 86' lang='lat' dir='ltr'><strong>et</strong></span> 
     </span>
    </p>
   </div>
   <div class='ocr_carea' id='block_1_38' title="bbox 434 2934 2016 3009">
    <p class='ocr_par' dir='ltr' id='par_1_38' title="bbox 434 2934 2016 3009">
     <span class='ocr_line' id='line_1_38' title="bbox 434 2934 2016 3009; baseline 0.004 -23"><span class='ocrx_word' id='word_1_289' title='bbox 434 2934 627 2989; x_wconf 73' lang='lat' dir='ltr'><strong>ea’dt-m</strong></span> <span class='ocrx_word' id='word_1_290' title='bbox 665 2938 964 3007; x_wconf 75' lang='lat' dir='ltr'><strong>spiratione</strong></span> <span class='ocrx_word' id='word_1_291' title='bbox 994 2940 1112 2995; x_wconf 82' lang='lat' dir='ltr'><strong>sive</strong></span> <span class='ocrx_word' id='word_1_292' title='bbox 1162 2941 1555 3009; x_wconf 80' lang='lat' dir='ltr'><strong>processione;</strong></span> <span class='ocrx_word' id='word_1_293' title='bbox 1614 2951 1665 2994; x_wconf 89' lang='lat' dir='ltr'><strong>et</strong></span> <span class='ocrx_word' id='word_1_294' title='bbox 1701 2940 1823 2993; x_wconf 77' lang='lat' dir='ltr'><strong>ideo</strong></span> <span class='ocrx_word' id='word_1_295' title='bbox 1861 2942 2016 2994; x_wconf 81' lang='lat' dir='ltr'><strong>illum</strong></span> 
     </span>
    </p>
   </div>
   <div class='ocr_carea' id='block_1_39' title="bbox 2125 1918 3713 1990">
    <p class='ocr_par' dir='ltr' id='par_1_39' title="bbox 2125 1918 3713 1990">
     <span class='ocr_line' id='line_1_39' title="bbox 2125 1918 3713 1990; baseline -0.002 -18"><span class='ocrx_word' id='word_1_296' title='bbox 2125 1921 2493 1974; x_wconf 74' lang='grc' dir='ltr'>ἀπολέσαντα.</span> <span class='ocrx_word' id='word_1_297' title='bbox 2525 1921 2665 1990; x_wconf 73' lang='grc' dir='ltr'><strong>Φησὶ</strong></span> <span class='ocrx_word' id='word_1_298' title='bbox 2721 1920 2897 1988; x_wconf 76' lang='grc' dir='ltr'><strong>γοῦνο</strong></span> <span class='ocrx_word' id='word_1_299' title='bbox 2929 1922 2991 1973; x_wconf 75' lang='grc' dir='ltr'>Εἰ</span> <span class='ocrx_word' id='word_1_300' title='bbox 3052 1922 3157 1989; x_wconf 77' lang='grc' dir='ltr'>γὰρ</span> <span class='ocrx_word' id='word_1_301' title='bbox 3218 1922 3319 1988; x_wconf 81' lang='grc' dir='ltr'><strong>τῆς</strong></span> <span class='ocrx_word' id='word_1_302' title='bbox 3374 1921 3562 1981; x_wconf 75' lang='grc' dir='ltr'>οὐσίας</span> <span class='ocrx_word' id='word_1_303' title='bbox 3614 1918 3713 1970; x_wconf 81' lang='grc' dir='ltr'><strong>τοῦ</strong></span> 
     </span>
    </p>
   </div>
   <div class='ocr_carea' id='block_1_40' title="bbox 2123 2012 3710 2085">
    <p class='ocr_par' dir='ltr' id='par_1_40' title="bbox 2123 2012 3710 2085">
     <span class='ocr_line' id='line_1_40' title="bbox 2123 2012 3710 2085; baseline -0.002 -16"><span class='ocrx_word' id='word_1_304' title='bbox 2123 2015 2441 2085; x_wconf 77' lang='grc' dir='ltr'>Πνεύματος</span> <span class='ocrx_word' id='word_1_305' title='bbox 2475 2015 2913 2085; x_wconf 72' lang='grc' dir='ltr'>διεσχοινισμένη</span> <span class='ocrx_word' id='word_1_306' title='bbox 2946 2032 3030 2077; x_wconf 85' lang='grc' dir='ltr'><strong>τις</strong></span> <span class='ocrx_word' id='word_1_307' title='bbox 3062 2012 3127 2083; x_wconf 75' lang='grc' dir='ltr'><strong>ἦν</strong></span> <span class='ocrx_word' id='word_1_308' title='bbox 3155 2016 3189 2084; x_wconf 80' lang='grc' dir='ltr'><strong>ἡ</strong></span> <span class='ocrx_word' id='word_1_309' title='bbox 3221 2014 3289 2067; x_wconf 76' lang='grc' dir='ltr'><strong>δι’</strong></span> <span class='ocrx_word' id='word_1_310' title='bbox 3320 2014 3487 2067; x_wconf 73' lang='grc' dir='ltr'>αὐτοῦ</span> <span class='ocrx_word' id='word_1_311' title='bbox 3519 2013 3710 2083; x_wconf 71' lang='grc' dir='ltr'>χάρις,</span> 
     </span>
    </p>
   </div>
   <div class='ocr_carea' id='block_1_41' title="bbox 2120 2106 3715 2179">
    <p class='ocr_par' dir='ltr' id='par_1_41' title="bbox 2120 2106 3715 2179">
     <span class='ocr_line' id='line_1_41' title="bbox 2120 2106 3715 2179; baseline -0.004 -17"><span class='ocrx_word' id='word_1_312' title='bbox 2120 2110 2174 2162; x_wconf 83' lang='grc' dir='ltr'><strong>τί</strong></span> <span class='ocrx_word' id='word_1_313' title='bbox 2206 2108 2281 2177; x_wconf 85' lang='grc' dir='ltr'>μὴ</span> <span class='ocrx_word' id='word_1_314' title='bbox 2311 2108 2416 2177; x_wconf 77' lang='grc' dir='ltr'><strong>ἔφη</strong></span> <span class='ocrx_word' id='word_1_315' title='bbox 2444 2106 2629 2177; x_wconf 85' lang='grc' dir='ltr'>σαφῶς</span> <span class='ocrx_word' id='word_1_316' title='bbox 2658 2110 2688 2161; x_wconf 84' lang='grc' dir='ltr'>ὁ</span> <span class='ocrx_word' id='word_1_317' title='bbox 2712 2108 2984 2179; x_wconf 79' lang='grc' dir='ltr'>μακάριος</span> <span class='ocrx_word' id='word_1_318' title='bbox 3007 2107 3278 2176; x_wconf 79' lang='grc' dir='ltr'>Μωῦσῆς,</span> <span class='ocrx_word' id='word_1_319' title='bbox 3312 2108 3393 2159; x_wconf 85' lang='grc' dir='ltr'><strong>ὅτι</strong></span> <span class='ocrx_word' id='word_1_320' title='bbox 3442 2123 3715 2174; x_wconf 82' lang='grc' dir='ltr'>παρενην-</span> 
     </span>
    </p>
   </div>
   <div class='ocr_carea' id='block_1_42' title="bbox 2122 2194 3714 2271">
    <p class='ocr_par' dir='ltr' id='par_1_42' title="bbox 2122 2194 3714 2271">
     <span class='ocr_line' id='line_1_42' title="bbox 2122 2194 3714 2271; baseline -0.005 -17"><span class='ocrx_word' id='word_1_321' title='bbox 2122 2202 2340 2271; x_wconf 80' lang='grc' dir='ltr'>εγμένῳ</span> <span class='ocrx_word' id='word_1_322' title='bbox 2366 2200 2596 2270; x_wconf 78' lang='grc' dir='ltr'><strong>τῴζὼῳ</strong></span> <span class='ocrx_word' id='word_1_323' title='bbox 2627 2200 2763 2268; x_wconf 66' lang='grc' dir='ltr'>πρὸς</span> <span class='ocrx_word' id='word_1_324' title='bbox 2824 2200 2884 2252; x_wconf 78' lang='grc' dir='ltr'>τὸ</span> <span class='ocrx_word' id='word_1_325' title='bbox 2934 2194 3101 2264; x_wconf 70' lang='grc' dir='ltr'>εἶναι,</span> <span class='ocrx_word' id='word_1_326' title='bbox 3153 2198 3342 2251; x_wconf 71' lang='grc' dir='ltr'>λοιπὸν</span> <span class='ocrx_word' id='word_1_327' title='bbox 3405 2196 3714 2265; x_wconf 64' lang='grc' dir='ltr'>ἐνεφύσησε</span> 
     </span>
    </p>
   </div>
   <div class='ocr_carea' id='block_1_43' title="bbox 2123 2286 3711 2363">
    <p class='ocr_par' dir='ltr' id='par_1_43' title="bbox 2123 2286 3711 2363">
     <span class='ocr_line' id='line_1_43' title="bbox 2123 2286 3711 2363; baseline -0.005 -17"><span class='ocrx_word' id='word_1_328' title='bbox 2123 2294 2287 2363; x_wconf 77' lang='grc' dir='ltr'>χάριν</span> <span class='ocrx_word' id='word_1_329' title='bbox 2350 2294 2378 2346; x_wconf 84' lang='grc' dir='ltr'>ὁ</span> <span class='ocrx_word' id='word_1_330' title='bbox 2439 2294 2661 2347; x_wconf 82' lang='grc' dir='ltr'>πάντων</span> <span class='ocrx_word' id='word_1_331' title='bbox 2698 2292 3048 2363; x_wconf 79' lang='grc' dir='ltr'>Δημιουργδς</span> <span class='ocrx_word' id='word_1_332' title='bbox 3091 2291 3191 2361; x_wconf 77' lang='grc' dir='ltr'><strong>τὴν</strong></span> <span class='ocrx_word' id='word_1_333' title='bbox 3250 2290 3338 2343; x_wconf 78' lang='grc' dir='ltr'><strong>διὰ</strong></span> <span class='ocrx_word' id='word_1_334' title='bbox 3395 2290 3562 2357; x_wconf 78' lang='grc' dir='ltr'>πνοῆς</span> <span class='ocrx_word' id='word_1_335' title='bbox 3610 2286 3711 2353; x_wconf 75' lang='grc' dir='ltr'>τῆς</span> 
     </span>
    </p>
   </div>
   <div class='ocr_carea' id='block_1_44' title="bbox 2122 2380 3708 2457">
    <p class='ocr_par' dir='ltr' id='par_1_44' title="bbox 2122 2380 3708 2457">
     <span class='ocr_line' id='line_1_44' title="bbox 2122 2380 3708 2457; baseline -0.004 -20"><span class='ocrx_word' id='word_1_336' title='bbox 2122 2386 2272 2455; x_wconf 74' lang='grc' dir='ltr'><strong>ζωῆς</strong></span> <span class='ocrx_word' id='word_1_337' title='bbox 2308 2406 2325 2452; x_wconf 83' lang='grc'><strong>;</strong></span> <span class='ocrx_word' id='word_1_338' title='bbox 2359 2384 2595 2457; x_wconf 79' lang='grc' dir='ltr'>Χριστὸς</span> <span class='ocrx_word' id='word_1_339' title='bbox 2656 2386 2715 2438; x_wconf 73' lang='grc' dir='ltr'><strong>δὲ</strong></span> <span class='ocrx_word' id='word_1_340' title='bbox 2766 2386 2923 2454; x_wconf 73' lang='grc' dir='ltr'>ἡμῖν,</span> <span class='ocrx_word' id='word_1_341' title='bbox 2981 2384 3206 2439; x_wconf 78' lang='grc' dir='ltr'>Λάϐετε</span> <span class='ocrx_word' id='word_1_342' title='bbox 3250 2383 3427 2451; x_wconf 75' lang='grc' dir='ltr'>χάριν</span> <span class='ocrx_word' id='word_1_343' title='bbox 3471 2380 3586 2447; x_wconf 78' lang='grc' dir='ltr'><strong>τὴν</strong></span> <span class='ocrx_word' id='word_1_344' title='bbox 3634 2380 3708 2431; x_wconf 82' lang='grc' dir='ltr'><strong>δι’</strong></span> 
     </span>
    </p>
   </div>
   <div class='ocr_carea' id='block_1_45' title="bbox 2121 2474 3712 2548">
    <p class='ocr_par' dir='ltr' id='par_1_45' title="bbox 2121 2474 3712 2548">
     <span class='ocr_line' id='line_1_45' title="bbox 2121 2474 3712 2548; baseline -0.008 -13"><span class='ocrx_word' id='word_1_345' title='bbox 2121 2480 2457 2547; x_wconf 78' lang='grc' dir='ltr'>ὑπουργίας</span> <span class='ocrx_word' id='word_1_346' title='bbox 2492 2479 2599 2532; x_wconf 81' lang='grc' dir='ltr'>τοῦ</span> <span class='ocrx_word' id='word_1_347' title='bbox 2630 2479 2804 2548; x_wconf 78' lang='grc' dir='ltr'>ἁγίου</span> <span class='ocrx_word' id='word_1_348' title='bbox 2863 2479 3215 2547; x_wconf 76' lang='grc' dir='ltr'>Πνεύματος</span> <span class='ocrx_word' id='word_1_349' title='bbox 3246 2494 3264 2542; x_wconf 88' lang='grc'><strong><em>;</em></strong></span> <span class='ocrx_word' id='word_1_350' title='bbox 3306 2475 3449 2530; x_wconf 79' lang='grc' dir='ltr'>Ἀλλ’</span> <span class='ocrx_word' id='word_1_351' title='bbox 3498 2474 3712 2541; x_wconf 84' lang='grc' dir='ltr'>ὠνόμα-</span> 
     </span>
    </p>
   </div>
   <div class='ocr_carea' id='block_1_46' title="bbox 2124 2564 3709 2642">
    <p class='ocr_par' dir='ltr' id='par_1_46' title="bbox 2124 2564 3709 2642">
     <span class='ocr_line' id='line_1_46' title="bbox 2124 2564 3709 2642; baseline 0.002 -17"><span class='ocrx_word' id='word_1_352' title='bbox 2124 2590 2249 2627; x_wconf 79' lang='grc' dir='ltr'>σται</span> <span class='ocrx_word' id='word_1_353' title='bbox 2284 2573 2384 2642; x_wconf 71' lang='grc' dir='ltr'>μὶν</span> <span class='ocrx_word' id='word_1_354' title='bbox 2410 2574 2526 2626; x_wconf 83' lang='grc' dir='ltr'>ἐκεῖ</span> <span class='ocrx_word' id='word_1_355' title='bbox 2559 2574 2696 2641; x_wconf 80' lang='grc' dir='ltr'>πνοὴ</span> <span class='ocrx_word' id='word_1_356' title='bbox 2730 2572 2876 2641; x_wconf 82' lang='grc' dir='ltr'><strong>ζωῆς</strong></span> <span class='ocrx_word' id='word_1_357' title='bbox 2905 2589 2921 2603; x_wconf 88' lang='grc'><strong>·</strong></span> <span class='ocrx_word' id='word_1_358' title='bbox 2962 2570 3078 2642; x_wconf 78' lang='grc' dir='ltr'><strong>ζωὴ</strong></span> <span class='ocrx_word' id='word_1_359' title='bbox 3110 2570 3218 2639; x_wconf 77' lang='grc' dir='ltr'><strong>γὰρ</strong></span> <span class='ocrx_word' id='word_1_360' title='bbox 3260 2567 3475 2637; x_wconf 74' lang='grc' dir='ltr'>ἀληθῶς</span> <span class='ocrx_word' id='word_1_361' title='bbox 3522 2567 3556 2637; x_wconf 77' lang='grc' dir='ltr'>ὴ</span> <span class='ocrx_word' id='word_1_362' title='bbox 3606 2564 3709 2629; x_wconf 83' lang='grc' dir='ltr'><strong>τῆς</strong></span> 
     </span>
    </p>
   </div>
   <div class='ocr_carea' id='block_1_47' title="bbox 2124 2749 3711 2823">
    <p class='ocr_par' dir='ltr' id='par_1_47' title="bbox 2124 2749 3711 2823">
     <span class='ocr_line' id='line_1_47' title="bbox 2124 2749 3711 2823; baseline -0.004 -14"><span class='ocrx_word' id='word_1_363' title='bbox 2124 2768 2318 2809; x_wconf 86' lang='lat' dir='ltr'><strong>eorum</strong></span> <span class='ocrx_word' id='word_1_364' title='bbox 2355 2753 2639 2823; x_wconf 85' lang='lat' dir='ltr'><strong>preprium</strong></span> <span class='ocrx_word' id='word_1_365' title='bbox 2692 2754 2769 2808; x_wconf 87' lang='lat' dir='ltr'><strong>ait</strong></span> <span class='ocrx_word' id='word_1_366' title='bbox 2798 2768 2940 2819; x_wconf 87' lang='lat' dir='ltr'><strong>esse,</strong></span> <span class='ocrx_word' id='word_1_367' title='bbox 2980 2753 3109 2823; x_wconf 86' lang='lat' dir='ltr'><strong>quia</strong></span> <span class='ocrx_word' id='word_1_368' title='bbox 3156 2768 3224 2807; x_wconf 76' lang='lat' dir='ltr'><strong>ex</strong></span> <span class='ocrx_word' id='word_1_369' title='bbox 3254 2752 3413 2805; x_wconf 80' lang='lat' dir='ltr'><strong>Patre</strong></span> <span class='ocrx_word' id='word_1_370' title='bbox 3468 2766 3566 2819; x_wconf 89' lang='lat' dir='ltr'><strong>per</strong></span> <span class='ocrx_word' id='word_1_371' title='bbox 3624 2749 3711 2803; x_wconf 85' lang='lat' dir='ltr'><strong>Fi-</strong></span> 
     </span>
    </p>
   </div>
   <div class='ocr_carea' id='block_1_48' title="bbox 2125 2844 3712 2916">
    <p class='ocr_par' dir='ltr' id='par_1_48' title="bbox 2125 2844 3712 2916">
     <span class='ocr_line' id='line_1_48' title="bbox 2125 2844 3712 2916; baseline -0.004 -15"><span class='ocrx_word' id='word_1_372' title='bbox 2125 2848 2261 2901; x_wconf 60' lang='lat' dir='ltr'><strong>lium</strong></span> <span class='ocrx_word' id='word_1_373' title='bbox 2308 2855 2414 2912; x_wconf 86' lang='lat' dir='ltr'><strong>est,</strong></span> <span class='ocrx_word' id='word_1_374' title='bbox 2460 2846 2565 2901; x_wconf 86' lang='lat' dir='ltr'><strong>hoc</strong></span> <span class='ocrx_word' id='word_1_375' title='bbox 2606 2859 2789 2901; x_wconf 87' lang='lat' dir='ltr'><strong>autem</strong></span> <span class='ocrx_word' id='word_1_376' title='bbox 2842 2854 3065 2916; x_wconf 76' lang='lat' dir='ltr'><strong>propter</strong></span> <span class='ocrx_word' id='word_1_377' title='bbox 3122 2844 3465 2899; x_wconf 85' lang='lat' dir='ltr'><strong>identitatcm</strong></span> <span class='ocrx_word' id='word_1_378' title='bbox 3520 2858 3712 2897; x_wconf 78' lang='lat' dir='ltr'><strong>essen-</strong></span> 
     </span>
    </p>
   </div>
   <div class='ocr_carea' id='block_1_49' title="bbox 2128 2944 2237 2997">
    <p class='ocr_par' dir='ltr' id='par_1_49' title="bbox 2128 2944 2237 2997">
     <span class='ocr_line' id='line_1_49' title="bbox 2128 2944 2237 2997; baseline 0.009 -1"><span class='ocrx_word' id='word_1_379' title='bbox 2128 2944 2237 2997; x_wconf 69' lang='lat' dir='ltr'><strong>tite.</strong></span> 
     </span>
    </p>
   </div>
   <div class='ocr_carea' id='block_1_50' title="bbox 1870 3115 2264 3174">
    <p class='ocr_par' dir='ltr' id='par_1_50' title="bbox 1870 3115 2264 3174">
     <span class='ocr_line' id='line_1_50' title="bbox 1870 3115 2264 3174; baseline 0.01 -4"><span class='ocrx_word' id='word_1_380' title='bbox 1870 3115 2099 3173; x_wconf 68' lang='lat' dir='ltr'><strong>CAPUT</strong></span> <span class='ocrx_word' id='word_1_381' title='bbox 2124 3116 2264 3174; x_wconf 74' lang='lat' dir='ltr'><strong>Vili.</strong></span> 
     </span>
    </p>
   </div>
   <div class='ocr_carea' id='block_1_51' title="bbox 510 3253 3709 3340">
    <p class='ocr_par' dir='ltr' id='par_1_51' title="bbox 510 3253 3709 3340">
     <span class='ocr_line' id='line_1_51' title="bbox 510 3253 3709 3340; baseline 0.001 -29"><span class='ocrx_word' id='word_1_382' title='bbox 510 3253 577 3311; x_wconf 88' lang='lat' dir='ltr'><strong>Ut</strong></span> <span class='ocrx_word' id='word_1_383' title='bbox 608 3266 790 3309; x_wconf 82' lang='lat' dir='ltr'><strong>autem</strong></span> <span class='ocrx_word' id='word_1_384' title='bbox 818 3256 1019 3313; x_wconf 63' lang='lat' dir='ltr'><strong>clarius</strong></span> <span class='ocrx_word' id='word_1_385' title='bbox 1068 3261 1249 3315; x_wconf 92' lang='lat' dir='ltr'><strong>omnis</strong></span> <span class='ocrx_word' id='word_1_386' title='bbox 1270 3277 1463 3316; x_wconf 87' lang='lat' dir='ltr'><strong>eorum</strong></span> <span class='ocrx_word' id='word_1_387' title='bbox 1505 3275 1765 3332; x_wconf 68' lang='lat' dir='ltr'><strong>arguatur</strong></span> <span class='ocrx_word' id='word_1_388' title='bbox 1797 3265 2004 3319; x_wconf 85' lang='lat' dir='ltr'><strong>ealum-</strong></span> <span class='ocrx_word' id='word_1_389' title='bbox 2036 3283 2082 3340; x_wconf 74' lang='grc' dir='ltr'><strong>ο</strong></span> <span class='ocrx_word' id='word_1_390' title='bbox 2113 3268 2327 3336; x_wconf 70' lang='lat' dir='ltr'><strong>gratiae,</strong></span> <span class='ocrx_word' id='word_1_391' title='bbox 2384 3283 2491 3322; x_wconf 91' lang='lat' dir='ltr'><strong>non</strong></span> <span class='ocrx_word' id='word_1_392' title='bbox 2548 3265 2666 3330; x_wconf 89' lang='lat' dir='ltr'><strong>Dei,</strong></span> <span class='ocrx_word' id='word_1_393' title='bbox 2727 3275 2982 3322; x_wconf 87' lang='lat' dir='ltr'><strong>vocatum</strong></span> <span class='ocrx_word' id='word_1_394' title='bbox 3041 3264 3213 3319; x_wconf 74' lang='lat' dir='ltr'><strong>fuisse</strong></span> <span class='ocrx_word' id='word_1_395' title='bbox 3246 3261 3549 3318; x_wconf 85' lang='lat' dir='ltr'><strong>hominem.</strong></span> <span class='ocrx_word' id='word_1_396' title='bbox 3584 3261 3709 3315; x_wconf 80' lang='lat' dir='ltr'><strong>Post</strong></span> 
     </span>
    </p>
   </div>
   <div class='ocr_carea' id='block_1_52' title="bbox 436 3346 2022 3417">
    <p class='ocr_par' dir='ltr' id='par_1_52' title="bbox 436 3346 2022 3417">
     <span class='ocr_line' id='line_1_52' title="bbox 436 3346 2022 3417; baseline 0.005 -17"><span class='ocrx_word' id='word_1_397' title='bbox 436 3346 548 3408; x_wconf 87' lang='lat' dir='ltr'><strong>uia,</strong></span> <span class='ocrx_word' id='word_1_398' title='bbox 590 3346 684 3417; x_wconf 93' lang='lat' dir='ltr'><strong>qui</strong></span> <span class='ocrx_word' id='word_1_399' title='bbox 726 3359 913 3403; x_wconf 89' lang='lat' dir='ltr'><strong>contra</strong></span> <span class='ocrx_word' id='word_1_400' title='bbox 964 3364 1152 3405; x_wconf 89' lang='lat' dir='ltr'><strong>sanam</strong></span> <span class='ocrx_word' id='word_1_401' title='bbox 1218 3352 1463 3409; x_wconf 89' lang='lat' dir='ltr'><strong>doctoris</strong></span> <span class='ocrx_word' id='word_1_402' title='bbox 1494 3356 1827 3410; x_wconf 85' lang='lat' dir='ltr'><strong>sententiam</strong></span> <span class='ocrx_word' id='word_1_403' title='bbox 1855 3367 2022 3411; x_wconf 87' lang='lat' dir='ltr'><strong>autn-</strong></span> 
     </span>
    </p>
   </div>
   <div class='ocr_carea' id='block_1_53' title="bbox 437 3440 2020 3515">
    <p class='ocr_par' dir='ltr' id='par_1_53' title="bbox 437 3440 2020 3515">
     <span class='ocr_line' id='line_1_53' title="bbox 437 3440 2020 3515; baseline 0.005 -23"><span class='ocrx_word' id='word_1_404' title='bbox 437 3449 584 3492; x_wconf 88' lang='lat' dir='ltr'><strong>mant</strong></span> <span class='ocrx_word' id='word_1_405' title='bbox 620 3456 746 3494; x_wconf 91' lang='lat' dir='ltr'><strong>eum</strong></span> <span class='ocrx_word' id='word_1_406' title='bbox 783 3458 848 3493; x_wconf 79' lang='lat' dir='ltr'><strong>ex</strong></span> <span class='ocrx_word' id='word_1_407' title='bbox 872 3440 1009 3495; x_wconf 85' lang='lat' dir='ltr'><strong>Filio</strong></span> <span class='ocrx_word' id='word_1_408' title='bbox 1036 3443 1240 3498; x_wconf 72' lang='lat' dir='ltr'><strong>dixisse</strong></span> <span class='ocrx_word' id='word_1_409' title='bbox 1274 3444 1417 3500; x_wconf 88' lang='lat' dir='ltr'><strong>dona</strong></span> <span class='ocrx_word' id='word_1_410' title='bbox 1450 3444 1690 3515; x_wconf 74' lang='lat' dir='ltr'><strong>Spiritus</strong></span> <span class='ocrx_word' id='word_1_411' title='bbox 1714 3449 1879 3508; x_wconf 87' lang='lat' dir='ltr'><strong>mitti.</strong></span> <span class='ocrx_word' id='word_1_412' title='bbox 1913 3466 2020 3502; x_wconf 92' lang='lat' dir='ltr'><strong>non</strong></span> 
     </span>
    </p>
   </div>
   <div class='ocr_carea' id='block_1_54' title="bbox 436 3529 2022 3607">
    <p class='ocr_par' dir='ltr' id='par_1_54' title="bbox 436 3529 2022 3607">
     <span class='ocr_line' id='line_1_54' title="bbox 436 3529 2022 3607; baseline 0.003 -20"><span class='ocrx_word' id='word_1_413' title='bbox 436 3529 605 3601; x_wconf 79' lang='lat' dir='ltr'><strong>ipsam</strong></span> <span class='ocrx_word' id='word_1_414' title='bbox 636 3534 751 3601; x_wconf 64' lang='lat' dir='ltr'><strong>ejus</strong></span> <span class='ocrx_word' id='word_1_415' title='bbox 790 3534 1108 3604; x_wconf 79' lang='lat' dir='ltr'><strong>hypostasin</strong></span> <span class='ocrx_word' id='word_1_416' title='bbox 1167 3535 1283 3589; x_wconf 95' lang='lat' dir='ltr'><strong>sive</strong></span> <span class='ocrx_word' id='word_1_417' title='bbox 1317 3552 1641 3605; x_wconf 81' lang='lat' dir='ltr'><strong>personam;</strong></span> <span class='ocrx_word' id='word_1_418' title='bbox 1674 3539 1792 3607; x_wconf 75' lang='lat' dir='ltr'><strong>ipse</strong></span> <span class='ocrx_word' id='word_1_419' title='bbox 1826 3554 2022 3592; x_wconf 82' lang='lat' dir='ltr'><strong>rursus</strong></span> 
     </span>
    </p>
   </div>
   <div class='ocr_carea' id='block_1_55' title="bbox 434 3628 2022 3701">
    <p class='ocr_par' dir='ltr' id='par_1_55' title="bbox 434 3628 2022 3701">
     <span class='ocr_line' id='line_1_55' title="bbox 434 3628 2022 3701; baseline 0.003 -21"><span class='ocrx_word' id='word_1_420' title='bbox 434 3628 598 3693; x_wconf 77' lang='lat' dir='ltr'><strong>adsit,</strong></span> <span class='ocrx_word' id='word_1_421' title='bbox 651 3629 790 3681; x_wconf 88' lang='lat' dir='ltr'><strong>hanc</strong></span> <span class='ocrx_word' id='word_1_422' title='bbox 847 3629 1035 3682; x_wconf 78' lang='lat' dir='ltr'><strong>falsam</strong></span> <span class='ocrx_word' id='word_1_423' title='bbox 1088 3643 1279 3683; x_wconf 83' lang='lat' dir='ltr'><strong>eorum</strong></span> <span class='ocrx_word' id='word_1_424' title='bbox 1316 3645 1555 3697; x_wconf 73' lang='lat' dir='ltr'><strong>arguens</strong></span> <span class='ocrx_word' id='word_1_425' title='bbox 1591 3632 1931 3701; x_wconf 90' lang='lat' dir='ltr'><strong>opinionem,</strong></span> <span class='ocrx_word' id='word_1_426' title='bbox 1966 3640 2022 3685; x_wconf 88' lang='lat' dir='ltr'><strong>et</strong></span> 
     </span>
    </p>
   </div>
   <div class='ocr_carea' id='block_1_56' title="bbox 433 3720 2023 3793">
    <p class='ocr_par' dir='ltr' id='par_1_56' title="bbox 433 3720 2023 3793">
     <span class='ocr_line' id='line_1_56' title="bbox 433 3720 2023 3793; baseline 0.003 -18"><span class='ocrx_word' id='word_1_427' title='bbox 433 3722 678 3790; x_wconf 82' lang='lat' dir='ltr'><strong>seipsum</strong></span> <span class='ocrx_word' id='word_1_428' title='bbox 733 3738 1037 3789; x_wconf 80' lang='lat' dir='ltr'><strong>exponens,</strong></span> <span class='ocrx_word' id='word_1_429' title='bbox 1096 3720 1358 3791; x_wconf 83' lang='lat' dir='ltr'><strong>quidnam</strong></span> <span class='ocrx_word' id='word_1_430' title='bbox 1392 3724 1466 3777; x_wconf 91' lang='lat' dir='ltr'><strong>sit</strong></span> <span class='ocrx_word' id='word_1_431' title='bbox 1493 3725 1639 3793; x_wconf 88' lang='lat' dir='ltr'><strong>quod</strong></span> <span class='ocrx_word' id='word_1_432' title='bbox 1675 3725 1774 3786; x_wconf 86' lang='lat' dir='ltr'><strong>ait,</strong></span> <span class='ocrx_word' id='word_1_433' title='bbox 1800 3740 1899 3793; x_wconf 85' lang='lat' dir='ltr'><strong>per</strong></span> <span class='ocrx_word' id='word_1_434' title='bbox 1927 3726 2023 3779; x_wconf 80' lang='lat' dir='ltr'><strong>Fi-</strong></span> 
     </span>
    </p>
   </div>
   <div class='ocr_carea' id='block_1_57' title="bbox 434 3814 2018 3886">
    <p class='ocr_par' dir='ltr' id='par_1_57' title="bbox 434 3814 2018 3886">
     <span class='ocr_line' id='line_1_57' title="bbox 434 3814 2018 3886; baseline 0.001 -17"><span class='ocrx_word' id='word_1_435' title='bbox 434 3814 570 3869; x_wconf 84' lang='lat' dir='ltr'><strong>lium</strong></span> <span class='ocrx_word' id='word_1_436' title='bbox 627 3816 744 3870; x_wconf 90' lang='lat' dir='ltr'><strong>sive</strong></span> <span class='ocrx_word' id='word_1_437' title='bbox 797 3830 862 3869; x_wconf 75' lang='lat' dir='ltr'><strong>ex</strong></span> <span class='ocrx_word' id='word_1_438' title='bbox 894 3814 1033 3870; x_wconf 85' lang='lat' dir='ltr'><strong>Filio</strong></span> <span class='ocrx_word' id='word_1_439' title='bbox 1092 3815 1388 3886; x_wconf 81' lang='lat' dir='ltr'><strong>proﬂuere,</strong></span> <span class='ocrx_word' id='word_1_440' title='bbox 1440 3815 1680 3886; x_wconf 88' lang='lat' dir='ltr'><strong>prodire,</strong></span> <span class='ocrx_word' id='word_1_441' title='bbox 1735 3832 2018 3879; x_wconf 87' lang='lat' dir='ltr'><strong>emanare,</strong></span> 
     </span>
    </p>
   </div>
   <div class='ocr_carea' id='block_1_58' title="bbox 435 3906 2016 3977">
    <p class='ocr_par' dir='ltr' id='par_1_58' title="bbox 435 3906 2016 3977">
     <span class='ocr_line' id='line_1_58' title="bbox 435 3906 2016 3977; baseline 0.001 -18"><span class='ocrx_word' id='word_1_442' title='bbox 435 3907 705 3961; x_wconf 86' lang='lat' dir='ltr'><strong>seaturire</strong></span> <span class='ocrx_word' id='word_1_443' title='bbox 744 3924 756 3958; x_wconf 90' lang='lat'>:</span> <span class='ocrx_word' id='word_1_444' title='bbox 790 3917 846 3961; x_wconf 89' lang='lat' dir='ltr'><strong>et</strong></span> <span class='ocrx_word' id='word_1_445' title='bbox 869 3906 1192 3976; x_wconf 74' lang='lat' dir='ltr'><strong>simpliciter</strong></span> <span class='ocrx_word' id='word_1_446' title='bbox 1243 3908 1387 3977; x_wconf 86' lang='lat' dir='ltr'><strong>quod</strong></span> <span class='ocrx_word' id='word_1_447' title='bbox 1423 3910 1475 3962; x_wconf 90' lang='lat' dir='ltr'><strong>in</strong></span> <span class='ocrx_word' id='word_1_448' title='bbox 1509 3906 2016 3963; x_wconf 76' lang='lat' dir='ltr'><strong>sanctiﬁcationem</strong></span> 
     </span>
    </p>
   </div>
   <div class='ocr_carea' id='block_1_59' title="bbox 436 3999 1500 4055">
    <p class='ocr_par' dir='ltr' id='par_1_59' title="bbox 436 3999 1500 4055">
     <span class='ocr_line' id='line_1_59' title="bbox 436 3999 1500 4055; baseline 0.003 -4"><span class='ocrx_word' id='word_1_449' title='bbox 436 3999 490 4051; x_wconf 84' lang='lat' dir='ltr'><strong>in</strong></span> <span class='ocrx_word' id='word_1_450' title='bbox 528 3999 674 4053; x_wconf 90' lang='lat' dir='ltr'><strong>hunc</strong></span> <span class='ocrx_word' id='word_1_451' title='bbox 709 3999 976 4052; x_wconf 80' lang='lat' dir='ltr'><strong>mundum</strong></span> <span class='ocrx_word' id='word_1_452' title='bbox 1038 3999 1107 4053; x_wconf 89' lang='lat' dir='ltr'><strong>ab</strong></span> <span class='ocrx_word' id='word_1_453' title='bbox 1134 4015 1201 4054; x_wconf 89' lang='lat' dir='ltr'><strong>eo</strong></span> <span class='ocrx_word' id='word_1_454' title='bbox 1238 4000 1500 4055; x_wconf 87' lang='lat' dir='ltr'><strong>mittitur.</strong></span> 
     </span>
    </p>
   </div>
   <div class='ocr_carea' id='block_1_60' title="bbox 506 4090 2016 4159">
    <p class='ocr_par' dir='ltr' id='par_1_60' title="bbox 506 4090 2016 4159">
     <span class='ocr_line' id='line_1_60' title="bbox 506 4090 2016 4159; baseline 0.002 -16"><span class='ocrx_word' id='word_1_455' title='bbox 506 4091 597 4144; x_wconf 87' lang='lat' dir='ltr'><strong>Ait</strong></span> <span class='ocrx_word' id='word_1_456' title='bbox 623 4090 826 4145; x_wconf 89' lang='lat' dir='ltr'><strong>etenim</strong></span> <span class='ocrx_word' id='word_1_457' title='bbox 862 4092 913 4143; x_wconf 92' lang='lat' dir='ltr'><strong>in</strong></span> <span class='ocrx_word' id='word_1_458' title='bbox 946 4091 1187 4159; x_wconf 90' lang='lat' dir='ltr'><strong>septimo</strong></span> <span class='ocrx_word' id='word_1_459' title='bbox 1246 4091 1310 4145; x_wconf 93' lang='lat' dir='ltr'><strong>ad</strong></span> <span class='ocrx_word' id='word_1_460' title='bbox 1350 4090 1623 4145; x_wconf 87' lang='lat' dir='ltr'><strong>llermiam</strong></span> <span class='ocrx_word' id='word_1_461' title='bbox 1656 4091 2016 4147; x_wconf 83' lang='lat' dir='ltr'><strong>:lnhahitau-</strong></span> 
     </span>
    </p>
   </div>
   <div class='ocr_carea' id='block_1_61' title="bbox 438 4181 2014 4253">
    <p class='ocr_par' dir='ltr' id='par_1_61' title="bbox 438 4181 2014 4253">
     <span class='ocr_line' id='line_1_61' title="bbox 438 4181 2014 4253; baseline 0.003 -18"><span class='ocrx_word' id='word_1_462' title='bbox 438 4191 545 4235; x_wconf 89' lang='lat' dir='ltr'><strong>tem</strong></span> <span class='ocrx_word' id='word_1_463' title='bbox 616 4182 763 4235; x_wconf 91' lang='lat' dir='ltr'><strong>enim</strong></span> <span class='ocrx_word' id='word_1_464' title='bbox 816 4181 919 4235; x_wconf 84' lang='lat' dir='ltr'><strong>sibi</strong></span> <span class='ocrx_word' id='word_1_465' title='bbox 975 4190 1031 4236; x_wconf 88' lang='lat' dir='ltr'><strong>et</strong></span> <span class='ocrx_word' id='word_1_466' title='bbox 1080 4182 1307 4236; x_wconf 91' lang='lat' dir='ltr'><strong>insitum</strong></span> <span class='ocrx_word' id='word_1_467' title='bbox 1363 4184 1487 4250; x_wconf 81' lang='lat' dir='ltr'><strong>quis</strong></span> <span class='ocrx_word' id='word_1_468' title='bbox 1513 4182 1887 4237; x_wconf 82' lang='lat' dir='ltr'><strong>habereteum</strong></span> <span class='ocrx_word' id='word_1_469' title='bbox 1917 4186 2014 4253; x_wconf 84' lang='lat' dir='ltr'><strong>qui</strong></span> 
     </span>
    </p>
   </div>
   <div class='ocr_carea' id='block_1_62' title="bbox 436 4273 2017 4345">
    <p class='ocr_par' dir='ltr' id='par_1_62' title="bbox 436 4273 2017 4345">
     <span class='ocr_line' id='line_1_62' title="bbox 436 4273 2017 4345; baseline 0.003 -18"><span class='ocrx_word' id='word_1_470' title='bbox 436 4284 710 4329; x_wconf 76' lang='lat' dir='ltr'><strong>naturaet</strong></span> <span class='ocrx_word' id='word_1_471' title='bbox 738 4290 865 4329; x_wconf 86' lang='lat' dir='ltr'><strong>vere</strong></span> <span class='ocrx_word' id='word_1_472' title='bbox 894 4273 1037 4329; x_wconf 87' lang='lat' dir='ltr'><strong>Deus</strong></span> <span class='ocrx_word' id='word_1_473' title='bbox 1081 4284 1165 4329; x_wconf 82' lang='lat' dir='ltr'><strong>est</strong></span> <span class='ocrx_word' id='word_1_474' title='bbox 1196 4275 1285 4343; x_wconf 83' lang='lat' dir='ltr'><strong>(de</strong></span> <span class='ocrx_word' id='word_1_475' title='bbox 1304 4274 1441 4328; x_wconf 86' lang='lat' dir='ltr'><strong>Filio</strong></span> <span class='ocrx_word' id='word_1_476' title='bbox 1470 4275 1704 4344; x_wconf 85' lang='lat' dir='ltr'><strong>dicens).</strong></span> <span class='ocrx_word' id='word_1_477' title='bbox 1734 4291 1857 4329; x_wconf 85' lang='lat' dir='ltr'><strong>cum</strong></span> <span class='ocrx_word' id='word_1_478' title='bbox 1888 4275 2017 4345; x_wconf 87' lang='lat' dir='ltr'><strong>Spi-</strong></span> 
     </span>
    </p>
   </div>
   <div class='ocr_carea' id='block_1_63' title="bbox 437 4367 2015 4438">
    <p class='ocr_par' dir='ltr' id='par_1_63' title="bbox 437 4367 2015 4438">
     <span class='ocr_line' id='line_1_63' title="bbox 437 4367 2015 4438; baseline -0.001 -16"><span class='ocrx_word' id='word_1_479' title='bbox 437 4371 601 4422; x_wconf 85' lang='lat' dir='ltr'><strong>ritum</strong></span> <span class='ocrx_word' id='word_1_480' title='bbox 641 4367 895 4437; x_wconf 89' lang='lat' dir='ltr'><strong>accipiat,</strong></span> <span class='ocrx_word' id='word_1_481' title='bbox 918 4368 1009 4438; x_wconf 89' lang='lat' dir='ltr'><strong>qui</strong></span> <span class='ocrx_word' id='word_1_482' title='bbox 1047 4383 1155 4422; x_wconf 91' lang='lat' dir='ltr'><strong>non</strong></span> <span class='ocrx_word' id='word_1_483' title='bbox 1187 4368 1401 4421; x_wconf 89' lang='lat' dir='ltr'><strong>alienus</strong></span> <span class='ocrx_word' id='word_1_484' title='bbox 1443 4378 1498 4422; x_wconf 89' lang='lat' dir='ltr'><strong>et</strong></span> <span class='ocrx_word' id='word_1_485' title='bbox 1528 4368 1772 4423; x_wconf 80' lang='lat' dir='ltr'><strong>essentia</strong></span> <span class='ocrx_word' id='word_1_486' title='bbox 1800 4369 2015 4437; x_wconf 73' lang='lat' dir='ltr'><strong>disjutt-</strong></span> 
     </span>
    </p>
   </div>
   <div class='ocr_carea' id='block_1_64' title="bbox 434 4461 2016 4531">
    <p class='ocr_par' dir='ltr' id='par_1_64' title="bbox 434 4461 2016 4531">
     <span class='ocr_line' id='line_1_64' title="bbox 434 4461 2016 4531; baseline 0 -14"><span class='ocrx_word' id='word_1_487' title='bbox 434 4474 557 4517; x_wconf 88' lang='lat' dir='ltr'><strong>etus</strong></span> <span class='ocrx_word' id='word_1_488' title='bbox 612 4463 680 4516; x_wconf 88' lang='lat' dir='ltr'><strong>ab</strong></span> <span class='ocrx_word' id='word_1_489' title='bbox 736 4478 803 4517; x_wconf 90' lang='lat' dir='ltr'><strong>eo</strong></span> <span class='ocrx_word' id='word_1_490' title='bbox 841 4471 948 4525; x_wconf 89' lang='lat' dir='ltr'><strong>est,</strong></span> <span class='ocrx_word' id='word_1_491' title='bbox 998 4462 1092 4516; x_wconf 83' lang='lat' dir='ltr'><strong>sed</strong></span> <span class='ocrx_word' id='word_1_492' title='bbox 1155 4461 1249 4531; x_wconf 84' lang='lat' dir='ltr'><strong>qui</strong></span> <span class='ocrx_word' id='word_1_493' title='bbox 1310 4476 1374 4514; x_wconf 79' lang='lat' dir='ltr'><strong>ex</strong></span> <span class='ocrx_word' id='word_1_494' title='bbox 1404 4476 1490 4523; x_wconf 82' lang='lat' dir='ltr'><strong>eo,</strong></span> <span class='ocrx_word' id='word_1_495' title='bbox 1524 4470 1581 4515; x_wconf 91' lang='lat' dir='ltr'><strong>et</strong></span> <span class='ocrx_word' id='word_1_496' title='bbox 1614 4462 1666 4515; x_wconf 90' lang='lat' dir='ltr'><strong>in</strong></span> <span class='ocrx_word' id='word_1_497' title='bbox 1695 4478 1784 4523; x_wconf 78' lang='lat' dir='ltr'><strong>eo,</strong></span> <span class='ocrx_word' id='word_1_498' title='bbox 1812 4472 1867 4516; x_wconf 89' lang='lat' dir='ltr'><strong>et</strong></span> <span class='ocrx_word' id='word_1_499' title='bbox 1897 4464 2016 4531; x_wconf 83' lang='lat' dir='ltr'><strong>ejus</strong></span> 
     </span>
    </p>
   </div>
   <div class='ocr_carea' id='block_1_65' title="bbox 435 4550 2015 4623">
    <p class='ocr_par' dir='ltr' id='par_1_65' title="bbox 435 4550 2015 4623">
     <span class='ocr_line' id='line_1_65' title="bbox 435 4550 2015 4623; baseline -0.001 -16"><span class='ocrx_word' id='word_1_500' title='bbox 435 4554 691 4623; x_wconf 85' lang='lat' dir='ltr'><strong>proprius</strong></span> <span class='ocrx_word' id='word_1_501' title='bbox 741 4565 846 4616; x_wconf 89' lang='lat' dir='ltr'><strong>est,</strong></span> <span class='ocrx_word' id='word_1_502' title='bbox 904 4560 959 4607; x_wconf 88' lang='lat' dir='ltr'><strong>et</strong></span> <span class='ocrx_word' id='word_1_503' title='bbox 1004 4568 1159 4622; x_wconf 70' lang='lat' dir='ltr'><strong>mque</strong></span> <span class='ocrx_word' id='word_1_504' title='bbox 1187 4565 1349 4621; x_wconf 83' lang='lat' dir='ltr'><strong>atque</strong></span> <span class='ocrx_word' id='word_1_505' title='bbox 1381 4551 1474 4606; x_wconf 85' lang='lat' dir='ltr'><strong>llic</strong></span> <span class='ocrx_word' id='word_1_506' title='bbox 1510 4550 1774 4607; x_wconf 85' lang='lat' dir='ltr'><strong>Dominus</strong></span> <span class='ocrx_word' id='word_1_507' title='bbox 1804 4554 1927 4607; x_wconf 80' lang='lat' dir='ltr'><strong>est?</strong></span> <span class='ocrx_word' id='word_1_508' title='bbox 1953 4554 2015 4606; x_wconf 78' lang='lat' dir='ltr'><strong>Et</strong></span> 
     </span>
    </p>
   </div>
   <div class='ocr_carea' id='block_1_66' title="bbox 2134 3354 3716 3430">
    <p class='ocr_par' dir='ltr' id='par_1_66' title="bbox 2134 3354 3716 3430">
     <span class='ocr_line' id='line_1_66' title="bbox 2134 3354 3716 3430; baseline -0.006 -16"><span class='ocrx_word' id='word_1_509' title='bbox 2134 3362 2249 3417; x_wconf 71' lang='lat' dir='ltr'><strong>lucc</strong></span> <span class='ocrx_word' id='word_1_510' title='bbox 2309 3371 2714 3430; x_wconf 77' lang='lat' dir='ltr'><strong>consequenter</strong></span> <span class='ocrx_word' id='word_1_511' title='bbox 2757 3376 2856 3429; x_wconf 89' lang='lat' dir='ltr'><strong>per</strong></span> <span class='ocrx_word' id='word_1_512' title='bbox 2910 3358 3093 3413; x_wconf 86' lang='lat' dir='ltr'><strong>omnia</strong></span> <span class='ocrx_word' id='word_1_513' title='bbox 3139 3357 3403 3427; x_wconf 88' lang='lat' dir='ltr'><strong>probans,</strong></span> <span class='ocrx_word' id='word_1_514' title='bbox 3436 3354 3582 3425; x_wconf 85' lang='lat' dir='ltr'><strong>quod</strong></span> <span class='ocrx_word' id='word_1_515' title='bbox 3622 3354 3716 3423; x_wconf 85' lang='lat' dir='ltr'><strong>hy‘</strong></span> 
     </span>
    </p>
   </div>
   <div class='ocr_carea' id='block_1_67' title="bbox 2132 3447 3709 3523">
    <p class='ocr_par' dir='ltr' id='par_1_67' title="bbox 2132 3447 3709 3523">
     <span class='ocr_line' id='line_1_67' title="bbox 2132 3447 3709 3523; baseline -0.004 -19"><span class='ocrx_word' id='word_1_516' title='bbox 2132 3454 2365 3523; x_wconf 85' lang='lat' dir='ltr'><strong>postasis</strong></span> <span class='ocrx_word' id='word_1_517' title='bbox 2394 3454 2509 3507; x_wconf 83' lang='lat' dir='ltr'><strong>sive</strong></span> <span class='ocrx_word' id='word_1_518' title='bbox 2545 3468 2776 3523; x_wconf 89' lang='lat' dir='ltr'><strong>persona</strong></span> <span class='ocrx_word' id='word_1_519' title='bbox 2805 3451 3063 3522; x_wconf 82' lang='lat' dir='ltr'><strong>Spiritus,</strong></span> <span class='ocrx_word' id='word_1_520' title='bbox 3097 3450 3213 3519; x_wconf 88' lang='lat' dir='ltr'><strong>ipse</strong></span> <span class='ocrx_word' id='word_1_521' title='bbox 3246 3450 3457 3504; x_wconf 83' lang='lat' dir='ltr'><strong>scilicet</strong></span> <span class='ocrx_word' id='word_1_522' title='bbox 3485 3463 3626 3502; x_wconf 88' lang='lat' dir='ltr'><strong>unus</strong></span> <span class='ocrx_word' id='word_1_523' title='bbox 3655 3447 3709 3499; x_wconf 90' lang='lat' dir='ltr'><strong>in</strong></span> 
     </span>
    </p>
   </div>
   <div class='ocr_carea' id='block_1_68' title="bbox 2131 3539 3711 3612">
    <p class='ocr_par' dir='ltr' id='par_1_68' title="bbox 2131 3539 3711 3612">
     <span class='ocr_line' id='line_1_68' title="bbox 2131 3539 3711 3612; baseline -0.004 -14"><span class='ocrx_word' id='word_1_524' title='bbox 2131 3544 2422 3608; x_wconf 80' lang='lat' dir='ltr'><strong>Trinitate,</strong></span> <span class='ocrx_word' id='word_1_525' title='bbox 2480 3544 2622 3598; x_wconf 82' lang='lat' dir='ltr'><strong>Deus</strong></span> <span class='ocrx_word' id='word_1_526' title='bbox 2654 3552 2796 3605; x_wconf 85' lang='lat' dir='ltr'><strong>erat,</strong></span> <span class='ocrx_word' id='word_1_527' title='bbox 2829 3544 2921 3612; x_wconf 89' lang='lat' dir='ltr'><strong>qui</strong></span> <span class='ocrx_word' id='word_1_528' title='bbox 2977 3542 3221 3596; x_wconf 81' lang='lat' dir='ltr'><strong>divinam</strong></span> <span class='ocrx_word' id='word_1_529' title='bbox 3254 3540 3412 3593; x_wconf 85' lang='lat' dir='ltr'><strong>nobis</strong></span> <span class='ocrx_word' id='word_1_530' title='bbox 3443 3539 3496 3592; x_wconf 93' lang='lat' dir='ltr'><strong>in</strong></span> <span class='ocrx_word' id='word_1_531' title='bbox 3537 3540 3711 3609; x_wconf 83' lang='lat' dir='ltr'><strong>prima</strong></span> 
     </span>
    </p>
   </div>
   <div class='ocr_carea' id='block_1_69' title="bbox 2131 3629 3713 3704">
    <p class='ocr_par' dir='ltr' id='par_1_69' title="bbox 2131 3629 3713 3704">
     <span class='ocr_line' id='line_1_69' title="bbox 2131 3629 3713 3704; baseline -0.005 -16"><span class='ocrx_word' id='word_1_532' title='bbox 2131 3634 2373 3689; x_wconf 87' lang='lat' dir='ltr'><strong>hominis</strong></span> <span class='ocrx_word' id='word_1_533' title='bbox 2439 3634 2799 3704; x_wconf 86' lang='lat' dir='ltr'><strong>plasmatioue</strong></span> <span class='ocrx_word' id='word_1_534' title='bbox 2864 3631 3148 3702; x_wconf 84' lang='lat' dir='ltr'><strong>impressit</strong></span> <span class='ocrx_word' id='word_1_535' title='bbox 3212 3629 3545 3700; x_wconf 81' lang='lat' dir='ltr'><strong>imaginem,</strong></span> <span class='ocrx_word' id='word_1_536' title='bbox 3604 3645 3713 3681; x_wconf 87' lang='lat' dir='ltr'><strong>non</strong></span> 
     </span>
    </p>
   </div>
   <div class='ocr_carea' id='block_1_70' title="bbox 2128 3718 3711 3797">
    <p class='ocr_par' dir='ltr' id='par_1_70' title="bbox 2128 3718 3711 3797">
     <span class='ocr_line' id='line_1_70' title="bbox 2128 3718 3711 3797; baseline -0.005 -18"><span class='ocrx_word' id='word_1_537' title='bbox 2128 3727 2301 3797; x_wconf 75' lang='lat' dir='ltr'><strong>gratia</strong></span> <span class='ocrx_word' id='word_1_538' title='bbox 2358 3741 2465 3780; x_wconf 88' lang='lat' dir='ltr'><strong>non</strong></span> <span class='ocrx_word' id='word_1_539' title='bbox 2517 3726 2873 3781; x_wconf 87' lang='lat' dir='ltr'><strong>subsistens:</strong></span> <span class='ocrx_word' id='word_1_540' title='bbox 2907 3723 3207 3777; x_wconf 87' lang='lat' dir='ltr'><strong>secundam</strong></span> <span class='ocrx_word' id='word_1_541' title='bbox 3267 3720 3395 3774; x_wconf 80' lang='lat' dir='ltr'><strong>item</strong></span> <span class='ocrx_word' id='word_1_542' title='bbox 3430 3718 3711 3786; x_wconf 76' lang='lat' dir='ltr'><strong>plasmatis</strong></span> 
     </span>
    </p>
   </div>
   <div class='ocr_carea' id='block_1_71' title="bbox 2130 3808 3711 3889">
    <p class='ocr_par' dir='ltr' id='par_1_71' title="bbox 2130 3808 3711 3889">
     <span class='ocr_line' id='line_1_71' title="bbox 2130 3808 3711 3889; baseline -0.007 -18"><span class='ocrx_word' id='word_1_543' title='bbox 2130 3820 2557 3888; x_wconf 89' lang='lat' dir='ltr'><strong>reparationem,</strong></span> <span class='ocrx_word' id='word_1_544' title='bbox 2616 3834 2714 3889; x_wconf 86' lang='lat' dir='ltr'><strong>per</strong></span> <span class='ocrx_word' id='word_1_545' title='bbox 2766 3818 3063 3871; x_wconf 86' lang='lat' dir='ltr'><strong>salutarem</strong></span> <span class='ocrx_word' id='word_1_546' title='bbox 3125 3811 3415 3881; x_wconf 84' lang='lat' dir='ltr'><strong>discipulis</strong></span> <span class='ocrx_word' id='word_1_547' title='bbox 3468 3808 3711 3863; x_wconf 76' lang='lat' dir='ltr'><strong>insuﬂla-</strong></span> 
     </span>
    </p>
   </div>
   <div class='ocr_carea' id='block_1_72' title="bbox 2130 3904 3710 3979">
    <p class='ocr_par' dir='ltr' id='par_1_72' title="bbox 2130 3904 3710 3979">
     <span class='ocr_line' id='line_1_72' title="bbox 2130 3904 3710 3979; baseline -0.006 -14"><span class='ocrx_word' id='word_1_548' title='bbox 2130 3913 2332 3965; x_wconf 88' lang='lat' dir='ltr'><strong>tionem</strong></span> <span class='ocrx_word' id='word_1_549' title='bbox 2380 3911 2614 3973; x_wconf 81' lang='lat' dir='ltr'><strong>factam,</strong></span> <span class='ocrx_word' id='word_1_550' title='bbox 2668 3926 2767 3979; x_wconf 90' lang='lat' dir='ltr'><strong>per</strong></span> <span class='ocrx_word' id='word_1_551' title='bbox 2819 3908 3075 3963; x_wconf 90' lang='lat' dir='ltr'><strong>eumdem</strong></span> <span class='ocrx_word' id='word_1_552' title='bbox 3142 3904 3409 3975; x_wconf 84' lang='lat' dir='ltr'><strong>Spiritum</strong></span> <span class='ocrx_word' id='word_1_553' title='bbox 3455 3912 3710 3955; x_wconf 87' lang='lat' dir='ltr'><strong>sanctum</strong></span> 
     </span>
    </p>
   </div>
   <div class='ocr_carea' id='block_1_73' title="bbox 2129 3996 3708 4071">
    <p class='ocr_par' dir='ltr' id='par_1_73' title="bbox 2129 3996 3708 4071">
     <span class='ocr_line' id='line_1_73' title="bbox 2129 3996 3708 4071; baseline -0.007 -14"><span class='ocrx_word' id='word_1_554' title='bbox 2129 4002 2322 4057; x_wconf 79' lang='lat' dir='ltr'><strong>factam</strong></span> <span class='ocrx_word' id='word_1_555' title='bbox 2360 4004 2525 4056; x_wconf 79' lang='lat' dir='ltr'><strong>fuisse</strong></span> <span class='ocrx_word' id='word_1_556' title='bbox 2574 3996 2750 4071; x_wconf 54' lang='lat' dir='ltr'><strong>poitit.</strong></span> <span class='ocrx_word' id='word_1_557' title='bbox 2796 4001 3021 4055; x_wconf 81' lang='lat' dir='ltr'><strong>Dicebat</strong></span> <span class='ocrx_word' id='word_1_558' title='bbox 3065 3998 3270 4053; x_wconf 87' lang='lat' dir='ltr'><strong>etenim</strong></span> <span class='ocrx_word' id='word_1_559' title='bbox 3310 4017 3322 4051; x_wconf 89' lang='lat'>:</span> <span class='ocrx_word' id='word_1_560' title='bbox 3366 3998 3408 4049; x_wconf 84' lang='lat' dir='ltr'><strong>A</strong></span> <span class='ocrx_word' id='word_1_561' title='bbox 3446 4010 3579 4065; x_wconf 90' lang='lat' dir='ltr'><strong>quo,</strong></span> <span class='ocrx_word' id='word_1_562' title='bbox 3607 4010 3708 4046; x_wconf 85' lang='lat' dir='ltr'><strong>an-</strong></span> 
     </span>
    </p>
   </div>
   <div class='ocr_carea' id='block_1_74' title="bbox 2128 4090 3710 4163">
    <p class='ocr_par' dir='ltr' id='par_1_74' title="bbox 2128 4090 3710 4163">
     <span class='ocr_line' id='line_1_74' title="bbox 2128 4090 3710 4163; baseline -0.006 -15"><span class='ocrx_word' id='word_1_563' title='bbox 2128 4102 2343 4163; x_wconf 88' lang='lat' dir='ltr'><strong>thuam</strong></span> <span class='ocrx_word' id='word_1_564' title='bbox 2388 4103 2552 4156; x_wconf 87' lang='lat' dir='ltr'><strong>esset,</strong></span> <span class='ocrx_word' id='word_1_565' title='bbox 2602 4094 2765 4147; x_wconf 91' lang='lat' dir='ltr'><strong>modo</strong></span> <span class='ocrx_word' id='word_1_566' title='bbox 2803 4094 2987 4147; x_wconf 82' lang='lat' dir='ltr'><strong>laetus</strong></span> <span class='ocrx_word' id='word_1_567' title='bbox 3019 4091 3184 4146; x_wconf 85' lang='lat' dir='ltr'><strong>luerit</strong></span> <span class='ocrx_word' id='word_1_568' title='bbox 3216 4090 3403 4152; x_wconf 89' lang='lat' dir='ltr'><strong>homo,</strong></span> <span class='ocrx_word' id='word_1_569' title='bbox 3440 4104 3536 4156; x_wconf 86' lang='lat' dir='ltr'><strong>per</strong></span> <span class='ocrx_word' id='word_1_570' title='bbox 3581 4103 3710 4141; x_wconf 86' lang='lat' dir='ltr'><strong>san-</strong></span> 
     </span>
    </p>
   </div>
   <div class='ocr_carea' id='block_1_75' title="bbox 2125 4180 3714 4256">
    <p class='ocr_par' dir='ltr' id='par_1_75' title="bbox 2125 4180 3714 4256">
     <span class='ocr_line' id='line_1_75' title="bbox 2125 4180 3714 4256; baseline -0.008 -14"><span class='ocrx_word' id='word_1_571' title='bbox 2125 4196 2275 4242; x_wconf 90' lang='lat' dir='ltr'><strong>ctum</strong></span> <span class='ocrx_word' id='word_1_572' title='bbox 2333 4186 2592 4241; x_wconf 70' lang='lat' dir='ltr'><strong>videlicet</strong></span> <span class='ocrx_word' id='word_1_573' title='bbox 2654 4185 2921 4255; x_wconf 89' lang='lat' dir='ltr'><strong>Spiritum</strong></span> <span class='ocrx_word' id='word_1_574' title='bbox 2977 4183 3382 4256; x_wconf 84' lang='lat' dir='ltr'><strong>hypostatieum</strong></span> <span class='ocrx_word' id='word_1_575' title='bbox 3420 4180 3714 4243; x_wconf 81' lang='lat' dir='ltr'><strong>Deum,ah</strong></span> 
     </span>
    </p>
   </div>
   <div class='ocr_carea' id='block_1_76' title="bbox 2124 4276 3709 4347">
    <p class='ocr_par' dir='ltr' id='par_1_76' title="bbox 2124 4276 3709 4347">
     <span class='ocr_line' id='line_1_76' title="bbox 2124 4276 3709 4347; baseline -0.008 -13"><span class='ocrx_word' id='word_1_576' title='bbox 2124 4278 2320 4334; x_wconf 88' lang='lat' dir='ltr'><strong>eodem</strong></span> <span class='ocrx_word' id='word_1_577' title='bbox 2390 4293 2606 4340; x_wconf 89' lang='lat' dir='ltr'><strong>rursus,</strong></span> <span class='ocrx_word' id='word_1_578' title='bbox 2657 4278 2945 4347; x_wconf 85' lang='lat' dir='ltr'><strong>deperdita</strong></span> <span class='ocrx_word' id='word_1_579' title='bbox 2971 4276 3429 4337; x_wconf 67' lang='lat' dir='ltr'><strong>sanctiﬁcatione,</strong></span> <span class='ocrx_word' id='word_1_580' title='bbox 3456 4289 3579 4328; x_wconf 88' lang='lat' dir='ltr'><strong>eum</strong></span> <span class='ocrx_word' id='word_1_581' title='bbox 3624 4288 3709 4324; x_wconf 78' lang='lat' dir='ltr'><strong>re-</strong></span> 
     </span>
    </p>
   </div>
   <div class='ocr_carea' id='block_1_77' title="bbox 2124 4363 3710 4439">
    <p class='ocr_par' dir='ltr' id='par_1_77' title="bbox 2124 4363 3710 4439">
     <span class='ocr_line' id='line_1_77' title="bbox 2124 4363 3710 4439; baseline -0.005 -17"><span class='ocrx_word' id='word_1_582' title='bbox 2124 4368 2329 4439; x_wconf 84' lang='lat' dir='ltr'><strong>parari.</strong></span> <span class='ocrx_word' id='word_1_583' title='bbox 2381 4368 2436 4423; x_wconf 88' lang='lat' dir='ltr'><strong>Si</strong></span> <span class='ocrx_word' id='word_1_584' title='bbox 2492 4369 2663 4432; x_wconf 88' lang='lat' dir='ltr'><strong>enim,</strong></span> <span class='ocrx_word' id='word_1_585' title='bbox 2702 4367 2901 4437; x_wconf 83' lang='lat' dir='ltr'><strong>inquit,</strong></span> <span class='ocrx_word' id='word_1_586' title='bbox 2968 4368 3143 4438; x_wconf 79' lang='lat' dir='ltr'><strong>gratia</strong></span> <span class='ocrx_word' id='word_1_587' title='bbox 3202 4365 3443 4434; x_wconf 80' lang='lat' dir='ltr'><strong>Spiritus</strong></span> <span class='ocrx_word' id='word_1_588' title='bbox 3501 4364 3567 4416; x_wconf 86' lang='lat' dir='ltr'><strong>ah</strong></span> <span class='ocrx_word' id='word_1_589' title='bbox 3590 4363 3710 4432; x_wconf 80' lang='lat' dir='ltr'><strong>ejus</strong></span> 
     </span>
    </p>
   </div>
   <div class='ocr_carea' id='block_1_78' title="bbox 2124 4455 3708 4531">
    <p class='ocr_par' dir='ltr' id='par_1_78' title="bbox 2124 4455 3708 4531">
     <span class='ocr_line' id='line_1_78' title="bbox 2124 4455 3708 4531; baseline -0.007 -16"><span class='ocrx_word' id='word_1_590' title='bbox 2124 4461 2432 4515; x_wconf 84' lang='lat' dir='ltr'><strong>substantia</strong></span> <span class='ocrx_word' id='word_1_591' title='bbox 2485 4461 2758 4531; x_wconf 82' lang='lat' dir='ltr'><strong>disjnncta</strong></span> <span class='ocrx_word' id='word_1_592' title='bbox 2827 4471 2994 4523; x_wconf 87' lang='lat' dir='ltr'><strong>esset,</strong></span> <span class='ocrx_word' id='word_1_593' title='bbox 3066 4473 3167 4512; x_wconf 88' lang='lat' dir='ltr'><strong>cur</strong></span> <span class='ocrx_word' id='word_1_594' title='bbox 3233 4458 3427 4512; x_wconf 71' lang='lat' dir='ltr'><strong>beatus</strong></span> <span class='ocrx_word' id='word_1_595' title='bbox 3482 4455 3708 4523; x_wconf 74' lang='lat' dir='ltr'><strong>quidem</strong></span> 
     </span>
    </p>
   </div>
   <div class='ocr_carea' id='block_1_79' title="bbox 2124 4548 3708 4622">
    <p class='ocr_par' dir='ltr' id='par_1_79' title="bbox 2124 4548 3708 4622">
     <span class='ocr_line' id='line_1_79' title="bbox 2124 4548 3708 4622; baseline -0.004 -16"><span class='ocrx_word' id='word_1_596' title='bbox 2124 4553 2321 4617; x_wconf 84' lang='lat' dir='ltr'><strong>Moses,</strong></span> <span class='ocrx_word' id='word_1_597' title='bbox 2385 4548 2607 4607; x_wconf 82' lang='lat' dir='ltr'><strong>homine</strong></span> <span class='ocrx_word' id='word_1_598' title='bbox 2667 4554 2733 4607; x_wconf 93' lang='lat' dir='ltr'><strong>ad</strong></span> <span class='ocrx_word' id='word_1_599' title='bbox 2782 4567 2903 4607; x_wconf 81' lang='lat' dir='ltr'><strong>esse</strong></span> <span class='ocrx_word' id='word_1_600' title='bbox 2960 4551 3251 4622; x_wconf 83' lang='lat' dir='ltr'><strong>producto,</strong></span> <span class='ocrx_word' id='word_1_601' title='bbox 3310 4565 3417 4603; x_wconf 90' lang='lat' dir='ltr'><strong>non</strong></span> <span class='ocrx_word' id='word_1_602' title='bbox 3442 4548 3708 4601; x_wconf 80' lang='lat' dir='ltr'><strong>dixerat:</strong></span> 
     </span>
    </p>
   </div>
   <div class='ocr_carea' id='block_1_80' title="bbox 436 4639 3707 4715">
    <p class='ocr_par' dir='ltr' id='par_1_80' title="bbox 436 4639 3707 4715">
     <span class='ocr_line' id='line_1_80' title="bbox 436 4639 3707 4715; baseline -0.002 -20"><span class='ocrx_word' id='word_1_603' title='bbox 436 4653 555 4711; x_wconf 87' lang='lat' dir='ltr'><strong>post</strong></span> <span class='ocrx_word' id='word_1_604' title='bbox 585 4658 796 4712; x_wconf 89' lang='lat' dir='ltr'><strong>pauca:</strong></span> <span class='ocrx_word' id='word_1_605' title='bbox 829 4641 975 4699; x_wconf 81' lang='lat' dir='ltr'><strong>Misit</strong></span> <span class='ocrx_word' id='word_1_606' title='bbox 998 4653 1183 4697; x_wconf 88' lang='lat' dir='ltr'><strong>autem</strong></span> <span class='ocrx_word' id='word_1_607' title='bbox 1220 4642 1376 4696; x_wconf 90' lang='lat' dir='ltr'><strong>nobis</strong></span> <span class='ocrx_word' id='word_1_608' title='bbox 1406 4658 1436 4698; x_wconf 85' lang='lat' dir='ltr'><strong>e</strong></span> <span class='ocrx_word' id='word_1_609' title='bbox 1474 4645 1614 4699; x_wconf 71' lang='lat' dir='ltr'><strong>cmlu</strong></span> <span class='ocrx_word' id='word_1_610' title='bbox 1642 4644 2009 4711; x_wconf 81' lang='lat' dir='ltr'><strong>Paracletum,</strong></span> <span class='ocrx_word' id='word_1_611' title='bbox 2046 4644 2087 4699; x_wconf 90' lang='lat' dir='ltr'><strong>D</strong></span> <span class='ocrx_word' id='word_1_612' title='bbox 2118 4643 2364 4700; x_wconf 72' lang='lat' dir='ltr'><strong>Sulllavit</strong></span> <span class='ocrx_word' id='word_1_613' title='bbox 2410 4646 2639 4701; x_wconf 86' lang='lat' dir='ltr'><strong>Creator</strong></span> <span class='ocrx_word' id='word_1_614' title='bbox 2685 4646 2933 4701; x_wconf 87' lang='lat' dir='ltr'><strong>omnimn</strong></span> <span class='ocrx_word' id='word_1_615' title='bbox 2991 4644 3221 4715; x_wconf 80' lang='lat' dir='ltr'><strong>gratiam</strong></span> <span class='ocrx_word' id='word_1_616' title='bbox 3290 4658 3384 4712; x_wconf 90' lang='lat' dir='ltr'><strong>per</strong></span> <span class='ocrx_word' id='word_1_617' title='bbox 3437 4639 3707 4709; x_wconf 82' lang='lat' dir='ltr'><strong>Spiritum</strong></span> 
     </span>
    </p>
   </div>
   <div class='ocr_carea' id='block_1_81' title="bbox 434 4729 2016 4805">
    <p class='ocr_par' dir='ltr' id='par_1_81' title="bbox 434 4729 2016 4805">
     <span class='ocr_line' id='line_1_81' title="bbox 434 4729 2016 4805; baseline 0.003 -17"><span class='ocrx_word' id='word_1_618' title='bbox 434 4750 532 4804; x_wconf 90' lang='lat' dir='ltr'><strong>per</strong></span> <span class='ocrx_word' id='word_1_619' title='bbox 563 4729 727 4805; x_wconf 80' lang='lat' dir='ltr'><strong>quem</strong></span> <span class='ocrx_word' id='word_1_620' title='bbox 758 4746 813 4790; x_wconf 89' lang='lat' dir='ltr'><strong>et</strong></span> <span class='ocrx_word' id='word_1_621' title='bbox 854 4734 909 4789; x_wconf 93' lang='lat' dir='ltr'><strong>in</strong></span> <span class='ocrx_word' id='word_1_622' title='bbox 942 4750 1052 4803; x_wconf 89' lang='lat' dir='ltr'><strong>quo</strong></span> <span class='ocrx_word' id='word_1_623' title='bbox 1087 4734 1376 4790; x_wconf 87' lang='lat' dir='ltr'><strong>nobiscum</strong></span> <span class='ocrx_word' id='word_1_624' title='bbox 1423 4744 1541 4799; x_wconf 87' lang='lat' dir='ltr'><strong>est,</strong></span> <span class='ocrx_word' id='word_1_625' title='bbox 1578 4736 1712 4791; x_wconf 90' lang='lat' dir='ltr'><strong>etin</strong></span> <span class='ocrx_word' id='word_1_626' title='bbox 1734 4738 1892 4791; x_wconf 88' lang='lat' dir='ltr'><strong>nobis</strong></span> <span class='ocrx_word' id='word_1_627' title='bbox 1917 4737 2016 4792; x_wconf 78' lang='lat' dir='ltr'><strong>ha-</strong></span> 
     </span>
    </p>
   </div>
   <div class='ocr_carea' id='block_1_82' title="bbox 436 4827 2019 4900">
    <p class='ocr_par' dir='ltr' id='par_1_82' title="bbox 436 4827 2019 4900">
     <span class='ocr_line' id='line_1_82' title="bbox 436 4827 2019 4900; baseline 0.004 -21"><span class='ocrx_word' id='word_1_628' title='bbox 436 4828 607 4881; x_wconf 78' lang='lat' dir='ltr'><strong>bitat:</strong></span> <span class='ocrx_word' id='word_1_629' title='bbox 639 4844 747 4882; x_wconf 92' lang='lat' dir='ltr'><strong>non</strong></span> <span class='ocrx_word' id='word_1_630' title='bbox 800 4828 1041 4883; x_wconf 87' lang='lat' dir='ltr'><strong>alienum</strong></span> <span class='ocrx_word' id='word_1_631' title='bbox 1099 4827 1153 4881; x_wconf 92' lang='lat' dir='ltr'><strong>in</strong></span> <span class='ocrx_word' id='word_1_632' title='bbox 1223 4829 1387 4883; x_wconf 87' lang='lat' dir='ltr'><strong>nobis</strong></span> <span class='ocrx_word' id='word_1_633' title='bbox 1426 4829 1642 4892; x_wconf 84' lang='lat' dir='ltr'><strong>amans,</strong></span> <span class='ocrx_word' id='word_1_634' title='bbox 1675 4830 1771 4884; x_wconf 92' lang='lat' dir='ltr'><strong>sed</strong></span> <span class='ocrx_word' id='word_1_635' title='bbox 1804 4832 1897 4900; x_wconf 89' lang='lat' dir='ltr'><strong>qui</strong></span> <span class='ocrx_word' id='word_1_636' title='bbox 1930 4848 2019 4885; x_wconf 89' lang='lat' dir='ltr'><strong>es-</strong></span> 
     </span>
    </p>
   </div>
   <div class='ocr_carea' id='block_1_83' title="bbox 433 4922 2012 4994">
    <p class='ocr_par' dir='ltr' id='par_1_83' title="bbox 433 4922 2012 4994">
     <span class='ocr_line' id='line_1_83' title="bbox 433 4922 2012 4994; baseline 0.003 -20"><span class='ocrx_word' id='word_1_637' title='bbox 433 4924 623 4975; x_wconf 75' lang='lat' dir='ltr'><strong>sentia:</strong></span> <span class='ocrx_word' id='word_1_638' title='bbox 672 4937 786 4976; x_wconf 76' lang='lat' dir='ltr'><strong>suze</strong></span> <span class='ocrx_word' id='word_1_639' title='bbox 849 4930 905 4976; x_wconf 89' lang='lat' dir='ltr'><strong>et</strong></span> <span class='ocrx_word' id='word_1_640' title='bbox 965 4922 1145 4978; x_wconf 83' lang='lat' dir='ltr'><strong>Patris</strong></span> <span class='ocrx_word' id='word_1_641' title='bbox 1206 4922 1295 4976; x_wconf 89' lang='lat' dir='ltr'><strong>sui</strong></span> <span class='ocrx_word' id='word_1_642' title='bbox 1351 4927 1609 4993; x_wconf 89' lang='lat' dir='ltr'><strong>proprius</strong></span> <span class='ocrx_word' id='word_1_643' title='bbox 1634 4935 1719 4980; x_wconf 89' lang='lat' dir='ltr'><strong>est</strong></span> <span class='ocrx_word' id='word_1_644' title='bbox 1751 4925 2012 4994; x_wconf 89' lang='lat' dir='ltr'><strong>Spiritus.</strong></span> 
     </span>
    </p>
   </div>
   <div class='ocr_carea' id='block_1_84' title="bbox 434 5016 2012 5085">
    <p class='ocr_par' dir='ltr' id='par_1_84' title="bbox 434 5016 2012 5085">
     <span class='ocr_line' id='line_1_84' title="bbox 434 5016 2012 5085; baseline 0.002 -16"><span class='ocrx_word' id='word_1_645' title='bbox 434 5016 590 5082; x_wconf 87' lang='lat' dir='ltr'><strong>Quod</strong></span> <span class='ocrx_word' id='word_1_646' title='bbox 643 5028 824 5071; x_wconf 89' lang='lat' dir='ltr'><strong>autem</strong></span> <span class='ocrx_word' id='word_1_647' title='bbox 853 5018 967 5071; x_wconf 66' lang='lat' dir='ltr'><strong>hmc</strong></span> <span class='ocrx_word' id='word_1_648' title='bbox 1000 5018 1066 5073; x_wconf 90' lang='lat' dir='ltr'><strong>de</strong></span> <span class='ocrx_word' id='word_1_649' title='bbox 1091 5018 1402 5072; x_wconf 83' lang='lat' dir='ltr'><strong>substantia</strong></span> <span class='ocrx_word' id='word_1_650' title='bbox 1437 5020 1704 5085; x_wconf 90' lang='lat' dir='ltr'><strong>Spiritus,</strong></span> <span class='ocrx_word' id='word_1_651' title='bbox 1743 5035 1850 5072; x_wconf 89' lang='lat' dir='ltr'><strong>non</strong></span> <span class='ocrx_word' id='word_1_652' title='bbox 1879 5020 2012 5072; x_wconf 86' lang='lat' dir='ltr'><strong>cha-</strong></span> 
     </span>
    </p>
   </div>
   <div class='ocr_carea' id='block_1_85' title="bbox 436 5110 2011 5181">
    <p class='ocr_par' dir='ltr' id='par_1_85' title="bbox 436 5110 2011 5181">
     <span class='ocr_line' id='line_1_85' title="bbox 436 5110 2011 5181; baseline 0.004 -21"><span class='ocrx_word' id='word_1_653' title='bbox 436 5110 753 5163; x_wconf 84' lang='lat' dir='ltr'><strong>rismatibus</strong></span> <span class='ocrx_word' id='word_1_654' title='bbox 803 5126 909 5163; x_wconf 91' lang='lat' dir='ltr'><strong>non</strong></span> <span class='ocrx_word' id='word_1_655' title='bbox 960 5110 1399 5166; x_wconf 77' lang='lat' dir='ltr'><strong>subsistentibus</strong></span> <span class='ocrx_word' id='word_1_656' title='bbox 1434 5111 1531 5174; x_wconf 87' lang='lat' dir='ltr'><strong>ait,</strong></span> <span class='ocrx_word' id='word_1_657' title='bbox 1557 5113 1817 5166; x_wconf 88' lang='lat' dir='ltr'><strong>omnibus</strong></span> <span class='ocrx_word' id='word_1_658' title='bbox 1841 5122 2011 5181; x_wconf 89' lang='lat' dir='ltr'><strong>patet.</strong></span> 
     </span>
    </p>
   </div>
   <div class='ocr_carea' id='block_1_86' title="bbox 436 5202 2010 5269">
    <p class='ocr_par' dir='ltr' id='par_1_86' title="bbox 436 5202 2010 5269">
     <span class='ocr_line' id='line_1_86' title="bbox 436 5202 2010 5269; baseline 0.003 -14"><span class='ocrx_word' id='word_1_659' title='bbox 436 5202 579 5256; x_wconf 59' lang='lat' dir='ltr'><strong>ldum</strong></span> <span class='ocrx_word' id='word_1_660' title='bbox 643 5218 836 5256; x_wconf 86' lang='lat' dir='ltr'><strong>rursus</strong></span> <span class='ocrx_word' id='word_1_661' title='bbox 900 5203 952 5255; x_wconf 91' lang='lat' dir='ltr'><strong>in</strong></span> <span class='ocrx_word' id='word_1_662' title='bbox 1004 5203 1197 5256; x_wconf 85' lang='lat' dir='ltr'><strong>eodem</strong></span> <span class='ocrx_word' id='word_1_663' title='bbox 1229 5222 1240 5256; x_wconf 89' lang='lat'>:</span> <span class='ocrx_word' id='word_1_664' title='bbox 1276 5205 1377 5269; x_wconf 81' lang='lat' dir='ltr'><strong>Qui</strong></span> <span class='ocrx_word' id='word_1_665' title='bbox 1412 5220 1541 5259; x_wconf 83' lang='lat' dir='ltr'><strong>vero</strong></span> <span class='ocrx_word' id='word_1_666' title='bbox 1576 5205 1735 5258; x_wconf 89' lang='lat' dir='ltr'><strong>nobis</strong></span> <span class='ocrx_word' id='word_1_667' title='bbox 1762 5205 2010 5259; x_wconf 84' lang='lat' dir='ltr'><strong>divinam</strong></span> 
     </span>
    </p>
   </div>
   <div class='ocr_carea' id='block_1_87' title="bbox 436 5294 2010 5368">
    <p class='ocr_par' dir='ltr' id='par_1_87' title="bbox 436 5294 2010 5368">
     <span class='ocr_line' id='line_1_87' title="bbox 436 5294 2010 5368; baseline 0.002 -20"><span class='ocrx_word' id='word_1_668' title='bbox 436 5294 723 5366; x_wconf 87' lang='lat' dir='ltr'><strong>insculpsit</strong></span> <span class='ocrx_word' id='word_1_669' title='bbox 776 5294 1095 5365; x_wconf 79' lang='lat' dir='ltr'><strong>imaginem,</strong></span> <span class='ocrx_word' id='word_1_670' title='bbox 1158 5306 1213 5350; x_wconf 91' lang='lat' dir='ltr'><strong>et</strong></span> <span class='ocrx_word' id='word_1_671' title='bbox 1267 5297 1690 5351; x_wconf 84' lang='lat' dir='ltr'><strong>similitudinem</strong></span> <span class='ocrx_word' id='word_1_672' title='bbox 1722 5298 2010 5368; x_wconf 84' lang='lat' dir='ltr'><strong>cujusdam</strong></span> 
     </span>
    </p>
   </div>
   <div class='ocr_carea' id='block_1_88' title="bbox 433 5382 2012 5454">
    <p class='ocr_par' dir='ltr' id='par_1_88' title="bbox 433 5382 2012 5454">
     <span class='ocr_line' id='line_1_88' title="bbox 433 5382 2012 5454; baseline -0.001 -17"><span class='ocrx_word' id='word_1_673' title='bbox 433 5385 617 5454; x_wconf 60' lang='lat' dir='ltr'><strong>sigilli,</strong></span> <span class='ocrx_word' id='word_1_674' title='bbox 669 5399 980 5452; x_wconf 88' lang='lat' dir='ltr'><strong>supremam</strong></span> <span class='ocrx_word' id='word_1_675' title='bbox 1033 5383 1195 5437; x_wconf 87' lang='lat' dir='ltr'><strong>nobis</strong></span> <span class='ocrx_word' id='word_1_676' title='bbox 1254 5382 2012 5452; x_wconf 83' lang='lat' dir='ltr'><strong>pulchritudinemimponit,</strong></span> 
     </span>
    </p>
   </div>
   <div class='ocr_carea' id='block_1_89' title="bbox 433 5473 2013 5545">
    <p class='ocr_par' dir='ltr' id='par_1_89' title="bbox 433 5473 2013 5545">
     <span class='ocr_line' id='line_1_89' title="bbox 433 5473 2013 5545; baseline -0.003 -15"><span class='ocrx_word' id='word_1_677' title='bbox 433 5493 616 5530; x_wconf 74' lang='lat' dir='ltr'><strong>nonne</strong></span> <span class='ocrx_word' id='word_1_678' title='bbox 671 5476 910 5544; x_wconf 87' lang='lat' dir='ltr'><strong>Spiritus</strong></span> <span class='ocrx_word' id='word_1_679' title='bbox 968 5473 1091 5529; x_wconf 78' lang='lat' dir='ltr'><strong>CSt?</strong></span> <span class='ocrx_word' id='word_1_680' title='bbox 1139 5475 1211 5528; x_wconf 91' lang='lat' dir='ltr'><strong>lta</strong></span> <span class='ocrx_word' id='word_1_681' title='bbox 1242 5476 1445 5545; x_wconf 86' lang='lat' dir='ltr'><strong>(inquit</strong></span> <span class='ocrx_word' id='word_1_682' title='bbox 1483 5476 1751 5542; x_wconf 80' lang='lat' dir='ltr'><strong>llerniias)</strong></span> <span class='ocrx_word' id='word_1_683' title='bbox 1786 5492 1895 5529; x_wconf 88' lang='lat' dir='ltr'><strong>non</strong></span> <span class='ocrx_word' id='word_1_684' title='bbox 1936 5483 2013 5527; x_wconf 87' lang='lat' dir='ltr'><strong>ta-</strong></span> 
     </span>
    </p>
   </div>
   <div class='ocr_carea' id='block_1_90' title="bbox 435 5566 2014 5637">
    <p class='ocr_par' dir='ltr' id='par_1_90' title="bbox 435 5566 2014 5637">
     <span class='ocr_line' id='line_1_90' title="bbox 435 5566 2014 5637; baseline -0.001 -16"><span class='ocrx_word' id='word_1_685' title='bbox 435 5586 557 5622; x_wconf 79' lang='lat' dir='ltr'><strong>men</strong></span> <span class='ocrx_word' id='word_1_686' title='bbox 590 5580 649 5623; x_wconf 93' lang='lat' dir='ltr'><strong>ut</strong></span> <span class='ocrx_word' id='word_1_687' title='bbox 676 5569 840 5632; x_wconf 81' lang='lat' dir='ltr'><strong>Deus,</strong></span> <span class='ocrx_word' id='word_1_688' title='bbox 872 5583 1056 5621; x_wconf 87' lang='lat' dir='ltr'><strong>verum</strong></span> <span class='ocrx_word' id='word_1_689' title='bbox 1086 5576 1146 5621; x_wconf 90' lang='lat' dir='ltr'><strong>ut</strong></span> <span class='ocrx_word' id='word_1_690' title='bbox 1194 5566 1394 5621; x_wconf 62' lang='lat' dir='ltr'><strong>divina:</strong></span> <span class='ocrx_word' id='word_1_691' title='bbox 1429 5568 1614 5637; x_wconf 67' lang='lat' dir='ltr'><strong>gratim</strong></span> <span class='ocrx_word' id='word_1_692' title='bbox 1640 5566 1914 5620; x_wconf 80' lang='lat' dir='ltr'><strong>minister.</strong></span> <span class='ocrx_word' id='word_1_693' title='bbox 1946 5566 2014 5620; x_wconf 76' lang='lat' dir='ltr'><strong>Et</strong></span> 
     </span>
    </p>
   </div>
   <div class='ocr_carea' id='block_1_91' title="bbox 432 5660 2011 5730">
    <p class='ocr_par' dir='ltr' id='par_1_91' title="bbox 432 5660 2011 5730">
     <span class='ocr_line' id='line_1_91' title="bbox 432 5660 2011 5730; baseline 0 -17"><span class='ocrx_word' id='word_1_694' title='bbox 432 5662 670 5730; x_wconf 66' lang='lat' dir='ltr'><strong>Cyrillus</strong></span> <span class='ocrx_word' id='word_1_695' title='bbox 701 5680 711 5714; x_wconf 84' lang='lat'>;</span> <span class='ocrx_word' id='word_1_696' title='bbox 746 5660 865 5714; x_wconf 89' lang='lat' dir='ltr'><strong>Non</strong></span> <span class='ocrx_word' id='word_1_697' title='bbox 901 5662 1067 5730; x_wconf 70' lang='lat' dir='ltr'><strong>igitur</strong></span> <span class='ocrx_word' id='word_1_698' title='bbox 1100 5662 1215 5726; x_wconf 89' lang='lat' dir='ltr'><strong>ipse</strong></span> <span class='ocrx_word' id='word_1_699' title='bbox 1248 5661 1488 5726; x_wconf 82' lang='lat' dir='ltr'><strong>Spiritus</strong></span> <span class='ocrx_word' id='word_1_700' title='bbox 1546 5661 1725 5723; x_wconf 78' lang='lat' dir='ltr'><strong>nobis,</strong></span> <span class='ocrx_word' id='word_1_701' title='bbox 1760 5660 1854 5714; x_wconf 83' lang='lat' dir='ltr'><strong>sed</strong></span> <span class='ocrx_word' id='word_1_702' title='bbox 1892 5660 2011 5729; x_wconf 80' lang='lat' dir='ltr'><strong>ejus</strong></span> 
     </span>
    </p>
   </div>
   <div class='ocr_carea' id='block_1_92' title="bbox 438 5751 2014 5820">
    <p class='ocr_par' dir='ltr' id='par_1_92' title="bbox 438 5751 2014 5820">
     <span class='ocr_line' id='line_1_92' title="bbox 438 5751 2014 5820; baseline 0.001 -19"><span class='ocrx_word' id='word_1_703' title='bbox 438 5769 532 5818; x_wconf 65' lang='lat' dir='ltr'><strong>per</strong></span> <span class='ocrx_word' id='word_1_704' title='bbox 565 5768 688 5803; x_wconf 77' lang='lat' dir='ltr'><strong>eum</strong></span> <span class='ocrx_word' id='word_1_705' title='bbox 722 5752 888 5820; x_wconf 50' lang='lat' dir='ltr'><strong>gratia</strong></span> <span class='ocrx_word' id='word_1_706' title='bbox 924 5753 1080 5803; x_wconf 58' lang='lat' dir='ltr'><strong>nobis</strong></span> <span class='ocrx_word' id='word_1_707' title='bbox 1114 5752 1461 5819; x_wconf 59' lang='lat' dir='ltr'><strong>it‘ljil&#39;ititlidi“.</strong></span> <span class='ocrx_word' id='word_1_708' title='bbox 1517 5751 1786 5804; x_wconf 74' lang='lat' dir='ltr'><strong>iicrtuias.</strong></span> <span class='ocrx_word' id='word_1_709' title='bbox 1822 5752 1895 5802; x_wconf 79' lang='lat' dir='ltr'><strong>ita</strong></span> <span class='ocrx_word' id='word_1_710' title='bbox 1934 5752 2014 5802; x_wconf 80' lang='lat' dir='ltr'><strong>vi-</strong></span> 
     </span>
    </p>
   </div>
   <div class='ocr_carea' id='block_1_93' title="bbox 440 5843 2001 5916">
    <p class='ocr_par' dir='ltr' id='par_1_93' title="bbox 440 5843 2001 5916">
     <span class='ocr_line' id='line_1_93' title="bbox 440 5843 2001 5916; baseline -0.001 -20"><span class='ocrx_word' id='word_1_711' title='bbox 440 5845 623 5897; x_wconf 39' lang='lat' dir='ltr'><strong>detur.</strong></span> <span class='ocrx_word' id='word_1_712' title='bbox 662 5843 915 5911; x_wconf 53' lang='lat' dir='ltr'><strong>timum.</strong></span> <span class='ocrx_word' id='word_1_713' title='bbox 952 5846 1087 5916; x_wconf 62' lang='lat' dir='ltr'><strong>Ergo</strong></span> <span class='ocrx_word' id='word_1_714' title='bbox 1121 5849 1490 5898; x_wconf 58' lang='lat' dir='ltr'><strong>murmsariun:</strong></span> <span class='ocrx_word' id='word_1_715' title='bbox 1524 5844 2001 5911; x_wconf 54' lang='lat' dir='ltr'><strong>c:-s&lt;rt,i:t;.‘+pint*tn</strong></span> 
     </span>
    </p>
   </div>
   <div class='ocr_carea' id='block_1_94' title="bbox 2116 4737 3710 4807">
    <p class='ocr_par' dir='ltr' id='par_1_94' title="bbox 2116 4737 3710 4807">
     <span class='ocr_line' id='line_1_94' title="bbox 2116 4737 3710 4807; baseline -0.005 -16"><span class='ocrx_word' id='word_1_716' title='bbox 2116 4740 2283 4795; x_wconf 74' lang='lat' dir='ltr'><strong>vitae?</strong></span> <span class='ocrx_word' id='word_1_717' title='bbox 2328 4738 2587 4795; x_wconf 79' lang='lat' dir='ltr'><strong>Christus</strong></span> <span class='ocrx_word' id='word_1_718' title='bbox 2634 4755 2767 4793; x_wconf 72' lang='lat' dir='ltr'><strong>vero</strong></span> <span class='ocrx_word' id='word_1_719' title='bbox 2838 4738 2998 4791; x_wconf 85' lang='lat' dir='ltr'><strong>nobis</strong></span> <span class='ocrx_word' id='word_1_720' title='bbox 3026 4756 3040 4792; x_wconf 89' lang='lat'><strong>:</strong></span> <span class='ocrx_word' id='word_1_721' title='bbox 3073 4737 3320 4807; x_wconf 80' lang='lat' dir='ltr'><strong>Accipite</strong></span> <span class='ocrx_word' id='word_1_722' title='bbox 3348 4738 3579 4806; x_wconf 77' lang='lat' dir='ltr'><strong>gratiam</strong></span> <span class='ocrx_word' id='word_1_723' title='bbox 3611 4749 3710 4803; x_wconf 80' lang='lat' dir='ltr'><strong>per</strong></span> 
     </span>
    </p>
   </div>
   <div class='ocr_carea' id='block_1_95' title="bbox 2122 4828 3706 4901">
    <p class='ocr_par' dir='ltr' id='par_1_95' title="bbox 2122 4828 3706 4901">
     <span class='ocr_line' id='line_1_95' title="bbox 2122 4828 3706 4901; baseline -0.003 -18"><span class='ocrx_word' id='word_1_724' title='bbox 2122 4832 2488 4887; x_wconf 87' lang='lat' dir='ltr'><strong>ninisteriutn</strong></span> <span class='ocrx_word' id='word_1_725' title='bbox 2545 4832 2821 4901; x_wconf 78' lang='lat' dir='ltr'><strong>Spiritus?</strong></span> <span class='ocrx_word' id='word_1_726' title='bbox 2882 4831 2989 4887; x_wconf 91' lang='lat' dir='ltr'><strong>Sed</strong></span> <span class='ocrx_word' id='word_1_727' title='bbox 3048 4831 3160 4885; x_wconf 92' lang='lat' dir='ltr'><strong>illic</strong></span> <span class='ocrx_word' id='word_1_728' title='bbox 3225 4829 3449 4898; x_wconf 90' lang='lat' dir='ltr'><strong>quidem</strong></span> <span class='ocrx_word' id='word_1_729' title='bbox 3499 4828 3706 4882; x_wconf 87' lang='lat' dir='ltr'><strong>dictum</strong></span> 
     </span>
    </p>
   </div>
   <div class='ocr_carea' id='block_1_96' title="bbox 2119 4922 3700 4994">
    <p class='ocr_par' dir='ltr' id='par_1_96' title="bbox 2119 4922 3700 4994">
     <span class='ocr_line' id='line_1_96' title="bbox 2119 4922 3700 4994; baseline -0.003 -17"><span class='ocrx_word' id='word_1_730' title='bbox 2119 4936 2220 4989; x_wconf 88' lang='lat' dir='ltr'><strong>cst,</strong></span> <span class='ocrx_word' id='word_1_731' title='bbox 2276 4923 2517 4994; x_wconf 82' lang='lat' dir='ltr'><strong>Spiritus</strong></span> <span class='ocrx_word' id='word_1_732' title='bbox 2573 4925 2696 4979; x_wconf 64' lang='lat' dir='ltr'><strong>vita:</strong></span> <span class='ocrx_word' id='word_1_733' title='bbox 2729 4925 2859 4993; x_wconf 84' lang='lat' dir='ltr'><strong>(vita</strong></span> <span class='ocrx_word' id='word_1_734' title='bbox 2896 4926 3043 4978; x_wconf 87' lang='lat' dir='ltr'><strong>enim</strong></span> <span class='ocrx_word' id='word_1_735' title='bbox 3078 4940 3209 4979; x_wconf 85' lang='lat' dir='ltr'><strong>vere</strong></span> <span class='ocrx_word' id='word_1_736' title='bbox 3239 4922 3556 4977; x_wconf 80' lang='lat' dir='ltr'><strong>divinitatis</strong></span> <span class='ocrx_word' id='word_1_737' title='bbox 3598 4938 3700 4973; x_wconf 87' lang='lat' dir='ltr'><strong>ua-</strong></span> 
     </span>
    </p>
   </div>
   <div class='ocr_carea' id='block_1_97' title="bbox 2120 5018 3706 5090">
    <p class='ocr_par' dir='ltr' id='par_1_97' title="bbox 2120 5018 3706 5090">
     <span class='ocr_line' id='line_1_97' title="bbox 2120 5018 3706 5090; baseline -0.005 -18"><span class='ocrx_word' id='word_1_738' title='bbox 2120 5032 2240 5072; x_wconf 88' lang='lat' dir='ltr'><strong>tnra</strong></span> <span class='ocrx_word' id='word_1_739' title='bbox 2288 5021 2417 5087; x_wconf 88' lang='lat' dir='ltr'><strong>est),</strong></span> <span class='ocrx_word' id='word_1_740' title='bbox 2457 5021 2547 5075; x_wconf 91' lang='lat' dir='ltr'><strong>hic</strong></span> <span class='ocrx_word' id='word_1_741' title='bbox 2594 5036 2723 5074; x_wconf 89' lang='lat' dir='ltr'><strong>vero</strong></span> <span class='ocrx_word' id='word_1_742' title='bbox 2757 5036 2855 5090; x_wconf 70' lang='lat' dir='ltr'><strong>per</strong></span> <span class='ocrx_word' id='word_1_743' title='bbox 2905 5020 3267 5085; x_wconf 83' lang='lat' dir='ltr'><strong>Salvaturem,</strong></span> <span class='ocrx_word' id='word_1_744' title='bbox 3307 5018 3545 5088; x_wconf 75' lang='lat' dir='ltr'><strong>Spiritus</strong></span> <span class='ocrx_word' id='word_1_745' title='bbox 3575 5031 3706 5069; x_wconf 85' lang='lat' dir='ltr'><strong>san-</strong></span> 
     </span>
    </p>
   </div>
   <div class='ocr_carea' id='block_1_98' title="bbox 2126 5108 3703 5182">
    <p class='ocr_par' dir='ltr' id='par_1_98' title="bbox 2126 5108 3703 5182">
     <span class='ocr_line' id='line_1_98' title="bbox 2126 5108 3703 5182; baseline -0.005 -16"><span class='ocrx_word' id='word_1_746' title='bbox 2126 5123 2264 5177; x_wconf 70' lang='lat' dir='ltr'><strong>t‘ltts,</strong></span> <span class='ocrx_word' id='word_1_747' title='bbox 2328 5112 2505 5180; x_wconf 77' lang='lat' dir='ltr'><strong>ipsum</strong></span> <span class='ocrx_word' id='word_1_748' title='bbox 2560 5112 2747 5182; x_wconf 90' lang='lat' dir='ltr'><strong>procul</strong></span> <span class='ocrx_word' id='word_1_749' title='bbox 2803 5112 2971 5165; x_wconf 91' lang='lat' dir='ltr'><strong>duhio</strong></span> <span class='ocrx_word' id='word_1_750' title='bbox 3023 5110 3288 5181; x_wconf 91' lang='lat' dir='ltr'><strong>Spiritum</strong></span> <span class='ocrx_word' id='word_1_751' title='bbox 3362 5108 3703 5164; x_wconf 75' lang='lat' dir='ltr'><strong>credentium</strong></span> 
     </span>
    </p>
   </div>
   <div class='ocr_carea' id='block_1_99' title="bbox 2126 5200 3703 5268">
    <p class='ocr_par' dir='ltr' id='par_1_99' title="bbox 2126 5200 3703 5268">
     <span class='ocr_line' id='line_1_99' title="bbox 2126 5200 3703 5268; baseline -0.004 -12"><span class='ocrx_word' id='word_1_752' title='bbox 2126 5203 2417 5257; x_wconf 89' lang='lat' dir='ltr'><strong>animabus</strong></span> <span class='ocrx_word' id='word_1_753' title='bbox 2442 5202 2815 5257; x_wconf 85' lang='lat' dir='ltr'><strong>emittentem.</strong></span> <span class='ocrx_word' id='word_1_754' title='bbox 2848 5200 2973 5255; x_wconf 64' lang='lat' dir='ltr'><strong>lliec</strong></span> <span class='ocrx_word' id='word_1_755' title='bbox 2993 5210 3183 5268; x_wconf 85' lang='lat' dir='ltr'><strong>aperta</strong></span> <span class='ocrx_word' id='word_1_756' title='bbox 3218 5209 3349 5254; x_wconf 88' lang='lat' dir='ltr'><strong>sunt</strong></span> <span class='ocrx_word' id='word_1_757' title='bbox 3388 5200 3465 5252; x_wconf 91' lang='lat' dir='ltr'><strong>rei</strong></span> <span class='ocrx_word' id='word_1_758' title='bbox 3503 5212 3703 5266; x_wconf 80' lang='lat' dir='ltr'><strong>propu-</strong></span> 
     </span>
    </p>
   </div>
   <div class='ocr_carea' id='block_1_100' title="bbox 2126 5289 3708 5362">
    <p class='ocr_par' dir='ltr' id='par_1_100' title="bbox 2126 5289 3708 5362">
     <span class='ocr_line' id='line_1_100' title="bbox 2126 5289 3708 5362; baseline -0.003 -14"><span class='ocrx_word' id='word_1_759' title='bbox 2126 5295 2244 5348; x_wconf 60' lang='lat' dir='ltr'><strong>sita‘</strong></span> <span class='ocrx_word' id='word_1_760' title='bbox 2297 5294 2637 5347; x_wconf 88' lang='lat' dir='ltr'><strong>testimonia.</strong></span> <span class='ocrx_word' id='word_1_761' title='bbox 2690 5294 2951 5362; x_wconf 90' lang='lat' dir='ltr'><strong>Apertius</strong></span> <span class='ocrx_word' id='word_1_762' title='bbox 3009 5303 3193 5348; x_wconf 90' lang='lat' dir='ltr'><strong>tamen</strong></span> <span class='ocrx_word' id='word_1_763' title='bbox 3246 5294 3300 5347; x_wconf 91' lang='lat' dir='ltr'><strong>in</strong></span> <span class='ocrx_word' id='word_1_764' title='bbox 3345 5289 3708 5360; x_wconf 85' lang='lat' dir='ltr'><strong>sequentibus</strong></span> 
     </span>
    </p>
   </div>
   <div class='ocr_carea' id='block_1_101' title="bbox 2126 5385 3703 5456">
    <p class='ocr_par' dir='ltr' id='par_1_101' title="bbox 2126 5385 3703 5456">
     <span class='ocr_line' id='line_1_101' title="bbox 2126 5385 3703 5456; baseline -0.003 -15"><span class='ocrx_word' id='word_1_765' title='bbox 2126 5387 2338 5441; x_wconf 89' lang='lat' dir='ltr'><strong>dirimit</strong></span> <span class='ocrx_word' id='word_1_766' title='bbox 2379 5387 2523 5440; x_wconf 88' lang='lat' dir='ltr'><strong>illam</strong></span> <span class='ocrx_word' id='word_1_767' title='bbox 2570 5388 2912 5456; x_wconf 77' lang='lat' dir='ltr'><strong>Opinionem,</strong></span> <span class='ocrx_word' id='word_1_768' title='bbox 2943 5402 3049 5454; x_wconf 88' lang='lat' dir='ltr'><strong>qua</strong></span> <span class='ocrx_word' id='word_1_769' title='bbox 3078 5385 3300 5454; x_wconf 88' lang='lat' dir='ltr'><strong>quidam</strong></span> <span class='ocrx_word' id='word_1_770' title='bbox 3335 5390 3548 5452; x_wconf 88' lang='lat' dir='ltr'><strong>putant,</strong></span> <span class='ocrx_word' id='word_1_771' title='bbox 3594 5399 3703 5437; x_wconf 90' lang='lat' dir='ltr'><strong>nou</strong></span> 
     </span>
    </p>
   </div>
   <div class='ocr_carea' id='block_1_102' title="bbox 2119 5476 3705 5545">
    <p class='ocr_par' dir='ltr' id='par_1_102' title="bbox 2119 5476 3705 5545">
     <span class='ocr_line' id='line_1_102' title="bbox 2119 5476 3705 5545; baseline -0.001 -14"><span class='ocrx_word' id='word_1_772' title='bbox 2119 5478 2509 5531; x_wconf 71' lang='lat' dir='ltr'><strong>sub~istentem</strong></span> <span class='ocrx_word' id='word_1_773' title='bbox 2574 5478 2736 5531; x_wconf 82' lang='lat' dir='ltr'><strong>nobis</strong></span> <span class='ocrx_word' id='word_1_774' title='bbox 2796 5477 3023 5545; x_wconf 77' lang='lat' dir='ltr'><strong>gratiam</strong></span> <span class='ocrx_word' id='word_1_775' title='bbox 3051 5476 3213 5542; x_wconf 90' lang='lat' dir='ltr'><strong>mitti,</strong></span> <span class='ocrx_word' id='word_1_776' title='bbox 3245 5485 3300 5530; x_wconf 88' lang='lat' dir='ltr'><strong>et</strong></span> <span class='ocrx_word' id='word_1_777' title='bbox 3330 5490 3426 5543; x_wconf 87' lang='lat' dir='ltr'><strong>per</strong></span> <span class='ocrx_word' id='word_1_778' title='bbox 3457 5490 3576 5529; x_wconf 90' lang='lat' dir='ltr'><strong>eam</strong></span> <span class='ocrx_word' id='word_1_779' title='bbox 3604 5490 3705 5529; x_wconf 85' lang='lat' dir='ltr'><strong>nos</strong></span> 
     </span>
    </p>
   </div>
   <div class='ocr_carea' id='block_1_103' title="bbox 2116 5567 3709 5638">
    <p class='ocr_par' dir='ltr' id='par_1_103' title="bbox 2116 5567 3709 5638">
     <span class='ocr_line' id='line_1_103' title="bbox 2116 5567 3709 5638; baseline 0.002 -17"><span class='ocrx_word' id='word_1_780' title='bbox 2116 5569 2465 5622; x_wconf 82' lang='lat' dir='ltr'><strong>sanctiﬁcari.</strong></span> <span class='ocrx_word' id='word_1_781' title='bbox 2504 5570 2591 5622; x_wconf 84' lang='lat' dir='ltr'><strong>Ait</strong></span> <span class='ocrx_word' id='word_1_782' title='bbox 2623 5569 2769 5622; x_wconf 90' lang='lat' dir='ltr'><strong>enim</strong></span> <span class='ocrx_word' id='word_1_783' title='bbox 2808 5586 2820 5621; x_wconf 93' lang='lat'><strong>:</strong></span> <span class='ocrx_word' id='word_1_784' title='bbox 2860 5568 3085 5638; x_wconf 88' lang='lat' dir='ltr'><strong>Templa</strong></span> <span class='ocrx_word' id='word_1_785' title='bbox 3130 5584 3262 5623; x_wconf 85' lang='lat' dir='ltr'><strong>vero</strong></span> <span class='ocrx_word' id='word_1_786' title='bbox 3309 5567 3426 5634; x_wconf 78' lang='lat' dir='ltr'><strong>Dei,</strong></span> <span class='ocrx_word' id='word_1_787' title='bbox 3469 5584 3709 5624; x_wconf 83' lang='lat' dir='ltr'><strong>necnon.</strong></span> 
     </span>
    </p>
   </div>
   <div class='ocr_carea' id='block_1_104' title="bbox 2114 5659 3699 5729">
    <p class='ocr_par' dir='ltr' id='par_1_104' title="bbox 2114 5659 3699 5729">
     <span class='ocr_line' id='line_1_104' title="bbox 2114 5659 3699 5729; baseline 0 -16"><span class='ocrx_word' id='word_1_788' title='bbox 2114 5659 2189 5713; x_wconf 90' lang='lat' dir='ltr'><strong>dii</strong></span> <span class='ocrx_word' id='word_1_789' title='bbox 2224 5669 2277 5713; x_wconf 86' lang='lat' dir='ltr'><strong>et</strong></span> <span class='ocrx_word' id='word_1_790' title='bbox 2311 5675 2573 5713; x_wconf 72' lang='lat' dir='ltr'><strong>vOt-amur</strong></span> <span class='ocrx_word' id='word_1_791' title='bbox 2627 5669 2682 5713; x_wconf 85' lang='lat' dir='ltr'><strong>et</strong></span> <span class='ocrx_word' id='word_1_792' title='bbox 2740 5676 2952 5715; x_wconf 89' lang='lat' dir='ltr'><strong>sumus.</strong></span> <span class='ocrx_word' id='word_1_793' title='bbox 3007 5661 3122 5727; x_wconf 85' lang='lat' dir='ltr'><strong>Qua</strong></span> <span class='ocrx_word' id='word_1_794' title='bbox 3157 5663 3223 5715; x_wconf 88' lang='lat' dir='ltr'><strong>de</strong></span> <span class='ocrx_word' id='word_1_795' title='bbox 3252 5675 3435 5725; x_wconf 76' lang='lat' dir='ltr'><strong>causa,</strong></span> <span class='ocrx_word' id='word_1_796' title='bbox 3481 5676 3699 5729; x_wconf 75' lang='lat' dir='ltr'><strong>qu:rr.-:s</strong></span> 
     </span>
    </p>
   </div>
   <div class='ocr_carea' id='block_1_105' title="bbox 2119 5752 3695 5819">
    <p class='ocr_par' dir='ltr' id='par_1_105' title="bbox 2119 5752 3695 5819">
     <span class='ocr_line' id='line_1_105' title="bbox 2119 5752 3695 5819; baseline 0.004 -18"><span class='ocrx_word' id='word_1_797' title='bbox 2119 5752 2187 5805; x_wconf 82' lang='lat' dir='ltr'><strong>ab</strong></span> <span class='ocrx_word' id='word_1_798' title='bbox 2246 5752 2595 5805; x_wconf 40' lang='lat' dir='ltr'><strong>adierssrﬁs.</strong></span> <span class='ocrx_word' id='word_1_799' title='bbox 2643 5752 2685 5805; x_wconf 84' lang='lat' dir='ltr'><strong>si</strong></span> <span class='ocrx_word' id='word_1_800' title='bbox 2737 5757 2909 5819; x_wconf 69' lang='lat' dir='ltr'><strong>gratii</strong></span> <span class='ocrx_word' id='word_1_801' title='bbox 2969 5752 3367 5819; x_wconf 71' lang='lat' dir='ltr'><strong>participasz</strong></span> <span class='ocrx_word' id='word_1_802' title='bbox 3426 5754 3571 5807; x_wconf 68' lang='lat' dir='ltr'><strong>nuda</strong></span> <span class='ocrx_word' id='word_1_803' title='bbox 3641 5767 3695 5807; x_wconf 75' lang='grc' dir='ltr'><strong>(ι</strong></span> 
     </span>
    </p>
   </div>
   <div class='ocr_carea' id='block_1_106' title="bbox 2120 5844 3686 5903">
    <p class='ocr_par' dir='ltr' id='par_1_106' title="bbox 2120 5844 3686 5903">
     <span class='ocr_line' id='line_1_106' title="bbox 2120 5844 3686 5903; baseline 0.003 -6"><span class='ocrx_word' id='word_1_804' title='bbox 2120 5863 2220 5899; x_wconf 66' lang='lat' dir='ltr'><strong>non</strong></span> <span class='ocrx_word' id='word_1_805' title='bbox 2270 5844 2639 5899; x_wconf 30' lang='grc' dir='ltr'><strong>Εἲνείγδξὲἷίέίίῗείῖ</strong></span> <span class='ocrx_word' id='word_1_806' title='bbox 2712 5846 2771 5898; x_wconf 51' lang='lat' dir='ltr'><strong>At</strong></span> <span class='ocrx_word' id='word_1_807' title='bbox 2828 5863 2932 5899; x_wconf 83' lang='lat' dir='ltr'><strong>il‘il</strong></span> <span class='ocrx_word' id='word_1_808' title='bbox 3004 5847 3073 5899; x_wconf 82' lang='lat' dir='ltr'><strong>ita</strong></span> <span class='ocrx_word' id='word_1_809' title='bbox 3149 5863 3201 5900; x_wconf 68' lang='lat' dir='ltr'><strong>se.</strong></span> <span class='ocrx_word' id='word_1_810' title='bbox 3241 5848 3441 5901; x_wconf 60' lang='lat' dir='ltr'><strong>inritus</strong></span> <span class='ocrx_word' id='word_1_811' title='bbox 3473 5848 3686 5903; x_wconf 58' lang='lat' dir='ltr'><strong>habet:</strong></span> 
     </span>
    </p>
   </div>
  </div>
