4136 6408
344 468 450 530 εει

1300 464 1584 523 ORATIO
1627 462 2071 523 DOGMA'l'lCA
2121 464 2270 523 PRO
2319 463 2636 531 UNIONE.

3524 466 3629 528 602

349 586 423 640 ὃν
455 585 570 654 ἐγὼ
600 581 816 653 πέμψω
854 583 997 651 ὑμῖν
1022 581 1181 650 παρὰ
1209 582 1315 633 τοῦ
1342 582 1590 648 Πατρδνς,
1626 582 1692 633 τὸ
1753 583 1941 634 ΙΙνεῡ-
1972 588 2017 644 Α
2053 582 2368 651 Πνεύματος
2399 582 2629 649 νοοῦμεν
2674 581 2989 643 ὑπόστασιν,
3037 582 3129 634 καὶ
3161 582 3221 634 τὸ
3271 584 3631 653 πεμπόμενον

345 695 432 747 μα
459 678 570 745 τῇς
594 677 903 743 ἀληθείας,
942 676 973 728 ὃ
1005 675 1163 743 παρὰ
1196 675 1303 728 τοῦ
1336 676 1568 741 Πατρός
1617 674 1938 740 ἐκπορεύε-

351 784 468 824 ται.
500 767 674 821 Τοῦτο
702 767 757 820 δὲ
795 769 890 819 καὶ
935 767 1348 835 γραμματικῶν
1408 767 1596 827 παῖδες
1646 764 1819 826 οὕτως
1872 766 1938 817 ἂν

352 861 564 913 εἴποιεν
591 875 606 890 ο
638 857 813 914 Ὅταν
843 858 971 929 ἔλθῃ
1008 860 1036 912 ὁ
1097 858 1476 927 Παράκλητος,
1534 857 1594 919 ὃς
1639 858 1793 927 παρὰ
1843 856 1937 910 τοῦ

354 953 567 1022 Harpe:
593 951 982 1023 ἐκπορεύεται.
1014 952 1076 1004 δν
1099 952 1209 1020 ἐγὼ
1231 950 1434 1020 πέμψω
1463 951 1593 1019 ὑμῖν
1628 966 1641 979 ·
1668 950 1744 1013 ὡς
1797 946 1939 1002 εἶναι

348 1042 509 1112 δῆλον
536 1043 708 1096 ταυτδ
737 1041 897 1095 τοῦτο
923 1042 1161 1112 πέμψειν
1183 1042 1371 1106 αὑτὸν,
1404 1041 1432 1094 ὃ
1497 1040 1648 1111 παρὰ
1688 1039 1785 1093 τοῦ
1830 1040 1940 1092 Πα-

348 1133 474 1201 τρὸς
500 1132 886 1204 ἐκπορεύεται.
922 1132 986 1187 Εἰ
1032 1129 1128 1186 οὖν
1161 1135 1193 1203 ὴ
1231 1132 1533 1195 ὑπόστασις
1556 1132 1649 1184 τοῦ
1682 1132 1936 1200 Πνεύμα-

349 1242 442 1287 τος
476 1227 630 1295 παρὰ
683 1223 780 1278 τοῦ
828 1226 1047 1296 Πατρὶς
1089 1226 1473 1294 ἐκπορεύεται,
1516 1226 1722 1295 ταύτην
1770 1228 1864 1278 καὶ
1908 1227 1937 1277 ὁ

318 1376 323 1377 γ
352 1316 479 1379 Υἱὸς
510 1318 721 1386 πέμπει
748 1333 764 1349 ’
789 1317 839 1369 εἰ
868 1317 924 1369 δὲ
963 1318 1126 1386 χάριν
1180 1320 1207 1371 ὁ
1242 1317 1370 1379 Υἱὸς
1409 1317 1618 1386 πέμπει
1669 1317 1768 1387 τὴν
1810 1318 1939 1369 ἁνυ-

352 1408 645 1469 πόστατον,
667 1410 768 1462 καὶ
802 1409 957 1479 παρὰ
990 1409 1081 1461 τοῦ
1115 1410 1329 1478 [ἰατρὸς
1356 1411 1416 1462 οὐ
1441 1410 1501 1461 τὸ
1528 1408 1778 1478 Πνεῦμα,
1814 1409 1932 1462 ἀλλ’

351 1498 385 1566 ή
413 1500 572 1567 χάρις
617 1498 684 1551 ἂν
716 1498 1094 1568 ὲκπορεύοιτο.
1133 1500 1298 1552 Ἀλλά
1351 1499 1514 1553 τοῦτό
1553 1516 1617 1567 γε
1672 1501 1808 1569 πρὸς
1858 1500 1936 1570 τῷ

349 1590 655 1661 ἀδιανοήτῳ
682 1594 776 1644 καὶ
810 1591 1162 1662 βλάσφημον.
1211 1593 1366 1645 Ἐπεὶ⁵
1385 1593 1495 1660 γὰρ
1536 1592 1659 1646 καθ’
1690 1593 1808 1657 ἑνὸς
1837 1594 1934 1645 καὶ

348 1680 444 1734 τοῦ
476 1681 641 1734 αὑτοῦ
670 1682 1040 1751 ὑποκειμένου
1068 1681 1165 1735 τοῦ
1195 1682 1508 1752 Πνεύματος
1543 1682 1636 1736 δύο
1656 1684 1780 1737 τινὰ
1830 1701 1933 1738 κα-

349 1774 737 1844 τηγοροῦνται,
768 1775 832 1827 τὸ
864 1775 1268 1842 ἑκπορεύεσθαί
1330 1794 1392 1829 τε
1443 1777 1539 1831 καὶ
1593 1776 1931 1847 πέμπεσθαι,

349 1864 499 1917 ὠσὰν
522 1864 608 1933 ἐφ’
643 1865 769 1928 ἐνὸς
804 1866 915 1917 τῶν
943 1866 1438 1937 κατηγορουμένων
1476 1867 1538 1920 τὸ
1572 1866 1932 1935 ὑποκείμενον

2040 674 2139 743 τὴν
2160 675 2331 738 αὐτὴν
2362 676 2504 727 νοεῖν
2560 674 2854 743 ὀφείλομεν
2884 689 2897 702 ·
2941 674 3003 725 τὸ
3054 675 3161 742 γάρ
3217 675 3394 736 ἄλλως
3446 677 3632 743 λέγειν

2040 765 2169 817 ἄνευ
2192 766 2289 835 τῆς
2317 766 2424 818 ἀπὸ
2448 765 2558 818 τῶν
2588 767 2763 834 λόγων
2796 766 3067 835 ἀνάγκης,
3105 769 3200 819 καὶ
3229 766 3291 820 τὸ
3326 767 3426 836 μὲν
3457 770 3629 820 ἐκπο-

2045 857 2300 926 ρεύεσθαι
2333 859 2434 926 τὴν
2468 859 2771 912 ὑπόστασιν
2801 859 3100 928 ἀπονέμειν
3126 857 3220 912 τοῦ
3282 859 3627 926 Πνεῦματος,

2040 948 2137 1018 τὴν
2164 949 2221 1001 δὲ
2248 950 2410 1018 χάριν
2436 950 2514 1018 τῷ
2537 950 2881 1019 πέμπεσθαι,
2916 950 3125 1018 ἀλόγως
3158 950 3627 1020 ἀποκληρούντων

2014 1044 2210 1101 ἐστίν.
2256 1044 2417 1097 Ἀλλὰ
2440 1044 2597 1097 τοῦτό
2616 1062 2679 1112 γε
2711 1046 2812 1098 οὐκ
2839 1045 2903 1098 ἄν
2932 1061 3019 1108 τις
3054 1045 3442 1115 παραδέξαιτο.
3479 1045 3626 1109 lup.-

2039 1149 2203 1185 πεται
2233 1133 2341 1198 ἄρα
2375 1134 2528 1201 παρὰ
2555 1134 2649 1185 τοῦ
2682 1132 2841 1194 Υἰοῦ,
2868 1133 2986 1199 ἣτις
3019 1131 3116 1184 καὶ
3168 1132 3321 1200 παρὰ
3384 1128 3480 1181 τοῦ
3515 1130 3627 1182 lla—

2038 1222 2166 1292 τρδς
2232 1222 2329 1274 τοῦ
2400 1223 2724 1290 ιινεύματος
2777 1222 3072 1282 ὑπόστασις
3128 1218 3506 1286 ἐκπορεύεται,
3550 1218 3627 1279 ὡς

2039 1316 2149 1368 ἀπό
2172 1331 2230 1366 τε
2256 1314 2363 1366 τῶν
2383 1313 2581 1381 λογίων
2607 1314 2847 1382 ἐδείχθη,
2876 1314 2988 1365 ἀπό
3014 1330 3073 1364 τε
3125 1310 3235 1365 τῶν
3260 1310 3624 1363 διδασκάλων.

2040 1407 2205 1460 Ὥστε
2224 1408 2319 1459 καὶ
2341 1406 2404 1459 τὸ
2428 1408 2490 1459 ὲκ
2510 1406 2605 1460 τοῦ
2638 1406 2771 1461 Υἱοῦ
2800 1406 3093 1474 λεγόμενον
3128 1404 3229 1475 τὴν
3258 1402 3353 1455 τοῦ
3378 1400 3627 1469 11νεύμα-

2038 1516 2134 1563 τος
2191 1499 2493 1554 ὑπόστασιν
2548 1501 2690 1553 νοεῖν
2740 1500 2962 1552 δίδωσι·
3027 1497 3132 1550 κᾶν
3182 1495 3476 1567 πηγάξειν,
3522 1494 3627 1548 κᾶν

2037 1591 2380 1662 πέμπεσθαι,
2408 1590 2563 1661 παρὰ
2611 1590 2709 1644 τοῦ
2745 1589 2874 1644 Υἱοῦ
2917 1589 2980 1642 τὸ
3037 1589 3259 1651 Πνεῦμα
3306 1587 3624 1656 ἀκούωμεν,

2035 1683 2133 1753 τὴν
2158 1683 2309 1735 θείαν
2335 1680 2549 1735 ἐκείνου
2608 1684 2751 1734 νοεῖν
2794 1681 3094 1748 ἀναγκαῖον
3144 1679 3467 1731 ὑπόστασιν.
3501 1676 3627 1739 Πῶς

2036 1774 2081 1827 δ’
2103 1774 2169 1827 ἂν
2197 1773 2375 1837 ἄλλως
2400 1774 2433 1844 ἡ
2458 1772 2552 1826 τοῦ
2577 1772 2899 1842 Πνεύματος
2927 1771 3049 1824 θεία
3080 1770 3381 1832 ὑπόστασις
3437 1769 3501 1820 ὲκ
3528 1765 3625 1819 τοῦ

2039 1866 2192 1929 Υἱοῦ,
2234 1867 2267 1938 ἦ
2309 1868 2461 1936 παρὰ
2494 1867 2592 1919 τοῦ
2625 1864 2755 1918 Υἱοῦ
2790 1865 2901 1935 εἴη,
2957 1864 2989 1933 ἢ
3024 1861 3406 1925 ἀναὸλύσειεν,
3442 1861 3476 1932 ἢ
3523 1876 3628 1929 πη·-

347 1955 507 2009 τοῦτο
534 1956 917 2027 λαμϐάνεσθαι
942 1958 1044 2021 δεῖ,
1074 1958 1249 2023 οὕτως
1271 1959 1486 2029 ἀνάγκη
1543 1961 1640 2014 καὶ
1683 1960 1775 2014 ἐπὶ
1834 1958 1929 2011 τοῦ
1964 1950 2006 2005 Β
2037 1961 2249 2027 γάσειε,
2286 1958 2363 2028 μὴ
2392 1956 2609 2028 ἔχοντος
2640 1958 2848 2011 ἐκεῖνον
2892 1956 3077 2010 αἰτίαν
3113 1971 3131 2022 ;
3166 1954 3399 2024 συνορᾷν
3451 1949 3625 2020 ἔγωγ’

347 2050 538 2122 ἐτέρου
560 2050 858 2123 ληφθῆναι.
895 2054 957 2107 Εἰ
979 2052 1172 2107 οὒνιτδ
1198 2053 1640 2124 ἐκπορευόμενον
1685 2052 1785 2121 τὴν
1840 2051 1981 2131 τοξω

345 2209 515 2276 cedit,
553 2225 714 2279 quem
745 2224 847 2280 ego
869 2212 1083 2266 mittam
1136 2211 1338 2267 vobis:
1374 2219 1435 2266 ut
1464 2210 1817 2268 manifestum
1856 2212 1929 2268 sit

350 2301 553 2370 ipsum,
592 2301 646 2356 id
695 2311 799 2369 est,
844 2301 1044 2356 Filium
1096 2304 1413 2369 missurum,
1440 2304 1587 2374 quod
1616 2316 1673 2358 et
1707 2320 1737 2359 a
1769 2305 1927 2360 Patre

348 2394 621 2463 procedit.
673 2392 730 2448 Si
787 2380 955 2463 igitur
1000 2410 1233 2464 persona
1269 2393 1507 2464 Spiritus
1534 2411 1564 2449 a
1596 2396 1755 2450 Patre
1792 2412 1925 2464 pro-

346 2486 515 2550 cedit,
558 2485 750 2540 eadem
803 2484 965 2538 etiam
998 2501 1028 2539 a
1074 2483 1213 2538 Filio
1246 2486 1503 2540 mittitur.
1528 2485 1684 2552 Quod
1725 2485 1771 2539 si
1805 2500 1926 2554 gra-

348 2576 480 2629 tiam
510 2575 681 2629 Filius
708 2590 819 2629 non
846 2575 1236 2630 subsistentem
1275 2576 1464 2641 mittit,
1496 2590 1527 2629 a
1559 2576 1719 2630 Patre
1757 2576 1924 2629 etiattt

345 2683 456 2721 non
513 2682 767 2735 persona,
819 2667 911 2721 sed
970 2668 1146 2737 gratia
1198 2668 1467 2737 procedit.
1531 2666 1638 2722 Sed
1663 2655 1766 2721 hoc
1794 2683 1923 2722 cum

346 2759 598 2826 stultum,
651 2768 764 2812 tum
814 2760 1041 2829 impimn
1082 2770 1168 2815 est
1223 2760 1428 2814 dicere.
1485 2759 1622 2815 Cum
1675 2760 1823 2814 enim
1856 2760 1924 2816 de

348 2867 460 2907 uno
524 2862 581 2908 et
626 2855 818 2907 eodem
867 2852 1139 2922 subjecto,
1200 2852 1463 2907 videlicet
1516 2851 1752 2922 Spiritu,
1814 2852 1926 2907 duo

347 2948 596 3017 qu:edam
647 2945 1041 3015 praedicantur,
1101 2944 1406 3012 procedere
1436 2945 1651 3000 scilicet
1671 2954 1724 2999 et
1753 2946 1917 3013 mitti,

346 3036 540 3104 eodem
601 3034 765 3091 modo
824 3035 1205 3103 accipiendum
1242 3035 1554 3103 subjectum
1587 3036 1655 3091 de
1689 3047 1923 3106 utroque

348 3129 663 3201 praedicato.
717 3128 772 3183 Si
818 3128 985 3198 igitur
1045 3127 1364 3199 bypostasin
1440 3126 1681 3197 Spiritus
1730 3144 1923 3199 proce-

346 3222 477 3276 dere
538 3218 918 3289 intelligimus,
964 3220 1212 3273 eamdem
1238 3217 1407 3272 etiam
1440 3219 1582 3272 mitti
1616 3220 1923 3291 intelligere

346 3312 616 3366 debemus
673 3329 688 3365 :
739 3309 900 3365 aliter
960 3309 1109 3364 enim
1179 3310 1363 3364 dicere
1410 3310 1620 3380 absque
1679 3312 1916 3379 ratione,

348 3404 553 3459 ncilatn
607 3402 989 3472 probationem
1061 3402 1431 3469 adducendo,
1506 3413 1562 3458 et
1620 3403 1921 3472 procedere

2046 2051 2146 2105 οὐκ
2164 2051 2294 2121 ἔχω.

2031 2208 2118 2263 vel
2175 2224 2242 2262 ex
2309 2218 2568 2277 utroque,
2632 2206 3103 2276 quemadmodum
3154 2205 3233 2260 ait
3280 2205 3539 2261 Christus
3604 2222 3620 2261 :

2031 2299 2132 2365 Qui
2154 2316 2218 2353 ex
2250 2299 2407 2354 Putre
2439 2301 2752 2369 procedit,et
2806 2300 2889 2352 hic
2917 2315 2982 2352 ex
3008 2314 3123 2352 meo
3150 2299 3395 2369 accipiet.
3431 2297 3498 2353 Et
3523 2314 3622 2368 pa-

2030 2398 2105 2444 tet
2132 2391 2279 2460 quod
2309 2391 2399 2445 hic
2424 2390 2604 2444 dietor
2638 2404 2747 2444 non
2773 2389 2842 2444 de
2875 2389 3271 2443 distributione
3305 2388 3618 2445 charisma-

2034 2493 2173 2551 tum,
2205 2483 2274 2538 de
2310 2484 2520 2538 divinis
2559 2494 2750 2538 autem
2779 2484 3038 2549 personis
3059 2492 3117 2537 et
3138 2476 3508 2537 subsistentia
3540 2497 3615 2538 eo

2028 2591 2150 2630 rum
2199 2577 2468 2647 loquitur.
2522 2576 2581 2631 In
2637 2577 3016 2631 teStimoniuin
3068 2592 3196 2632 vero
3239 2584 3295 2632 et
3342 2575 3625 2646 probatio-

2028 2686 2179 2733 nem,
2242 2669 2390 2738 quod
2451 2668 2698 2738 Spiritus
2740 2684 2808 2723 ex
2861 2669 3004 2725 Filio
3061 2684 3285 2739 quoque
3344 2670 3618 2740 procedit,

2028 2759 2175 2815 illam
2222 2757 2607 2812 auctoritatem
2666 2756 2894 2812 adducit
2956 2777 2968 2811 :
3035 2758 3117 2812 Ea:
3170 2774 3284 2811 meo
3353 2760 3621 2828 accipiet‘

2027 2852 2254 2914 ducens,
2299 2859 2357 2905 ut
2408 2865 2533 2906 cum
2572 2849 2863 2905 audiamus
2892 2852 2947 2904 in
2978 2852 3288 2921 Evangeliis
3324 2852 3629 2909 Dominum‘

2026 2947 2303 3000 dicentem
2369 2945 2439 2999 de
2490 2944 2724 3015 Spiritu,
2787 2945 2933 3015 quod
2993 2961 3061 2999 ex
3117 2962 3185 3001 eo
3234 2946 3504 3017 accipiet,
3542 2947 3620 3003 ita

2026 3036 2426 3107 intelligamus,
2484 3052 2548 3091 ac
2619 3038 2663 3090 si
2725 3036 2979 3104 diceret,
3042 3053 3110 3093 ex
3188 3052 3256 3093 eo
3311 3039 3623 3109 procedere

2024 3129 2290 3200 Spiritum
2346 3141 2621 3183 sanctum.
2671 3129 2817 3185 ldetn
2874 3131 2934 3185 in
3003 3130 3262 3187 eisdem:
3297 3132 3405 3189 Sed
3471 3133 3624 3189 dicet

2024 3224 2321 3294 quispiam.
2396 3222 2540 3293 Ergo
2593 3223 2730 3275 duos
2809 3221 2983 3277 Filios
3047 3238 3171 3278 esse
3223 3224 3499 3281 dicimus?
3550 3226 3621 3283 Et

2023 3314 2303 3384 quomodo
2343 3323 2428 3368 est
2484 3313 2844 3383 unigenitus?
2893 3315 2963 3368 At
3008 3315 3261 3385 quisnam
3314 3334 3374 3373 es
3402 3326 3478 3386 tu,
3523 3323 3619 3387 qui

2025 3410 2362 3464 contradicis
2411 3410 2564 3465 Deo?
2622 3409 2677 3464 Si
2707 3410 2853 3466 enim
2884 3411 3083 3467 Filium
3118 3414 3388 3482 nominat,
3427 3417 3522 3486 qui
3545 3433 3615 3472 ex

346 3495 593 3565 quidem,
629 3495 904 3566 hypostasi
939 3493 1177 3564 Spiritus
1211 3496 1540 3560 attribuere,
1601 3496 1744 3551 mitti
1770 3511 1919 3564 vero,
1956 3518 2004 3579 ρ
2034 3504 2214 3569 Patre,
2260 3501 2529 3572 Spiritum
2589 3516 2721 3556 vero
2775 3512 3052 3570 sanctum,
3112 3506 3206 3575 qui
3262 3522 3328 3561 ex
3360 3517 3615 3580 utroque,

348 3589 533 3660 gratiae
592 3603 703 3641 non
756 3587 1107 3651 subsistenti,
1144 3587 1248 3641 hoc
1276 3587 1595 3653 ridiculum,
1630 3587 1926 3641 irrationa-

348 3680 475 3743 bile,
524 3688 579 3732 et
609 3676 979 3732 voluntarium
1007 3686 1114 3741 est,
1154 3686 1211 3731 et
1236 3677 1381 3746 quod
1417 3678 1603 3732 nullus
1629 3678 1921 3734 concedet.

347 3770 580 3824 Mittitur
624 3770 795 3838 igitur
849 3784 917 3823 ex
965 3768 1106 3823 Filio
1161 3768 1276 3839 ipsa
1313 3768 1552 3838 Spiritus
1584 3768 1919 3839 ltypostasis,

346 3876 468 3929 qua:
525 3869 581 3915 et
627 3875 656 3913 a
712 3859 872 3914 Patre
900 3859 1164 3930 procedit,
1200 3860 1667 3929 quemadmodum
1690 3862 1759 3915 ab
1787 3863 1926 3932 ipsis

348 3952 628 4022 Evangelii
686 3953 895 4018 verbis,
941 3962 996 4006 et
1050 3967 1079 4005 a
1136 3952 1461 4008 doctoribus
1489 3954 1780 4024 probatum
1812 3963 1921 4008 est.

347 4046 530 4111 Quare
587 4046 631 4099 si
688 4045 852 4107 mitti,
910 4046 957 4099 si
1009 4060 1294 4111 emanare,
1359 4046 1405 4099 si
1439 4045 1690 4115 prodire,
1724 4045 1770 4100 si
1796 4061 1926 4115 pro-

347 4136 539 4200 ﬂuere,
566 4135 611 4189 si
639 4134 927 4200 scaturire,
957 4134 999 4189 si
1030 4134 1164 4189 oriri
1198 4135 1467 4205 Spiritum
1502 4151 1531 4190 a
1567 4135 1705 4191 Filio
1731 4137 1919 4191 audia-

349 4247 487 4295 tuus,
523 4229 765 4282 divinam
822 4230 941 4298 ejus
978 4229 1298 4300 hypostasin
1356 4230 1664 4301 intelligere
1695 4246 1921 4287 necesse

345 4328 430 4375 est
470 4338 482 4373 :
515 4320 754 4373 divinam
807 4332 989 4372 autem
1039 4320 1275 4389 Spiritus
1311 4320 1630 4391 liypostasin
1690 4339 1754 4376 cx
1784 4322 1924 4378 Filio

349 4406 645 4476 proﬂuere,
699 4408 781 4461 vel
838 4422 1118 4473 emanare,
1176 4418 1231 4463 et
1270 4410 1501 4480 reliqua,
1541 4428 1780 4482 quonam
1814 4414 1925 4466 alio

347 4501 510 4553 modo
556 4501 816 4570 possibile
867 4511 970 4567 est,
1028 4502 1131 4555 nisi
1178 4501 1352 4557 Filius
1380 4520 1545 4559 causa
1571 4505 1685 4561 sive
1718 4509 1927 4576 princi-

347 4594 497 4659 pium
539 4592 711 4660 ipsius
746 4593 1116 4648 subsistentia!
1169 4592 1409 4662 Spiritus
1436 4596 1549 4650 sit?
1572 4597 1676 4651 Sed
1707 4614 1768 4652 ea
1804 4616 1926 4668 quae

345 4682 584 4751 Cyrillus
645 4682 713 4736 de
762 4685 1120 4751 processiune
1179 4685 1354 4753 ipsius
1408 4702 1657 4754 persona:
1684 4689 1927 4757 Spiritus

345 4774 520 4826 sancti
567 4788 635 4827 ex
695 4774 854 4829 Patre
912 4784 968 4829 et
1012 4775 1151 4829 Filio
1183 4779 1335 4843 dicit,
1370 4777 1486 4832 ha:c
1515 4788 1571 4833 et
1605 4781 1691 4836 his
1720 4785 1922 4839 similia

2031 3605 2141 3649 etc.
2175 3593 2243 3648 Et
2272 3594 2473 3649 iterum
2507 3612 2521 3648 :
2552 3594 2796 3665 Spiritus
2829 3606 3078 3661 sanctus,
3122 3598 3373 3668 Spiritus
3413 3604 3622 3658 verita-

2033 3688 2101 3742 tis
2139 3695 2243 3753 est,
2283 3688 2507 3742 tertium
2529 3688 2717 3743 lumen
2750 3705 2779 3743 a
2812 3690 2975 3746 Patre
3002 3701 3058 3746 ct
3084 3692 3244 3748 Filio.
3280 3693 3346 3755 Et
3375 3710 3568 3749 rursus
3597 3713 3614 3750 :

2033 3780 2511 3847 Quemadmodum
2568 3782 2718 3837 enim
2810 3781 2982 3837 Nemo
3044 3786 3186 3839 novit
3247 3788 3462 3841 l’atrem
3516 3791 3618 3845 nisi

2035 3870 2226 3938 Filius,
2260 3889 2353 3926 nec
2386 3871 2585 3929 Filium
2622 3875 2725 3927 nisi
2762 3873 2924 3929 Pater
2961 3875 3019 3941 ¹;
3081 3876 3155 3930 ita
3191 3876 3377 3932 dicere
3415 3878 3615 3945 audeo,

2033 3982 2134 4021 nec
2164 3966 2426 4035 Spiritum
2474 3969 2579 4023 nisi
2627 3969 2787 4024 Pater
2844 3980 2903 4024 et
2930 3971 3120 4038 Filius,
3153 3988 3182 4026 a
3205 3989 3315 4043 quo
3339 3976 3611 4044 procedit,

2031 4068 2083 4112 et
2113 4073 2140 4111 a
2167 4074 2275 4127 quo
2296 4059 2517 4128 accipit,
2542 4061 2657 4128 (sed
2694 4060 2940 4127 adverte,
2968 4062 3114 4131 quod
3142 4064 3194 4118 in
3231 4066 3616 4135 superioribus

2032 4146 2283 4216 accipere
2342 4149 2798 4219 prosprocedere
2840 4153 3047 4222 posuit)
3106 4169 3284 4222 neque
3325 4156 3523 4211 Filium
3558 4170 3617 4214 et

2034 4237 2271 4307 Patrem,
2329 4242 2432 4295 nisi
2487 4241 2729 4311 Spiritus
2763 4256 3011 4311 sanctus,
3041 4248 3131 4315 qui
3168 4263 3292 4302 vere
3325 4249 3611 4318 gloriﬁcat,

2033 4331 2123 4399 qui
2171 4332 2357 4386 omnia
2408 4333 2595 4401 docet,
2634 4336 2727 4405 qui
2769 4350 2836 4391 ex
2870 4337 3032 4392 Patre
3067 4348 3121 4391 et
3162 4338 3318 4396 Filio.
3353 4342 3494 4407 Quid
3530 4343 3617 4398 his

2032 4423 2298 4492 apertius,
2357 4425 2489 4495 quid
2547 4428 2754 4482 clarius
2802 4430 2910 4483 dici
2974 4432 3405 4499 potest?Nonne
3435 4435 3614 4504 p‘alam

2034 4513 2125 4569 isti
2182 4514 2438 4572 doctores
2494 4516 2693 4574 Filium
2747 4516 2968 4591 quoque
3002 4539 3224 4577 causam
3260 4526 3377 4581 sive
3402 4528 3615 4598 princi-

2034 4608 2184 4677 pium
2226 4607 2465 4678 Spiritus
2493 4614 2746 4681 pouunt?
2803 4615 2998 4669 Nonne
3034 4616 3237 4671 dot-ent
3269 4633 3334 4672 ex
3370 4634 3439 4674 eo
3477 4636 3615 4689 quo-

2034 4715 2142 4770 que
2170 4701 2345 4770 ipsum
2408 4705 2741 4771 procedere?
2786 4706 2925 4773 Quid
2967 4708 3178 4778 igitur?
3212 4710 3616 4769 Claudetttusne

2035 4806 2199 4846 aures
2264 4805 2483 4849 nostras
2539 4796 2625 4852 his
2680 4800 3129 4867 auctoritatibus,
3186 4812 3243 4856 et
3284 4805 3616 4860 testimoniis

346 4865 789 4965 Sllul.‘CthcrUIn
826 4866 1110 4965 audiamus
1172 4879 1422 4965 sanctum
1455 4870 1832 4965 Epiphanium
1866 4876 1922 4929 in
1960 4880 1999 4934 D
2029 4894 2345 4939 sanctorum
2401 4896 2507 4941 tam
2578 4890 2787 4955 multis,
2822 4900 2930 4945 tam
2964 4865 3194 4962 apertis.
3233 4903 3344 4949 tam
3385 4896 3611 4965 divinis,

345 4971 449 5010 suo
485 4956 751 5009 Ancorato
783 4972 1039 5011 sermone
1079 4957 1151 5010 ita
1177 4958 1448 5013 dicentem
1483 4977 1497 5013 :
1533 4960 1774 5030 Spiritus
1799 4980 1926 5020 san-

346 5060 468 5103 ctus
520 5065 584 5102 ex
642 5048 800 5102 Patre
847 5060 903 5104 et
962 5050 1121 5118 Filio,
1172 5052 1368 5106 tertius
1432 5057 1831 5110 nominatione.
1862 5057 1926 5112 Et

348 5157 545 5196 rursus
577 5161 590 5197 :
629 5140 871 5211 Uterque
923 5143 1134 5199 ltiliitat
1184 5146 1237 5199 in
1292 5146 1446 5213 justo
1483 5147 1729 5211 homine,
1756 5149 1924 5205 Chri-

348 5244 467 5286 stus
521 5244 577 5287 et
651 5234 893 5303 Spiritus
919 5237 1059 5305 ejus.
1094 5237 1248 5301 Quod
1286 5239 1330 5291 si
1372 5238 1628 5295 Christus
1661 5257 1725 5295 ex
1763 5244 1923 5298 Patre

346 5326 591 5379 creditur
647 5326 791 5380 Deus
841 5342 907 5381 ex
961 5329 1093 5396 Deo,
1145 5330 1382 5397 Spiritus
1425 5347 1645 5402 quoque
1692 5350 1758 5388 ex
1783 5334 1922 5405 ipso,

424 5484 439 5515 ’
474 5483 663 5541 Matth.
693 5504 768 5554 χι,
803 5487 897 5542 ‘27.

2035 4985 2143 5030 tam
2207 4980 2469 5033 consonis
2526 4980 2760 5035 invicem
2818 4990 2875 5036 et
2940 4985 3181 5050 veritati,
3236 4996 3292 5039 et
3325 4986 3612 5042 obstinato

2030 5072 2198 5124 corde
2252 5081 2443 5126 contra
2514 5074 2630 5129 haec
2677 5076 3118 5131 contendentus?
3151 5080 3222 5131 At
3259 5077 3363 5133 hoc
3393 5094 3502 5133 non
3526 5095 3612 5134 sa-

2029 5160 2299 5229 pientum,
2357 5162 2481 5218 non
2531 5166 2805 5221 bonorum
2874 5170 3158 5224 hominum
3189 5171 3470 5239 proprium
3500 5180 3606 5236 est,

2027 5260 2298 5307 eteorum
2349 5258 2441 5325 qtti
2475 5256 2885 5327 dispensatores
2936 5258 3189 5318 verbi‘et
3220 5263 3609 5332 mysteriorum

2030 5340 2235 5400 Christi
2258 5355 2311 5401 et
2342 5362 2462 5403 esse
2492 5359 2545 5404 et
2570 5350 2746 5406 videri
2776 5353 2967 5408 velint.
