4136 6404
486 406 596 476 CO'l

1448 406 1962 469 BESSARIOUS
2108 405 2178 465 Il.
2229 408 2294 468 Ε.
2340 406 2813 467 CARDINALIS

3655 402 3764 468 θοι

1944 524 2196 577 ΚΕΦᾹΛ.
2252 526 2332 576 Η’.

493 648 540 714 ρ
563 650 646 705 ,υίί
677 648 834 701 etiam
864 643 1218 701 occidentales
1251 643 1488 698 doctores
1517 644 1658 719 idem
1701 652 1881 719 operte
1908 643 2076 719 dicunt

2179 643 2262 695 md
2321 641 2625 696 ονῑιιηιιιιινε,
2669 651 2827 710 prout
2859 655 2923 694 ex
2958 652 3138 693 enim
3179 635 3585 690 auctoritatibus
3618 638 3762 691 nobis

1466 731 1560 785 per
1591 713 1816 768 Latinos
1845 714 2008 776 datis,
2041 713 2188 766 clare
2219 721 2445 782 apparet
2475 713 2822 765 intuentibus.

569 837 714 904 Ἐγὼ
751 839 850 906 μὲν
881 836 973 890 οῦν
1005 840 1143 904 ὅπερ
1172 827 1303 907 ὗμίν
1340 839 1684 909 ὑπεσχόμην,
1708 839 1794 891 διὰ
1828 838 2076 908 βραχέων
2105 843 2151 901 Α
2180 839 2391 905 Μέγας,
2425 838 2524 891 καὶ
2555 838 2858 908 Γρηγὸριος
2892 839 2918 890 ὁ
2943 838 3228 904 Διάλογος,
3281 837 3378 891 καὶ
3432 838 3550 891 ὅσοι
3583 838 3760 899 ἄλλοι.

485 931 562 995 ὦς
597 927 711 984 οἷόν
753 949 834 984 τε.
869 933 1046 984 πολλὰ
1074 932 1410 1002 παραλιπὼν
1472 927 1634 1002 οἶμαι
1695 931 2068 984 τετελεκὲναι.

490 1023 711 1087 Ἔδειξα
741 1023 852 1094 γὰρ
878 1024 954 1086 ῶς
994 1023 1137 1092 ιὲνῆν
1159 1024 1348 1094 μηδὲν
1420 1026 1922 1095 προσχρησάμενος
1960 1027 2074 1087 τοῖς

496 1114 817 1183 Ῥωμαίοις,
867 1115 964 1168 καὶ
1007 1116 1134 1168 κατ’
1161 1115 1362 1178 αὐτοὺς
1412 1117 1547 1179 τοὺς
1583 1118 1774 1184 ἁγίους
1817 1117 2074 1186 Πατέρας

485 1207 614 1267 τοὺς
646 1206 707 1271 ἐξ
735 1205 930 1276 Ἐῲας,
959 1207 1050 1260 τὸν
1070 1206 1196 1260 Υἱὸν
1230 1209 1768 1279 αἰτίανφρονοῦντας
1793 1209 1886 1264 τοῦ
1907 1209 2077 1264 Πνεῦ-

492 1312 689 1364 ματος,
724 1297 818 1348 καὶ
843 1297 932 1349 διὰ
963 1297 1186 1351 πάντων
1220 1297 1480 1370 ἀλλήλοις
1504 1299 1936 1369 συμϐαίνοντας
1971 1303 2075 1355 οιαὶ

487 1389 616 1450 τοὺς
676 1387 777 1457 μὲν
825 1387 895 1441 δι’
925 1388 1056 1442 Υἱοῦ
1094 1391 1160 1443 ὲκ
1192 1390 1433 1461 Πατρὸς,
1483 1392 1612 1453 τοὺς
1670 1393 1726 1444 δὲ
1755 1394 1830 1447 ἐκ
1863 1395 2076 1464 Harpe;

486 1479 584 1533 καὶ
607 1479 739 1532 Υίοῦ
765 1479 826 1532 τὸ
856 1480 1016 1548 ἆγιον
1040 1482 1446 1551 ἐκπορεύεσθαι
1481 1485 1730 1552 Πνεῦμα,
1758 1487 1963 1549 αὐτούς
2014 1504 2075 1539 τε

486 1570 846 1639 φρονοῦντας,
870 1575 975 1625 οκαὶ
1004 1574 1154 1643 ἡμᾶς
1182 1571 1560 1638 διδάσκοντας.
1599 1573 1901 1646 ’Υμέτερον
1923 1577 1970 1632 δ’
2007 1578 2074 1632 ἂν

484 1663 575 1733 εἴη
623 1664 835 1730 λοιπὸν,
863 1663 1301 1734 ἀσπασαμένους
1332 1667 1402 1720 τὰ
1436 1666 1569 1737 παρ’
1586 1668 1767 1722 αὐτῶν
1802 1670 2075 1739 ένωθῆναι

496 1755 798 1825 Ῥωμαίοις
896 1755 994 1810 καὶ
1052 1759 1120 1827 τῇ
1180 1757 1318 1830 ἁγία
1393 1758 1694 1830 Ἐκκλησία
1763 1759 2073 1830 Ῥωμαίων,

482 1851 658 1904 ταυτά
692 1849 986 1919 φρονοῦσιν
1051 1850 1200 1922 ἅπερ
1238 1853 1336 1904 καὶ
1393 1854 1443 1908 oi
1479 1853 1723 1924 Πατέρες
1772 1855 1932 1924 ἡμῶν
1980 1859 2077 1912 καὶ

482 1942 820 1998 διδάσκαλοι.
859 1945 968 1998 Καὶ
995 1944 1071 2014 μὴ
1095 1945 1361 2018 νομίσητε
1391 1947 1518 2017 μήτ’
1545 1947 1746 2010 αὐτοὺς
1783 1949 1924 2019 μήτε
1949 1950 2076 2013 τοὺς

483 2036 738 2104 Ιιατέρας
762 2034 941 2089 αὐτῶν
966 2038 1060 2090 καὶ
1092 2037 1273 2106 ἡμῶν,
1314 2040 1442 2100 τοὺς
1471 2039 1530 2105 ἐξ
1583 2037 1858 2111 Ἐσπέρας
1883 2043 2078 2110 ἁγίους

486 2129 710 2182 ἐναντία
751 2131 864 2193 τοῖς
901 2131 960 2196 ἐξ
989 2129 1294 2202 Ἀνατολῆς
1342 2133 1753 2202 ἀποφήνασθαι.
1803 2137 1918 2187 Οὐκ
1958 2135 2074 2188 ἐστι

2174 929 2477 1000 διαρρήδην
2507 946 2566 981 τε
2599 932 2692 985 καὶ
2722 930 2914 998 σαφῶς
2955 931 3048 983 καὶ
3103 928 3384 999 πανταχοῦ
3429 929 3542 982 τῶν
3581 930 3757 999 λόγων

2174 1022 2285 1074 τῶν
2310 1022 2546 1088 ἑαυτῶν,
2575 1023 2675 1093 οὐχ
2697 1023 2776 1075 ἐνί
2809 1041 2918 1076 τινι
2945 1025 3036 1076 καὶ
3081 1022 3204 1076 δυσὶ
3231 1020 3451 1087 κώλοις,
3485 1022 3621 1078 ἀλλὰ
3667 1025 3759 1077 διὰ

2177 1114 2443 1168 πλειόνων
2489 1116 2855 1171 κατασκευῶν
2884 1135 2946 1170 τε
2988 1119 3087 1170 καὶ
3142 1117 3343 1188 λόγων,
3393 1122 3458 1173 ὲκ
3489 1119 3580 1171 τοῦ
3643 1123 3758 1174 Πα-

2174 1208 2305 1277 τρὸς
2357 1208 2454 1262 καὶ
2523 1209 2589 1263 ὲκ
2630 1209 2727 1264 τοῦ
2781 1209 2913 1264 Υίοῦ
2961 1211 3370 1282 ἐκπορεύεσθαι
3421 1212 3644 1281 λέγουσι
3699 1213 3762 1266 τὸ

2177 1300 2446 1369 πανάγιον
2481 1301 2730 1373 Πνεῦμα,
2765 1305 2857 1358 καὶ
2879 1306 2940 1358 ὲκ
2970 1305 3066 1358 τοῦ
3102 1304 3231 1358 Υίοῦ
3291 1305 3370 1369 ὡς
3417 1307 3511 1359 καὶ
3558 1307 3622 1360 ἐκ
3661 1307 3757 1358 τοῦ

2177 1398 2412 1465 Πατρδς,
2441 1400 2534 1450 καὶ
2590 1399 2772 1452 αίτίαν
2802 1399 2898 1453 τοῦ
2926 1401 3252 1471 ιΙνεύματος
3285 1402 3378 1455 τὸν
3421 1402 3557 1456 Υίὸν
3612 1401 3756 1456 εἶναι

2175 1488 2252 1550 ὼς
2280 1490 2372 1542 τὸν
2402 1490 2646 1560 Πατέρα,
2670 1493 2765 1544 καὶ
2806 1494 2984 1563 ἀρχὴν
3041 1493 3207 1547 αὑτοῦ
3263 1495 3355 1548 τὸν
3407 1494 3594 1560 αὑτὸν,
3663 1497 3761 1548 καὶ

2181 1581 2314 1649 μίαν
2347 1582 2443 1634 καὶ
2464 1583 2560 1652 τὴν
2581 1583 2756 1654 αὐτὴν
2809 1585 3008 1656 ἀρχὴν,
3065 1587 3160 1640 καὶ
3207 1589 3390 1641 αἰτίαν
3445 1587 3615 1640 αὑτοῦ
3665 1586 3759 1639 τὸν

2178 1676 2396 1746 Πατέρα
2421 1678 2634 1731 καὶτὸν
2663 1678 2791 1732 Υῑὸν
2821 1678 2960 1748 ἅμα,
2995 1677 3116 1732 ἀλλ’
3149 1679 3210 1732 οὐ
3245 1680 3340 1732 δύο
3373 1682 3548 1751 ἀρχὰς
3597 1681 3628 1750 ἦ
3664 1681 3760 1733 δύο

2175 1771 2350 1823 αἴτια.
2406 1754 2478 1824 Ἀ
2509 1772 2688 1824 πάντα
2744 1771 3174 1843 λογισαμένους,
3229 1773 3327 1826 καὶ
3399 1773 3758 1843 παραθέντ-.ς

2178 1865 2292 1926 τοῖς
2317 1861 2374 1930 ἐξ
2423 1862 2720 1934 ’Λνατολῆς
2759 1864 3138 1932 διδασκάλοις,
3171 1865 3388 1936 ἀνάγκη
3443 1865 3767 1938 συμῦαίνειν

2179 1955 2436 2026 ἀλλήλοις
2471 1957 2668 2021 αὐτοὺς
2694 1957 2930 2024 οἴεσθαι,
2969 1959 3066 2012 καὶ
3097 1960 3272 2013 ταυτὰ
3299 1960 3557 2028 περὶτῶν
3581 1960 3766 2014 αὐτῶν

2182 2051 2540 2118 συμφρονεῖν.
2571 2050 2638 2104 Oi
2679 2067 2738 2102 τε
2780 2051 2890 2119 γὰρ
2927 2051 3204 2121 πρότερον
3261 2053 3549 2122 είρημένοι
3614 2053 3766 2120 λόγοι

2180 2144 2307 2208 περὶ
2331 2141 2432 2208 τῆς
2469 2143 2795 2210 συμφωνίας
2824 2143 2936 2196 τῶν
2992 2144 3338 2197 διδασκάλων
3366 2149 3585 2215 φρονεῖν
3613 2147 3764 2216 ἡμᾶς

483 2223 666 2287 τοῦτο,
696 2223 798 2277 οὐκ
827 2223 966 2277 ἐστι’
1009 2227 1229 2288 πάντως
1249 2196 1380 2296 νγάρ
1414 2225 1619 2295 μᾶλλόν
1637 2226 1744 2279 eis:
1784 2225 2071 2296 σύμφωνοί
2106 2196 2150 2256 Β
2180 2196 2615 2302 ἀνάγκάζουσίν,
2642 2237 2898 2306 ἀλλήλοις
2933 2239 3012 2299 εἰς
3042 2239 3244 2292 ταυτὸν
3276 2196 3473 2301 αὐτοῦς
3503 2196 3764 2310 ἔρχεέθαι

481 2329 544 2365 τε
572 2316 666 2367 καὶ
690 2314 966 2383 ὁμόλογοι.
999 2316 1114 2370 Καὶ
1144 2317 1475 2387 παρεθέμην
1516 2317 1583 2371 ἂν
1625 2318 1759 2389 ὑμῖν
1816 2320 1913 2372 καὶ
1967 2319 2069 2382 τὰς

483 2407 707 2477 χρήτεις
745 2407 922 2462 αὐτῶν
947 2407 1112 2463 ἓνεκα
1145 2409 1372 2473 πειθοῦς
1401 2411 1678 2477 πλείονος,
1707 2413 1803 2465 καὶ
1841 2411 1936 2466 τοῦ
1969 2413 2067 2482 τὴν

483 2501 620 2572 πρὸς
647 2501 912 2572 ἀλλήλους
940 2505 1269 2573 συμφωνίαν
1302 2503 1674 2559 ’Δνατολικῶν
1711 2523 1771 2558 τε
1796 2507 2076 2577 δειχθῆναι

483 2595 579 2644 καὶ
617 2595 884 2660 Δντικῶν,
919 2596 968 2648 εί
999 2596 1078 2666 μὴ
1118 2595 1326 2659 πάντας
1377 2599 1524 2666 ὑμᾶς
1559 2598 1881 2669 ἠπιστάμην
1935 2599 2074 2653 εἰδό-

483 2703 587 2748 τας
629 2702 690 2738 τε
744 2688 841 2740 καὶ
898 2687 1214 2757 ἀκηκοότας
1277 2691 1749 2759 προκομισάντων
1801 2690 2070 2745 Λατίνων·

485 2774 584 2826 καὶ
626 2775 742 2844 ἅμα
767 2775 1095 2840 ὲκταθέντος
1125 2778 1206 2840 είς
1264 2781 1441 2849 μῆκος
1496 2779 1591 2832 τοῦ
1627 2781 1794 2850 λόγου
1838 2782 1899 2834 οὐ
1962 2781 2072 2854 χρὴ

483 2872 659 2925 πλείω
692 2873 1036 2942 προσθεῖναιθ
1069 2875 1245 2938 ἄλλως
1275 2891 1336 2928 τε
1361 2877 1454 2929 καὶ
1494 2876 1713 2942 ἐξέσται
1756 2875 2069 2930 ἀναλαϐοῦο

487 2979 577 3016 σιν
607 2964 671 3016 ὲκ
697 2963 805 3017 τῶν
831 2964 1100 3020 δοθέντων
1152 2965 1310 3036 παρά
1353 2967 1602 3021 Λατίνων
1629 2970 1790 3038 ἡμῖν,
1823 2969 2070 3038 ἀναγνῶ-

485 3075 598 3111 ναι.
642 3056 818 3109 Τοῦτο
856 3057 914 3110 δὲ
963 3058 1125 3126 μόνον
1183 3058 1504 3128 ὑπομνῆσαι
1553 3060 1698 3130 ὑμᾶς
1746 3062 2072 3128 ἀναγκαῖον,
2115 3063 2119 3067 ’

487 3149 570 3200 ὅτι
598 3150 802 3212 πάντες
832 3151 882 3202 oi
907 3150 967 3214 ἐξ
999 3151 1282 3221 Ἐσπέρας
1311 3154 1490 3223 κοινῇ,
1529 3152 1780 3224 Ἰλάριος,
1824 3153 2074 3224 Ἱερώνυ-

493 3258 614 3310 μος,
649 3243 925 3311 Δάμασος,
989 3245 1388 3314 Λύγουστῖνος,
1433 3245 1784 3318 Ἀμσρόσιος,
1843 3249 2000 3302 Λέων
2046 3250 2076 3301 ὁ

2180 2327 2467 2396 φρόνημα,
2501 2329 2597 2380 καὶ
2627 2327 2812 2397 λέγειν
2843 2330 3042 2384 ταυτά·
3073 2330 3228 2383 αὐτοί
3273 2349 3334 2385 τε
3391 2333 3489 2386 καὶ
3521 2331 3644 2386 κατ’
3667 2333 3766 2386 αῦ-

2177 2420 2303 2482 τοὺς
2343 2420 2392 2472 el
2421 2421 2484 2472 ὲκ
2515 2419 2614 2488 τῆς
2665 2419 2842 2490 Ἐᾡας
2873 2422 3034 2476 τοῦτο
3058 2423 3118 2476 τὸ
3149 2425 3405 2496 φρόνημα
3437 2427 3761 2498 ἐδείχθησαν
3810 2459 3812 2464 ι

2179 2510 2421 2581 ἔχοντες,
2449 2512 2475 2565 ὃ
2527 2513 2622 2566 καὶ
2655 2514 2704 2565 οί
2735 2515 2977 2580 Δυτικοὶ,
3008 2514 3085 2580 ὡς
3116 2519 3368 2588 φανερῶς
3418 2521 3548 2588 ἡμῖν
3570 2521 3762 2591 φαίνε-

2176 2605 2302 2657 σθαι
2343 2603 2799 2674 συμφωνοῦντας.
2832 2607 3029 2660 Καίτοι
3079 2610 3176 2664 καὶ
3205 2612 3253 2662 εἰ
3303 2611 3574 2682 μηδαμῶς
3628 2615 3764 2670 ὕπο-

2173 2699 2316 2749 νοεῖν
2349 2698 2551 2760 αὐτοὺς
2615 2697 2824 2768 ἔχομεν
2872 2699 2974 2771 τὴν
3034 2702 3220 2756 αἰτίαν
3285 2704 3380 2756 τοῦ
3439 2707 3764 2775 Πνεύματο;

2172 2788 2526 2852 ἀποδιδόντας
2556 2791 2636 2862 τῷ
2669 2791 2805 2862 Υίῷ,
2838 2794 2990 2864 μόνῳ
3037 2794 3115 2866 τῷ
3142 2796 3219 2868 μὴ
3247 2797 3527 2866 ἀρνεῖσθαι
3551 2801 3762 2869 μηδένα

2179 2879 2431 2949 μηδαμοῦ
2459 2885 2568 2935 τῶν
2605 2885 2804 2939 ἑαυτοῦ
2864 2887 3065 2957 λόγων,
3131 2883 3276 2943 εἶναι
3328 2892 3420 2944 τδν
3475 2891 3604 2946 Υίὸν
3659 2893 3758 2947 τοῦ

2179 2971 2496 3042 ιινεύματος
2528 2974 2726 3041 αἴτιον,
2748 2978 3069 3050 ἠδυνάμεθα
3097 2980 3286 3050 λέγειν
3317 2983 3395 3054 μὴ
3425 2987 3764 3042 ἀντικεῖσθαι

2186 3061 2506 3134 Ῥωμαίοις,
2558 3067 2700 3120 οὕτω
2731 3075 3050 3142 περιφανῶς
3102 3076 3165 3128 ὲκ
3213 3078 3307 3130 τοῦ
3354 3078 3482 3131 Υίοῦ
3539 3081 3762 3148 λέγουσι

2178 3157 2242 3209 τὸ
2273 3157 2506 3226 Πνεῦμα
2533 3159 2594 3211 τὸ
2629 3159 2808 3227 ἅγιον,
2845 3161 2941 3215 νῦν
2973 3164 3028 3216 δὲ
3061 3169 3430 3235 άρνιυμένους
3468 3171 3568 3232 μὲν
3594 3174 3760 3225 οὐδα-

2184 3249 2323 3320 μῶς,
2359 3251 2570 3320 μᾶλλον
2597 3254 2654 3306 δὲ
2676 3256 2771 3308 καὶ
2806 3257 2995 3326 σαφῶς
3025 3259 3114 3313 διά
3146 3261 3241 3314 τοῦ
3274 3261 3398 3318 Υίοῦ
3443 3265 3540 3319 καὶ
3569 3269 3635 3322 ὲκ
3665 3268 3763 3323 ’τοῦ

1907 3404 2140 3464 CAPUT
2182 3406 2324 3464 VIII.

556 3519 672 3592 Ego
698 3519 921 3590 quidem
961 3518 1176 3590 paucis,
1227 3522 1408 3590 quoad
1474 3521 1652 3593 potui,
1687 3521 1876 3578 multis
1903 3523 2074 3578 omis-
2100 3526 2144 3585 (Ξ
2180 3521 2314 3592 Leo,
2351 3523 2673 3598 Gregorius,
2700 3540 2754 3585 el
2777 3533 2963 3588 caeteri
2996 3535 3173 3604 multi,
3207 3552 3370 3606 quam
3403 3541 3570 3611 clare,
3594 3561 3761 3616 quam

482 3615 584 3679 sis.
621 3613 768 3684 quod
801 3612 1091 3683 pollicitus
1121 3628 1268 3679 sum,
1300 3613 1606 3685 perfecisse
1639 3623 1794 3684 puto.
1831 3615 2072 3670 Probavi

484 3721 725 3776 namque
749 3704 1111 3769 sutiicientcr,
1138 3705 1289 3759 nullo
1315 3707 1605 3761 doctorum
1631 3705 2074 3761 Occidentalium

487 3815 645 3862 usus.
663 3800 813 3868 ipsos
835 3797 1042 3853 scilicet
1060 3798 1491 3854 Patresnostros
1514 3810 1566 3854 et
1599 3799 1857 3855 doctores
1879 3797 2078 3853 Orien-

487 3893 628 3946 tales
657 3889 859 3945 Filium
891 3904 1112 3960 quoque
1153 3903 1378 3944 causam
1423 3890 1541 3944 sive
1580 3891 1915 3960 principium
1951 3905 2076 3946 esse

487 3983 735 4053 Spiritus
779 3983 1044 4046 sensisse,
1093 3989 1151 4036 et
1186 3996 1286 4051 per
1335 3982 1522 4036 omnia
1578 3982 1816 4036 invicem
1871 3997 2075 4037 conve—

488 4079 708 4132 nientes
736 4083 793 4128 et
824 4073 1154 4139 concordes,
1211 4083 1260 4127 et
1297 4074 1496 4142 partim
1545 4089 1611 4128 ex
1654 4075 1813 4129 Patre
1865 4089 1961 4144 per
1986 4073 2078 4128 Fi-

485 4170 644 4235 lium,
680 4167 878 4237 partim
911 4182 980 4222 ex
1012 4166 1175 4220 Patre
1197 4175 1255 4220 et
1284 4164 1424 4220 Filio
1459 4165 1762 4234 procedere
1801 4166 2074 4236 Spiritum

485 4273 765 4328 sanctum,
800 4272 856 4316 et
885 4275 1080 4329 sapere
1104 4269 1162 4312 et
1199 4259 1425 4314 docere.
1461 4257 1724 4314 Vestrum
1760 4269 2070 4323 autemest,

489 4365 552 4408 ut
579 4355 663 4408 eis
695 4353 1051 4417 doctoribus,
1082 4362 1140 4405 et
1169 4352 1397 4420 quidem
1433 4351 1626 4416 rectis,
1659 4351 1876 4406 Latinis
1910 4361 1966 4407 et
1989 4366 2077 4407 sa-

487 4454 791 4500 crosanctae
824 4445 1084 4498 Romanae
1123 4442 1388 4498 Ecclesia:
1417 4443 1704 4509 uniamini,
1729 4459 1856 4497 cttm
1883 4447 2076 4500 eadem

489 4554 614 4607 qua:
641 4547 698 4591 et
743 4538 935 4592 Patres
965 4545 1022 4591 et
1050 4536 1307 4591 doctores
1341 4536 1519 4590 nostri
1571 4535 1935 4591 crediderint.
1967 4538 2077 4592 Ne-

489 4645 597 4697 que
627 4629 834 4696 putetis
856 4637 952 4681 aut
975 4627 1156 4696 ipsos,
1180 4639 1277 4682 aut
1309 4637 1496 4698 patres
1522 4643 1717 4681 eorum
1754 4640 1809 4682 et
1834 4639 2076 4695 nostros,

491 4719 877 4774 Occidentales
904 4719 1164 4772 videlicet
1195 4731 1443 4783 sanctos.
1477 4721 1756 4774 contraria
1776 4721 2077 4776 Orientali-

497 4814 603 4864 bus
641 4806 899 4862 [‘atribus
948 4807 1179 4862 dixisse.
1211 4808 1464 4875 Minime,
1503 4811 1729 4866 minime
1759 4811 1832 4865 ita
1865 4823 1968 4868 est.
2011 4813 2080 4868 Et

492 4900 878 4970 apposuissem
913 4899 1074 4955 vobis
1106 4903 1468 4957 auctoritates
1498 4914 1554 4957 et
1581 4904 1894 4959 testimonia
1916 4906 2076 4960 etiam

499 4998 725 5049 illorum
765 4992 832 5046 ad
890 4993 1335 5061 persuadendum
1377 4994 1557 5059 vobis,
1609 5008 1662 5049 et
1713 5012 1905 5052 eorum
1957 5016 2082 5054 cum

501 5085 883 5144 Orientalibus
912 5085 1265 5139 concordiam
1299 5089 1662 5155 probandam,
1704 5092 1808 5146 nisi
1843 5108 1941 5146 vos
1967 5111 2083 5146 om-

498 5193 598 5232 nes
646 5175 849 5229 scirem
893 5185 951 5228 et
992 5174 1240 5242 scivisse,
1276 5187 1332 5231 ct
1363 5167 1639 5234 audivisse
1665 5196 1778 5247 eas,
1813 5197 1940 5236 cum
1978 5183 2084 5237 La-

496 5273 595 5325 tini
631 5269 1019 5340 produxerim.
1059 5267 1140 5322 Ad
1172 5269 1290 5323 haec
1341 5284 1466 5324 cum
1498 5273 1677 5327 oratio
1723 5286 1917 5329 nostra
1951 5294 2080 5346 pro-

399 5387 408 5391 -
499 5364 661 5418 lixior
693 5362 878 5427 fuerit,
924 5351 1200 5417 non'sunt
1243 5362 1348 5415 alia
1393 5363 1666 5419 addenda.
1713 5367 1980 5423 l’rtetcrea
2012 5370 2079 5424 li-

497 5457 647 5512 mabit
681 5456 906 5526 cuique,
940 5470 1064 5508 cum
1100 5454 1357 5514 voluerit.
1389 5469 1482 5509 eas
1511 5457 1773 5512 etvidere
1799 5469 1853 5510 et
1875 5461 2079 5529 legere,

499 5565 626 5603 cum
657 5550 770 5601 sint
809 5548 954 5617 apud
986 5562 1088 5601 nos
1114 5563 1141 5600 a
1182 5545 1399 5603 Latinis
1433 5549 1594 5602 data}.
1626 5548 1744 5605 Hoc
1771 5563 1954 5605 autem
1989 5570 2079 5608 so.

500 5646 616 5696 I'llll
667 5641 733 5693 ad
771 5655 1009 5694 vestram
1063 5643 1441 5696 reducendum
1496 5647 1820 5699 memoriam
1872 5650 2079 5716 putavi,

501 5733 650 5803 quod
689 5748 884 5787 omnes
921 5733 1114 5790 Patres
1148 5735 1556 5803 Oecidentales,
1591 5736 1858 5806 Hilarius,
1894 5739 2084 5797 Hiero-

507 5838 726 5895 nymus,
766 5826 1051 5894 Damasus,
1084 5829 1442 5898 Augustinus,
1477 5829 1818 5900 Atttbrosius,
1853 5850 2082 5904 magnus

2176 3626 2370 3686 aperte
2402 3634 2510 3674 una
2545 3631 2752 3690 mente,
2793 3640 2897 3680 una
2942 3642 3077 3682 voce
3114 3630 3320 3701 ubique
3368 3648 3599 3703 Operum
3635 3656 3766 3694 suo.

2178 3724 2322 3776 rum,
2388 3727 2497 3766 non
2532 3730 2642 3769 uno
2679 3727 2772 3770 aut
2823 3719 3042 3776 duobus
3089 3724 3358 3781 membris
3392 3737 3450 3784 et
3487 3733 3762 3802 ιιι-ιίοιιιὶει,

2179 3805 2274 3858 sed
2309 3805 2562 3874 pluribus
2599 3810 2783 3866 verbis
2816 3813 3044 3882 prolixis
3081 3821 3432 3877 sermonibus
3465 3833 3522 3878 et
3561 3829 3733 3896 proba

2179 3897 2430 3953 tionibus
2461 3915 2527 3954 ex
2556 3899 2717 3957 Patre
2745 3915 2802 3959 et
2828 3906 2969 3961 Filio
3001 3911 3304 3976 procedere
3344 3915 3610 3986 Spiritum
3635 3936 3766 3977 san-

2179 3999 2330 4045 etum
2362 3990 2657 4062 aﬂirmant,
2695 4006 2752 4052 et
2805 3997 2880 4052 ita
2912 4015 2976 4054 ex
3012 4001 3149 4058 Filio
3190 4005 3331 4060 sic-ut
3379 4023 3444 4063 ex
3491 4010 3674 4080 Putre,
3704 4031 3765 4073 et

2178 4082 2516 4152 principium
2555 4085 2798 4156 Spiritus
2847 4090 3046 4147 Filium
3083 4112 3202 4152 csse
3247 4103 3391 4155 sicut
3429 4103 3544 4173 ipse
3583 4109 3766 4179 Pater,

2179 4184 2235 4228 et
2261 4192 2434 4232 unum
2465 4189 2520 4233 et
2577 4181 2720 4238 idem
2757 4186 2877 4253 ejus
2907 4187 3240 4258 principium
3285 4209 3411 4252 esse
3447 4199 3662 4258 Patrem
3705 4216 3766 4259 et

2181 4269 2382 4324 Filium
2413 4271 2600 4338 simul,
2635 4289 2744 4329 non
2773 4276 2886 4331 duo
2917 4279 3356 4350 principia.Qam
3383 4291 3766 4351 omniameme

2179 4361 2487 4428 volventes,
2525 4373 2581 4417 et
2621 4366 2986 4423 Orientalium
3026 4371 3314 4428 doctorum
3351 4378 3517 4434 dictis
3544 4398 3766 4454 compa-

2181 4465 2390 4518 rantes,
2428 4455 2523 4522 qui
2553 4471 2620 4508 ex
2653 4455 2810 4512 Patre
2846 4475 2940 4526 per
2974 4461 3194 4531 Filium,
3231 4477 3284 4520 et
3315 4483 3380 4522 ex
3415 4470 3578 4528 Patre
3604 4490 3654 4529 ct
3681 4477 3766 4532 Fi-

2180 4545 2254 4599 lio
2285 4548 2587 4615 procedere
2637 4550 2827 4605 dicunt
2866 4553 3134 4621 Spiritum
3191 4574 3465 4628 sanetum,
3521 4567 3648 4621 item
3693 4588 3761 4624 ex

2181 4637 2323 4692 Filio
2345 4649 2400 4691 et
2433 4655 2497 4693 ex
2529 4651 2765 4710 utroque
2796 4659 2939 4710 esse,
2973 4651 3294 4705 necessario
3327 4669 3431 4707 eos
3459 4664 3764 4716 cont-ordes

2181 4731 2420 4785 invicem
2461 4734 2823 4802 reperiemus,
2857 4746 2912 4790 et
2939 4739 3132 4793 eadem
3161 4741 3229 4797 de
3272 4746 3470 4802 eodetn
3521 4753 3762 4806 sentien-

2183 4827 2268 4875 tes
2290 4820 2342 4873 in
2379 4822 2664 4877 omnibus.
2693 4823 2758 4877 Et
2786 4827 3108 4894 superiores
3145 4834 3294 4887 enim
3325 4838 3591 4902 rationes.
3624 4860 3762 4913 quas

2183 4913 2250 4968 de
2287 4915 2580 4969 concordia
2619 4927 2675 4970 et
2722 4919 2943 4987 quidem
3002 4926 3310 4980 necessaria
3345 4929 3631 4988 doctorum
3662 4939 3758 4988 ad-

2182 5005 2462 5073 duximus,
2497 5021 2699 5078 cogtmt
2731 5026 2830 5064 nos
2865 5014 3092 5069 credere
3114 5033 3213 5072 eos
3241 5027 3659 5082 consentientes
3679 5029 3760 5082 itt-

2181 5099 2382 5163 vicem,
2415 5109 2470 5153 et
2503 5102 2697 5154 eadem
2733 5103 2800 5156 de
2827 5104 2928 5157 hac
2967 5105 3157 5161 divina
3202 5117 3558 5179 processionc
3590 5119 3766 5189 Spiri-

2182 5199 2272 5244 tus
2322 5193 2500 5245 sancti
2559 5195 2903 5258 seutientes.
2956 5203 3420 5266 quemadmodum
3474 5211 3639 5267 etiam
3687 5213 3760 5269 de

2185 5284 2309 5337 aliis
2342 5285 2695 5354 dogmatibus
2724 5288 2872 5344 ﬁdei.
2910 5291 2977 5345 Et
3009 5308 3157 5349 nunc
3192 5297 3294 5365 ipsi
3323 5298 3632 5358 Orientales
3661 5321 3762 5374 per.

2191 5376 2404 5444 seipsos
2439 5379 2629 5433 eadem
2661 5395 2787 5434 cum
2818 5381 3259 5444 Occidentalibus
3281 5390 3769 5466 dicere.satispro-

2189 5469 2303 5522 bati
2347 5481 2496 5536 sunt,
2531 5484 2588 5526 ut
2620 5480 2782 5528 nemo
2816 5492 3020 5548 negare
3074 5482 3246 5548 possit
3289 5487 3528 5554 amplius
3571 5507 3768 5547 eorum

2184 5580 2456 5618 summam
2485 5569 2864 5623 concordiam.
2917 5574 3082 5642 Atqui
3119 5575 3224 5630 etsi
3270 5579 3421 5632 nullo
3464 5583 3627 5636 modo
3666 5582 3769 5637 Pa-

2188 5666 2298 5711 tres
2322 5656 2636 5716 Oricntatcs
2687 5663 3056 5720 attribuerent
3100 5669 3240 5723 Filio
3269 5689 3391 5728 esse
3434 5676 3769 5748 principium

2188 5746 2449 5816 Spiritus,
2482 5766 2606 5804 cum
2641 5762 2824 5809 tantcn
2863 5759 3055 5812 nullibi
3092 5761 3299 5831 aliquid
3326 5775 3488 5834 neget
3516 5746 3773 5837 exp—resne

2187 5842 2598 5907 processioncm
2649 5845 2891 5916 Spiritus
2931 5867 2994 5904 ex
3040 5851 3200 5921 Fi'io,
3259 5873 3417 5910 ttt‘llm
3460 5873 3624 5922 esset.
3674 5862 3769 5930 qui
