4136 6422
392 408 506 469 (οδ

1360 406 1644 467 ORATIO
1688 408 2123 468 DOGMATICA
2168 410 2313 469 PRO
2354 409 2672 470 UNIONE.

3540 416 3647 479 606

402 525 533 576 Υἱοῦ
573 520 975 592 ἐκπορεύεσθαι
1004 520 1065 572 τὸ
1092 519 1314 591 Πνεῦμα
1348 523 1408 574 τὺ
1444 523 1601 589 ἅγιον
1635 524 1968 590 φάσκοντας,
2000 537 2043 589 Α
2078 525 2257 593 μένων
2279 526 2373 577 καὶ
2401 524 2708 592 ἑπομένων,
2746 524 2821 586 ὡς
2861 525 3030 593 μηδὲν
3093 519 3230 578 εἶναι
3290 528 3411 580 κατ’
3466 529 3647 582 αὐτῶν

398 618 591 671 οὐκᾶν
623 617 873 682 εἴποιμεν
924 614 1219 683 Ῥωμαίοις
1277 615 1607 683 συμϐαίνειν
1658 617 1827 669 ταυτο
1888 617 1969 669 λέ-

400 725 559 777 γουσι
582 709 773 774 toﬁ-ro;
816 707 956 759 Ἀλλ’
988 706 1088 759 οὐκ
1121 704 1218 759 οἷδ’
1246 708 1299 759 εῖ
1354 724 1439 770 τις
1483 708 1644 777 ,ἡμᾶς
1689 709 1969 761 ἐπαινέσε-

400 818 511 853 ται.
544 802 633 852 Δεῖ
654 799 712 866 δὲ
742 800 831 850 καὶ
860 796 1018 850 τοῦτο
1055 798 1255 851 εἰδέναι
1313 799 1478 868 ὑμᾶς,
1533 798 1608 859 ὡς
1649 798 1681 867 ἢ
1714 798 1968 867 οὐδαμῶς

397 889 479 941 δεῖ
508 888 921 957 συγγράμματα
962 886 1342 957 *εὑρισκόμενα
1396 888 1804 957 παραδέχεσθαι
1860 888 1971 941 τῶν

398 979 573 1046 ἁγίων
603 995 716 1030 των
744 978 1021 1039 Διιτικῶν,
1064 978 1096 1047 ἢ
1144 979 1193 1030 εί
1250 976 1427 1030 ταῦτα
1488 977 1967 1047 παραδεξαίμεθα,

397 1072 470 1123 τὰ
539 1071 843 1138 φαινόμενα
873 1070 953 1121 δεῖ
979 1069 1077 1121 καὶ
1126 1068 1195 1121 τὰ
1219 1069 1348 1138 περὶ
1392 1067 1484 1120 τοῦ
1519 1066 1723 1137 ἄρθρου
1778 1066 1970 1119 τούτου

394 1162 664 1229 λεγόμενα
688 1161 749 1226 ἐξ
794 1160 1039 1229 ἀνάγκης
1073 1158 1619 1230 συμπραδέχεσοαι.
1676 1158 1832 1210 Οὕτω
1850 1158 1968 1227 γὰρ

395 1251 455 1301 ὲν
485 1250 761 1311 πλείστοις
791 1251 980 1313 τόποις
1007 1251 1121 1303 τῶν
1152 1249 1333 1317 λόγων
1357 1250 1560 1310 αὐτῶν,
1594 1246 1890 1308 καὶηοῦτως
1914 1248 1973 1299 ἐν

396 1344 534 1395 πᾶσι
562 1342 737 1395 ταῦτά
793 1344 1146 1414 διέσπαρται·
1201 1344 1298 1396 καὶ
1342 1342 1578 1411 τοσαύτη
1623 1342 1714 1393 καὶ
1744 1340 1968 1412 τοιαύτη

396 1434 600 1504 ὲστὶνὴ
645 1433 897 1505 σύνεχειά
920 1451 979 1487 τε
1020 1434 1508 1505 καὶάκολούθησις
1537 1433 1648 1487 τῶν
1690 1450 1969 1504 προηγου-

2076 616 2444 671 ὑποπτεῦσαι.
2482 617 2635 669 Ἐπεὶ
2669 616 2863 669 τούτου
2900 635 2961 683 γε
3019 616 3113 670 τοῦ
3173 618 3490 688 ζητήματος
3551 623 3649 673 καὶ

2075 707 2183 759 τῶν
2214 707 2387 775 λόγων
2410 708 2524 761 τῶν
2553 709 2685 780 περὶ
2722 707 2915 761 τούτου
2952 712 3015 762 ἐκ
3060 709 3170 763 τῶν
3204 712 3431 765 ἐκείνων
3465 712 3645 779 λόγων

2077 797 2503 866 ἐξαιρουμένων,
2532 797 2685 850 οὐδὲν
2739 797 2820 851 ἐτι
2868 801 3141 864 λείπεται,
3197 800 3307 853 οὐδ’
3332 799 3400 854 ἂν
3434 801 3648 854 ἔννοιαν

2076 890 2148 943 τὰ
2178 889 2480 959 λειπόμενα
2503 891 2762 945 σώσαιενο
2812 891 2989 958 οὕτως
3029 895 3087 948 ὲν
3131 895 3412 959 πλείστοις
3467 895 3649 948 αὐτῶν

2077 982 2267 1043 τόποις
2315 983 2592 1053 ὁλόκληρα
2643 985 2915 1052 κεφάλαια
2966 989 3059 1039 καὶ
3106 986 3398 1057 ζητήματα
3430 1005 3651 1056 κεκινη-

2082 1072 2220 1140 μένα
2243 1071 2476 1140 διάφορα
2495 1072 2582 1124 διὰ
2618 1072 2833 1126 τούτων
2891 1075 3272 1141 συνυφαίνεται
3324 1077 3507 1130 πάντα
3538 1078 3649 1130 τῶν

2077 1165 2270 1231 λόγων.
2317 1163 2460 1216 Ἀλλ’
2487 1163 2523 1216 ἃ
2556 1165 2655 1233 μὲν
2685 1165 2782 1217 καὶ
2809 1165 2910 1218 ὅσα
2938 1167 3071 1235 περὶ
3102 1167 3269 1220 αὑτοῦ
3310 1168 3485 1221 εἰπεῖν
3538 1168 3643 1221 ἔδει

2075 1253 2169 1306 τοῦ
2194 1253 2489 1322 δόγματος,
2515 1254 2589 1317 ὡς
2634 1252 2691 1305 ἐν
2720 1270 2785 1322 γε
2819 1254 2896 1325 τῷ
2946 1257 3178 1326 παρόντι
3244 1257 3334 1309 διὰ
3398 1256 3647 1327 βραχέων

2078 1344 2572 1414 προστησαμένους
2596 1347 2793 1410 εἰπεῖν,
2828 1346 2902 1409 ὡς
2934 1349 3053 1400 ἐνὸν
3105 1349 3244 1418 πρὸς
3294 1349 3439 1417 ὑμᾶς
3497 1348 3648 1417 στρη-

2077 1453 2193 1502 ται,
2226 1435 2505 1490 καὶνούδὲν
2536 1436 2696 1491 πλέον
2724 1437 2807 1491 δεῖ
2829 1439 3200 1509 προστιθέναι.

1854 1584 2117 1644 ΚῈΦΑΛ.
2152 1592 2231 1646 Θ’.

533 1710 841 1784 ’Epilogatia
869 1722 919 1767 et
948 1717 1198 1786 repetitio
1228 1716 1601 1787 prredictorum
1624 1754 1637 1772 .
1679 1721 1729 1765 et
1774 1710 1965 1787 solutio
1998 1709 2202 1787 frivola;
2236 1709 2641 1787 resp_onsionis'_.
2676 1726 2779 1778 qua
2817 1710 3033 1779 quidam
3068 1711 3138 1764 ad
3168 1716 3509 1770 auctoritates

1210 1782 1620 1840 occidentalium
1654 1783 1992 1851 respondent,
2026 1788 2074 1832 et
2109 1782 2401 1835 exhortatio
2430 1782 2498 1835 ad
2534 1782 2799 1833 unionem.

467 1900 671 1970 Δέομαι
697 1902 754 1955 δὲ
798 1902 893 1957 καί
924 1904 1231 1973 παρακαλῶ
1256 1905 1469 1966 «vim;
1506 1905 1675 1973 ὑμᾶς,
1732 1901 1971 1969 ἁγιώτα-
2007 1906 2046 1962 Β
2080 1913 2171 1969 σῃο
2208 1898 2301 1951 καὶ
2334 1899 2416 1952 ὅτι
2451 1900 2583 1971 πρὶν
2613 1899 2712 1969 μὲν
2741 1899 3134 1969 οίκουμενικὴν
3180 1900 3401 1957 σύνοδον
3456 1906 3649 1958 συνελ-

394 2010 477 2047 τοι
502 1994 746 2065 Πατέρες
770 2012 829 2047 τε
855 1998 954 2050 καὶ
997 1997 1277 2061 δεσπόται,
1337 1997 1592 2065 σύστημα
1649 1991 1966 2063 ἱερώτατον,

396 2084 651 2153 σύλλογος
685 2086 861 2155 ἅγιος,
894 2089 1069 2143 ταῦτα
1132 2090 1535 2158 σκεψαμένους,
1596 2087 1691 2139 καὶ
1721 2084 1967 2156 ἁκριῦὦς

396 2179 807 2250 ἐπιστήσαντας
848 2181 1006 2246 πᾶσι,
1042 2182 1143 2251 τὴν
1205 2181 1596 2251 προσήκουσαν
1655 2176 1966 2245 ἐξενεγκεῖν

393 2270 595 2339 ψῆφον,
624 2275 719 2326 καὶ
759 2272 884 2340 ἥτις
916 2272 1049 2341 ὑμῖν
1104 2273 1223 2341 μετ’
1254 2271 1537 2341 εὐφημίας
1592 2269 1783 2339 ἕψεται
1817 2268 1969 2339 παρὰ

395 2363 576 2415 πάντα
608 2363 701 2416 τὸν
732 2365 950 2433 χρόνον,
972 2364 1209 2428 καὶτοῖς
1261 2364 1537 2433 δψιγόνοις
1590 2362 1739 2432 ἡμᾶς
1788 2376 1968 2429 παρα-

393 2452 600 2521 πέμψει
657 2452 775 2522 μετ’
814 2453 1064 2517 εὐκλείας
1120 2470 1180 2506 τε
1217 2456 1310 2506 καὶ
1368 2451 1651 2520 στεφάνων
1714 2451 1811 2504 καὶ
1868 2447 1965 2503 τοῦ

394 2544 546 2612 παρὰ
575 2545 795 2597 πάντων
845 2544 1096 2596 ἐπαίνου.
1159 2542 1565 2611 Συλλογίσασθε
1628 2541 1738 2611 γὰρ
1770 2540 1966 2611 πρῶτα

396 2634 516 2704 μὲν,
553 2635 627 2697 ώς
648 2635 746 2705 οὐχ
778 2635 939 2706 ὁμοία
967 2638 1099 2705 ἡμῖν
1127 2638 1159 2705 ἡ
1186 2636 1449 2704 ἀπολογία
1467 2634 1621 2687 ἔσται
1645 2635 1964 2705 μετέπειτα,

393 2727 468 2789 ὡς
492 2728 587 2779 καὶ
619 2728 908 2797 πρότερον,
941 2728 1041 2797 τῆς
1070 2727 1340 2799 τοσαύτης
1375 2728 1485 2781 τῶν
1518 2727 1767 2795 ἀδελφῶν
1820 2727 1963 2780 διαι-

395 2822 619 2888 ρέσεως,
647 2824 742 2876 καὶ
781 2823 876 2892 τῆς
906 2823 1106 2894 ἔχθρας
1157 2825 1256 2895 τῆς
1294 2826 1429 2895 πρὸς
1459 2824 1752 2890 Λατίνους,
1816 2824 1965 2877 οὕτω

394 2912 493 2982 μὲν
521 2914 680 2977 ὄντας
709 2915 960 2978 πολλοὺς,
1010 2914 1153 2968 οὕτω
1182 2916 1237 2968 δὲ
1291 2916 1455 2986 σοφία
1515 2917 1611 2969 καὶ
1644 2916 1844 2984 γνώσει
1871 2932 1965 2968 κε-

391 3006 781 3074 κοσμημένους
819 3006 916 3058 καὶ
951 3006 1163 3075 ἀρετῶν
1214 3007 1327 3077 ίδέᾳ
1361 3007 1614 3078 παντοίᾳ,
1674 3010 1741 3077 τῇ
1799 3023 1859 3060 τε
1908 3007 1963 3069 ἐς

388 3095 568 3167 ψυχὴν
607 3097 705 3151 καὶ
749 3098 849 3167 τὴν
873 3098 1091 3167 ἐκείνης
1124 3098 1464 3152 κατάστασιν
1521 3100 1617 3152 καὶ
1674 3097 1964 3168 βελτίωσιν

390 3188 702 3260 ammon,
726 3191 794 3261 τῇ
825 3207 883 3243 τε
907 3190 965 3253 ἐς
1002 3189 1162 3260 σῶμα
1183 3191 1279 3243 καὶ
1307 3190 1378 3244 τὰ
1409 3191 1701 3261 σωματικὰ
1730 3190 1962 3261 ἀφορώ-

390 3368 619 3423 auderet
646 3382 743 3422 eos
773 3367 962 3423 dicere
990 3366 1442 3423 Occidentalibus
1480 3366 1736 3423 Patribus
1757 3366 1963 3423 dixisse

390 3460 687 3516 contraria.
718 3450 1037 3515 Nunc‘vero
1067 3477 1189 3516 cum
1218 3476 1327 3515 non
1369 3460 1545 3515 solum
1589 3476 1696 3514 non
1740 3467 1960 3530 negent,

388 3554 484 3608 sed
513 3551 859 3623 apertissime
895 3555 1063 3607 etiam
1090 3552 1297 3618 dicant,
1332 3567 1430 3621 per
1457 3552 1657 3605 Filium
1685 3559 1742 3606 et
1770 3566 1835 3605 ex
1873 3550 1965 3605 Fi-

386 3645 464 3699 lio
492 3645 792 3715 procedere
815 3644 1537 3714 Spiritum,audebimusne
1594 3644 1804 3707 dicere,
1852 3660 1962 3699 non

386 3752 481 3792 eos
506 3736 807 3792 convenire
834 3744 890 3791 et
938 3738 1281 3791 concordare
1315 3750 1438 3789 cum
1478 3734 1964 3792 Occidentalibus?

387 3831 456 3883 At
504 3843 667 3884 nemo
712 3842 815 3884 nos
859 3827 1295 3895 commendabit,
1335 3827 1445 3882 imo
1477 3843 1609 3882 vero
1654 3845 1818 3883 nemo
1848 3840 1958 3895 est,

383 3922 517 3990 quin
564 3936 666 3975 nos
699 3919 965 3986 audaciae,
1021 3920 1367 3987 temeritatis,
1404 3920 1655 3975 stultitia:
1697 3928 1949 3977 accuset.

385 4012 540 4067 Scire
592 4019 776 4067 autem
836 4012 943 4067 hoc
997 4012 1164 4067 etiam
1216 4011 1452 4077 debetis,
1483 4011 1632 4082 quod
1678 4024 1774 4067 aut
1806 4015 1960 4069 nullo

384 4100 551 4159 unedo
578 4103 915 4174 acceptanda
942 4114 1094 4171 sunt,
1114 4119 1238 4174 qua:
1261 4103 1616 4174 reperiuntur
1644 4119 1813 4173 opera
1829 4120 1957 4159 san-

380 4207 597 4250 ctorum
654 4195 946 4251 doctorum
987 4196 1466 4263 Occidentalium;
1500 4205 1593 4250 aut
1637 4195 1683 4251 si
1714 4196 1831 4251 haec
1858 4213 1950 4254 ac-

380 4289 746 4357 ceptabimns,
812 4297 874 4343 ut
923 4287 1239 4344 faciendum
1283 4297 1386 4354 est,
1438 4294 1677 4355 Oportet,
1714 4303 1834 4357 qua:
1875 4288 1944 4344 de

378 4383 483 4438 boc
517 4381 749 4437 articulo
795 4380 1012 4449 dicunt,
1040 4390 1413 4452 et-aceeptare
1452 4390 1509 4437 et
1533 4378 1782 4435 credere.
1813 4379 1944 4437 Tam

2072 1990 2207 2054 Οεῖν,
2228 1989 2457 2048 ἐκείνοις
2509 1993 2571 2042 τὸ
2629 1989 2798 2059 βάρος
2848 1990 2948 2059 τῆς
3021 1990 3319 2059 ἀπολογίας
3375 1994 3647 2058 ἐπέκειτο,

2069 2080 2165 2134 νῦν
2194 2080 2250 2134 δέ
2280 2080 2579 2144 συστάντος
2606 2081 2789 2134 κοινοῦ
2843 2082 3149 2153 συνεδρίου,
3204 2084 3329 2138 καθ’
3369 2086 3525 2156 ημῶν
3576 2089 3647 2142 τὰ

2069 2173 2296 2227 ἐκείνων
2322 2172 2646 2244 ἐγκλήματα
2675 2172 3050 2249 μετεστράφη,
3110 2174 3177 2227 ἂν
3233 2175 3311 2245 μὴ
3362 2175 3651 2245 εὐπρόσω-

2069 2281 2169 2318 πον
2203 2264 2416 2334 ἔχωμεν
2446 2267 2627 2320 αἰτίαν
2664 2264 2963 2328 δεικνύναι,
3030 2267 3099 2319 δι’
3139 2266 3210 2337 ἢν
3246 2266 3432 2320 αὐτῶν
3464 2268 3647 2341 διῃρέ-

2071 2356 2265 2427 οημεν.
2299 2359 2537 2413 Ἔπειτα
2572 2358 2882 2427 μέμνησθε,
2909 2358 3161 2430 ἀνάγκην
3191 2358 3290 2428 μὲν
3316 2357 3472 2414 εἶναι
3506 2376 3645 2429 συμ-

2069 2448 2280 2503 ϐαίνειν
2345 2456 2474 2514 τοὺς
2532 2453 2794 2524 Πατέρας
2836 2452 3118 2524 ἀλλήλοις,
3186 2454 3492 2519 καὶᾶλλως
3538 2456 3645 2508 οὐκ

2068 2530 2231 2606 εῖναι,
2288 2536 2660 2613 Χριστιανοὺς
2694 2546 2841 2613 ἡμᾶς
2891 2543 3075 2608 ὄντας,
3126 2545 3186 2597 οὐ
3255 2545 3456 2613 λέγεεν,
3514 2545 3643 2599 οὐδὲ

2068 2635 2305 2702 φρονεῖν,
2334 2634 2441 2698 ἕως
2464 2634 2531 2688 ἂν
2581 2636 2675 2688 καὶ
2705 2637 2807 2699 τὰς
2844 2636 2941 2705 τῆς
2967 2635 3205 2701 πίστεως
3252 2638 3408 2705 ἡμῶν
3466 2637 3645 2708 ἀρχὰς

2069 2722 2265 2787 σώζειν
2314 2723 2613 2795 ἐθέλωμεν,
2643 2728 2771 2788 τοὺς
2801 2726 2858 2779 δὲ
2900 2726 3215 2797 Ῥωμαίους
3242 2726 3499 2795 Πατέρας
3548 2744 3643 2779 σα-

2067 2819 2315 2887 φέστατά
2375 2835 2434 2872 τε
2494 2820 2590 2872 καὶ
2643 2818 3001 2887 φανερώτατα
3057 2821 3121 2873 ἐκ
3171 2819 3266 2877 τοῦ
3294 2819 3425 2872 Υίοῦ
3473 2822 3644 2874 ἐκπο-

2067 2910 2325 2983 ρεύεσθαι
2379 2910 2639 2977 λέγοντας
2695 2911 2757 2965 τὸ
2816 2912 3040 2983 Πνεῦμα
3091 2912 3152 2967 τὸ
3211 2911 3391 2982 ἅγιον,
3451 2914 3645 2967 κάκεῖο

2065 3023 2153 3059 νον
2172 3006 2354 3060 αἰτίαν
2388 3004 2534 3077 ἔχειν
2558 3005 2656 3059 τοῦ
2687 3001 2828 3059 εἶναι
2858 3004 3048 3077 ὥσπερ
3110 3006 3204 3059 καὶ
3232 3005 3325 3059 τὸν
3379 3005 3598 3075 Πατέρα
3622 3020 3638 3035 ·

2065 3097 2444 3167 πρὸς-τούτοις
2486 3096 2642 3151 οὐδὲν
2691 3090 2857 3169 ἦττον
2912 3100 3009 3152 καὶ
3053 3099 3179 3161 τοὺς
3215 3099 3279 3152 ἐκ
3329 3096 3429 3169 τῆς
3471 3098 3645 3169 Ἐᾠας

2065 3188 2230 3243 ταυτὸ
2279 3188 2440 3242 τοῦτο
2494 3189 2761 3257 λέγοντας
2800 3190 3330 3263 ἀποδεδειγμένους,
3380 3190 3507 3253 τοὺς
3543 3190 3647 3261 μὲν

2067 3369 2216 3424 enim
2253 3369 2441 3425 multis
2472 3370 2527 3424 in
2556 3370 2694 3427 locis
2726 3384 2959 3441 operum
3002 3384 3224 3432 eorum,
3256 3370 3370 3424 imo
3403 3383 3536 3424 vero
3568 3369 3647 3424 in

2066 3461 2327 3515 omnibus
2383 3476 2569 3530 sparsa
2605 3470 2770 3527 sunt;
2803 3470 3064 3530 tantaque
3103 3470 3160 3516 et
3194 3460 3319 3516 talis
3348 3468 3434 3515 est
3462 3460 3643 3514 contio

2066 3551 2257 3605 nuatio
2287 3560 2343 3606 ot
2390 3552 2677 3620 sequentia
2724 3550 3150 3621 praecedentium
3181 3548 3250 3603 ad
3284 3564 3349 3605 ea
3380 3563 3504 3619 qua:
3555 3563 3643 3604 se-

2064 3651 2333 3713 quuntur,
2366 3652 2425 3698 ut
2452 3659 2562 3697 non
2604 3643 2777 3713 possit
2829 3642 3030 3713 aliquis
3057 3642 3125 3696 de
3166 3641 3254 3697 his
3288 3640 3493 3711 aliquid
3543 3654 3643 3695 sn-

2064 3737 2292 3806 spicari.
2326 3736 2385 3791 Si
2416 3735 2542 3807 quis
2561 3737 2709 3791 enim
2744 3736 2888 3790 hanc
2929 3735 3368 3799 conclusionem,
3400 3742 3455 3787 et
3477 3731 3642 3787 ratio-

2064 3843 2163 3883 nes
2192 3844 2312 3883 eam
2345 3829 2647 3900 probantes
2666 3843 2731 3883 ex
2757 3827 3021 3896 operibus
3045 3841 3241 3883 eorum
3278 3824 3505 3891 adimat,
3548 3822 3641 3879 ni-

2064 3921 2141 3977 bil
2176 3921 2413 3993 amplius
2460 3930 2648 3987 restat,
2690 3937 2794 3976 nec
2812 3936 3039 3977 sensum
3088 3921 3330 3993 aliquem
3376 3918 3638 3984 reddunt,

2062 4030 2186 4084 quae
2220 4022 2509 4069 remanent
2543 4031 2557 4066 :
2592 4014 2666 4071 ita
2698 4028 2968 4078 connexa.
3026 4014 3101 4068 ita
3152 4011 3531 4085 conglutinata
3580 4022 3640 4069 et

2060 4107 2359 4177 conjuncta
2401 4117 2597 4162 caetera
2630 4108 2812 4161 omnia
2868 4123 2994 4163 cum
3044 4108 3148 4163 hoc
3196 4107 3448 4174 dogmate
3484 4113 3637 4160 sunt.

2063 4196 2169 4250 Sed
2214 4195 2283 4251 de
2331 4196 2581 4267 dogmate
2626 4196 2887 4267 quidem,
2933 4212 3054 4267 qua:
3114 4195 3355 4251 breviter
3404 4193 3642 4249 dicenda

2051 4297 2240 4353 erant,
2280 4289 2426 4346 dicta
2474 4298 2635 4356 sunt,
2678 4303 2779 4345 nec
2813 4288 3112 4360 quidquam
3154 4288 3386 4344 ulterius
3424 4284 3636 4342 adden-

2057 4381 2188 4436 dum
2223 4389 2325 4439 est.

1824 4530 2051 4589 CAPUT
2107 4532 2198 4588 IX.

452 4658 606 4727 Rogo
634 4664 838 4719 autem,
870 4668 1059 4723 posco,
1108 4660 1256 4723 peto,
1311 4659 1368 4706 et
1402 4651 1629 4721 supplex
1687 4664 1784 4703 oro
1847 4662 1947 4702 vos
1982 4650 2023 4699 D
2062 4656 2178 4703 tum
2226 4647 2445 4705 facilior
2489 4659 2679 4705 nostra
2711 4648 2998 4705 excusatio
3038 4657 3180 4716 erat,
3234 4648 3309 4704 ita
3358 4661 3484 4721 post
3532 4651 3647 4707 hoc-

381 4762 598 4812 omnes,
660 4755 845 4816 patres
891 4743 1108 4814 optimi,
1170 4756 1325 4796 sacer
1370 4749 1696 4805 conventus,
1748 4739 1955 4792 anima-

379 4855 499 4895 rutn
552 4847 824 4909 pastores,
893 4836 1063 4889 duces
1114 4847 1410 4896 caecorum,
1468 4831 1780 4885 eruditores
1815 4829 1952 4883 insi-

378 4932 672 5002 pientium,
721 4935 782 4980 ut
830 4926 918 4979 bis
972 4923 1229 4979 omnibus
1278 4922 1660 4996 consideratis,
1709 4932 1764 4976 et
1812 4921 1951 4975 bene

377 5024 646 5094 pensatis,
696 5021 846 5075 illam
889 5017 1081 5073 feratis
1133 5016 1489 5077 sententiam,
1519 5030 1642 5085 qua:
1676 5022 1842 5069 tantm
1871 5012 1949 5068 rei

374 5114 654 5175 convenit,
710 5123 943 5181 quaeque
997 5116 1316 5178 perpetuam
1362 5105 1522 5161 vobis
1564 5104 1787 5170 famam,
1835 5104 1953 5171 glo-

379 5207 517 5259 riam
569 5213 625 5258 ct
675 5202 914 5255 salutem
952 5198 1152 5267 pariat.
1190 5188 1475 5266 Repetatis
1500 5194 1648 5248 enim
1681 5193 1949 5249 memoria

379 5298 580 5369 primo,
605 5293 753 5365 quod
794 5306 904 5345 non
944 5290 1054 5344 erit
1091 5288 1251 5343 nobis
1297 5287 1364 5341 de
1409 5296 1610 5341 caetero
1663 5286 1949 5341 excusatio

377 5390 591 5451 eadem,
638 5400 761 5456 quae
812 5384 986 5453 prius,
1046 5396 1146 5435 cur
1195 5395 1225 5433 a
1274 5379 1473 5434 talibus
1522 5378 1861 5442 dividantur,
1892 5384 1950 5430 et

377 5484 567 5536 hostes
595 5479 827 5533 velimus
872 5489 997 5530 esse
1044 5471 1257 5526 Latinis
1291 5480 1399 5525 tam
1438 5471 1648 5536 multis,
1703 5480 1811 5524 tam
1862 5486 1949 5526 sa-

378 5574 677 5645 pientibus,
709 5582 816 5627 tam
858 5568 1061 5630 doctis,
1105 5566 1257 5621 omni
1289 5565 1493 5620 virtute
1524 5563 1793 5634 praeditis,
1830 5579 1944 5619 non

375 5669 550 5721 solum
584 5665 672 5718 illa
697 5678 820 5734 quae
849 5661 1094 5716 animum
1130 5667 1313 5724 ornat,
1357 5656 1452 5712 sed
1496 5657 1663 5712 etiam
1709 5673 1771 5711 ea
1822 5672 1947 5727 quae

375 5762 441 5815 ad
489 5772 691 5827 corpus
740 5765 797 5810 et
848 5753 1183 5824 temporales
1232 5765 1321 5807 res
1376 5750 1579 5804 attinet
1621 5766 1635 5805 :
1680 5749 1941 5819 quodque

374 5849 833 5924 quemadmodum
874 5857 997 5902 ante
1028 5846 1280 5917 generale
1314 5845 1606 5901 concilium
1631 5858 1934 5916 congrega-

2059 4740 2242 4812 gravis
2273 4751 2462 4796 nostra
2514 4740 2793 4797 accusatio
2836 4743 2966 4808 erit,
3018 4742 3064 4796 si
3112 4757 3221 4795 non
3273 4741 3645 4800 habuerimus

2060 4832 2248 4888 dicere
2280 4848 2506 4889 causam
2539 4832 2634 4888 tali
2670 4832 2945 4889 divisione
2993 4832 3238 4903 dignam.
3279 4835 3488 4891 Deinde
3524 4852 3635 4892 non

2057 4918 2272 4989 fugiant
2298 4935 2395 4976 vos
2424 4936 2547 4991 qua:
2573 4920 2642 4974 de
2672 4922 2985 4978 necessaria
3013 4921 3305 4978 doctorum
3336 4926 3635 4981 concordia

2059 5012 2203 5066 dicta
2239 5020 2390 5078 sunt,
2414 5027 2517 5067 nec
2547 5012 2711 5067 aliter
2743 5028 2846 5067 nos
2878 5011 3068 5067 dicere
3093 5028 3277 5083 posse,
3306 5015 3435 5069 dum
3469 5014 3635 5071 Chri-

2059 5104 2225 5159 stiani
2278 5118 2425 5168 esse,
2479 5112 2537 5157 et
2584 5105 2860 5173 principia
2918 5104 3041 5159 fidei
3096 5106 3309 5161 salvare
3356 5107 3633 5161 velimus:

2057 5194 2322 5264 quodque
2351 5192 2547 5247 Patres
2576 5192 2959 5249 Occidentales
3003 5186 3377 5263 apertissime,
3410 5210 3475 5248 ex
3524 5195 3632 5249 Pa.

2059 5295 2141 5341 tre
2174 5294 2230 5341 et
2280 5286 2422 5340 Filio
2453 5284 2722 5354 Spiritum
2762 5296 3017 5340 sanctum
3070 5288 3373 5356 procedere
3408 5301 3633 5342 asseve-

2055 5388 2200 5445 rant,
2237 5388 2292 5432 et
2316 5377 2513 5432 Filium
2545 5391 2669 5433 esse
2697 5378 2821 5449 ejus
2845 5377 3204 5448 principium.
3236 5388 3399 5448 prout
3428 5378 3588 5434 Pater
3613 5397 3633 5434 :

2060 5472 2376 5528 Orientales
2427 5485 2649 5541 quoque
2699 5470 2804 5525 boc
2856 5469 3000 5526 idem
3049 5470 3253 5536 dicere,
3305 5471 3504 5540 partim
3561 5486 3636 5526 ex

2032 5550 2217 5619 Patre
2252 5579 2350 5636 per
2381 5562 2607 5627 Filium,
2646 5561 2844 5632 partim
2866 5576 2930 5615 ex
2975 5560 3140 5616 Patre
3173 5573 3229 5616 et
3258 5560 3418 5622 Filio,
3466 5570 3523 5615 et
3559 5577 3634 5616 ex.

2057 5665 2293 5723 utroque
2323 5655 2655 5723 procedere,
2684 5660 2741 5707 et
2769 5666 2835 5705 ex
2861 5650 3005 5706 Filio
3049 5667 3178 5707 esse
3198 5643 3391 5722 ipsum
3431 5651 3633 5707 dicen-

2055 5755 2174 5811 tes;
2218 5760 2457 5814 cumque
2505 5744 2620 5798 haec
2664 5742 2874 5809 dicant,
2921 5742 3377 5799 Occidentalibus
3429 5757 3639 5798 conve-
3738 5733 3740 5737 ⁷

2056 5841 2198 5908 nire,
2231 5850 2286 5895 et
2316 5838 2513 5895 eadem
2545 5853 2655 5894 non
2683 5837 2860 5894 solum
2896 5839 3196 5907 sententia,
3226 5853 3420 5894 verum
3460 5837 3639 5893 etiam
