4136 6404
482 406 588 469 (507
1434 398 1942 463 ΒΕΞΞΛΠῘΟΝΙΞ
1987 400 2047 459 S.
2097 399 2115 458 l

2116 399 2165 457 ἶ.
2217 398 2286 458 Ε.
2331 395 2804 457 CARDINMJS
3645 392 3749 455 608

486 527 564 592 τῷ
587 523 674 575 διὰ
708 521 798 574 τοῦ
823 521 951 575 Υξοῦ
989 522 1171 588 λέγειν
1212 519 1345 573 aut?)
1383 519 1446 572 ὲκ
1478 520 1573 572 τοῦ
1630 520 1843 588 [ἰατρὸς
1898 521 2059 570 ἐκπο-
2094 528 2131 583 Α
2166 516 2348 585 χειρὸς
2372 516 2533 585 ἔργον
2550 515 2700 578 ὅντα,
2722 515 2824 566 ἀνὰ
2855 514 3034 565 πᾶσαν
3058 511 3111 572 δὲ
3138 509 3464 580 ἐσπαρμένα
3488 509 3587 581 τὴν
3621 513 3748 581 γῆν,

491 617 766 689 ρεύεσθαι,
801 616 925 678 τοὺς
954 615 1009 668 δὲ
1046 616 1119 685 τῷ
1151 616 1214 666 ἐκ
1244 614 1338 667 τοῦ
1378 614 1592 684 Harpe;
1647 616 1740 668 καὶ
1774 613 1924 677 Υίοῦ,
1972 614 2064 665 καὶ
2165 609 2233 660 δι’
2264 610 2433 677 αὐτῆς
2459 610 2514 661 δὲ
2542 610 2640 677 τῆς
2668 605 2993 663 ἀκολουθίας
3018 604 3123 657 τῶν
3158 604 3591 675 προηγουμένων
3656 606 3755 659 καὶ

485 713 546 777 ἐξ
577 710 780 778 ἀμφοῖν
810 704 971 770 εἶναι,
995 708 1089 760 καὶ
1105 708 1167 760 ὲκ
1190 706 1287 759 τοῦ
1334 706 1465 759 Υίοῦ
1499 707 1685 775 σαφῶς
1712 703 1856 762 εἶναι
1913 708 2054 762 διδά-
2167 702 2455 770 ἑπομένων
2489 698 2782 751 δεικνύντα
2808 696 2869 749 τὸ
2892 698 3138 762 γνήσιονο
3159 695 3251 747 καὶ
3283 692 3455 747 ταῦτα
3476 692 3586 748 τῶν
3615 695 3752 765 ἡμε-

488 815 661 854 σκειν·
700 798 795 851 καὶ
819 797 902 850 ὅτι
936 795 1111 850 ταῦτα
1146 796 1420 865 λέγοντες,
1449 797 1563 858 τοῖς
1606 796 1901 864 Ῥωμαίοις
1951 799 2064 851 ιιι-
2168 794 2341 861 τέρων
2378 792 2601 844 πάντων
2647 790 2746 843 καὶ
2796 786 2981 841 αὐτῶν
3029 786 3141 838 τῶν
3192 784 3598 854 ἀρχαιοτάτων,
3659 787 3755 839 καὶ

481 891 646 960 τράσι
703 890 1088 960 συμΰαὶνουσι,
1121 889 1217 942 καὶ
1264 889 1514 957 λέγουσιν
1569 887 1827 958 ἀλλήλοις
1866 889 2061 950 ταυτά,
2167 883 2444 936 ὲπάὑτοῦ
2509 882 2607 935 τοῦ
2672 880 2896 952 πρώτου
2939 876 3111 931 κακοῦ
3171 875 3266 928 καὶ
3298 875 3397 944 τῆς
3428 875 3753 947 διαιρέσεως

481 982 558 1047 ὡς
584 983 665 1036 ἐν).
691 983 785 1036 καὶ
819 982 1002 1051 ταυτῷ
1029 980 1398 1051 φθεγγόμενοι
1430 979 1737 1051 Πνεῦματι.
1779 982 1906 1037 Ἐπὶ
1930 983 2064 1035 πᾶσι
2171 975 2271 1044 μὲν
2288 975 2478 1044 ἀκμῆς
2514 976 2608 1028 καὶ
2641 975 2813 1044 ἀρχῆς
2836 971 3225 1042 ἀκμασάντων,
3254 967 3624 1038 μεμνημένων
3647 967 3748 1038 μὲν

481 1076 540 1130 δὲ
591 1075 829 1137 τούτοις,
872 1076 968 1127 καὶ
1000 1074 1066 1145 ἣν
1095 1074 1230 1144 ἡμῖν
1286 1074 1398 1141 ἐγὼ
1428 1074 1900 1145 ὑπολελειμμένην
1930 1076 2066 1128 ἀπο·
2164 1067 2392 1129 τούτων,
2435 1065 2587 1120 οὐδὲν
2617 1066 2673 1119 δὲ
2717 1067 2867 1133 ὅμως
2903 1066 3182 1117 ἀντειπεῖν
3235 1061 3583 1132 δυναμένων,
3635 1061 3663 1113 ὃ
3695 1074 3747 1112 τι

483 1170 672 1238 λογίαν
723 1167 854 1236 ὁρῶ,
889 1168 1020 1233 περὶ
1070 1159 1144 1218 ὧν
1177 1166 1227 1218 οἱ
1286 1166 1551 1236 Ῥωμαῖοι
1616 1166 1855 1237 Πατέρες
1909 1169 2064 1234 φασὶ,
2167 1160 2263 1212 καὶ
2290 1159 2438 1224 ἄξιον
2465 1158 2649 1228 λόγου·
2674 1159 2850 1221 ἄλλως
2878 1176 2937 1213 τε
2966 1160 3061 1212 καὶ
3092 1159 3218 1230 μηδ’
3247 1159 3425 1213 ἄλλων
3453 1155 3587 1220 παρ’
3614 1156 3749 1223 ἡμῖν

484 1263 582 1316 καὶ
621 1259 830 1331 ταύτην
864 1259 1019 1313 οὐδὲν
1052 1258 1226 1314 οῦσαν
1272 1258 1499 1321 εἰδότες,
1542 1257 1747 1329 μᾶλλον
1804 1259 1863 1312 δὲ
1915 1260 2065 1328 σαφῆ
2168 1252 2339 1305 ὅντων
2387 1251 2629 1322 βιϐλίων,
2654 1250 2790 1320 πρὸς
2829 1249 2865 1304 ἃ.
2897 1250 3347 1322 παραϐάλλοντες
3378 1249 3446 1302 τὰ
3500 1248 3610 1300 τῶν
3637 1247 3753 1300 Δα-

482 1353 699 1422 γέλωτά
720 1369 780 1404 τε
813 1353 909 1405 καὶ
941 1352 1216 1418 παίγνιον,
1246 1349 1673 1419 βουλευσώμεθα
1724 1351 1792 1404 τά
1845 1350 2064 1420 βελτίω,
2165 1344 2352 1412 τίνων,
2389 1346 2450 1399 τὸ
2479 1345 2634 1399 νόθον
2682 1345 2864 1398 αὐτῶν
2896 1346 3266 1415 ὲφωράσαμεν
3295 1343 3382 1396 ἀν.
3449 1344 3513 1394 "A
3569 1342 3751 1392 πάντα

485 1447 585 1500 καὶ
610 1445 747 1515 προς
772 1444 968 1496 ἕνωσιν
1007 1441 1377 1512 έπειχθῶμεν,
1410 1441 1530 1511 Θεῷ
1560 1442 1758 1512 ἀρέσαι
1805 1442 2067 1514 βουλόμε-
2170 1438 2649 1508 ἀναλογισάμενοι,
2690 1438 2787 1491 καὶ
2838 1440 2974 1490 πᾶσι
3003 1439 3094 1489 τὸν
3148 1436 3275 1489 νοῦν
3329 1435 3750 1503 ἐπιστήσαντες,

486 1556 595 1594 νοι.
660 1540 732 1593 Ἥ
758 1536 867 1607 γὰρ
916 1537 990 1606 μὴ
1039 1536 1148 1589 δεῖν
1194 1535 1444 1606 δέχεσθαι
1510 1535 1644 1605 φαίη
1700 1553 1783 1601 τις
1814 1536 1879 1590 ἃν
1938 1539 2067 1601 τοὺς
2173 1532 2250 1603 μὴ
2279 1531 2348 1584 τὰ
2387 1531 2561 1602 χείρω
2586 1530 2857 1598 ἑλώμεθα,
2895 1530 3030 1598 μηδὲ
3082 1530 3201 1581 καθ’
3236 1529 3396 1599 ἡμῶν
3444 1526 3626 1578 αὐτῶν
3652 1526 3751 1593 τὴν

487 1630 700 1698 ἁγίους,
728 1630 823 1681 καὶ
848 1628 1027 1682 πάιται
1059 1626 1315 1680 ὑπείκειν
1339 1627 1553 1691 αὺτοῖς-η
1582 1628 1614 1697 ἢ
1656 1627 1913 1698 δέχεσθαι
1965 1629 2067 1699 μὲν
2167 1621 2353 1690 ψῆφον
2376 1620 2777 1689 ἐξενέγκωμενο
2810 1619 2983 1671 δεινὸν
3007 1618 3137 1687 γὰρ,
3189 1619 3238 1667 εἰ
3277 1616 3435 1685 ἡμεῖς
3464 1612 3622 1681 ἡμῶν
3647 1613 3749 1663 αὐ-

486 1725 685 1787 αὐτοὺς
713 1722 1031 1791 ἀναγκαῖον,
1065 1723 1125 1774 οὐ
1160 1718 1347 1791 μέντοι
1370 1720 1468 1774 καὶ
1497 1721 1842 1792 πλανηθῆναι
1865 1723 2067 1788 αὐτοὺς
2167 1717 2277 1766 τῶν
2302 1713 2729 1781 καταγνοίημεν·
2758 1711 2895 1780 μηδὲ
2930 1710 3222 1779 προδώμεν
3247 1709 3395 1777 ἡμᾶς
3426 1705 3624 1766 αὐτοὺς
3654 1704 3750 1754 καὶ

487 1812 808 1885 ἀνθρώπους
837 1813 997 1876 ὄντας
1028 1810 1308 1865 ἀδύνατον·
1344 1810 1377 1882 ἦ
1421 1813 1484 1864 τό
1507 1828 1568 1880 γε
1594 1811 1779 1866 λοιπὸν
1824 1816 1919 1869 καὶ
1942 1816 2062 1885 τρε-
2102 1867 2142 1885 ἡ
2168 1805 2231 1857 σὺ
2255 1805 2435 1873 γένος,
2487 1807 2683 1875 πρῶτα
2743 1803 2844 1873 μὲν
2895 1803 3326 1871 ἀποστραφῆναι
3350 1797 3605 1862 δόξαντες
3647 1796 3746 1861 τὴν

488 1884 685 1973 τον,ἐί
708 1913 801 1960 καὶ
837 1904 1143 1975 πάσηςέξω
1175 1904 1386 1974 πλάνης
1429 1904 1561 1973 εἰσὶ,
1607 1906 1702 1959 καὶ
1734 1908 1912 1961 «ivra
1947 1884 2064 1961 πει·
2101 1884 2144 1927 υ
2171 1897 2452 1968 ἀλήθειαν,
2506 1898 2599 1949 καὶ
2652 1896 2926 1966 μύσαντες
2976 1894 3105 1957 τοὺς
3143 1892 3459 1962 ὀφθαλμοὺς
3518 1887 3652 1958 πρὸς
3684 1884 3747 1936 τδ

491 2002 647 2055 στέον
682 2000 887 2063 αὐτοῖς,
922 1997 1094 2051 ταῦτα
1123 1998 1309 2067 μέντοι
1340 1999 1410 2051 τὰ
1454 1998 1606 2067 παρά
1652 1999 1900 2054 Λατίνων
1945 2001 2067 2054 ἀνε-
2172 1992 2310 2060 φῶθ’
2352 1992 2544 2043 ἔπειτα
2592 1990 2647 2041 δὲ
2677 1992 2770 2041 καὶ
2805 1987 3080 2041 ἐθελονταὶ
3106 1987 3259 2038 αὐτοὶ
3302 1984 3426 2037 καθ’
3452 1982 3610 2053 ἡμῶν
3652 1982 3750 2033 αὖ·

488 2093 783 2163 γνωσμένα
817 2091 927 2145 τῶν
957 2090 1131 2160 ἁγίων
1168 2091 1308 2159 ῥητὰ
1334 2088 1436 2143 οῦκ
1457 2091 1568 2142 είσι
1601 2090 1800 2161 γνήσια,
1830 2092 1929 2161 τῆς
1956 2091 2069 2144 δια·
2170 2083 2280 2136 τῶν
2308 2084 2375 2135 τὰ
2408 2082 2696 2135 δεινότατα
2733 2079 3154 2149 ὲπαγαγόντες,,
3195 2078 3295 2131 καὶ
3337 2074 3753 2128 πολλαπλασιά-

488 2186 641 2248 vola;
712 2185 961 2246 ἐκείνων,
1017 2183 1151 2236 ἀλλὰ
1186 2182 1318 2236 νόθα
1347 2183 1470 2236 τινὰ
1522 2184 1616 2235 καὶ
1667 2185 2070 2255 παρέγγραπτα
2174 2190 2368 2236 σαντες
2390 2173 2458 2225 τὰ
2484 2173 2658 2225 δεινά·
2695 2172 2837 2224 Ὅσα
2864 2174 2972 2241 γὰρ
3011 2173 3148 2239 ἡμῖν
3178 2171 3274 2223 καὶ
3319 2167 3614 2237 σωματικά
3668 2167 3753 2217 ἐν·

488 2274 586 2330 καὶ
609 2274 787 2328 πάντα
818 2272 1004 2335 ἁπλῶς
1039 2270 1548 2341 παραπεποιημένα
1600 2274 1695 2323 καὶ
1752 2274 2069 2340 προσθῆκαι
2173 2265 2362 2319 τεῦθεν
2404 2264 2587 2316 ἔπεισι
2614 2263 2788 2325 δεινά,
2835 2263 2933 2314 καὶ
2968 2262 3043 2323 ὡς
3103 2261 3458 2331 ἰσχυρότερον
3513 2258 3616 2325 μὲν
3663 2256 3755 2306 τὸν

492 2364 684 2435 χειρδς
750 2362 1065 2432 ἀλλοτρίας.
1111 2360 1279 2413 Ἀλλά
1321 2361 1430 2413 τῶν
1482 2362 1579 2431 μὲν
1634 2359 1869 2431 πρώτων
1914 2363 2068 2417 οὐδὲν
2172 2357 2357 2410 κοινὸν
2386 2355 2576 2426 ἐχθρὸν
2636 2355 2730 2407 καὶ
2764 2353 3023 2420 πολέμιον
3056 2351 3356 2419 ὁπλίσομεν
3420 2345 3547 2401 καθ’
3571 2345 3754 2416 ἡμῶν,

490 2456 650 2523 ὑμεῖς
678 2453 881 2519 δέξαιθ’
914 2454 1004 2517 ἂν,
1044 2452 1077 2523 ἦ
1115 2452 1292 2506 πάντα
1348 2450 1506 2520 ἡμῶν
1564 2451 1730 2514 εὐθὺς
1782 2455 2065 2526 ἀνετράπη
2174 2449 2272 2502 καὶ
2330 2447 2408 2509 ὡς
2458 2445 2762 2499 κινδυνεύει
2797 2445 2984 2514 σχεδὸν
3038 2442 3307 2510 παντελὴς
3360 2440 3581 2510 ὄλεθρος
3636 2437 3755 2490 ἐσε-

488 2549 558 2601 τὰ
578 2547 677 2618 τῆς
713 2546 1040 2618 Ἐκκλησίας
1084 2547 1381 2616 μυστήρια,
1431 2546 1530 2597 καὶ
1572 2547 1662 2598 ἐπ’
1689 2546 1924 2609 οὗδενός,
1976 2548 2069 2601 καὶ
2175 2542 2300 2595 σθαι
2323 2541 2431 2593 τῶν
2464 2539 2555 2609 ὑφ’
2587 2540 2733 2610 ἡμᾶς
2766 2540 2860 2591 καὶ
2908 2538 3008 2607 τὴν
3035 2536 3371 2605 Ἐκκλησίαν
3404 2536 3504 2604 τὴν
3554 2534 3754 2603 ἡμετέ-

491 2640 807 2711 βεῦὴκαμεν
844 2637 1088 2709 ἰσχυροῦ·
1142 2637 1203 2688 τὸ
1222 2637 1284 2690 δέ
1316 2654 1380 2704 γε
1416 2637 1603 2691 λοιπδν
1639 2640 1734 2690 καὶ
1762 2638 1946 2709 τρίτον
1975 2641 2068 2707 γέ·
2177 2652 2276 2705 ραν
2305 2634 2671 2703 Χριστιανῶν,
2704 2634 2797 2684 καὶ
2839 2632 2899 2683 τὸ
2924 2630 3094 2699 ὄνομα
3118 2629 3211 2682 τοῦ
3262 2630 3503 2701 Χριστοῦ
3540 2629 3752 2683 ὲκεῖοεν

488 2732 600 2793 λως
623 2731 825 2800 σαφὴς,
862 2732 958 2782 καὶ
1014 2729 1367 2797 κατάγνωσις
1417 2727 1709 2798 πρόδηλος,
1772 2731 1820 2783 εἰ
1887 2731 2067 2784 πάντα
2173 2729 2380 2782 τέλειον
2408 2724 2857 2797 ἑκτριδήσεσὺαι,
2915 2724 3089 2786 οὐδεὶς
3138 2724 3342 2791 ἀγνοεῖ.
3398 2724 3504 2775 Καὶ
3535 2722 3752 2792 διῆλθον

490 2823 641 2891 ἑξῆς,
674 2822 818 2875 οὕτω
848 2820 948 2891 μὲν
978 2819 1217 2874 τοσαῦτα
1268 2818 1471 2889 βιϐλία,
1542 2819 1684 2873 οὕτω
1736 2820 1795 2874 δὲ
1839 2820 2070 2875 τοιαῦτα
2176 2823 2244 2876 ἂν
2275 2823 2453 2876 πάντα
2483 2821 2604 2874 καθ’
2650 2819 2729 2883 ἓν,
2761 2822 2856 2871 καὶ
2906 2815 3265 2887 ὲτραγῲδησα
3314 2821 3380 2870 τὰ
3415 2816 3640 2870 ἐπιόντα
3673 2816 3751 2887 τῷ

492 2914 624 2969 νόθα
654 2912 912 2983 ἐροῦμεν,
944 2911 1125 2966 καίτοι
1155 2911 1399 2977 παλαιᾶς
1431 2910 1531 2981 μὲν
1583 2911 1680 2966 καὶ
1703 2913 2069 2985 ἀρχαιοτάτης
2173 2914 2324 2982 γένει
2352 2914 2500 2969 δεινᾶ
2532 2913 2627 2966 καὶ
2686 2915 2821 2966 πᾶσι
2851 2914 2964 2975 τοῖς
3020 2913 3129 2966 ἀπὸ
3188 2911 3427 2982 Χριστοῦ
3484 2910 3760 2981 καλουμέ-

491 3095 678 3149 verbis
707 3091 916 3158 dicere,
968 3098 1227 3160 tanquam
1259 3104 1370 3145 uno
1398 3098 1454 3145 et
1488 3090 1681 3145 eodem
1715 3090 1924 3161 Spiritu
1974 3108 2070 3150 eos
2175 3099 2460 3161 corrupta,
2506 3098 2738 3150 mutata.
2777 3096 2833 3143 et
2877 3086 3231 3157 superaddita
3286 3101 3408 3141 esse
3458 3085 3751 3150 dicemus;

494 3186 844 3239 illuminante
888 3184 1126 3237 loculos.
1176 3182 1429 3247 Demum,
1473 3198 1641 3253 quam
1691 3184 1866 3239 solam
1908 3186 2140 3281 nobisC
2174 3184 2415 3237 maxime
2480 3196 2604 3235 cum
2665 3180 2952 3235 videamus
3020 3179 3170 3248 ipsos
3238 3193 3460 3247 quoque
3527 3182 3753 3234 nostrOs

493 3279 561 3333 ad
607 3293 671 3332 ea
719 3292 839 3346 qua:
874 3274 1053 3330 Latini
1088 3275 1304 3343 dicunt,
1360 3276 1610 3332 relictam
1653 3281 2068 3349 responsionem
2103 3270 2140 3281 ⁷
2177 3277 2342 3330 etiam
2375 3274 2738 3343 antiquiores,
2784 3281 2841 3326 et
2885 3272 2982 3341 qui
3017 3272 3071 3325 in
3103 3270 3235 3339 ipsis
3268 3270 3558 3340 principiis
3589 3270 3754 3341 hujus

492 3370 678 3436 video,
711 3385 834 3424 cum
873 3369 973 3439 ipsi
1008 3385 1231 3439 quoque
1261 3370 1473 3424 nullam’
1498 3386 1620 3426 esse
1664 3372 2067 3443 judicaveritis,
2177 3368 2438 3422 acerrimi
2479 3365 2694 3419 dissidii
2731 3365 2979 3430 fuerunt,
3018 3363 3285 3417 facientes
3324 3362 3546 3429 quidem
3604 3380 3753 3417 men-

495 3464 607 3519 ltno
635 3477 764 3517 vero
794 3477 908 3515 rem
952 3462 1215 3530 puerilem
1245 3471 1301 3515 et
1336 3463 1565 3517 omnino
1596 3463 1910 3533 ridiculam,
1936 3484 2069 3522 con.
2181 3465 2388 3515 tionem
2460 3458 2856 3513 auctoritatum
2924 3457 3216 3511 doctorum
3287 3454 3747 3524 Occidentalium,

494 3556 740 3612 sulamus
776 3555 937 3609 nobis
973 3555 1110 3620 ipsis
1139 3571 1264 3624 qua:
1305 3556 1458 3610 utilia
1491 3565 1643 3621 sunt,
1683 3568 1738 3612 et
1779 3560 1921 3613 uniri
1968 3561 2072 3615 La-

2179 3551 2319 3606 nihil
2379 3560 2561 3605 tamen
2614 3560 2811 3605 contra
2866 3565 2964 3603 eos
3000 3548 3266 3619 habentes
3308 3548 3455 3617 quod
3506 3551 3756 3605 dicerent

495 3650 628 3704 tinis
681 3662 972 3713 conemur,
1007 3647 1051 3702 si
1087 3662 1149 3701 ea
1187 3661 1309 3717 quae
1340 3648 1543 3718 placita
1585 3661 1716 3704 sunt
1744 3651 1855 3705 Deo
1890 3651 2070 3708 facere
2179 3647 2391 3701 ratione
2424 3646 2673 3716 dignum.
2716 3645 2836 3712 Quo
2888 3644 2965 3709 lit,
3010 3652 3068 3697 ιιι
3096 3643 3247 3697 nullo
3310 3644 3474 3698 modo
3509 3644 3631 3713 quis
3664 3661 3759 3699 ras

502 3741 764 3795 velimus.
798 3739 909 3794 Aut
933 3740 1081 3794 enim
1116 3756 1226 3794 non
1256 3742 1578 3811 acceptandi
1613 3754 1739 3798 sunt
1771 3746 1945 3800 sancti
1976 3747 2072 3801 do-
2179 3749 2371 3808 putare
2405 3738 2607 3792 debeat
2640 3748 2931 3805 corruptas
2979 3736 3170 3801 fuisse,
3212 3735 3485 3803 siquidem
3535 3736 3587 3789 in
3637 3728 3757 3804 ipso

494 3840 698 3894 ctores,
760 3844 862 3885 nec
913 3830 1077 3885 dictis
1126 3844 1321 3885 eorum
1389 3833 1857 3901 acquiescendum
1906 3853 1919 3890 :
1974 3846 2071 3891 ant
2176 3834 2345 3884 etiam
2379 3829 2755 3903 contentionis
2804 3827 3081 3897 principio
3124 3827 3317 3881 eodem
3356 3827 3519 3882 modo
3563 3829 3758 3882 inseri-

495 3921 817 3993 acceptandi
859 3923 1107 3993 quidem,
1157 3932 1215 3977 et
1252 3926 1714 3989 acquiescendum
1764 3927 1928 3984 dictis
1978 3945 2073 3986 eo-
2180 3936 2330 3995 ptmn
2354 3924 2545 3978 -libris
2599 3932 2748 3989 erat;
2811 3922 3156 3991 potissimum
3198 3935 3323 3975 cum
3360 3937 3484 3976 .nec
3540 3930 3762 3977 exstent

495 4030 641 4081 rum,
674 4030 785 4070 non
820 4026 1002 4071 tamen
1042 4016 1347 4080 omnibus;
1394 4032 1519 4073 cum
1564 4020 1669 4088 ipsi
1701 4035 1920 4091 quoque
1955 4034 2071 4077 tan-
2182 4018 2326 4088 apud
2359 4033 2460 4073 nos
2504 4018 2610 4072 alia
2665 4032 2858 4072 eorum
2894 4017 3183 4071 doctorum
3211 4015 3436 4085 antiqua
3473 4017 3755 4071 volumina

494 4120 662 4174 quam
712 4106 965 4162 homines
1005 4106 1062 4161 in
1119 4107 1451 4177 quibusdam
1497 4124 1686 4164 errare
1736 4114 2067 4181 potuerint:
2178 4111 2364 4180 lingua
2397 4110 2591 4164 Latina
2643 4111 2869 4179 scripta,
2921 4109 2988 4163 ad
3040 4124 3181 4179 qum.
3217 4110 3359 4164 facta
3393 4111 3757 4178 comparatio-

494 4204 590 4249 aut
619 4198 767 4265 quod
795 4197 1070 4267 reliquum
1104 4208 1157 4254 et
1189 4199 1413 4253 tertium
1447 4212 1556 4262 est,
1593 4216 1697 4256 nec
1742 4203 1796 4256 in
1830 4204 2069 4274 aliquem
2179 4219 2271 4267 ne,
2304 4218 2589 4272 possemus
2617 4202 3033 4273 deprehendere
3082 4218 3278 4258 eorum
3314 4204 3757 4273 corruptionem.

494 4286 817 4342 inciderunt
846 4304 1121 4354 errorem,
1169 4300 1225 4345 et
1257 4291 1476 4346 cunctis
1506 4307 1701 4346 eorum
1736 4295 1924 4349 verbis
1977 4311 2071 4350 ac-
2178 4296 2311 4362 Quae
2340 4296 2524 4350 omnia
2561 4311 2685 4350 cum
2718 4296 3227 4351 animadvertamus
3268 4306 3326 4350 et
3360 4305 3542 4350 mente
3598 4312 3761 4366 repe-

490 4380 931 4449 quiescendum;
972 4382 1089 4436 lta-c
1138 4390 1343 4447 tamen,
1380 4399 1504 4454 qum
1557 4383 1741 4439 Latini
1790 4388 2069 4457 produxe-
2182 4398 2383 4452 tamus,
2415 4402 2521 4441 non
2552 4387 2819 4458 eligamus
2853 4402 2975 4456 qua:
3020 4386 3207 4456 pejora
3240 4395 3391 4454 sunt,
3432 4400 3532 4441 nec
3561 4397 3757 4442 contra

491 4481 657 4537 runt,
729 4480 990 4543 tanquam
1050 4475 1269 4530 illorntn
1330 4487 1647 4532 sanctorum
1715 4481 2069 4546 testimonia,
2183 4498 2282 4536 nos
2317 4483 2466 4551 ipsos
2514 4480 2843 4534 sententiam
2895 4479 3176 4545 feramus;
3214 4480 3458 4534 nolimus
3508 4496 3610 4535 nec
3657 4497 3761 4537 nos

495 4578 607 4617 non
638 4579 707 4618 ex
737 4580 928 4618 eorum
978 4577 1164 4621 mente
1200 4570 1532 4637 procedunt,
1577 4586 1680 4624 nec
1716 4586 1909 4626 eorum
1944 4590 2073 4628 sen-
2108 4579 2150 4632 D
2182 4574 2352 4644 ipsos,
2391 4588 2493 4627 nec
2540 4574 2824 4626 nationem
2864 4581 3109 4626 nostram
3141 4572 3397 4642 prodere,
3429 4574 3606 4642 primo
3635 4576 3760 4643 qui-

497 4654 688 4707 tentize.
736 4665 888 4721 sunt,
920 4657 1016 4710 sed
1048 4656 1370 4713 Latinorum
1413 4662 1611 4715 horum
1662 4662 1939 4727 ﬁctiones.
1976 4664 2077 4717 ad-
2182 4668 2304 4720 dem
2346 4674 2659 4718 avertentes
2701 4679 2730 4718 a
2773 4664 3023 4730 veritate,
3092 4674 3148 4719 et
3184 4665 3397 4730 oculos,
3434 4680 3504 4719 ne
3536 4666 3762 4721 videant

499 4742 742 4799 ditiones
782 4755 838 4799 et
888 4749 1283 4815 appositioncs,
1347 4768 1510 4806 manu
1563 4762 1859 4823 menteque
1897 4754 2074 4807 aliena
2178 4758 2389 4823 lumen,
2429 4757 2753 4811 claudentes
2778 4773 2792 4823 ;
2822 4750 3022 4810 deinde
3059 4757 3281 4826 ipsinzet
3310 4759 3532 4828 propria
3558 4767 3761 4828 sponte

500 4833 656 4889 libris
688 4845 1011 4891 sanctorum
1071 4840 1360 4911 inscripta.
1394 4845 1462 4898 At
1497 4847 1801 4913 primorum
1840 4845 2076 4898 duorum
2180 4861 2373 4905 contra
2422 4864 2522 4903 nos
2562 4850 2714 4918 ipsos
2742 4862 2911 4903 omne
2964 4864 3138 4918 genus
3173 4850 3444 4904 malorum
3481 4866 3761 4905 aecum“-

502 4937 759 4981 neutrum
791 4940 942 4983 certe
994 4933 1136 4998 scio,
1167 4948 1268 4987 nec
1305 4952 1401 4990 vos
1440 4937 1786 5006 approbatis,
1818 4938 1922 4992 nisi
1951 4940 2080 5007 quis
2180 4943 2378 5005 lantes,
2415 4951 2472 4995 et
2522 4940 2902 5008 multipliciter
2957 4950 3126 4994 totam
3181 4951 3426 4995 nostram
3474 4942 3754 4997 nationem

502 5019 687 5074 omnia
721 5018 850 5075 ﬁdei
901 5032 1101 5077 nostra:
1150 5028 1525 5093 fundamenta,
1569 5029 1829 5085 Ecclesia:
1877 5041 2080 5102 myste—
2182 5035 2544 5088 oll‘endentes.
2580 5033 2715 5099 Quis
2741 5031 2887 5086 enim
2922 5032 3163 5102 ignorat,
3195 5050 3315 5102 qua:
3346 5036 3513 5088 etiam
3540 5043 3760 5103 tempo-

502 5113 605 5176 ria,
633 5122 689 5167 ct
718 5127 939 5169 omnem
976 5118 1261 5173 veritatem
1291 5131 1544 5176 evertere
1587 5124 1757 5178 velit:
1799 5125 2075 5195 reliqumn
2183 5130 2313 5182 ralia
2354 5128 2493 5179 mala
2553 5142 2621 5180 ex
2677 5126 2780 5178 hac
2830 5126 3103 5180 divisione
3138 5141 3239 5180 nos
3277 5136 3538 5181 secutura
3588 5129 3766 5181 sunt?

500 5223 633 5262 vero
693 5217 749 5262 et
800 5208 1019 5262 tertium
1079 5210 1367 5265 manifesta
1414 5214 1679 5279 stultitia,
1729 5218 2078 5286 apertissima
2181 5233 2304 5289 qua:
2357 5217 2981 5286 infortunia?quodque
3032 5233 3383 5273 communem
3438 5220 3648 5274 hostem
3705 5232 3763 5275 et

498 5300 716 5369 ignavia
753 5309 855 5366 est,
890 5302 935 5356 si
982 5310 1061 5355 tot
1108 5318 1299 5357 eorum
1332 5305 1521 5372 libros,
1568 5319 1647 5362 tot
1688 5324 1881 5363 eorum
1913 5327 2077 5380 Opera
2186 5312 2477 5366 inimicum
2524 5311 2682 5365 nobis
2711 5311 3017 5365 Turearum
3055 5312 3358 5382 principem
3390 5314 3761 5368 robustiorem

498 5395 807 5459 doctorum,
841 5404 921 5447 tot
950 5408 1139 5448 eorum
1188 5396 1422 5462 labores,
1469 5409 1547 5451 tot
1579 5401 1879 5468 volumina,
1935 5419 2078 5472 prm-
2183 5414 2377 5459 contra
2411 5418 2512 5456 nos
2567 5405 2716 5473 ipsos
2765 5402 3073 5458 ellicimus?
3115 5406 3167 5458 in
3207 5406 3569 5475 periculoque
3606 5416 3761 5468 sunt,

500 5486 691 5538 sertim
729 5487 1120 5555 antiquissima
1175 5504 1337 5543 manu
1393 5492 1655 5545 nonnulla
1709 5509 1903 5547 eorum
1942 5510 2078 5548 con-
2186 5506 2245 5550 ut
2273 5496 2499 5549 omnino
2532 5497 2643 5550 lere
2675 5508 2907 5566 pereant
2937 5498 3261 5567 quicunque
3300 5502 3468 5552 ritum
3505 5508 3759 5553 nostrum

499 5579 729 5647 scripta,
779 5590 833 5635 et
871 5596 968 5650 per
998 5592 1173 5636 totum
1206 5584 1396 5638 orbem
1443 5596 1715 5639 terrarum
1766 5602 1978 5656 sparsa,
2024 5597 2080 5642 et
2186 5600 2501 5658 sequuntur
2532 5588 2857 5656 Christiani,
2893 5605 3207 5659 nomenque
3236 5589 3440 5645 Christi
3479 5591 3595 5645 illic
3626 5599 3768 5644 tota-

500 5670 885 5737 multiplicata,
925 5689 1023 5741 per
1068 5675 1247 5745 ipsum
1289 5676 1418 5731 item
1448 5678 1797 5747 sequentium
1835 5678 1899 5731 ad
1940 5694 2078 5749 pr;e~
2184 5683 2312 5737 liter
2350 5682 2623 5735 deleatur.
2677 5679 2744 5735 Et
2792 5697 3231 5752 enumerassem,
3283 5694 3339 5739 et
3382 5683 3762 5754 deplorassem

498 5761 747 5815 ecdentia
781 5779 1091 5820 connexum
1126 5779 1181 5824 et
1209 5771 1680 5837 convenientiam,
1718 5772 1890 5842 ipsam
1930 5772 2079 5827 vcri-
2185 5786 2379 5826 omnes
2411 5772 2821 5838 particularins,
2857 5789 2978 5842 qua:
3014 5773 3212 5829 futurae
3242 5784 3369 5831 sunt
3413 5775 3621 5829 nationi
3664 5790 3767 5829 no-

501 5860 667 5905 tatcm
723 5853 843 5911 luce
892 5858 1097 5914 clarius
1138 5863 1533 5935 ostendentia,
1580 5866 1878 5921 temerario
1932 5881 2071 5922 ausu
2184 5875 2313 5919 sua:
2341 5862 2706 5929 calamitates,
2758 5880 2879 5933 quae
2911 5866 3128 5923 cunctis
3162 5868 3364 5923 nostris
3411 5865 3754 5935 hominibus,
