4136 6474
458 428 565 495 Galil

461 648 573 707 τοῖς
592 648 650 698 ἐν
690 645 950 713 ἀνατολῇ,
998 646 1108 705 τοῖς
1145 644 1199 695 ὲν
1234 644 1443 713 ἄρκτῳ,
1488 642 1583 694 καὶ
1635 642 1746 701 τοῖς
1775 641 1832 691 ὲν
1883 636 2035 689 δύσει

462 737 571 795 τοῖς
600 737 730 803 ἡμῖν
768 733 1120 803 όμογνώμοσί
1149 750 1208 786 τε
1238 734 1331 785 καὶ
1352 732 1674 801 όμόφροσιν,
1704 729 1803 797 οὐχ
1829 728 1930 781 ὅσα
1957 728 2038 785 είς

464 830 624 896 σῶμα
652 827 746 879 καὶ
777 826 845 878 τὰ
868 825 1157 894 σωματικὰ
1190 825 1524 894 ἀναφέρεται
1550 821 1730 891 μόνον,
1761 821 1821 872 ού
1847 818 2039 872 τοσοῦέ

462 937 552 970 τον
576 919 681 987 γὰρ
702 917 768 971 ἂν
790 913 856 987 ἧν
882 917 939 969 τὸ
968 917 1160 980 δεινὸν,
1193 916 1330 969 ἀλλὰ
1358 916 1453 967 καὶ
1479 914 1581 966 ὅσα
1616 915 1696 975 εἰς
1750 912 1933 981 ψυχήν
1977 924 2037 963 τε

464 1013 557 1062 καὶ
579 1009 679 1075 τὴν
740 1006 1024 1059 εὑσέὸειαν
1103 1006 1295 1070 τείνει,
1358 1004 1582 1057 πάντων
1629 1000 1815 1063 ἁπλῶς
1862 999 2040 1071 ἢτῶν

463 1101 744 1160 πλειόνων.
783 1100 892 1153 τῶν
925 1099 1023 1168 μὲν
1047 1098 1308 1163 ἑκόντων,
1345 1096 1453 1151 τῶν
1484 1095 1540 1148 δὲ
1566 1095 1809 1149 ἀκόντων
1843 1094 2041 1146 κινδυ-

464 1195 729 1246 νευόντων
754 1192 1068 1262 ὑπαχθῆναι
1090 1194 1155 1262 τῇ
1184 1190 1388 1269 πλάνῃ,
1412 1189 1507 1243 καὶ
1535 1189 1836 1256 ἀποστῆναι
1878 1185 2039 1252 Θεοῦ,

463 1287 510 1336 εἰ
540 1286 614 1355 μὴ
640 1284 775 1353 πρὸς
804 1284 1013 1346 εἰδότας
1032 1285 1059 1335 ό
1105 1282 1262 1350 λόγος
1292 1282 1526 1349 ἐγίνετο,
1569 1279 1665 1331 καὶ
1718 1277 1813 1331 τοῦ
1855 1277 2042 1344 λέγον-

462 1393 555 1438 τος
608 1376 814 1445 μᾶλλον
863 1374 1286 1444 ἐπισταμένους.
1330 1374 1425 1435 Τίς
1475 1374 1583 1441 γὰρ
1632 1371 1732 1424 οὑκ
1780 1365 1920 1423 οἶδεν
1966 1370 2040 1432 ὼς

466 1468 602 1538 μόνη
635 1468 734 1535 μὲν
764 1467 897 1537 ἡμῖν
925 1469 982 1519 ὲν
1008 1465 1282 1528 κινδύνοις
1308 1465 1602 1534 καταφυγὴ
1625 1463 1687 1516 τὸ
1709 1463 1819 1517 τῶν
1875 1462 2043 1515 Λατί-

466 1579 571 1614 νων
592 1561 749 1627 γένος
784 1557 1139 1611 κατελείπετο
1185 1557 1282 1611 καὶ
1338 1558 1530 1627 ἡμετ’
1583 1555 1767 1610 αὐτῶν
1822 1556 2039 1621 ἓνωσις,

466 1651 680 1703 ἐκεῖθεν
710 1650 993 1714 ἐλπίζουσι
1036 1649 1179 1718 σφᾶς
1204 1649 1404 1711 αὑτοὺς
1462 1647 1895 1718 ἀνακτήσεσθαι,
1945 1647 2041 1700 καὶ

464 1744 588 1806 τοὺς
608 1740 839 1811 ἐχθροὺς
901 1740 1398 1806 καταγωνιεῖσθαι,
1475 1740 1635 1809 μόνον
1664 1739 1720 1791 δὲ
1753 1739 1830 1807 τῷ
1881 1739 2041 1794 πολει-

467 1836 577 1905 μίῳ
605 1834 764 1887 τούτο
797 1834 1071 1905 φόϐητρόν
1111 1829 1199 1903 ἦν,
1230 1833 1427 1903 ἐπέχον
1453 1832 1617 1885 αὑτὸν
1656 1831 1907 1886 ὁπωσοῦν
1944 1833 2043 1903 τῆς

1449 428 1734 490 ORATIO
1786 427 2229 486 poenarum
2275 427 2421 486 mo
2471 412 2797 485 UNtON’it.

461 562 593 615 ν-ιις,
625 554 743 614 τοῖς
773 569 829 604 τε
867 553 924 605 ἐν
956 553 1160 620 νήσοις,
1214 548 1322 613 τοῖς
1356 567 1413 602 τε
1463 552 1519 602 ὲν
1570 552 1691 610 ταῖς
1750 546 2032 616 ἠπείροις,
2067 554 2109 606 Α
2141 544 2375 615 ψυχικῆς
2410 544 2617 615 βλὰῧης
2654 544 2930 613 ἐλώμεοαδ
2973 543 3069 595 καὶ
3094 534 3309 608 τάληθῆ
3335 552 3396 599 τε
3446 535 3539 587 καὶ
3569 534 3720 585 εὗσε⁴
3778 568 3785 571 -
3868 576 3873 581 -

3614 411 3721 475 (5ίο

2143 637 2214 706 ϐῆ
2253 637 2600 705 φρονούντων
2632 636 2832 697 αὐτῶν,
2868 634 2963 687 καὶ
2992 633 3147 685 οὐδὲν
3182 628 3559 695 πλανωμένων
3590 624 3722 692 περὶ
3750 664 3753 667 .

2142 727 2242 797 τὴν
2270 728 2474 792 πίστιν,
2509 727 2666 797 εἴπερ
2700 725 2826 795 μηδ’
2857 728 2905 778 οἱ
2943 723 3185 793 Πατέρες
3218 721 3376 790 ἡμῶν
3405 717 3499 769 καὶ
3537 714 3720 767 αὑτῶν

2142 820 2237 873 καὶ
2291 819 2630 883 διδάσκαλοι,
2688 817 3129 888 συμφωνούντων
3165 813 3221 867 δὲ
3281 811 3376 866 καὶ
3432 810 3502 879 τῇ
3563 806 3719 876 ἡμῶν

2155 911 2453 982 Ἐκκλησία
2484 913 2578 964 καὶ
2614 912 2726 972 τοῖς
2755 910 2934 977 ἁγίοις
2979 908 3072 960 καὶ
3129 904 3481 964 διδασκάλοις
3516 901 3627 962 τοῖς
3659 898 3718 961 ἐξ

2153 999 2347 1071 Ἐᾠας,
2373 1002 2533 1070 ἡμεῖς
2555 1000 2648 1052 ἐπὶ
2675 1002 2829 1069 κακῷ
2860 996 2939 1068 τῷ
2965 996 3215 1066 σφετέρῳ
3235 993 3579 1063 διαιρεθῆναι
3606 989 3717 1042 τῶν

2143 1093 2401 1146 τοιούτων
2435 1092 2647 1161 ἀνδρῶν
2688 1091 3096 1157 δικαιώσωμεν.
3151 1088 3361 1149 Αὐτοὺς
3436 1084 3547 1154 μὲν
3606 1081 3716 1149 γὰρ

2143 1188 2254 1248 τοῖς
2289 1186 2347 1251 ἐξ
2384 1184 2662 1254 Ἐσπέρας
2695 1184 2978 1253 Πατράσιν
3030 1182 3256 1235 ἕπεσθαι
3293 1180 3565 1248 φανερῶς,
3622 1176 3720 1230 καὶ

2147 1278 2304 1347 ὑμεῖς
2327 1272 2424 1329 οἷδ’
2447 1277 2527 1328 ὅτι
2560 1277 2756 1345 ἐρεῖτε·
2788 1274 3008 1337 τούτους
3037 1275 3092 1327 δὲ
3118 1274 3231 1333 τοῖς
3277 1272 3338 1334 ἐξ
3380 1271 3551 1339 Ἐᾡας
3579 1286 3721 1337 συμ-

2147 1369 2375 1431 ϐαίνειν,
2402 1366 2636 1420 ἐνταῦθα
2670 1366 2759 1419 διὰ
2783 1365 3034 1437 βραχέων
3068 1365 3143 1427 ὡς
3173 1364 3291 1416 ἐνὸν
3318 1361 3720 1416 ἀποδέδεικται·

2146 1461 2220 1526 ὡς
2246 1455 2387 1513 εἶναι
2442 1461 2631 1513 λοιπὸν
2692 1458 2933 1529 φανερὸν
2982 1460 3173 1521 πᾶσιν,
3229 1455 3429 1517 αὐτοὺς
3490 1452 3722 1506 ἔπεσθαι

2145 1557 2259 1618 τοῖς
2280 1538 2457 1621 ἁγίοις
2488 1554 2735 1612 Δντικοίς
2769 1568 2825 1603 τε
2874 1552 2989 1621 ἅμα
3014 1549 3109 1602 καὶ
3133 1547 3500 1610 Ἀνατολικοίς
3522 1547 3723 1607 κοινοῖς

2145 1645 2265 1700 οὖσι
2297 1644 2540 1714 ῐῐατράσι
2574 1645 2667 1698 καὶ
2688 1643 3055 1705 διδασκάλοις.
3121 1640 3269 1710 Ποίῳ
3296 1638 3476 1693 τοίνυν
3525 1636 3727 1705 δικαίῳ

2147 1740 2256 1793 τῶν
2284 1739 2544 1792 τοιούτων
2566 1736 2972 1806 διασταίημεν;
3008 1735 3168 1788 Τίσιν
3222 1731 3606 1803 εὐπροσώποις
3635 1729 3726 1781 λό-

2149 1850 2269 1900 γοις
2296 1834 2397 1902 τὴν
2457 1831 2639 1884 αὐτῶν
2691 1828 2969 1900 φύγοιμεν
3032 1825 3363 1892 κοινωνίαν;
3427 1823 3565 1878 Ποία
3599 1823 3727 1891 ἡμῖν

471 1926 669 1993 μανίας
692 1924 790 1993 τῆς
814 1924 937 1976 καθ’
964 1926 1142 1995 ἡμῶν,
1170 1925 1267 1977 καὶ
1301 1926 1534 1992 ἠρεμεῖν
1582 1924 1897 1991 ἀναγκάζον
1946 1927 2043 1978 καὶ
2074 1893 2119 1953 Β
2152 1925 2312 1995 ἱκανὴ
2344 1924 2481 1995 πρὸς
2502 1923 2636 1976 Θεὸν
2668 1923 2822 1977 ἔσται
2853 1921 3126 1990 ἀπολογία
3178 1919 3275 1974 τοῦ
3334 1916 3591 1975 τοσούτου
3628 1932 3728 1969 κα-
3786 1952 3797 1961 .

470 2015 547 2085 μὴ
604 2015 968 2085 βουλόμενον;
1032 2009 1093 2069 οὑ
1126 2013 1294 2067 τανῦν
1343 2018 1750 2085 γυμνωθέντες,
1786 2018 1881 2069 ποῖ
1906 2033 2044 2070 ποτε

469 2108 812 2176 φευξόμεοα;
850 2108 946 2169 Τίς
971 2106 1278 2177 ἡμῖνέσται
1313 2107 1421 2160 τῶν
1472 2108 1660 2161 κακῶν
1708 2109 1902 2173 λύσις;
1949 2108 2045 2170 Τίς

469 2200 758 2271 ἀπαλλαγὴ
787 2199 895 2253 τῶν
924 2199 1156 2263 εεινῶνς
1211 2199 1319 2250 Καὶ
1352 2200 1401 2251 εί
1432 2201 1532 2266 μὲν
1567 2200 1777 2270 πλάνην
1834 2200 2042 2269 δογμά-

474 2311 580 2345 των
619 2294 651 2364 il
677 2293 1012 2363 διαςτροφὴν
1041 2292 1279 2354 πίστεως
1309 2293 1421 2346 τῶν
1442 2292 1691 2347 Λατίνων
1747 2290 2047 2361 κατεγινώ-

476 2385 824 2453 σκομεν,οὑκ
869 2385 935 2438 ἂν
964 2386 1075 2440 οὐδ’
1103 2387 1266 2451 αὑτὸς
1305 2389 1434 2459 ὑμῖν
1488 2384 1892 2440 συνεσούὶευσα
1945 2384 2048 2454 τὴν

474 2476 591 2545 μετ’
626 2477 803 2529 αὑτῶν
833 2477 1183 2531 ἀσπάσασθαι
1210 2479 1422 2546 ἕνωσιν,
1482 2480 1578 2533 ml
1604 2478 1777 2542 οὑτως
1830 2477 2048 2547 ἔχουσιν

472 2567 769 2636 ὁμονοῆσαι
796 2570 981 2634 αὐτοῖς
1018 2571 1088 2625 τὰ
1121 2573 1414 2641 σωματικὰ
1458 2572 1705 2634 δεδιότας
1734 2570 1923 2639 δεινὰ,
1954 2571 2049 2621 καὶ

478 2659 876 2731 προελομένους
925 2664 1035 2718 τῶν
1084 2665 1473 2733 πνευματικῶν
1523 2665 1593 2717 τὰ
1642 2662 1910 2733 παρόντα,
1954 2660 2049 2713 καὶ

476 2750 573 2819 τῆς
597 2754 689 2819 τῆς
723 2752 903 2823 ψυχῆς
944 2754 1282 2825 βελτιώσεως
1310 2759 1410 2829 τὴν
1438 2756 1548 2810 τῶν
1580 2758 1851 2826 σωμάτων
1900 2756 2048 2807 ἐλευ-

476 2839 686 2909 θερίαν·
721 2842 860 2894 ἀλλὰ
886 2846 1155 2916 πρότερον
1187 2846 1253 2900 ἂν
1282 2849 1461 2901 πάντα
1505 2848 1668 2910 αὐτός
1707 2864 1768 2900 τε
1804 2846 2049 2916 ὑπέστην

474 2935 541 2985 τὰ
588 2933 860 3003 χείριστα,
898 2936 1028 3006 ὑμῖν
1074 2938 1378 3010 ὑπεθέμην,
1434 2940 1467 3011 ἢ
1528 2942 1714 3004 αὑτοῖς
1775 2933 2048 3010 ἑνωθῆναι

478 3025 791 3095 πίιοέτρεψα
816 3030 910 3081 καὶ
939 3030 1009 3084 τά
1032 3046 1095 3099 γε
1120 3031 1344 3085 τοιαῦτα
1380 3034 1782 3086 συνεόούλευσα
1807 3032 1895 3087 ἄν.
1933 3032 2050 3085 Νῦν

468 3120 528 3173 δὲ
553 3121 671 3186 δέος
703 3126 957 3195 ἐφέρπει,
992 3128 1068 3197 μὴ
1106 3129 1206 3199 τὴν
1246 3130 1567 3201 σωματικὴν
1616 3131 1760 3201 μετᾶ
1795 3132 1893 3186 καὶ
1949 3131 2049 3201 τῆς

470 3328 563 3398 qui
597 3328 649 3383 in
690 3329 904 3394 insulis,
933 3331 1029 3400 qui
1062 3332 1267 3403 ubique
1298 3345 1596 3403 terrarum,
1625 3335 1719 3405 qui
1748 3335 2044 3401 orientem,

470 3421 565 3488 qui
618 3423 1091 3490 septentrionem,
1154 3426 1249 3495 qui
1302 3428 1650 3483 occidentem
1709 3427 2044 3494 inhabitant,

471 3513 874 3584 nobiscumque
906 3514 962 3569 in
994 3516 1102 3569 ritu
1138 3520 1502 3586 conveniunt,
1560 3534 1670 3574 non
1702 3519 1827 3575 dico
1866 3521 2047 3574 solum

471 3621 593 3674 qua:
657 3606 724 3660 ad
790 3610 1103 3677 corporalia
1155 3626 1357 3680 resque
1416 3612 1752 3681 temporales
1804 3613 2045 3667 attinent

474 3703 606 3769 (non
640 3701 790 3755 enim
836 3705 973 3758 tanti
1005 3714 1192 3759 essent
1222 3704 1609 3775 aestimandae),
1636 3721 1827 3759 verum
1862 3705 2033 3760 etiam

472 3810 594 3863 quae
652 3794 721 3848 ad
768 3796 1007 3850 animam
1038 3806 1096 3850 et
1139 3797 1511 3866 integritatem
1546 3797 1674 3852 ﬁdei
1721 3798 2045 3867 pertinent;

470 3903 595 3942 cum
644 3903 839 3943 oinnes
888 3889 1236 3958 simpliciter,
1286 3899 1381 3943 aut
1428 3889 1604 3959 major
1651 3904 1846 3944 eorum
1898 3907 2044 3960 pars,

475 3982 672 4051 partim
716 3992 934 4052 sponte,
973 3983 1172 4053 partim
1206 3983 1278 4049 vi,
1315 3981 1697 4051 periclitentur
1723 3981 1986 4036 aberrare
2016 3998 2048 4037 a

479 4078 602 4139 fide,
666 4078 981 4147 relinquere
1038 4076 1233 4142 Deum,
1291 4086 1349 4131 et
1394 4076 1680 4131 erroribus
1735 4075 2046 4130 infidelium

474 4168 807 4223 consentire.
849 4168 1172 4223 Narrassem
1216 4169 1353 4234 haec,
1391 4169 1639 4237 inquam,
1677 4167 1887 4233 omnia,
1938 4166 2046 4220 nisi

472 4273 570 4312 vos
601 4259 931 4327 alloqnerer,
976 4259 1072 4328 qui
1102 4259 1288 4312 omnia
1333 4258 1530 4313 melius
1561 4272 1648 4312 me
1678 4258 1874 4312 nostis.
1913 4255 2049 4322 Quis

469 4354 616 4408 enim
652 4354 827 4407 nescit
859 4353 1007 4421 quod
1064 4353 1242 4407 solum
1281 4353 1443 4407 nobis
1474 4352 1728 4408 relictum
1766 4352 2045 4421 refugium

468 4452 585 4496 erat
627 4441 948 4494 Latinorum
982 4442 1225 4496 amicitia
1256 4450 1313 4495 et
1345 4442 1475 4495 unio
1522 4456 1648 4495 cum
1698 4443 1780 4495 eis
1830 4440 2042 4505 futura,

473 4540 572 4588 hac
611 4551 666 4588 re
702 4534 1058 4602 sperantibus
1107 4543 1164 4586 et
1217 4547 1318 4586 nos
1371 4531 1523 4601 ipsos
1566 4534 1708 4586 tueri
1763 4548 1943 4602 posse,
1990 4542 2049 4587 et

466 4629 653 4682 hostes
683 4626 1013 4690 devincere;
1046 4626 1309 4694 quodque
1340 4624 1447 4679 hoc
1476 4625 1652 4679 solum
1692 4625 1910 4680 hostem
1948 4626 2046 4681 dc-

469 4720 730 4783 terrebat,
768 4726 824 4772 et
855 4717 975 4787 ejus
1005 4726 1197 4771 contra
1250 4732 1353 4771 nos
1383 4717 1626 4772 furorem
1662 4719 2039 4772 rel‘rznnabat?

464 4828 572 4879 qua
606 4824 663 4862 re
712 4810 758 4863 si
808 4823 956 4861 nunc
993 4807 1360 4877 privabimur,
1405 4822 1516 4877 quo
1564 4808 1882 4877 fugiemus‘!
1919 4811 2041 4877 qui-

464 4919 588 4955 mun
622 4912 824 4955 nostra:
872 4900 1204 4953 calamitatis
1235 4900 1361 4954 finis
1389 4901 1539 4954 erit?
1589 4903 1716 4971 quis
1767 4902 2039 4957 malorum

463 4999 687 5050 OMNIS?
717 4994 785 5047 Et
811 4994 855 5046 si
883 5008 1071 5046 errare
1103 4992 1326 5061 quidem
1364 4991 1613 5060 Latinos,
1652 5004 1707 5049 et
1744 5011 1771 5048 a
1804 4996 2041 5050 veritate

461 5097 711 5138 ater-tere
775 5082 1365 5150 deprebemlissemus,
1434 5098 1541 5138 nec
1601 5085 1729 5155 ipse
1787 5087 2043 5156 profecto

465 5180 623 5232 Vobis
670 5176 1071 5230 consuluissem
1112 5176 1193 5229 eis
1241 5177 1316 5230 ita
1381 5192 1440 5231 se
1482 5177 1821 5236 habentibus
1872 5182 2040 5245 uniri,

467 5270 850 5336 temporalium
910 5268 1602 5334 amissionedcterritos,
1687 5282 1744 5325 et
1812 5273 2041 5342 majoris

466 5362 756 5432 praesentia
804 5376 970 5429 quam
1020 5361 1225 5425 futura,
1268 5377 1569 5433 corporum
1612 5381 1777 5433 quam
1829 5370 2041 5421 animm

464 5471 582 5507 rum
635 5454 1021 5525 liberationem
1072 5454 1255 5509 facere
1305 5456 1560 5511 hortatus
1606 5461 1857 5523 fuissem,
1929 5461 2039 5514 illm

464 5566 593 5604 \ero
620 5561 677 5602 et
713 5550 827 5619 ipse
860 5549 1043 5603 omnia
1073 5565 1417 5621 quaecunque
1450 5556 1647 5609 acerba
1696 5557 1882 5624 potius
1917 5572 2039 5611 sus-

465 5642 777 5709 tinuissent,
804 5652 862 5697 ct
909 5643 1084 5709 vobis,
1131 5654 1189 5697 ut
1232 5647 1374 5713 passi
1406 5645 1676 5713 fuissetis,
1727 5650 2043 5705 consuluis-

463 5750 601 5797 sem,
640 5750 804 5804 quam
836 5751 960 5789 cum
1002 5735 1085 5788 eis
1120 5737 1265 5789 uniri
1300 5753 1408 5790 non
1463 5749 1610 5793 recte
1663 5743 2036 5809 sapientibus.

464 5828 618 5880 hunc
655 5842 786 5883 vero
822 5828 1121 5881 timendum
1171 5841 1274 5892 est,
1309 5844 1364 5882 et
1397 5832 1620 5898 quidem
1654 5837 2011 5890 vehementer

704 5931 970 5992 ΡΑτιιυι..
1019 5936 1132 5994 Gn.
1173 5934 1373 5993 CLXI.

2016 6018 2046 6025 ,-

2077 3240 2124 3301 C

2148 2016 2245 2069 κοῦ
2273 2017 2373 2085 τῆς
2403 2017 2514 2071 τῶν
2543 2016 2791 2086 ἀδελφῶν
2844 2016 3187 2087 διαιρέσεως,
3246 2017 3315 2087 ἢν
3369 2013 3511 2068 ὥστε
3561 2010 3726 2072 αὑτὸς

2148 2107 2361 2161 ἀνελεῖν
2384 2109 2622 2179 Χριστὸς
2653 2108 2748 2161 καὶ
2789 2108 2999 2172 πάντας
3031 2107 3259 2173 ἐνῶσαι,
3329 2102 3569 2173 κατῆλθε
3628 2102 3727 2155 καὶ

2151 2198 2467 2270 έσαρκώθη,
2500 2202 2595 2254 καὶ
2631 2202 2869 2271 σταυρὸν
2928 2200 3281 2269 κατεδέξατο,
3327 2199 3427 2252 καὶ
3480 2198 3729 2267 παρέδω-

2150 2308 2245 2344 κεν
2296 2293 2521 2359 ἑαυτόνς
2575 2292 2715 2346 Ποία
2773 2294 2831 2347 δὲ
2881 2295 2962 2357 είς
3007 2292 3111 2354 τὰς
3173 2292 3478 2364 μετέπειτα
3531 2292 3729 2361 γενεὰς

2148 2382 2331 2453 ἡμῶν,
2371 2383 2573 2454 μᾶλλον
2598 2383 2655 2438 δὲ
2678 2386 2760 2448 είς
2793 2386 2892 2449 τὰς
2921 2384 3017 2437 νῦν
3050 2382 3258 2450 οὑσαςς
3326 2383 3404 2438 Οὑ
3433 2383 3543 2454 γὰρ
3612 2377 3731 2436 οῖδα

2152 2479 2200 2528 εἰ
2232 2478 2327 2530 καί
2364 2494 2416 2531 τι
2436 2476 2531 2530 τοῦ
2561 2478 2838 2549 ἡμετέρου
2866 2478 3039 2547 φύλου
3066 2478 3221 2532 ἔσται
3257 2477 3560 2548 μετέπειτα
3587 2475 3728 2548 ὑπὶρ

2152 2560 2229 2621 ὧν
2257 2569 2511 2638 μεγάλων
2550 2570 2645 2623 καὶ
2673 2568 2887 2622 πολλῶν
2913 2569 3130 2633 ἑκόντες
3188 2570 3377 2632 αὑτοῖς
3427 2568 3730 2640 συμφορῶν

2152 2659 2520 2730 ἐπιφέρομεν.
2549 2660 2663 2731 Μὴ,
2704 2658 2942 2732 πατέρες
2995 2659 3090 2713 καὶ
3140 2659 3380 2728 ἀδελφοὶ,
3420 2658 3496 2729 μὴ
3524 2658 3733 2728 ταύτης

2152 2751 2252 2821 τῆς
2280 2751 2509 2822 γνώμης
2537 2752 2854 2822 γενώμεθαο
2892 2752 2967 2823 μὴ
2994 2748 3138 2805 οὑτω
3164 2751 3352 2815 κακῶς
3398 2753 3530 2822 περὶ
3572 2752 3732 2821 ἡμῶν

2152 2845 2336 2898 αὑτῶν
2356 2845 2798 2916 βουλευσώμεθα·
2823 2846 2899 2918 μὴ
2928 2846 3082 2900 λύκοι
3108 2846 3230 2900 ἀντὶ
3256 2846 3531 2917 ποιμένων
3552 2844 3732 2915 ὀφθῶ-

2157 2956 2257 3005 μεν
2290 2943 2404 3001 τοῖς
2438 2938 2727 3009 βλέπουσιν
2758 2941 2837 3002 εἰς
2866 2936 3035 3009 ἡμᾶς’
3069 2940 3144 3008 μὴ
3175 2939 3272 2993 καὶ
3297 2939 3397 3001 τὰς
3423 2938 3599 3009 ψυχὰς
3629 2940 3733 2993 αὑ-

2153 3031 2265 3093 τοῖς
2314 3030 2676 3101 ἀπολέσωμεν
2722 3031 2816 3085 καὶ
2867 3034 2933 3085 τὰ
2990 3032 3220 3102 σώματα
3272 3032 3564 3101 προδόντες
3616 3032 3732 3093 τοῖς

2156 3122 2467 3194 πολεμίοις.
2510 3121 2654 3195 Ἐγὼ
2678 3128 2809 3196 γὰρ,
2843 3123 2939 3178 καὶ
2971 3124 3117 3178 ἔστω
3149 3142 3241 3195 μοι
3296 3117 3453 3189 οὑτος
3490 3126 3518 3178 ό
3575 3124 3734 3194 λόγος

2154 3348 2224 3387 ne
2261 3332 2510 3402 corporis
2545 3348 2767 3402 quoque
2820 3332 3051 3387 exitium
3086 3347 3193 3387 una
3226 3344 3352 3387 cum
3383 3332 3556 3386 animi
3594 3333 3735 3386 intc—

2155 3423 2265 3476 ritu
2294 3423 2461 3477 etiam
2492 3423 2786 3492 eligamus,
2842 3423 3118 3492 siquidem
3147 3438 3270 3493 qua:
3302 3438 3452 3489 vera,
3492 3439 3614 3493 qua:
3645 3425 3735 3494 pia

2153 3525 2305 3574 sunt,
2334 3525 2387 3568 et
2417 3514 2557 3568 nihil
2584 3530 2881 3570 erroneum
2908 3507 3121 3572 Latinis
3150 3497 3519 3589 sapientibus,
3543 3533 3737 3587 quem-

2152 3606 2449 3660 admodum
2502 3608 2692 3662 Patres
2740 3623 2935 3663 eorum
2985 3617 3042 3665 et
3098 3612 3293 3678 nostri,
3348 3612 3733 3670 Occidentales

2152 3699 2413 3753 videlicet
2453 3700 2738 3768 doctores,
2792 3716 2855 3756 ac
2910 3702 3291 3759 Orientalibus
3340 3709 3732 3763 communibus

2152 3792 2409 3849 Patrihus
2452 3793 2647 3847 eadem
2693 3803 2750 3848 et
2798 3804 3173 3851 consentanea
3228 3797 3564 3868 dicentibus,
3630 3819 3732 3858 nos

2152 3885 2378 3955 proprio
2424 3896 2619 3940 nostro
2655 3887 2799 3940 malo
2848 3888 3058 3958 absque
3111 3890 3221 3944 ulla
3257 3892 3471 3949 ratione
3521 3897 3591 3951 ab
3642 3897 3726 3952 eis

2152 3978 2321 4032 dividi
2371 3977 2657 4032 vellemus.
2700 3978 2856 4044 Quod
2897 3980 3043 4033 enim
3076 3981 3181 4048 ipsi
3209 3981 3590 4042 Occidentales
3625 3986 3729 4042 Pa-

2155 4079 2267 4122 tres
2299 4078 2633 4138 sequuntur,
2670 4085 2771 4123 vos
2818 4085 3042 4139 quoque
3071 4071 3290 4128 dicetis.
3326 4073 3483 4140 Quod
3535 4089 3720 4134 autem

2152 4160 2231 4216 illi
2264 4161 2459 4215 eadem
2500 4176 2627 4214 cum
2663 4161 3043 4217 Orientalibus
3075 4166 3311 4235 sapiant,
3347 4169 3447 4223 liae
3493 4171 3549 4224 in
3604 4188 3730 4227 ora-

2154 4254 2305 4308 tione
2335 4254 2580 4309 breviter
2606 4266 2662 4309 et
2691 4255 3041 4311 sufficienter
3069 4258 3361 4326 probatum
3395 4276 3504 4329 est,
3562 4265 3634 4320 ita
3671 4278 3732 4323 ut

2151 4347 2407 4401 omnibus
2449 4346 2804 4403 manifestum
2840 4349 2911 4402 sit
2954 4349 3182 4406 Latinos
3212 4367 3423 4420 omnes,
3477 4364 3590 4412 tum
3621 4357 3725 4415 Oc-

2151 4440 2476 4507 cidentales,
2550 4451 2664 4495 tum
2734 4442 3047 4498 Orientales
3110 4444 3301 4501 Patres
3370 4451 3567 4518 sequi,
3628 4456 3730 4521 qui

2153 4548 2476 4588 communes
2522 4535 2770 4604 utrisque
2805 4536 3063 4591 doctores
3105 4545 3162 4591 et
3199 4537 3390 4593 Patres
3421 4552 3573 4595 sunt.
3608 4546 3725 4610 Qua

2153 4625 2323 4695 igitur
2357 4628 2573 4682 ratione
2600 4644 2630 4681 a
2663 4627 2865 4681 talibus
2898 4628 3031 4683 viris
3059 4628 3496 4689 dissidebimus?
3548 4636 3721 4702 Quam

2150 4720 2563 4774 excusatiOnezn
2615 4719 2815 4775 aflerre
2867 4721 3191 4790 poterimus,
3245 4740 3347 4779 cur
3394 4728 3480 4782 eis
3529 4744 3731 4788 conve-

2150 4812 2270 4865 nire
2304 4812 2583 4866 nolimus?
2610 4810 2742 4877 Qua:
2778 4811 2939 4866 nobis
2984 4813 3337 4882 relinquetur
3366 4819 3513 4888 apud
3552 4823 3722 4877 Deum

2110 4937 2114 4941 ς
2151 4904 2458 4972 responsio,
2491 4920 2668 4973 quare
2700 4920 2730 4958 a
2760 4904 3031 4960 fratribus
3060 4907 3225 4963 divisi
3256 4908 3550 4977 fuerimus,
3584 4932 3727 4984 quos

2151 5008 2209 5049 ut
2255 4990 2460 5064 ﬁniret,
2507 5006 2562 5051 et
2596 4996 2661 5050 ad
2699 5013 2868 5052 unum
2916 4998 3063 5055 ovile
3115 5000 3413 5072 redigeret,
3451 5005 3570 5075 ipse
3629 5011 3728 5064 de-

2148 5090 2365 5145 scendit
2411 5093 2480 5145 de
2525 5090 2702 5156 ccelis,
2758 5091 3103 5159 incarnatus,
3145 5103 3203 5147 et
3249 5096 3547 5152 crucifixus
3603 5104 3728 5155 cst?

2148 5182 2279 5247 Qum
2313 5194 2504 5236 nostra
2541 5182 2793 5237 defensio
2836 5183 2982 5252 apud
3034 5195 3287 5253 posteros
3319 5192 3574 5244 nostros?
3612 5192 3724 5244 inm

2147 5294 2280 5331 vero
2332 5276 2474 5346 apud
2535 5286 2837 5345 praesentes
2898 5277 3153 5335 homines
3210 5280 3473 5335 nostros?
3526 5283 3726 5340 Nescio

2148 5372 2320 5434 enim,
2353 5386 2420 5423 an
2456 5370 2641 5439 aliqua
2677 5379 2867 5423 nostra
2898 5373 3196 5439 posteritas
3224 5373 3331 5427 erit
3369 5375 3437 5430 de
3468 5384 3576 5430 tam
3607 5394 3721 5433 ma-

2147 5475 2271 5529 gna,
2310 5470 2417 5513 tarn
2453 5462 2605 5528 gravi
2656 5458 2994 5525 calamitate,
3033 5469 3115 5514 tot
3161 5463 3449 5531 periculis,
3485 5482 3608 5535 qua:
3642 5471 3726 5524 eis

2149 5551 2470 5621 ingerimus.
2501 5550 2620 5605 Non
2655 5551 2931 5619 patiamur
2962 5552 3098 5618 liam,
3122 5552 3317 5609 Patres
3338 5558 3535 5627 optimi
3562 5576 3579 5613 :
3609 5576 3719 5616 non

2149 5645 2453 5697 habeamus
2484 5642 2629 5696 hanc
2674 5641 3009 5697 sententiam
3041 5660 3053 5696 :
3092 5659 3201 5699 non
3234 5647 3310 5701 ita
3362 5650 3504 5705 male
3551 5653 3724 5708 nobis

2147 5738 2500 5794 Consulamus
2538 5744 2594 5789 et
2621 5734 2830 5789 nostris
2859 5753 2872 5788 :
2923 5735 3167 5792 nolimus
3211 5740 3327 5811 lupi
3362 5758 3462 5812 pro
3490 5748 3727 5815 pastori-

2150 5839 2251 5892 bus
2307 5833 2415 5887 illis
2457 5830 2599 5895 ficri,
2648 5827 2743 5899 qui
2794 5827 2862 5883 ad
2912 5843 3014 5883 nos
3072 5833 3417 5903 respiciunt:
3471 5854 3582 5893 non
3632 5853 3728 5895 cos

3217 5926 3290 5988 20
