4136 6408
517 355 625 425 623

1489 356 1787 422 ORATIO
1834 352 2275 421 DOGMA'FICA
2324 363 2468 422 PRO
2514 364 2806 424 UN‘I()NE

3678 366 3785 430 διε

520 485 680 548 dens,
742 496 807 535 eo
859 480 987 549 quia
1030 479 1097 533 ad
1150 478 1368 533 Graueos
1421 478 1707 548 loquebar,
1764 480 1962 548 quibus
2010 480 2102 533 illa
2137 489 2175 543 Λ
2211 496 2361 535 rores
2390 482 2535 535 illius
2561 482 3027 545 anathernati’zat‘;
3054 496 3287 550 quorum
3328 482 3379 535 in
3414 496 3560 537 nono
3592 495 3785 538 contra

524 588 651 628 nuta
682 582 842 628 erant
870 589 881 625 :
930 571 1246 636 sciendum,
1283 570 1430 639 quod
1467 585 1591 623 eum
1624 569 1881 624 doctores
1913 570 2103 624 dicant

514 666 793 738 Spiritum
848 674 1196 721 sanctum'ex
1240 664 1399 718 Patre
1434 678 1534 733 per
1566 662 1764 717 Filium
1802 665 2103 732 procedere

524 758 614 813 vel
645 756 943 827 proﬂuere,
985 765 1042 810 et
1091 764 1289 810 caetera
1320 754 1556 819 similia;
1588 763 1643 807 et
1670 767 1738 807 ex
1790 752 1894 808 hoc
1938 769 2105 824 appa-

529 858 646 904 reat
697 848 900 903 Filium
953 862 1176 917 quoque
1236 845 1486 916 Spiritus
1551 844 1888 915 principium
1944 860 2101 910 esse,

511 940 674 1013 ~quod
722 948 916 996 contra
955 954 1054 995 eos
1096 938 1265 1003 facit;
1315 938 1402 993 his
1452 947 1693 1007 quatuor
1743 937 2105 993 evasionibus

512 1038 669 1092 lianc
694 1035 993 1090 veritatem
1024 1030 1265 1086 evadere
1286 1038 1578 1084 conantur.
1618 1029 1805 1084 Primo
1835 1043 2101 1097 namque,

522 1144 648 1184 cum
686 1127 975 1183 rarissime
1003 1125 1194 1181 dicant
1222 1124 1506 1187 doctores,
1538 1122 1808 1192 Spiritum
1851 1132 2104 1176 sanctum

522 1236 590 1275 ex
650 1220 811 1275 Patre
870 1233 969 1289 per
1016 1217 1217 1272 Filium
1257 1216 1576 1285 procedere,
1620 1213 1923 1282 smpissime
1976 1227 2105 1265 vero

514 1311 694 1375 anitti,
735 1309 1037 1381 proﬂuere,
1072 1307 1319 1377 prodire,
1353 1320 1633 1370 emanare,
1668 1304 1962 1369 scaturire,
1994 1305 2104 1359 ori-

524 1402 594 1462 ri.
640 1410 697 1457 et
742 1400 1089 1472 hujusmodi,
1120 1398 1372 1453 fecerunt
1422 1397 1525 1452 sibi
1563 1397 1703 1452 hanc
1737 1397 2106 1452 voluntariam

523 1493 964 1555 distinctionem,
1020 1488 1171 1560 quod
1215 1489 1473 1543 videlicet
1528 1488 1757 1544 verbum
1804 1489 2105 1558 procedere

523 1587 796 1640 duntaxat
840 1582 1181 1653 signiﬁcaret
1222 1580 1621 1651 hypostaticam
1653 1589 1708 1635 et
1754 1580 2103 1650 pe‘rsonalem

524 1678 763 1747 Spiritus
795 1675 975 1730 sancti
1002 1673 1411 1728 emanationem
1443 1691 1455 1725 :
1488 1681 1689 1728 caetera
1748 1686 1883 1727 vero
1940 1687 2107 1726 voca-

526 1768 676 1832 bula,
718 1766 1116 1821 charismatum
1163 1774 1219 1819 et
1271 1764 1545 1817 donorum
1580 1764 1832 1833 ejusdem
1886 1764 1941 1818 in
2003 1777 2107 1818 nos

2208 570 2446 625 Nestorii
2512 588 2786 636 errorem,
2826 572 2919 641 qui
2985 572 3399 640 blasphemabat
3454 572 3650 626 Filium
3695 574 3786 628 Dei

2196 677 2403 731 ipurum
2460 663 2738 718 hominem
2775 677 2914 726 esse,
2977 662 3217 731 Spiritus
3252 663 3425 718 sancti
3465 666 3638 733 gratia
3693 682 3790 735 por

2208 754 2687 824 participationem
2738 752 3179 821 sanctiﬁcatum;
3213 753 3359 808 idem
3411 764 3636 809 sanctus
3680 755 3786 826 Cy-

2208 847 2364 903 rillus
2407 847 2669 917 Spiritum
2726 858 2976 903 sanctum
3038 846 3304 915 Spiritum
3367 845 3488 900 Filii
3539 856 3595 900 et
3661 863 3788 916 pro-

2210 938 2388 1007 prium
2425 938 2551 992 Filii
2585 953 2706 992 esse
2755 937 2909 991 dicit.
2950 937 3077 991 Post
3120 936 3235 992 haec
3276 937 3501 1006 quidam
3536 937 3793 991 ΤΙιθοόυο

2211 1034 2365 1078 retus
2394 1024 2518 1095 Cyri
2572 1025 2890 1094 episcopus,
2928 1024 3009 1077 vir
3059 1025 3279 1093 quidem
3331 1025 3787 1087 litteratissimus,

2210 1116 2463 1170 humanae
2502 1128 2683 1171 tamen
2727 1116 3009 1187 fragilitati
3061 1117 3359 1187 subjectus,
3392 1119 3790 1187 superveniens

2212 1206 2265 1257 in
2329 1205 2594 1274 synodum
2669 1219 2793 1258 sero
2867 1219 2992 1259 cum
3073 1205 3383 1273 patriarcha
3448 1206 3791 1260 Antiocheno

2204 1298 2437 1363 Joanne,
2473 1314 2597 1353 cum
2646 1298 2978 1368 reperissent
3021 1299 3135 1369 jam
3166 1299 3477 1354 Nestorium
3525 1302 3789 1356 condem-

2210 1401 2420 1455 natum,
2474 1402 2531 1446 et
2590 1406 2689 1461 pro
2724 1391 3012 1446 demeritis
3072 1390 3190 1448 suis
3249 1392 3381 1447 sede
3433 1394 3790 1463 patriarchali

2209 1483 2826 1554 Constantinopolitana
2865 1484 3165 1555 privatum,
3208 1485 3473 1557 indignati
3530 1488 3677 1557 quod
3710 1488 3792 1542 eis

2200 1593 2321 1633 non
2375 1579 2703 1649 exspectatis
2758 1578 3079 1633 conclusum
3147 1578 3360 1644 fuerat,
3416 1578 3791 1636 defensionem

2207 1669 2444 1724 Nestorii
2484 1679 2869 1740 susceperunt.
2894 1668 3277 1725 Theodoretus
3307 1671 3494 1740 igitur,
3530 1680 3789 1742 tanquam

2180 1762 2183 1765 ’
2206 1760 2292 1814 vir
2314 1760 2667 1816 doctissimus
2691 1801 2704 1825 ,
2745 1770 2937 1816 contra
2962 1759 3252 1816 duodecim
3290 1762 3792 1817 Anatbematismos

523 1858 1001 1921 distributionem,
1049 1864 1103 1909 et
1148 1854 1509 1924 temporalem
1566 1854 1620 1907 in
1669 1856 1934 1908 mundum
1986 1855 2107 1924 ejus
2143 1875 2182 1928 η
2211 1851 2401 1923 Cyrilli
2449 1852 2557 1907 alia
2614 1852 2907 1908 duodecim
2949 1852 3185 1922 capitula
3212 1853 3427 1919 edidit;
3464 1869 3701 1924 quorum
3735 1858 3789 1909 in

512 1950 865 2013 missionem,
918 1962 1081 2016 quam
1128 1946 1297 2000 etiam
1348 1960 1444 2014 per
1474 1943 1676 1999 Filium
1729 1945 1847 2000 ﬁeri
1900 1960 2102 1999 conec-

523 2041 681 2098 dunt.
715 2039 975 2094 Secundo
1010 2037 1223 2103 dicunt,
1260 2034 1408 2107 quod
1443 2036 1568 2092 ideo
1607 2036 1813 2092 dicitur
1843 2052 1910 2092 ex
1941 2038 2101 2092 Patre

525 2148 621 2203 per
651 2124 869 2194 Filium,
908 2146 1016 2185 non
1050 2130 1180 2200 quia
1220 2128 1390 2184 Filius
1430 2138 1515 2184 est
1552 2130 1890 2200 principium
1927 2130 2104 2201 Spiri-

514 2231 612 2277 ‘tus
652 2222 854 2286 sancti,
896 2221 991 2276 sed
1020 2222 1149 2291 quia
1187 2220 1350 2275 Pater
1377 2229 1430 2275 et
1474 2210 1653 2275 Filius
1700 2228 1831 2274 sunt
1876 2221 2102 2274 nomina

514 2315 790 2379 ‘rclativa;
819 2312 1056 2367 alterum
1080 2328 1212 2367 vero
1243 2311 1599 2367 relativorum
1626 2326 1735 2366 non
1764 2321 1947 2382 potest
1968 2313 2099 2375 dici,

524 2407 656 2477 quin
693 2406 1033 2476 intelligatur
1068 2405 1333 2470 alterum;
1371 2404 1493 2459 ideo
1526 2404 1782 2471 dicendo,
1822 2404 1899 2459 Ex
1922 2406 2100 2469 Patre,

524 2504 749 2557 necesse
794 2509 879 2553 est
926 2498 1092 2553 etiam
1146 2496 1343 2552 Filium
1393 2498 1686 2551 nominare
1733 2507 1959 2568 propter
1995 2499 2101 2551 vim

524 2592 699 2662 ipsius
720 2589 1027 2645 relationis.
1066 2587 1278 2651 Tertio,
1320 2588 1957 2643 consubstantialitatem
2002 2585 2105 2641 Pa-

526 2685 628 2740 tris
676 2692 731 2738 et
774 2680 897 2736 Filii
946 2694 1167 2736 causam
1204 2694 1327 2735 esse
1379 2680 1559 2745 aiunt,
1608 2689 1668 2733 ut
1714 2693 1780 2733 ex
1812 2672 1973 2733 Patre
2008 2695 2103 2748 per

524 2774 721 2828 Filium
758 2770 998 2843 Spiritus
1042 2784 1164 2824 esse
1214 2769 1467 2823 dicatur:
1507 2783 1631 2823 cum
1662 2769 1811 2822 enim
1852 2767 2100 2838 ejusdem

522 2865 843 2920 substantiae
877 2863 986 2919 sint
1028 2860 1197 2916 Pater
1248 2870 1303 2916 et
1337 2860 1542 2926 Filius,
1589 2860 1927 2925 necessario,
1976 2876 2101 2913 Clltlt

521 2956 727 3010 dicitur
773 2970 839 3008 ex
878 2952 1070 3016 Patre,
1132 2959 1353 3022 oportet
1390 2960 1461 3007 ut
1531 2950 1748 3006 dicatur
1807 2950 1974 3005 etiam
2036 2966 2104 3003 ex

515 3047 686 3103 Filio.
716 3047 947 3113 Quarto,
977 3045 1106 3115 quia
1146 3058 1571 3114 nonnunquam,
1602 3043 1884 3097 rarissime
1918 3055 2100 3097 tamen

522 3152 577 3194 et
609 3139 752 3208 apud
809 3146 1023 3207 poetas,
1066 3137 1271 3206 quibus
1308 3136 1379 3190 ob
1412 3133 1723 3205 angustiam
1780 3133 1942 3189 metri
1974 3132 2103 3189 licet

2212 1960 2379 2011 nono,
2425 1945 2513 1999 uhi
2543 1954 2767 2001 sanctus
2800 1945 3041 2016 Cyrillus
3069 1946 3334 2017 Spiritum
3366 1956 3615 2003 sanctum
3642 1948 3791 2009 Filii.

2210 2047 2266 2092 et
2301 2038 2579 2107 proprium
2617 2036 2772 2099 Filii,
2817 2038 2953 2093 dicit
2978 2054 3122 2103 esse,
3160 2038 3242 2093 his
3273 2038 3456 2094 verbis
3483 2041 3596 2095 ait:
3634 2040 3790 2106 Quod

2210 2129 2255 2182 si
2282 2128 2519 2197 Cyrillns
2558 2129 2820 2199 Spiritum
2854 2140 3103 2185 sanctum
3139 2130 3424 2200 proprium
3458 2131 3585 2186 Filii
3617 2131 3776 2193 dicit.

2213 2230 2470 2290 tanquam
2521 2220 3043 2275 consubstantialem
3072 2222 3143 2286 ei,
3194 2220 3297 2275 hoc
3338 2236 3469 2276 vero
3532 2230 3786 2291 accepta-

2214 2329 2335 2367 mus
2370 2331 2383 2367 :
2425 2315 2568 2382 quod
2614 2313 2659 2367 si
2700 2322 2958 2383 tanquam
3001 2329 3069 2368 ex
3126 2314 3286 2377 Filio,
3324 2314 3406 2370 vel
3463 2329 3556 2383 per
3588 2315 3786 2370 Filium

2211 2421 2332 2460 esse
2361 2415 2416 2460 et
2463 2406 2839 2461 exsistentiam
2901 2406 3215 2472 habentem,
3276 2406 3383 2461 hoc
3423 2415 3483 2460 ut
3529 2407 3786 2476 blaSphc-

2214 2499 2374 2549 miam
2405 2495 2674 2567 ejicimus.
2720 2495 2802 2549 Ad
2837 2496 2949 2551 haec
2994 2504 3167 2551 totum
3217 2496 3617 2551 (ecumetiicum
3654 2512 3787 2551 con-

2212 2588 2397 2642 cilium
2427 2588 2646 2643 tertium
2674 2588 2861 2654 tacuit,
2895 2602 2995 2643 nec
3026 2587 3329 2657 increpavit
3375 2588 3783 2643 Tbeodoretum

2215 2691 2473 2749 tanquam
2530 2680 2996 2736 maledicentem:
3055 2679 3290 2751 Cyrillus
3349 2691 3531 2735 tamen
3586 2681 3656 2735 ad
3719 2697 3783 2737 ea

2214 2771 2515 2839 respondit,
2570 2771 2866 2840 omniaque
2891 2785 2990 2826 sua
3029 2771 3266 2841 capitula
3310 2771 3434 2826 aliis
3493 2771 3785 2827 duoderim

2214 2862 2372 2916 novis
2428 2862 2683 2932 capitulis
2726 2863 2798 2917 ita
2852 2861 3035 2917 denuo
3086 2862 3357 2933 exponit,
3392 2872 3454 2917 ut
3515 2865 3788 2919 sententia

2213 2953 2348 3024 ejus,
2381 2956 2482 3008 etsi
2520 2969 2627 3009 non
2662 2953 2826 3008 nimis
2851 2954 3057 3023 apertis
3078 2955 3435 3019 verbis,elare
3472 2962 3654 3009 tamen
3687 2972 3789 3025 pro

2214 3046 2374 3100 nobis
2396 3060 2517 3101 esse
2542 3056 2822 3115 appareat.
2860 3046 2976 3101 Hoc
3007 3047 3240 3100 maxime
3263 3046 3483 3102 Graecos
3523 3048 3786 3110 oblectat,

2215 3137 2269 3190 in
2306 3136 2410 3191 hoc
2442 3138 2787 3205 potissimum
2826 3136 3132 3201 conﬁdunt,
3178 3142 3280 3193 hoc
3326 3153 3425 3207 pro
3468 3140 3705 3193 maximo
3734 3152 3791 3192 et

525 3231 897 3303 rnetaphorice
936 3239 991 3285 et
1022 3230 1252 3285 abusive
1278 3228 1566 3284 vocabulis
1598 3228 1697 3294 uti,
1742 3225 2095 3296 praepositio-
2126 3241 2170 3297 ε
2205 3230 2483 3284 insolubili
2513 3239 2837 3301 argumento
2880 3239 3101 3299 putant,
3135 3229 3283 3299 quod
3318 3228 3664 3288 Theodoreto
3695 3249 3790 3286 nc-

524 3340 645 3380 nem
695 3339 787 3394 per
840 3321 1135 3391 aliquando
1188 3330 1515 3390 repererunt
1580 3319 1724 3373 idem
1789 3316 2102 3388 signiﬁcare

522 3417 669 3487 quod
712 3414 1026 3485 praepositio
1059 3429 1178 3467 cum
1203 3429 1223 3477 ;
1281 3413 1496 3471 dicunt,
1524 3410 1793 3481 Spiritum
1838 3420 2090 3464 sanctum

524 3509 649 3563 ideo
683 3505 792 3560 dici
825 3520 892 3559 ex
938 3504 1098 3559 Patre
1130 3518 1227 3573 per
1259 3501 1460 3557 Filium
1498 3500 1825 3570 procedere,
1870 3499 1997 3567 quia
2034 3513 2101 3552 ex

524 3601 684 3655 Patre
717 3613 843 3653 cum
883 3594 1023 3651 Filio
1054 3595 1220 3650 simul
1251 3592 1501 3664 procedit
1528 3610 1541 3647 :
1576 3601 1632 3646 et
1657 3591 1743 3646 his
1777 3590 1953 3646 modis
1983 3604 2102 3644 om-

527 3707 627 3746 nes
677 3691 797 3746 illas
846 3691 1205 3745 auctoritates
1251 3692 1559 3755 eXponunt,
1604 3684 1722 3738 sive
1756 3690 2099 3752 pervertunt.

530 3782 655 3838 llaec
686 3799 785 3838 nos
813 3797 879 3837 ex
920 3782 1153 3852 ipsamet
1214 3777 1607 3833 auctoritatum
1637 3776 1908 3830 sententia
1932 3785 1988 3829 et
2012 3788 2104 3827 ra-

531 3876 775 3931 tionibus
822 3874 1129 3930 verissimis
1166 3868 1601 3929 eonfutavimus.
1653 3867 1955 3936 probantes
1990 3867 2104 3920 haec

528 3954 637 4024 nun
690 3982 849 4038 posse
895 3965 1219 4029 consistere,
1258 3978 1357 4018 nec
1404 3958 1763 4031 opinionibus
1811 3964 1870 4011 et
1921 3956 2104 4011 verbis

529 4069 843 4115 sanctorum
910 4059 1199 4114 doctorum
1247 4055 1547 4111 convenire
1579 4092 1595 4117 ,
1656 4061 1823 4121 prout
1861 4064 1926 4102 ex
1970 4048 2103 4117 ipsis

526 4154 712 4209 verbis
761 4152 966 4207 clarius
1029 4149 1267 4204 videtur.
1339 4146 1610 4201 Praeterea
1657 4141 1943 4197 sciendum
1993 4148 2102 4201 est,

524 4248 672 4317 quod
706 4250 761 4304 in
792 4247 956 4303 tertio
994 4244 1340 4301 cecumenieo
1361 4241 1597 4297 concilio
1627 4247 1854 4294 sanctus
1868 4235 2106 4307 Cyrillus

526 4352 719 4397 contra
748 4338 1064 4396 Nestorium
1086 4349 1142 4392 et
1191 4338 1312 4407 ejus
1346 4332 1599 4405 haeresim
1631 4333 1778 4387 inter
1804 4329 1911 4383 alia
1934 4327 2104 4382 multa

525 4448 646 4502 quae
677 4431 1082 4502 sapientissime
1126 4427 1373 4497 scripsit,
1402 4424 1695 4480 duodecim
1739 4422 1909 4476 etiam
1956 4418 2106 4487 capi-

526 4525 641 4577 tula
687 4523 862 4579 edidit
920 4531 1114 4576 contra
1166 4517 1456 4575 haereticos
1519 4512 1757 4571 Nestorii
1816 4510 2101 4574 articulos,-

527 4629 647 4685 qute
680 4612 1182 4669 Anathematismos
1207 4608 1524 4679 appellavit,
1561 4620 1627 4660 eo
1656 4602 1802 4674 quod
1835 4604 1887 4655 in
1912 4602 1991 4656 eis
2018 4617 2107 4653 er-

2214 3332 2374 3391 gante
2402 3320 2662 3391 Spiritum
2683 3338 2750 3377 ex
2780 3321 2939 3386 Filio,
2968 3325 3052 3378 vel
3086 3338 3182 3394 per
3210 3324 3406 3378 Filium
3444 3323 3646 3380 habere
3666 3342 3792 3380 esse

2212 3423 2267 3465 et
2320 3412 2751 3478 subsistentiam,
2800 3414 3097 3469 concilium
3148 3425 3323 3469 totum
3390 3417 3645 3479 tacuerit,
3687 3433 3790 3471 nec

2212 3518 2337 3555 eum
2400 3502 2668 3558 mendacii
2723 3514 2779 3557 et
2840 3505 3048 3558 erroris
3111 3505 3497 3575 redarguerit;
3552 3505 3791 3576 Cytilltts

2213 3610 2429 3664 quoque
2456 3610 2565 3650 non
2591 3597 2665 3650 ita
2693 3607 2902 3665 aperte,
2928 3606 2987 3650 ut
3011 3607 3226 3667 putant.
3254 3599 3601 3667 responderit
3624 3616 3639 3665 ;
3662 3614 3788 3653 cum

2206 3694 2393 3741 tamen
2428 3692 2605 3742 sciant
2650 3687 3055 3743 Theodoretum
3118 3700 3408 3757 propterea
3456 3688 3791 3743 condemna-

2174 3816 2177 3819 -
2215 3789 2352 3844 tum,
2386 3788 2443 3834 et
2478 3780 2545 3834 ab
2588 3779 2833 3835 Ecclesia
2882 3778 3067 3833 multis
3092 3778 3294 3833 abhinc
3322 3777 3484 3832 annis
3546 3778 3785 3847 ejectum

2214 3874 2400 3929 fuisse.
2434 3872 2514 3927 Ad
2548 3874 2662 3927 haec
2708 3874 2871 3941 igitur
2923 3882 3181 3941 tanquam
3218 3870 3504 3925 notissima
3560 3870 3788 3932 Graecis,

2215 3980 2323 4018 non
2380 3979 2442 4017 ea
2469 3963 2635 4016 latius
2672 3961 3017 4030 explicando,
3054 3968 3114 4013 ut
3148 3960 3203 4013 in
3236 3959 3491 4014 oratione
3543 3960 3785 4023 videtur,

2210 4053 2597 4123 respondetur.
2627 4051 2732 4106 Sed
2772 4065 2933 4105 nemo
2957 4049 3032 4104 de
3069 4050 3417 4106 Theodoreto
3441 4053 3561 4107 viro
3584 4050 3790 4107 doctis-

2214 4144 2353 4196 simo
2396 4142 2611 4205 doleat;
2657 4158 2815 4195 suum
2855 4142 3003 4195 enim
3056 4141 3374 4210 recognovit
3411 4156 3681 4205 errorem,
3733 4154 3789 4196 et

2215 4234 2268 4288 in
2308 4244 2505 4305 quarto
2531 4232 2964 4288 Chalcedonensi
3019 4232 3255 4302 generali
3308 4232 3542 4287 concilio
3577 4233 3790 4302 (super-

2214 4327 2352 4379 vixit
2406 4318 2641 4395 namque
2676 4326 2741 4379 ad
2792 4322 2925 4378 illud
2957 4339 3129 4393 usque
3164 4325 3400 4395 tempus)
3432 4324 3608 4394 palam
3661 4340 3785 4377 eum

2215 4418 2535 4480 confessus,
2590 4434 2621 4471 a
2675 4426 2860 4471 sancta
2912 4414 3156 4487 synodo,
3220 4426 3478 4486 tanquam
3542 4418 3779 4470 honora-

2215 4511 2326 4563 bile
2368 4510 2673 4562 membrum
2728 4507 3005 4572 Ecclesize,
3060 4518 3349 4577 susceptus
3394 4518 3449 4560 et
3496 4508 3784 4561 restitutus

2222 4600 2347 4653 fuit.
