4136 6408
370 311 479 377 615

1340 324 1845 388 BESSARIONIS
1886 330 1943 392 ὃ.
1989 331 2061 392 Β.
2094 330 2162 394 Ε.
2207 330 2668 423 CARDlNALlS

3514 340 3617 404 616

1582 485 3594 510 Μ

1304 660 2511 847 BESSABION
2516 674 2712 851 IS

1098 989 2127 1106 CARDINALIS
2263 921 2902 1111 NlC/ENI

1818 1229 2176 1292 MONODIA

752 1406 881 1493 IN
960 1402 1337 1502 OBITU
1416 1408 2031 1513 MANUELIS
2105 1400 2835 1511 PALEOLOGI
2915 1402 3303 1511 1MP."

371 1595 593 1659 (Nicolao
625 1594 850 1661 Perotto,
882 1594 1558 1681 archiepisco‘o‘pojipont‘ip‘o
1588 1601 2056 1681 interpreteadpu‘d
2089 1605 2317 1681 Ezovium
2348 1605 2546 1681 Contin.
2570 1610 2747 1681 angat.
2766 1611 2985 1681 _Baron.,
3021 1614 3083 1665 ad
3111 1628 3192 1665 an.
3233 1614 3370 1678 H72,
3398 1631 3450 1670 n.
3491 1618 3617 1681 ινι,

1189 1665 1359 1715 Grece
1396 1668 1564 1714 exstat
1596 1663 1644 1712 in
1670 1663 1974 1716 biblimheca‘
2000 1667 2056 1717 S.
2089 1666 2238 1717 Marci
2273 1668 2484 1732 Veneta,
2508 1671 2615 1722 cod.
2649 1672 2787 1737 555.)

1572 1779 1579 1787 1

438 1953 493 2009 Si
523 1952 654 2008 flere
680 1954 844 2009 etiam
886 1954 1182 2024 aliquando
1207 1953 1289 2010 fas
1314 1964 1399 2009 cst
1421 1999 1436 2021 ,
1481 1964 1538 2010 et
1573 1969 1810 2010 amaram
1841 1971 1935 2012 so-
1963 1962 2009 2019 Α
2040 1966 2092 2012 te
2121 1958 2248 2014 vita:
2282 1960 2607 2030 jncunditas
2656 1974 2856 2036 potest,
2895 1969 2984 2025 vel
3018 1971 3202 2042 potius
3228 1976 3505 2044 quomodo
3527 1978 3610 2034 vi-

363 2047 619 2101 cictatcm
648 2047 991 2102 conStituere
1029 2056 1228 2103 cantus
1255 2056 1423 2117 atque
1448 2048 1677 2115 doloris,
1717 2065 1827 2102 non
1858 2050 1938 2103 vi-

363 2140 468 2193 dco
516 2139 660 2208 quod
720 2150 938 2208 tempus
971 2137 1102 2193 huic
1151 2138 1228 2193 rei
1280 2140 1686 2195 accommodari
1739 2141 1938 2197 melius

362 2230 568 2300 possit,
626 2245 791 2300 quam
839 2224 1109 2300 'prresens,
1161 2230 1214 2285 in
1266 2248 1376 2301 quo
1414 2231 1681 2302 quidquid
1726 2232 1934 2304 gaudii,

357 2323 561 2376 la-titize
611 2336 674 2377 ac
703 2322 1003 2391 voluptatis
1040 2331 1180 2389 erat,
1215 2323 1493 2378 sublatum
1531 2334 1696 2394 atque
1725 2325 1933 2379 exstin-

356 2425 505 2468 ctum
536 2423 638 2480 cst,
708 2423 763 2468 et
796 2430 891 2484 pro
915 2414 1003 2469 his
1035 2416 1304 2470 successit
1331 2414 1508 2481 dolor,
1541 2417 1936 2488 iiimstitia,ge-

355 2507 545 2562 mitns.
601 2506 758 2573 Quod
804 2521 952 2563 nunc
990 2520 1111 2562 esse
1169 2508 1332 2563 nobis
1384 2509 1642 2563 solatium
1697 2510 1933 2580 amplius

355 2606 560 2669 potest.
622 2613 748 2668 quae
796 2598 1047 2655 melioris
1088 2597 1322 2654 fortuna:
1368 2616 1531 2671 spes,
1576 2601 1722 2667 quod
1770 2612 1933 2658 tanta:

354 2691 693 2747 infelicitatis
725 2692 1031 2748 remedium
1060 2692 1083 2745 ?
1115 2691 1434 2747 Tondeatur
1454 2710 1601 2749 nunc
1632 2694 1784 2749 orbis
1823 2707 1932 2749 ter-

356 2800 565 2851 rarum,
596 2794 812 2840 mutent
852 2785 1096 2841 universi
1132 2796 1365 2852 vestem,
1407 2786 1698 2857 lugubrem
1741 2803 1931 2843 omnes

354 2877 601 2931 habitum
631 2886 874 2943 sumant,
905 2886 962 2931 et
988 2885 1099 2931 tam
1132 2875 1404 2947 insignem
1437 2878 1801 2931 calamitatem
1824 2892 1929 2931 una

354 2984 489 3024 voce
530 2969 840 3039 deplorent.
878 2967 1070 3037 Neque
1109 2968 1257 3022 enim
1312 2968 1646 3022 mediocrem
1697 2968 1929 3023 fet-imus

349 3061 646 3129 jacturam,
679 3074 782 3113 nec
802 3059 1005 3113 malum
1042 3058 1188 3128 passi
1216 3074 1409 3115 sumus
1441 3063 1526 3113 cui
1558 3062 1812 3116 adhiberi
1842 3076 1929 3117 re-

355 3150 595 3204 medium
626 3150 1070 3220 possit.Ablatus
1091 3150 1247 3205 nobis
1268 3160 1351 3206 est
1385 3163 1609 3221 repente
1645 3155 1805 3208 divus
1830 3154 1929 3208 im-

354 3251 599 3310 perator,
635 3240 804 3295 totius
854 3241 1008 3295 orbis
1056 3251 1326 3296 terrarum
1373 3243 1729 3315 decus;.qui
1781 3246 1928 3300 dono

2040 2065 2167 2105 vere
2197 2051 2316 2107 sine
2349 2061 2400 2108 te
2428 2056 2665 2127 amplius
2696 2074 3010 2130 possumus,
3052 2066 3208 2134 quasi
3234 2081 3467 2138 corpora
3487 2072 3610 2140 qui-

2037 2141 2140 2195 bus
2180 2143 2458 2199 sublatum
2499 2147 2571 2202 sit
2608 2150 2813 2218 caput?
2856 2151 3055 2208 Μοτιυί
3093 2156 3242 2210 enim
3269 2158 3379 2229 jam
3413 2174 3610 2216 omnes

2034 2232 2308 2302 videmur,
2361 2244 2416 2291 et
2466 2237 2534 2292 ad
2567 2239 2801 2295 nihilum
2841 2244 3049 2299 redacti
3090 2262 3303 2304 sumus.
3356 2250 3470 2317 Sol,
3512 2253 3608 2322 qui

2037 2331 2308 2379 terrarum
2355 2342 2526 2398 Opera
2573 2329 2912 2401 fulgentibus
2960 2336 3130 2395 radiis
3182 2328 3407 2409 lustras,
3458 2342 3604 2399 heu!

2034 2431 2197 2485 quam
2230 2417 2537 2474 infaustum
2572 2432 2740 2493 atque
2773 2425 3052 2483 infelicem
3086 2430 3230 2485 hunc
3261 2431 3408 2486 diem
3446 2433 3609 2488 nobis

2034 2506 2358 2564 illucescere
2403 2510 2618 2568 fecisti!
2678 2511 2838 2569 Heu!
2900 2532 3063 2586 quam
3115 2521 3397 2587 acerbum,
3462 2523 3608 2577 indi~

2032 2614 2201 2669 gnum
2236 2616 2301 2655 ac
2331 2601 2648 2662 miserabile
2673 2610 3055 2677 spectaculum
3084 2611 3203 2681 ipse
3229 2614 3415 2670 vidisti
3442 2617 3454 2669 !
3489 2614 3603 2671 Me-

2032 2690 2139 2745 lius
2171 2705 2322 2748 certe
2355 2694 2555 2765 fuerat,
2597 2707 2649 2754 te
2683 2699 2788 2755 sub
2815 2704 2979 2758 terris
3006 2703 3274 2763 duntaxat
3302 2722 3601 2776 errantem,

2031 2781 2088 2837 in
2118 2787 2401 2854 perpetuis
2425 2803 2528 2843 nos
2570 2791 2821 2848 tenebris
2858 2794 3192 2866 relinquere,
3226 2814 3388 2869 quam
3423 2802 3601 2855 radio-

2032 2892 2156 2932 rum
2193 2889 2415 2935 tuorum
2444 2884 2741 2953 splendore
2770 2888 3049 2947 illustrare
3080 2895 3398 2962 superiores
3418 2897 3604 2965 plagas
3678 2926 3689 2935 π

2033 2980 2095 3022 ut
2129 2970 2449 3029 infelicibus
2478 2977 2655 3032 oculis
2695 2978 2920 3035 bustum
2946 2983 3055 3038 hoc
3087 3000 3442 3041 cernercmns
3466 2987 3600 3056 regii

2030 3062 2297 3130 corporis,
2332 3066 2480 3134 quod
2529 3077 2607 3123 tot
2631 3084 2733 3138 pro
2771 3072 2935 3128 nobis
2970 3074 3208 3143 labores,
3246 3085 3326 3131 tot
3361 3078 3596 3148 vigilias,

2031 3162 2112 3207 tot
2140 3155 2383 3223 pericula
2414 3173 2557 3229 saepe
2588 3162 2853 3218 subierat.
2896 3166 2941 3220 0
2983 3168 3176 3236 quales
3239 3169 3421 3224 radios
3445 3172 3593 3225 occi-

2031 3245 2193 3313 dens,
2232 3249 2424 3317 quales
2447 3266 2637 3307 rursus
2663 3254 2853 3311 oriens
2880 3257 3147 3314 emisisti!
3178 3260 3481 3331 Correptus
3518 3276 3600 3318 cst

355 3308 367 3310 ,
1568 3308 1573 3309 ν
1653 3308 1669 3315 -
2178 3308 2188 3313 -
2249 3308 2265 3317 .
2760 3308 2772 3310 -
2812 3308 2849 3311 κ-
3185 3308 3478 3331 τηατ---
3520 3308 3599 3318 ιν.

350 3333 591 3403 quodam
627 3332 993 3389 Providentiae
1040 3349 1225 3389 rerum
1258 3336 1627 3405 gubernacula
1672 3353 1928 3407 suscepe-
1960 3308 2000 3364 Β
2030 3337 2224 3391 morbo
2241 3338 2485 3407 optimus
2510 3341 2828 3413 imperator,
2850 3363 3052 3418 corpus
3073 3351 3192 3422 ejus
3220 3352 3292 3406 ita
3312 3369 3420 3407 non
3440 3356 3599 3413 modo

352 3433 458 3491 rat,
481 3437 541 3479 ut
564 3424 1033 3494 tranquillitatem,
1053 3426 1317 3495 quietem,
1340 3426 1653 3484 felicitatem
1672 3431 1928 3486 Omnibus

353 3528 681 3587 pra-staret;
724 3527 783 3572 ut
810 3521 1121 3574 communis
1153 3523 1401 3577 omnium
1455 3534 1611 3592 pater
1635 3538 1810 3590 esset;
1868 3536 1926 3581 ut

352 3628 442 3665 res
472 3612 724 3664 humanae
756 3610 1023 3681 dignitate
1057 3622 1113 3667 et
1147 3614 1320 3683 gloria
1362 3614 1640 3669 florerent.
1693 3616 1923 3687 .Iamjatn

348 3705 531 3758 ornnis
562 3706 780 3758 fortuna
815 3713 1021 3757 mutata
1045 3715 1128 3759 est
1164 3706 1461 3759 :labuntur
1484 3708 1667 3760 omnia
1697 3708 1748 3761 in
1770 3709 1926 3778 pejus

346 3805 399 3847 «τι
426 3809 511 3848 res
539 3795 605 3847 ad
642 3793 936 3862 pristinum
967 3803 1171 3848 statum
1210 3796 1469 3848 redeunt.
1500 3794 1583 3849 Me
1614 3796 1915 3849 miserum!

346 3898 613 3956 quantum
657 3886 820 3939 unius
851 3884 1092 3940 hominis
1125 3885 1351 3940 interitu
1387 3890 1647 3942 damnum
1680 3904 1765 3943 res
1806 3889 1879 3943 hu
1907 3920 1921 3928 -

347 3992 522 4030 mana:
569 3976 853 4028 fecerunt!
886 3974 1040 4029 Abiit
1083 3975 1173 4030 illc
1216 3986 1381 4047 atque
1414 3979 1654 4032 CXCCS:il
1697 3993 1729 4033 e
1760 3982 1869 4032 vita
1905 3998 1917 4034 :

352 4070 512 4122 nobis
570 4068 705 4122 nihil
748 4078 947 4137 prater
986 4070 1244 4139 suspiria,
1298 4078 1353 4125 et
1395 4071 1626 4140 luctum,
1658 4081 1714 4127 et
1745 4075 1921 4143 lacry-

353 4179 468 4215 nxas
509 4161 754 4230 reliquit.
812 4161 1056 4217 Abstulit
1109 4177 1139 4216 e
1184 4163 1347 4217 nobis
1384 4177 1605 4217 omnem
1644 4163 1916 4231 laetitiam,

349 4253 578 4307 abstuLt
627 4252 968 4317 felicitatem,
1022 4250 1257 4307 abstulit
1310 4250 1647 4318 libertatem,
1682 4261 1738 4305 et
1771 4252 1919 4320 quod

345 4341 594 4394 omnium
622 4340 1052 4410 pulcherrimum
1069 4348 1210 4408 erat,
1234 4340 1476 4410 seipsum
1495 4340 1740 4394 abstulit.
1760 4341 1875 4396 lleu
1900 4341 1914 4393 ι

344 4431 469 4500 quis
503 4432 640 4484 adeo
675 4441 956 4499 constans,
987 4432 1072 4486 vel
1101 4429 1276 4485 durus
1306 4431 1510 4500 potius,
1546 4441 1602 4487 et
1625 4446 1755 4487 vere
1792 4430 1919 4485 ada-

346 4522 627 4575 mantinus
650 4529 752 4587 est,
786 4522 880 4591 qui
912 4531 1218 4591 temperare
1240 4537 1270 4575 a
1299 4522 1560 4591 lacrymis
1591 4522 1798 4593 possit;
1824 4524 1918 4593 qui

344 4631 451 4668 non
500 4625 558 4669 et
596 4616 781 4669 animo
814 4626 1249 4682 commoveatur,
1282 4626 1340 4670 et
1372 4624 1486 4670 toto
1534 4630 1769 4685 corpore
1794 4631 1919 4685 per-

2030 3433 2211 3493 a‘late,
2264 3429 2359 3481 sed
2402 3431 2572 3487 variis
2607 3434 2772 3488 etiam
2830 3437 3134 3507 laboribus,
3181 3442 3495 3499 confectum
3537 3461 3601 3500 ac

2026 3518 2366 3575 debilitatum
2397 3535 2539 3592 crat,
2577 3537 2635 3581 ut
2659 3530 2931 3599 suspicari
2959 3549 3083 3588 mox
3113 3551 3305 3592 omnes
3326 3541 3598 3608 coeperint

2026 3611 2173 3678 quod
2207 3613 2414 3680 evenit,
2482 3626 2779 3688 tantusque
2821 3622 3035 3678 animos
3086 3627 3334 3681 omnium
3373 3643 3598 3699 repente

2027 3714 2208 3758 metus
2253 3705 2474 3775 invasit,
2526 3719 2586 3765 ut
2630 3712 2774 3766 nihil
2820 3712 3100 3785 indignius
3144 3734 3267 3775 esse
3310 3720 3596 3777 ferendum

2025 3796 2323 3855 videretur.

2095 3887 2211 3942 lleu
2232 3890 2250 3942 νε
2281 3901 2416 3960 quot
2443 3907 2657 3962 preces,
2680 3905 2815 3965 quot
2838 3899 3288 3969 supplicationes,
3314 3916 3447 3973 quot
3469 3917 3592 3960 vota

2024 3988 2125 4043 pro
2163 3976 2309 4033 illius
2344 3980 2540 4048 salute,
2567 3983 2649 4037 vel
2693 3985 2877 4053 potius
2904 4003 3003 4056 pro
3036 3992 3204 4045 totius
3237 3993 3389 4047 orbis
3427 4004 3596 4050 terra-

2025 4081 2145 4120 rum
2176 4069 2555 4127 incolumitate
2583 4077 2831 4131 onmiutn
2868 4093 3153 4149 generum,
3179 4093 3424 4152 aetatum,
3449 4089 3596 4142 ordi-

2024 4172 2157 4213 num
2197 4160 2385 4217 fuere!
2416 4163 2590 4220 Nemo
2613 4152 2844 4239 eratqu'i
2881 4173 3021 4226 mori
3055 4177 3240 4244 potius
3271 4178 3365 4232 illo
3400 4197 3591 4248 super-

2024 4251 2195 4317 stite,
2247 4267 2410 4323 quam
2477 4268 2698 4313 mortuo
2743 4260 2836 4315 illo
2887 4264 3075 4320 vivere
3124 4269 3361 4338 amplius
3407 4275 3590 4331 vellet.

2026 4342 2269 4398 Salutem
2292 4347 2437 4403 illius
2457 4363 2568 4403 sua:
2588 4352 2820 4422 qnisque
2844 4355 3006 4411 saluti
3025 4363 3425 4430 anteponebat:
3451 4369 3561 4421 scie
3575 4396 3595 4409 ο

2023 4434 2158 4491 bant
2212 4454 2448 4508 namque
2490 4442 2692 4512 singuli
2744 4446 2977 4502 salutem
3027 4465 3180 4506 suam
3221 4455 3288 4508 ad
3344 4458 3591 4527 singulos

2024 4526 2279 4583 homines
2357 4533 2683 4599 pertinere,
2750 4537 2902 4594 illius
2972 4554 3102 4596 vero
3156 4526 3589 4603 incolumitatem

2022 4618 2268 4671 omnium
2304 4622 2616 4675 mortalium
2653 4634 2709 4679 et
2750 4627 2920 4683 totius
2964 4631 3118 4686 orbis
3164 4644 3433 4689 terrarum
3475 4654 3595 4694 esse

343 4706 609 4769 horreat;
637 4706 732 4772 qui
774 4719 883 4758 non
913 4706 1171 4775 qtueritet
1197 4707 1539 4776 defunctum,
1582 4724 1647 4764 ac
1681 4709 1909 4778 gemitu,
1946 4685 1989 4743 (ἶ
2026 4712 2513 4767 eommunem.ﬂie
2554 4715 2702 4768 enim
2736 4718 3049 4774 universum
3082 4725 3268 4778 orbem
3307 4730 3462 4795 quasi
3491 4732 3584 4782 tir-

340 4812 384 4849 Si
421 4797 538 4847 tieri
573 4797 772 4864 possit,
812 4811 1077 4853 revocare
1135 4799 1189 4852 in
1240 4799 1405 4853 vitam
1437 4802 1775 4856 contendat?
1802 4800 1914 4856 Cur

339 4904 367 4937 a
401 4886 559 4940 nobis
591 4898 701 4941 tam
746 4896 974 4955 repente
998 4889 1250 4956 evolasti,
1292 4892 1540 4960 piissime
1574 4894 1915 4961 imperator?

338 4981 447 5031 tim-
476 4994 695 5031 manere
734 4980 1024 5034 nobiscum
1056 4981 1267 5035 diutius
1311 4984 1580 5038 noluisti?
1610 4983 1725 5038 Cur
1762 4986 1913 5055 regio

338 5074 433 5124 illo
466 5074 732 5124 virtutum
758 5083 975 5125 tuarum
1008 5080 1279 5126 concentu
1310 5074 1418 5128 frui
1454 5076 1617 5130 nobis
1635 5075 1779 5129 ultra
1806 5094 1913 5129 non

338 5166 533 5217 ικυιιῖ
564 5166 869 5232 Suscepisti
903 5164 971 5218 de
1012 5164 1168 5218 nobis
1200 5164 1465 5220 hactenus
1488 5182 1707 5222 omnem
1730 5184 1916 5224 curam

337 5273 389 5312 ιιι
426 5270 483 5311 ut
526 5258 629 5328 ipsi
677 5258 781 5312 tuti
828 5273 890 5311 ae
928 5258 1137 5311 laboris
1190 5268 1446 5326 expertes
1478 5260 1814 5328 viveremus,
1853 5272 1908 5316 tu

337 5351 486 5401 solus
536 5352 770 5403 maxime
817 5363 1038 5419 semper
1094 5348 1409 5404 elaborasti.
1461 5350 1759 5405 Tcstantur
1809 5355 1912 5407 hoc

336 5443 521 5511 Impull
557 5460 786 5510 omnes;
837 5451 1114 5497 testantur
1160 5456 1353 5497 onmes
1388 5442 1721 5509 provinciae;
1764 5454 1910 5499 terra

336 5534 513 5594 ltilltlls
551 5546 607 5587 ct
652 5541 821 5589 maria
847 5537 1034 5589 omnia
1069 5542 1364 5591 testantur.
1401 5535 1558 5589 Nunc
1602 5550 1732 5590 vero
1765 5535 1909 5589 bona

336 5627 514 5678 onmia
545 5637 724 5681 tecum
749 5629 929 5683 ferens
953 5629 1158 5683 abiisti.
1183 5627 1313 5694 Qua:
1330 5630 1442 5699 jam
1471 5629 1630 5682 nobis
1647 5643 1767 5683 esse
1788 5629 1907 5683 sine

2018 4799 2264 4854 missima
2307 4804 2557 4871 quaedam
2597 4806 2851 4862 columna
2898 4813 3225 4879 sustinebat,
3254 4832 3355 4871 nec
3395 4819 3595 4873 labefa—

2014 4888 2177 4955 ctari,
2194 4892 2403 4958 vexari,
2426 4894 2601 4949 everti
2620 4896 2729 4950 ullo
2746 4900 2996 4967 procellae
3020 4917 3219 4972 genere
3247 4906 3590 4976 patiebatu‘i;

2014 4979 2110 5032 sed
2140 4996 2300 5050 reque
2324 4984 2596 5039 virtutum
2620 4990 2892 5055 omnium,
2920 4992 3122 5060 quibus
3148 4996 3415 5063 praeditus
3448 5014 3591 5067 erat,

2020 5085 2457 5145 temperamento
2489 5080 2705 5135 firmum
2739 5098 2803 5138 ac
2833 5086 3088 5142 stabilem
3120 5092 3175 5145 in
3210 5094 3391 5148 medio
3441 5112 3597 5167 rege-

2017 5166 2132 5220 bat.
2172 5165 2216 5220 0
2251 5169 2450 5236 quibus
2482 5172 2719 5239 artibus,
2764 5190 2877 5245 quo
2916 5178 3105 5234 labore
3143 5181 3395 5241 fundavit
3424 5165 3594 5256 impe-

2022 5274 2186 5327 rtum,
2218 5276 2327 5329 qua
2357 5264 2562 5319 virtute
2597 5267 2837 5321 firmavit
2858 5285 2923 5325 ac
2954 5272 3225 5330 stabilivit
3254 5277 3590 5345 libertatem,

2020 5370 2128 5422 qua
2170 5354 2463 5410 clementia
2494 5360 2648 5414 auxit
2700 5363 3029 5430 populorum
3069 5381 3292 5419 suorum
3321 5367 3592 5434 fortunas,

2018 5448 2284 5515 quietem,
2319 5450 2641 5505 felicitatem
2674 5453 2687 5506 l
2721 5453 2765 5507 0
2801 5455 3019 5511 eximia:
3048 5457 3314 5527 principis
3346 5460 3589 5513 admira-

2017 5538 2265 5608 bilesque
2287 5541 2537 5611 virtutes,
2558 5545 2762 5614 quibus
2784 5547 3040 5602 omnibus
3060 5564 3251 5604 omnes
3272 5552 3591 5619 superabat,

2019 5632 2313 5700 prudentia
2352 5634 2525 5690 fortes
2569 5638 2845 5704 vincebat,
2889 5640 3217 5696 fortitudine
3272 5644 3591 5710 prudentes,

390 5746 409 5761 ‘
432 5746 574 5792 Anno
598 5744 611 5792 l
632 5745 713 5793 ΗΟ
737 5745 976 5797 defuncti.
1002 5744 1118 5797 Haec
1144 5744 1343 5809 juvenis
1377 5745 1534 5795 adhuc
1563 5746 1791 5798 Bessarto
1836 5750 2105 5810 peroravit.
2150 5746 2391 5796 Llanuelis
2416 5747 2597 5808 scripta
2630 5749 2927 5812 coliegimus
2956 5751 3003 5801 in
3061 5758 3192 5803 temo
3236 5760 3403 5804 nostro
3427 5755 3591 5807 ειη.
