4136 6412
1635 381 1784 396 ...ν-...μ

516 515 632 583 617

1302 521 1656 589 ΜΟΝΟΟΙΛ
1697 527 1778 590 ΙΝ
1821 528 2058 593 OBlTU
2102 535 2506 598 MANUELIS
2548 540 3016 605 PALIEOLOGI.

3671 548 3778 612 618

520 632 607 731 δεῖ
641 636 702 683 ιιι
734 627 938 731 τεοῑῖυξ
964 627 1182 731 rmilli".
1207 635 1444 731 consilio
1473 637 1728 704 callidos,
1766 639 1981 698 viribus
2015 661 2105 699 ro-
2136 630 2182 708 Α
2213 655 2555 709 torrentibus
2587 655 2784 712 obruta
2809 658 2971 714 tellus
2989 657 3271 714 ferebatur
3297 659 3463 715 funus
3494 677 3783 731 procerum

519 721 715 774 hastos
771 720 1039 774 anteibat.
1084 723 1254 792 Atqui
1305 730 1670 796 temperantia
1706 745 1866 787 nemo
1909 734 1960 788 ei
1997 751 2097 805 par

531 813 655 865 fuit.
684 811 908 866 Justitia
934 814 1214 880 omnibus,
1245 817 1342 885 qui
1373 833 1614 888 unquam
1650 821 1898 878 Romano
1923 825 2096 894 impe-

520 905 602 957 rio
665 905 1031 973 prtefuerunt,
1093 908 1317 964 habitus
1375 921 1458 967 est
1521 915 1894 984 praestantior.
1957 918 2096 985 Quid

518 1000 677 1054 fidem
722 1001 843 1072 ejus
893 1008 1365 1062 commemorem?
1392 1009 1531 1078 quid
1554 1010 1922 1068 facilitatem?
1965 1015 2098 1085 quid

514 1092 842 1161 ingenium?
867 1095 1000 1165 quid
1023 1097 1279 1153 eximiam
1308 1115 1493 1156 rerum
1513 1104 1762 1158 omnium
1785 1105 2101 1160 scientiam?

512 1185 644 1255 quid
674 1176 1252 1261 lilteralitatem?quid
1281 1194 1449 1248 animi
1471 1196 1904 1267 magnitudinem
1927 1200 2098 1270 iquid

511 1276 938 1346 humanitatem,
967 1284 1475 1351 mansuetudinem,
1499 1289 1820 1346 comitatem
1845 1293 1869 1346 ?
1890 1291 1974 1347 Me
1995 1292 2100 1347 mi-

513 1371 732 1424 serum!
774 1372 847 1426 ita
872 1372 1130 1444 lacrymis
1170 1391 1235 1431 ac
1269 1377 1459 1433 dolore
1483 1379 1762 1446 debilitor,
1787 1392 1844 1438 ut
1867 1399 1976 1452 pra:
2009 1386 2097 1440 ni-

512 1463 624 1515 mio
658 1480 894 1519 maerore
914 1467 1120 1523 referre
1137 1469 1408 1527 virtutum
1430 1473 1550 1543 ejus
1579 1477 1955 1532 excellentiam
1988 1493 2096 1532 non

513 1557 742 1624 possim.
780 1555 876 1614 His
936 1561 1196 1618 omnibus
1241 1579 1390 1620 nunc
1423 1565 1785 1623 infelicissimi
1811 1568 2098 1624 hominum

513 1647 710 1716 privati
728 1666 937 1708 sumus.
954 1651 1072 1709 Heu
1092 1655 1106 1709 ι
1127 1665 1384 1725 quantam
1398 1657 1667 1727 jacturam
1684 1677 1792 1716 non
1817 1677 1921 1718 una
1940 1679 2097 1736 gens.

513 1753 612 1792 nec
642 1740 809 1796 unius
845 1743 1085 1800 civitatis
1119 1747 1390 1817 pepulus,
1422 1749 1517 1804 sed
1563 1764 1727 1806 omne
1755 1751 2102 1810 Christiano-

511 1847 632 1885 rum
661 1849 832 1902 genus
868 1834 922 1889 in
960 1824 1250 1906 prasentia
1282 1839 1446 1895 fecit!
1487 1843 1530 1895 0
1564 1844 1762 1898 misera
1813 1843 2098 1902 hominum

509 1925 792 1981 conditio!
835 1943 867 1982 o
903 1929 1282 1998 spesinanes!
1322 1947 1356 1987 o
1388 1932 1549 1989 dulce
1581 1937 1860 2005 quondam
1891 1942 2106 1996 uomen'

509 2017 759 2087 imperii!
793 2035 827 2073 ο
869 2022 1036 2077 toties
1069 2023 1386 2081 desiderata
1415 2034 1470 2082 et
1504 2004 1806 2099 aliquando
1837 2031 2097 2088 restituta
2128 2004 2175 2064 Β

507 2111 712 2168 Grrecis
758 2113 1024 2170 libertas!
1052 2130 1086 2170 o
1129 2117 1222 2188 jus
1271 2117 1592 2176 inviolabile
1633 2133 1688 2177 et
1736 2125 2099 2181 sanctissima:

510 2205 693 2275 leges!
728 2207 960 2264 huccine
997 2210 1216 2266 tandem
1244 2213 1427 2267 omnia
1451 2213 1764 2274 recidistis?
1796 2216 1958 2270 hem!
1990 2234 2100 2287 quo

512 2299 904 2366 pervenimus?
935 2301 1060 2356 hem
1088 2303 1101 2355 ι
1134 2318 1246 2373 quo
1298 2304 1648 2360 miseriarum
1682 2316 1737 2362 et
1769 2308 2099 2364 calamitatis

513 2391 719 2445 redacti
744 2394 975 2448 sumus?
1005 2394 1183 2466 Luget
1216 2413 1366 2452 nunc
1394 2407 1641 2464 senatus,
1673 2409 1914 2455 maerent
1947 2402 2099 2470 priu-

513 2483 686 2552 eipes,
738 2483 1036 2554 provincias
1063 2503 1258 2544 omnes
1285 2499 1620 2558 queruntur,
1649 2492 1872 2562 plorant
1906 2495 2094 2562 urbes,

513 2573 647 2629 flent
674 2575 992 2645 municipia,
1030 2577 1286 2646 squalent
1316 2578 1570 2645 coloniae,
1606 2579 1806 2634 domus
1837 2581 2098 2636 aﬂlictan-

515 2677 623 2733 tur,
649 2667 764 2737 agri
788 2668 1028 2740 denique
1061 2670 1163 2741 ipsi
1197 2680 1305 2727 tam
1353 2682 1728 2738 mansuetum,
1771 2681 1878 2727 tam
1924 2675 2095 2744 pium,

513 2771 620 2815 tam
649 2761 948 2818 salutarem
983 2763 1294 2835 principem
1335 2765 1615 2833 suspiriis,
1647 2775 1701 2820 et
1731 2766 2014 2838 laerymis,
2044 2777 2100 2822 et

511 2851 640 2907 fletu
669 2855 934 2925 prosequi
962 2855 1245 2910 videntur.
1270 2854 1315 2911 0
1342 2860 1589 2927 tempus!
1616 2858 1824 2914 siccine
1850 2861 2100 2929 superio-

511 2945 665 3001 ribus
686 2947 866 3014 malis,
906 2948 1163 3003 ultimum
1201 2948 1328 3015 hoc,
1377 2959 1433 3004 et
1467 2951 1742 3016 omnium,
1777 2965 1898 3020 qua‘
1951 2952 2100 3021 passi

512 3052 752 3106 unquam
797 3037 1024 3106 fuimus,
1075 3040 1375 3094 maximum
1429 3050 1596 3111 atque
1653 3041 2098 3111 indignissimum

511 3128 714 3184 addere
765 3130 1053 3187 debebas?
1087 3131 1292 3187 siccine
1335 3143 1659 3189 caeterornm
1707 3135 1976 3190 malorum
2024 3135 2100 3191 fa-

513 3240 655 3278 mam
706 3240 769 3280 ac
823 3225 1275 3281 recordationem
1314 3227 1583 3297 postremi
1628 3227 1797 3300 hujus
1828 3229 2102 3300 magnitu-

2207 746 2485 802 manibus.
2525 747 2908 820 Undecunque
2963 767 3096 805 vero
3139 752 3341 807 civium
3371 761 3538 823 atque
3568 765 3786 810 extero-

2209 847 2330 888 rum
2366 836 2667 892 multitudo
2691 839 3028 904 conﬂuebat,
3061 843 3357 911 implentes
3379 845 3496 900 vias
3519 855 3573 898 et
3615 847 3786 900 mise-

2209 924 2360 978 rabili
2393 927 2600 994 gemitu
2633 945 2817 985 aerem
2842 945 3007 1002 atque
3048 935 3253 989 aethera
3280 937 3642 1005 complentes.
3667 937 3784 992 Una

2207 1015 2457 1070 omnium
2497 1032 2624 1083 vox,
2669 1036 2812 1076 unus
2864 1023 3108 1090 clamor,
3157 1042 3302 1080 unus
3358 1027 3595 1095 gemitus
3640 1038 3784 1082 erat.

2208 1105 2314 1162 Iste
2344 1125 2475 1164 vero
2503 1111 2673 1168 silens
2694 1130 2757 1169 ac
2788 1128 3038 1170 mortuus
3063 1118 3302 1188 jncchat,
3343 1135 3444 1174 nec
3477 1136 3598 1189 qua:
3630 1135 3788 1189 gere-

2209 1197 2412 1254 bantur
2430 1203 2693 1270 sentiens,
2725 1221 2825 1260 nce
2853 1206 3134 1262 hominum
3153 1211 3422 1264 clau'.ores
3449 1212 3784 1280 intelligens.

2207 1291 2354 1347 Nihil
2418 1306 2620 1364 prteter
2678 1298 2840 1353 inane
2891 1302 3130 1355 cadaver
3205 1303 3677 1372 conspiciebatur,
3733 1315 3791 1358 et

2208 1385 2367 1452 quasi
2425 1397 2586 1442 natus
2628 1405 2868 1460 unquam
2916 1406 3026 1445 non
3095 1391 3311 1459 fuisset,
3365 1405 3460 1448 aut
3506 1411 3788 1460 nunquam

2209 1475 2556 1548 imperasset,
2620 1491 2718 1535 aut
2771 1491 2851 1536 tot
2900 1497 3077 1537 annos
3117 1499 3225 1538 non
3278 1484 3528 1550 vixisset,
3566 1500 3792 1554 prorsus

2209 1570 2362 1625 omni
2399 1585 2565 1626 sensu
2607 1582 2728 1628 erat
2760 1573 3086 1630 destitutus.
3121 1575 3416 1630 Petebatur
3446 1576 3670 1645 quidem
3721 1578 3790 1630 ah

2209 1673 2274 1713 eo
2298 1658 2438 1714 ratio
2479 1676 2580 1716 cur
2617 1678 2718 1717 nos
2749 1663 3006 1719 deserere
3043 1665 3343 1730 voluisset;
3393 1683 3491 1735 pro
3526 1683 3793 1736 rrsponso

2207 1749 2488 1808 silentium
2527 1765 2667 1810 erat.
2711 1755 2756 1811 Ο
2804 1758 3238 1812 taciturnitatem
3274 1759 3504 1812 invisam
3537 1772 3593 1813 et
3624 1776 3653 1812 a
3689 1777 3788 1812 no-

2209 1843 2294 1898 bis
2329 1844 2553 1900 minime
2597 1851 3005 1917 exspectatam!
3049 1850 3148 1905 Ubi
3201 1861 3286 1904 est
3320 1851 3506 1920 lingua
3553 1851 3641 1904 illa
3683 1859 3791 1904 tam

2207 1935 2449 2000 erudita,
2502 1945 2611 1991 tant
2649 1939 2859 2002 suavis,
2901 1956 2968 1994 ex
3028 1957 3135 2010 qua
3180 1941 3343 1996 melle
3387 1940 3603 1994 dulcior
3636 1941 3792 1994 exire

2203 2028 2385 2083 oratio
2423 2031 2660 2095 solebat,
2694 2033 2854 2104 cujus
2891 2042 3041 2087 motu
3084 2033 3268 2087 omnia
3308 2042 3498 2087 tonare
3529 2031 3792 2085 videban-

2205 2129 2315 2186 tur,
2348 2122 2507 2192 cujus
2539 2123 2764 2179 ubertas
2815 2141 3034 2180 omnem
3067 2125 3355 2194 aperiebat
3403 2123 3790 2192 quaestionem,

2201 2227 2364 2267 omne
2398 2212 2628 2273 dubium
2662 2214 2950 2279 solvebat,
3003 2216 3078 2269 ita
3115 2229 3246 2270 vero
3294 2214 3531 2269 docebat
3569 2222 3790 2271 cuncta.

2203 2303 2276 2358 ita
2327 2319 2710 2374 smpeuumero
2763 2306 3050 2362 auditores
3080 2307 3398 2368 excitabat,
3439 2313 3498 2359 ut
3535 2320 3642 2356 non
3682 2316 3790 2356 tam

2201 2395 2436 2451 suadere
2467 2413 2632 2465 quant
2684 2413 2797 2452 rem
2827 2407 2954 2453 ante
2990 2399 3182 2454 oculos
3231 2413 3460 2468 ponere,
3520 2410 3621 2448 nec
3681 2405 3810 2462 tam,

2202 2486 2504 2542 accendere
2535 2486 2673 2542 alios
2697 2503 2862 2557 quam
2906 2487 3022 2557 ipse
3055 2489 3248 2543 ardere
3279 2487 3600 2541 videretur?
3637 2483 3791 2538 Unde

2204 2593 2351 2631 nunc
2388 2587 2498 2632 tam
2531 2581 2883 2648 repentinum
2921 2581 3246 2636 silentium“?
3277 2579 3434 2636 Unde
3471 2590 3581 2634 tam
3607 2579 3790 2634 subita

2206 2668 2485 2722 mutatio?
2521 2670 2601 2722 An
2644 2681 2695 2723 te
2738 2685 2984 2740 quoque,
3019 2672 3231 2742 nptime
3268 2671 3586 2740 imperator.
3624 2686 3790 2738 supcv

2203 2775 2326 2814 rare
2355 2761 2550 2814 mortis
2580 2761 2788 2815 s:evitia
2825 2763 3040 2831 potuit,
3078 2779 3240 2835 quem
3270 2763 3604 2817 Atlanticum
3638 2762 3789 2834 pcla-

2202 2867 2302 2920 gus
2351 2867 2450 2919 pro
2501 2852 2660 2906 nobis
2711 2854 3117 2926 periclitantem
3175 2854 3352 2919 vidit,
3411 2869 3574 2926 quem
3635 2853 3789 2906 Italia

2203 2944 2434 3013 aspexit,
2466 2954 2521 2998 et
2553 2961 2674 3014 qua:
2703 2945 2846 2998 ultra
2881 2944 3088 2999 Italiam
3117 2955 3249 3006 sunt
3277 2943 3524 3006 occidua:
3555 2945 3792 3014 gentes?

2203 3034 2284 3088 Ad
2311 3050 2448 3104 quas
2480 3050 2603 3089 cum
2644 3035 2870 3104 petendi
2920 3035 3188 3092 adversus
3240 3036 3512 3090 Barbaros
3549 3035 3790 3106 prtesidii

2202 3127 2373 3197 gratia
2406 3128 2688 3199 profectus
2715 3130 2936 3196 fuisses,
2965 3130 3206 3186 maximo
3238 3129 3292 3184 in
3318 3132 3532 3193 honore
3569 3128 3792 3182 habitus

2205 3219 2381 3275 fuisti.
2406 3221 2480 3274 Et
2513 3237 2623 3291 quo
2657 3221 2820 3277 facile
2870 3223 3257 3294 perspeximus
3288 3238 3398 3275 non
3432 3213 3790 3292 pecuniarum

510 3318 640 3373 dine
669 3318 1245 3375 ηυειυι-ειι-είρειεηῖη)
1276 3337 1623 3392 ριιατρυηηυθ
1652 3322 1814 3378 nobis
1848 3331 1975 3377 ante
1998 3322 2101 3376 ιιοε
2128 3349 2180 3408 Ο
2206 3310 2586 3377 multitudine,
2625 3328 2734 3366 non
2773 3314 3060 3381 cupiarum
3095 3327 3327 3368 numero
3365 3313 3533 3367 robur
3575 3312 3790 3382 imperii

512 3412 741 3468 adversa
799 3413 1218 3483 contingebant,
1306 3424 1498 3486 utpOIe
1548 3414 1711 3481 bella,
1787 3412 2100 3479 conﬂictus,

513 3506 715 3571 caedes,
739 3507 914 3576 spolia
946 3517 1000 3562 et
1029 3508 1136 3563 alia
1167 3524 1290 3580 quae
1318 3524 1386 3564 ex
1427 3509 1496 3564 iis
1518 3510 1672 3578 sequi
1696 3515 2106 3571 consueverunt

513 3601 699 3655 divina
729 3601 816 3655 illa
849 3599 1198 3670 imperatoris
1227 3601 1495 3668 sapientia
1528 3601 1978 3661 emendabantnr,
2048 3599 2103 3653 in

516 3694 734 3749 melius.
796 3693 955 3748 Nunc
1005 3702 1188 3747 autem
1221 3693 1289 3748 ab
1335 3693 1430 3748 illo
1472 3691 1672 3760 relicti,
1722 3705 1907 3760 quem.
1932 3689 2101 3744 alium

516 3787 792 3841 habemus
821 3786 886 3840 ad
917 3801 1082 3857 quem
1117 3785 1440 3856 confugere,
1486 3800 1652 3853 quem
1679 3783 1988 3854 appellare,
2012 3797 2106 3836 cu-

511 3882 603 3952 jus
632 3880 948 3950 prresidium
987 3879 1280 3948 implorare
1297 3879 1648 3948 possumus?
1682 3877 1985 3932 Deventum
2017 3884 2105 3931 est

516 3973 584 4026 ad
632 3985 879 4027 extrema
911 3970 1182 4027 malorum
1231 3969 1508 4032 omnium,
1540 3967 1672 4025 facti
1722 3983 1917 4023 sumus
1947 3965 2103 4037 quasi

518 4065 712 4135 pupilli
747 4063 928 4118 orbati
966 4069 1143 4132 patre,
1173 4076 1343 4130 aquo
1376 4067 1572 4116 nostro
1601 4061 1784 4114 omnis
1817 4060 1928 4114 vita
1970 4075 2101 4130 pen-

516 4157 707 4221 debat,
750 4155 914 4225 cujus
952 4152 1178 4210 assiduo
1213 4151 1408 4206 labore
1439 4151 1621 4206 omnis
1649 4166 1752 4206 nos
1777 4151 1983 4206 laboris
2003 4166 2102 4206 ex-

517 4259 706 4319 pertes
736 4246 903 4303 vitam
952 4243 1293 4308 ducebamus
1321 4242 1772 4298 amoenissimam.
1806 4243 1924 4299 Jam
1971 4258 2102 4298 vero

516 4341 680 4410 longe
702 4336 862 4391 nobis
884 4335 1058 4395 emori
1085 4343 1389 4406 praestaret,
1420 4349 1580 4402 quam
1610 4335 1663 4389 in
1698 4343 1847 4390 tanta
1879 4334 2104 4390 calami-

519 4445 629 4491 tate
683 4441 740 4488 et
785 4431 1010 4489 miseria
1067 4431 1275 4486 vivere.
1329 4429 1544 4484 Etenim
1597 4430 1740 4485 male
1785 4431 1996 4493 vivere,
2044 4438 2104 4485 ut

517 4538 678 4596 pacta
708 4524 909 4595 inquit,
940 4523 1218 4579 laboriosa
1267 4538 1358 4579 res
1408 4531 1514 4577 est.
1553 4521 1599 4579 0
1637 4539 1896 4594 magnum
1937 4533 2104 4594 atque

519 4618 927 4683 intolerabilem
968 4616 1245 4684 dolorem,
1275 4619 1372 4688 qui
1398 4633 1595 4674 omnes
1623 4618 1832 4688 pariter
1870 4618 2096 4684 invasit,

2208 3403 2508 3467 contineri,
2549 3405 2646 3459 sed
2705 3409 2937 3471 vErtute,
2987 3406 3367 3461 moderatione
3403 3420 3466 3461 ac
3521 3405 3790 3474 sapientia

2207 3496 2496 3566 principis.
2544 3497 2588 3552 0
2635 3498 2931 3566 prudentia
2982 3498 3318 3568 singularis,
3381 3513 3544 3568 quant
3609 3482 3788 3550 Latini

2208 3588 2482 3653 homines,
2510 3598 2566 3642 et
2595 3598 2791 3643 natura
2815 3599 2871 3644 et
2897 3589 3198 3644 multarum
3233 3605 3419 3643 rerum
3443 3589 3794 3667 experientia

2208 3681 2623 3750 prudentissimi
2649 3723 2664 3747 ,
2703 3681 2966 3736 admirari
3004 3697 3068 3738 ac
3101 3691 3328 3752 stupere
3361 3681 3648 3744 solebant,
3681 3697 3788 3750 qua

2205 3772 2469 3827 adhibitis
2519 3773 2855 3843 eloquentia:
2887 3789 3000 3828 suae
3046 3774 3256 3837 nervis,
3307 3773 3466 3826 facile
3517 3770 3705 3826 Medos
3737 3779 3788 3825 et

2207 3863 2403 3919 Persas
2433 3865 2671 3926 induxit,
2710 3873 2770 3919 ut
2799 3865 3065 3920 adversus
3113 3864 3342 3934 impium
3389 3862 3543 3916 illum
3582 3861 3787 3916 Turca-

2207 3972 2329 4011 rum
2376 3942 2768 4027 imperatorem
2821 3973 2972 4011 arma
3020 3965 3411 4027 capesserent,
3468 3953 3672 4024 quibus
3704 3955 3793 4007 ilio

2206 4064 2377 4120 parvo
2404 4051 2703 4118 intcrjccto
2739 4059 3012 4118 tempore,
3041 4049 3222 4102 victus
3251 4063 3315 4102 ac
3348 4045 3668 4115 profligatus
3698 4043 3795 4098 de-

2205 4141 2350 4196 bitas
2391 4142 2665 4195 scelerum
2701 4155 2930 4195 suorum
2984 4154 3176 4210 pennas
3205 4137 3544 4192 luit..Taceo
3575 4136 3795 4206 quoties

2206 4239 2327 4293 sine
2361 4236 2575 4299 armis,
2633 4234 2749 4290 sola
2785 4234 3122 4288 auctoritate
3170 4243 3227 4286 et
3274 4229 3590 4301 prudentia,
3646 4229 3794 4298 quod

2205 4329 2647 4399 pulcherrimum
2670 4327 2916 4382 victoria:
2939 4339 3112 4395 genus
3145 4333 3250 4388 est,
3282 4324 3466 4377 hostes
3487 4321 3791 4392 superavit,

2207 4439 2484 4494 quamque
2517 4422 2688 4476 armis
2721 4417 2939 4490 quoque
2973 4416 3196 4486 quando
3228 4431 3316 4469 res
3347 4415 3539 4476 ferret,
3573 4415 3644 4468 ita
3673 4421 3793 4466 ute-

2205 4513 2371 4569 batur
2400 4553 2416 4579 ,
2479 4519 2541 4566 ut
2587 4511 2790 4566 merito
2821 4518 2877 4564 et
2927 4506 3266 4563 fortissimus
3314 4516 3370 4558 et
3411 4505 3490 4558 rei
3541 4503 3796 4557 militaris

2207 4606 2580 4678 peritissimus
2634 4605 2954 4659 haberetur.
3011 4599 3157 4667 Quot
3207 4599 3373 4654 urbes
3424 4613 3621 4667 nuper,
3659 4593 3798 4666 quot

517 4722 572 4766 et
621 4710 898 4766 neminem
935 4709 1166 4780 reliquit
1221 4708 1526 4775 intactum;
1572 4725 1683 4764 nou
1729 4709 1934 4776 virum,
1992 4725 2105 4764 non
2141 4707 2184 4763 ι)
2214 4699 2439 4771 oppida,
2473 4707 2528 4754 et
2555 4698 2665 4754 situ
2699 4705 2756 4751 et
2787 4705 2981 4750 natura
3009 4695 3257 4748 locorum
3303 4690 3697 4761 munitissima,
3742 4692 3796 4742 in

521 4807 833 4871 mulierem,
867 4819 977 4858 non
1001 4804 1288 4874 juvenem,
1327 4818 1438 4857 non
1471 4804 1700 4858 senem!
1734 4801 1778 4858 0
1808 4803 2101 4873 lugubrem

520 4899 664 4958 illam
707 4897 906 4952 famam
930 4910 996 4949 ac
1027 4893 1252 4948 minime
1284 4893 1585 4964 Optabilem
1607 4910 1730 4964 quae
1756 4896 1958 4964 passim
1980 4909 2106 4964 per-

520 4997 711 5058 vagata
757 5001 953 5042 omnes
988 4985 1057 5039 ad
1096 4985 1266 5040 funus
1294 4984 1533 5054 piissimi
1573 4984 1922 5054 imperatoris
1951 4986 2106 5039 exci-

522 5080 702 5138 tabat!
737 5095 769 5130 o
793 5077 1169 5132 infelicissima
1202 5091 1354 5131 mors
1377 5077 1526 5132 illius
1557 5078 1716 5148 cujus
1741 5078 1795 5132 in
1823 5077 1932 5131 vita
1955 5078 2106 5133 salus

520 5174 674 5238 orbis
733 5182 1013 5228 terrarum
1045 5170 1331 5228 nitebatur
1359 5171 1372 5224 !
1402 5168 1447 5226 0
1474 5170 1735 5239 suspiria,
1769 5185 1802 5224 o
1825 5170 2101 5242 lacrymae,

519 5283 552 5319 ο
583 5263 885 5332 singultus,
913 5276 946 5316 o
966 5275 1128 5316 voces
1157 5260 1553 5327 acerbissimae,
1589 5276 1622 5315 ο
1641 5260 1970 5316 amarissimi
1993 5261 2106 5316 cla-

521 5371 722 5418 mores,
754 5370 786 5408 o
813 5353 1072 5422 gemitus,
1099 5367 1134 5406 o
1163 5351 1346 5418 fletus,
1409 5368 1442 5406 ο
1481 5353 1662 5407 luctus
1703 5352 1884 5408 omnis
1916 5369 2100 5420 sexus,

519 5441 973 5508 retntis,ordinis,
1006 5441 1379 5497 conditionis!
1407 5441 1513 5496 Alii
1548 5441 1773 5512 quidem
1819 5444 2104 5498 dominum

521 5537 862 5607 quaerebant.
898 5534 992 5592 alii
1029 5538 1241 5601 patrem
1287 5534 1500 5604 patriai,
1545 5535 1636 5588 alii
1689 5535 2100 5605 imperatorem,

521 5629 616 5683 alii
654 5637 972 5696 patronum,
1011 5625 1103 5680 alii
1136 5624 1487 5696 magistrum,
1519 5625 1612 5680 alii
1649 5625 1794 5694 juris
1832 5634 1889 5680 et
1918 5626 2102 5696 legum

523 5721 889 5785 conditorem,
930 5735 1124 5774 omnes
1181 5735 1310 5774 vero
1336 5733 1486 5785 eum,
1537 5719 1631 5788 qui
1676 5735 1774 5787 pro
1816 5721 2100 5788 omnibus,

525 5825 583 5868 ut
617 5815 706 5876 ille
751 5814 954 5883 inquit,
994 5812 1182 5867 omnia
1228 5811 1404 5866 factus
1463 5823 1604 5866 erat.
1639 5811 1682 5866 0
1716 5812 1897 5882 gravis
1940 5821 2106 5881 atque

524 5923 717 5976 asgwra
761 5907 906 5961 inter
957 5921 1052 5958 eos
1083 5906 1177 5976 qui
1223 5905 1454 5960 aderant
1496 5907 1814 5958 contentio!
1856 5905 2105 5966 certabat

525 6000 758 6075 quisque
783 6009 840 6054 ut
871 5998 1000 6052 fletu
1033 5997 1287 6067 superior
1317 5997 1615 6052 videretur.
1661 5996 1702 6052 Ο
1735 5998 2100 6070 lacrytnaruut

2215 4791 2596 4860 Peloponneso
2619 4788 2862 4857 recepit!
2891 4785 3086 4840 Nonne
3113 4786 3290 4852 etiam
3307 4783 3601 4837 maximam
3626 4781 3798 4836 Thes-

2214 4881 2362 4937 salia:
2398 4891 2604 4952 partem
2639 4881 2872 4949 imperio
2916 4892 3019 4934 suo
3059 4875 3301 4952 adjecit?
3329 4875 3478 4929 ldem
3530 4884 3586 4929 et
3628 4876 3798 4927 armis

2213 4984 2473 5031 strenuus
2498 4982 2640 5034 erat,
2679 4981 2734 5027 et
2764 4969 3001 5026 consilio
3033 4959 3302 5038 providus
3329 4986 3342 5031 ;
3375 4965 3617 5020 habebat
3645 4966 3793 5017 cnim

2215 5067 2593 5140 Thucydidem
2625 5081 2835 5127 secum,
2871 5075 2926 5119 et
2965 5062 3427 5136 X‘enophontem,
3478 5067 3533 5112 ct
3581 5057 3624 5111 si
3670 5058 3799 5125 quis

2215 5158 2303 5213 his
2333 5157 2534 5212 similis
2562 5167 2700 5218 erat,
2731 5171 2973 5226 quorum
3016 5151 3250 5209 consilio
3296 5149 3563 5205 continuo
3607 5148 3796 5200 nti-ba-

2216 5261 2351 5306 tur:
2394 5265 2460 5304 ex
2506 5263 2616 5320 quo
2660 5248 2825 5307 fiebat
2867 5257 2946 5306 ut.
2979 5243 3445 5316 quemadmodum
3477 5237 3795 5308 inquitllo—

2215 5358 2422 5408 merus,
2449 5350 2505 5395 et
2539 5339 2900 5408 rcxpptinuts
2929 5345 3078 5392 esset
3105 5344 3162 5389 et
3188 5333 3420 5388 bellator
3441 5329 3794 5386 fortissimus.

2214 5444 2271 5490 et
2302 5433 2449 5503 quod
2505 5446 2604 5484 nos
2655 5415 2937 5494 adiimus,
2992 5423 3429 5480 facundissimus
3463 5429 3672 5474 orator.
3729 5421 3798 5474 At

2215 5529 2308 5583 ubi
2353 5540 2498 5581 nunc
2567 5525 2680 5587 haec
2718 5523 2899 5579 omnia
2932 5519 3100 5574 sunt?
3136 5516 3237 5573 Ubi
3280 5516 3524 5585 plausus.
3564 5520 3621 5566 et
3662 5528 3796 5582 pra-.-

2213 5622 2397 5680 conia.
2445 5627 2501 5675 et
2552 5616 2783 5674 laudes?
2836 5615 2930 5668 ubi
2972 5609 3304 5682 populorum
3359 5605 3655 5661 ineli‘abilis
3704 5602 3798 5658 illa

2213 5717 2489 5784 voluptas,
2526 5725 2690 5781 quam
2721 5725 2786 5763 ex
2830 5703 3367 5777 principisvirtutc,
3395 5696 3796 5756 moderatione,

2214 5806 2529 5866 clementia,
2565 5811 2772 5858 tantam
2807 5797 3208 5868 percipiebant,
3247 5804 3338 5856 ut,
3379 5792 3472 5846 illo
3507 5790 3794 5858 imperium

2217 5909 2464 5968 regente,
2493 5893 2800 5959 beatiss’nii
2837 5892 2937 5946 sibi
2969 5906 3090 5943 esse
3129 5886 3487 5942 viderentur?
3513 5883 3556 5938 Ο
3586 5898 3798 5938 summa

2218 6008 2402 6050 rerum
2439 5985 2842 6059 tt‘anquiil'tasl
2885 5982 2979 6037 liio
3031 5998 3126 6051 pro
3168 5979 3328 6036 nobis
3363 5977 3667 6032 laborante.
3708 5986 3798 6025 sca
