4136 6400
353 471 459 538 619

1321 471 1827 533 BESSARIONIS
1861 472 1920 532 S.
1955 473 2024 530 Β.
2060 471 2125 530 Ε.
2170 468 2636 530 ΕΛΗΒῙΧΑΙΛΞ

3510 465 3629 530 620

337 575 477 644 euri
521 589 635 644 otio
669 587 1012 644 fruebamur.
1039 586 1172 654 Quis
1203 587 1365 642 nobis
1417 586 1580 642 modo
1635 586 1927 658 imperato-

2040 583 2209 638 decus
2239 585 2371 638 illud
2411 595 2573 652 atque
2607 589 3014 637 Ornameutum.
3049 576 3192 648 quod
3221 577 3462 632 omnium
3497 582 3618 650 pul-

362 698 476 736 rem
527 681 738 748 reddet,
788 681 914 750 quis
963 690 1200 750 patrem,
1260 679 1387 748 quis
1437 688 1751 750 patronum,
1812 679 1936 748 quis

357 782 826 844 propugnatorem
856 812 871 836 ,
917 773 1040 842 quis
1083 789 1299 828 tuorum
1331 784 1386 828 et
1414 775 1539 829 vitae
1588 772 1930 844 magistrum,

355 867 481 934 quis
530 864 814 919 dominum
851 875 959 921 tam
999 865 1307 921 beneficum
1346 875 1404 922 et
1437 866 1775 921 salutarem?
1820 864 1928 920 Lu-

289 985 300 997 ι
359 965 485 1027 geat
524 972 671 1011 nune
701 954 1016 1012 Christiana
1043 957 1384 1026 respublica,
1407 958 1566 1028 cujus
1597 957 1934 1027 splendidis-

357 1045 530 1100 simus
567 1045 760 1101 oculus
789 1048 1101 1102 exstinctus
1121 1056 1226 1102 est.
1260 1047 1495 1117 Incipiat
1525 1048 1638 1115 jam
1670 1056 1814 1103 terra
1841 1047 1938 1102 lle-

354 1137 523 1192 bilem
589 1149 847 1204 cantum;
904 1139 1162 1194 columna
1203 1139 1414 1194 corruit
1472 1154 1578 1209 qua
1633 1140 1932 1208 sustentari

353 1229 586 1284 Solebat.
635 1228 841 1285 Omnes
891 1246 1038 1285 nunc
1079 1245 1301 1286 saccum
1360 1230 1594 1285 induant
1642 1241 1698 1285 et
1749 1231 1934 1286 cinere

357 1330 711 1391 Spargantur.
753 1321 1079 1376 Remedium
1127 1337 1236 1376 non
1288 1321 1455 1377 habet
1495 1321 1600 1377 ista
1626 1323 1931 1378 calamitas.

354 1413 491 1478 Quis
539 1427 687 1467 nunc
728 1411 913 1468 claves
964 1414 1098 1468 tanti
1147 1414 1364 1484 imperii
1405 1425 1632 1476 tenere,
1669 1416 1792 1478 quis
1823 1425 1932 1470 tra—

353 1517 506 1558 ctare
544 1503 713 1557 totius
744 1503 896 1558 orbis
929 1503 1308 1573 gubernacula
1361 1507 1602 1577 poterit?
1626 1505 1670 1561 Ο
1713 1506 1926 1562 litterae.

354 1594 562 1663 plorato
613 1596 883 1650 cultorem
925 1604 1193 1650 vestrum.
1245 1597 1416 1652 Periit
1462 1599 1554 1653 ille
1587 1598 1679 1668 qui
1721 1614 1819 1652 vos
1878 1599 1930 1652 in

350 1701 511 1740 coeno
539 1694 596 1741 et
640 1686 908 1742 sordibus
951 1686 1203 1758 jacentes
1233 1690 1411 1745 erexit
1451 1698 1506 1746 et
1537 1691 1692 1761 quasi
1722 1705 1753 1746 e
1783 1699 1934 1745 tene-

353 1779 466 1832 bris
491 1778 558 1834 ad
585 1779 764 1834 lucem
803 1765 1134 1848 revocavit;
1155 1784 1248 1855 qui
1280 1793 1430 1837 tanto
1458 1798 1557 1838 vos
1587 1798 1778 1838 amore
1803 1799 1930 1854 pro-

349 1870 708 1940 sequebatur,
743 1882 805 1928 ut
852 1889 954 1929 nec
991 1874 1212 1945 publica
1264 1889 1367 1930 nec
1427 1875 1639 1944 privata
1690 1873 1923 1944 negotia,

350 1977 455 2015 nec
485 1976 632 2016 cura:
683 1974 779 2018 aut
825 1965 1262 2032 sollicitudines,
1308 1981 1414 2022 nec
1451 1967 1704 2037 voluptas
1739 1966 1922 2036 aliqua
1953 1949 1994 2007 Β

351 2067 451 2108 nec
505 2069 731 2111 somnus
772 2056 1087 2115 distrahere
1143 2076 1268 2115 eum
1325 2076 1353 2116 a
1397 2069 1583 2116 vestro
1643 2063 1925 2116 consortio

350 2155 559 2213 posset.
606 2147 673 2202 Et
710 2148 1176 2217 quemadmodum
1221 2167 1320 2207 vos
1372 2137 1682 2208 incredibili
1743 2151 1927 2205 studio

350 2251 415 2290 ac
448 2237 731 2307 diligentia
769 2241 1110 2310 sequebatur
1135 2283 1150 2310 ,
1197 2243 1270 2298 ita
1303 2253 1551 2308 caeteros,
1583 2253 1645 2299 ut
1675 2242 1818 2300 idem
1852 2242 1928 2297 fa-

352 2336 564 2395 cerent,
601 2329 917 2398 excitabat;
951 2347 1054 2387 nec
1091 2333 1476 2391 adolescentes
1503 2335 1792 2400 duntaxat,
1831 2349 1926 2388 ve-

352 2437 470 2474 rum
520 2422 686 2477 etiam
725 2439 887 2480 senes
933 2425 1000 2480 ad
1040 2426 1387 2498 disciplinam
1427 2427 1776 2483 hortabatur.
1809 2426 1929 2494 Quo

347 2515 553 2570 factum
588 2526 696 2586 est,
734 2526 792 2572 ut
823 2518 1075 2589 plerique
1119 2535 1354 2590 quorum
1390 2530 1524 2576 aetas
1579 2520 1692 2591 jam
1743 2519 1927 2590 ingra-

349 2624 576 2664 vescens
602 2618 742 2677 erat,
774 2611 1029 2682 exemplo
1058 2611 1252 2682 optimi
1285 2612 1637 2683 imperatoris
1665 2614 1924 2683 permoti,

345 2696 780 2767 ad'Optimarum
828 2702 1029 2755 artium
1063 2702 1247 2758 studia
1301 2718 1360 2757 se
1408 2702 1813 2759 transtulerint.
1841 2702 1930 2758 Sic

343 2790 492 2843 enim
521 2801 718 2846 natura
753 2802 1131 2864 comparatum
1163 2803 1269 2860 est,
1307 2804 1367 2848 ut
1397 2793 1593 2863 quales
1614 2800 1744 2847 sunt
1780 2794 1931 2862 prin-

345 2882 518 2951 cipes,
557 2883 693 2938 tales
724 2885 889 2938 etiam
937 2883 1145 2940 subditi
1181 2883 1350 2950 fiant;
1384 2893 1442 2939 et
1465 2885 1928 2954 quemadmodum

345 2989 408 3027 ea
445 2989 476 3028 a
511 2975 716 3044 quibus
750 2976 1029 3046 principes
1058 2976 1379 3043 abhorrent,
1401 2976 1660 3031 omnibus
1693 2975 1932 3030 ludibrio

347 3076 502 3130 sunt,
535 3066 607 3121 ita
640 3083 760 3138 quae
795 3068 873 3122 illi
921 3068 1218 3138 honorant,
1273 3069 1534 3125 coluntur
1563 3066 1632 3121 ab
1677 3069 1933 3123 omnibus

345 3165 400 3209 ct
433 3155 486 3208 in
524 3158 702 3224 pretio
733 3156 1025 3214 habentur.
1057 3157 1102 3214 0
1137 3161 1307 3230 leges,
1343 3174 1378 3214 ο
1413 3158 1645 3229 iudices,
1675 3174 1707 3211 0
1732 3157 1928 3222 forum,

2040 681 2376 738 cherrimum
2411 682 2672 737 habebas.
2708 671 2816 739 Ubii
2859 695 3008 736 nunc
3040 690 3123 735 est
3163 689 3254 734 tua
3309 678 3399 732 illa
3451 693 3617 732 aurea

2040 775 2312 840 ea~saries,
2340 775 2432 829 ubi
2472 774 2810 830 mortalibus.
2829 773 3086 828 omnibus
3111 780 3301 843 gratus
3325 772 3620 840 aspectus?

2050 863 2202 920 lleul
2244 866 2432 936 quales
2463 865 2563 921 tibi
2597 865 2800 926 crines.
2829 863 3032 935 quibus
3057 862 3362 934 virtutibus
3383 863 3626 917 intortos

2042 958 2206 1028 impia
2250 973 2398 1013 mors
2425 959 2654 1015 evulsit!
2689 959 2905 1029 qualem
2937 956 3157 1011 oculum
3189 954 3440 1016 abstulit,
3471 954 3618 1024 quod

2044 1060 2210 1121 caput
2241 1051 2498 1118 abscidit,
2540 1063 2593 1107 et
2639 1062 2691 1108 te
2713 1050 3045 1108 seminecem
3077 1064 3142 1104 ac
3173 1049 3637 1109 semimortuam,..

2040 1141 2150 1195 imo
2193 1157 2324 1197 vero
2367 1152 2637 1198 mortuam
2669 1156 2898 1213 prorsus
2922 1148 3086 1211 atque
3115 1137 3453 1195 immobilem
3488 1137 3618 1191 reli-

2038 1233 2376 1301 quitl'lleu!
2430 1251 2594 1306 quam
2630 1235 2802 1290 latum
2839 1245 2896 1288 et
2931 1249 3093 1304 quam
3135 1231 3437 1304 spatiosum
3469 1244 3616 1284 cam-
3652 1297 3658 1304 ἢ

2037 1340 2167 1394 pum
2196 1325 2294 1380 tibi
2327 1327 2616 1397 proposuit
2645 1325 3010 1397 lacrymarum
3039 1333 3096 1380 et
3140 1324 3355 1388 luctus,
3391 1320 3616 1376 minimc

2037 1417 2256 1485 quidem
2283 1417 2382 1472 tibi
2417 1419 2738 1487 Optabilem.
2763 1417 3158 1474 Verumtamen
3181 1413 3252 1470 itu
3283 1413 3487 1467 factum
3509 1419 3610 1476 est,

2036 1515 2092 1558 et
2123 1516 2179 1561 tu
2221 1505 2320 1562 ista
2353 1509 2594 1578 pateris;
2632 1507 2763 1580 quid
2793 1507 2940 1562 enim
2974 1506 3158 1562 facere
3185 1513 3361 1574 potes,
3397 1502 3509 1555 Deo
3541 1501 3614 1554 ita

2031 1597 2306 1666 jnbente?
2333 1597 2556 1655 Stamus
2589 1614 2735 1654 nunc
2781 1599 2858 1653 tui
2889 1597 3007 1665 lilii,
3037 1595 3404 1652 miserabilem
3440 1591 3614 1646 induti

2039 1689 2283 1744 habitum
2311 1731 2326 1754 ,
2359 1700 2416 1746 et
2455 1689 2693 1746 flebilem
2733 1698 2956 1744 cantum
3004 1687 3348 1742 inchoantes.
3381 1683 3426 1740 0
3477 1683 3613 1736 varii

2036 1782 2474 1852 multiplicesque
2504 1797 2789 1838 sermones
2830 1781 2888 1836 in
2921 1781 3106 1835 animo
3150 1778 3334 1842 illius,
3370 1775 3524 1844 quasi
3558 1774 3611 1827 in

2036 1871 2334 1926 venerabili
2359 1872 2593 1941 quodam
2622 1871 2928 1927 diversorio
2956 1869 3232 1940 dispositi,
3254 1875 3311 1922 et
3340 1867 3466 1920 inde
3497 1864 3614 1919 vel-

2032 1962 2109 2016 uti
2134 1979 2196 2015 ex
2232 1963 2708 2018 abundantissituo
2733 1961 2888 2017 fonte
2935 1960 3254 2015 manantes!
3290 1958 3353 2013 Hi
3389 1957 3610 2027 quidem

2033 2053 2218 2118 fidem,
2262 2053 2546 2124 pietatem,
2595 2053 2915 2124 religionem
2964 2051 3337 2115 extollebant;
3372 2049 3447 2102 illi
3480 2059 3614 2102 tem-

1996 2169 1998 2172 ν
2032 2145 2137 2212 pla,
2175 2145 2465 2212 sacrificia,
2499 2145 2621 2200 dies
2649 2144 2816 2200 festos
2841 2143 3149 2208 ornabant;
3181 2141 3376 2197 alii-dc
3407 2139 3612 2194 virtute

2030 2249 2086 2290 et
2132 2236 2382 2292 moribus
2431 2237 2826 2308 disputabant;
2883 2235 3136 2290 nonnulli
3196 2236 3324 2288 vilia
3373 2234 3612 2288 insecta-

2032 2332 2268 2395 bantur;
2303 2329 2573 2399 plerique,
2609 2328 2742 2400 quid
2773 2327 3049 2400 agendum
3077 2369 3091 2392 ,
3141 2327 3272 2396 quid
3323 2325 3610 2381 vitandum

2032 2430 2202 2485 esset,
2238 2420 2544 2479 incredibili
2579 2419 2863 2486 facilitate,
2923 2418 3234 2489 splendore,
3267 2420 3464 2488 gratia,
3499 2417 3612 2471 dis-

2038 2513 2321 2568 serebant.
2355 2512 2550 2568 Testes
2571 2505 2845 2582 sunt,'qui
2874 2521 3090 2566 exstant
3120 2511 3267 2565 illius
3294 2510 3440 2578 libri,
3465 2525 3613 2564 sum-

2035 2623 2176 2660 mam
2207 2606 2538 2672 doctrinam,
2566 2604 2843 2674 singulare
2866 2604 3144 2676 ingenium
3174 2611 3229 2658 et
3257 2604 3492 2658 divinam
3523 2619 3612 2657 sa-

2035 2698 2300 2768 pientiam
2333 2712 2446 2768 prae
2495 2712 2553 2752 se
2599 2695 2863 2764 ferentes,
2923 2710 3238 2766 quanquam
3299 2693 3618 2749 infelicibus

2034 2791 2198 2844 nobis
2227 2789 2386 2858 longe
2420 2795 2705 2858 pra-staret
2732 2788 2920 2842 vivum
2961 2787 3138 2850 illum,
3171 2789 3248 2840 ac’
3281 2774 3613 2840 concionan-

2035 2891 2145 2938 tem
2181 2881 2465 2946 admirari,
2503 2895 2666 2952 quam
2700 2887 2826 2950 post
2856 2879 3074 2934 cineres
3117 2893 3183 2933 cx
3213 2877 3358 2933 illius
3390 2875 3612 2945 scriptis

2035 2976 2182 3038 vitro,
2226 2984 2282 3031 et
2315 2974 2558 3042 virtutis,
2625 2982 2681 3028 et
2719 2988 2935 3028 morum
2993 2973 3177 3028 facere
3215 2972 3608 3042 conjecturam.

2035 3067 2280 3137 Magnam
2341 3074 2493 3122 certe
2530 3065 2802 3135 jacturam
2850 3077 3046 3118 omnes
3077 3062 3349 3125 fecerunt,
3384 3059 3480 3115 sed
3511 3075 3614 3114 nos

2039 3157 2090 3208 in
2149 3157 2341 3226 primis
2391 3157 2482 3224 qui
2527 3155 2709 3211 adhuc
2770 3153 3149 3209 adolescentes
3186 3152 3347 3207 talem
3397 3151 3574 3206 virum
3594 3190 3626 3214 ,,

345 3263 378 3298 o
408 3247 691 3312 subsellia,
717 3265 750 3302 ο
785 3250 1102 3316 tribunalia,
1151 3251 1330 3322 lugete
1362 3253 1695 3307 exstinctum
1733 3251 1932 3336 pri'nci-
1960 3287 2002 3344 ε
2039 3249 2187 3316 prius
2215 3251 2328 3302 fere
2361 3264 2526 3318 quam
2557 3263 2719 3303 nosse
2772 3262 3091 3317 possumus,
3149 3245 3457 3300 amisimus.
3491 3243 3609 3297 Non

349 3354 472 3408 pem
524 3340 616 3408 qui
675 3341 831 3397 vobis
882 3343 1156 3398 tribuerat
1211 3353 1270 3398 ut
1313 3353 1540 3415 propter
1583 3345 1812 3417 justititc
1870 3355 1926 3400 ct

343 3431 621 3501 aequitatis
650 3433 1181 3492 administrationem
1225 3437 1338 3492 haec
1365 3438 1584 3492 nomina
1624 3438 1925 3508 justissime

344 3523 728 3592 possideretis.
757 3526 801 3581 0
829 3529 977 3582 cives
1010 3538 1066 3583 et
1103 3530 1319 3584 urbium
1347 3531 1660 3600 optimates,
1695 3538 1925 3585 nuerete

344 3615 588 3671 ablatum
622 3619 778 3674 vobis
816 3621 1246 3689 imperatorem,
1282 3622 1374 3692 qui
1407 3631 1551 3692 tanta
1580 3621 1841 3677 facilitate
1871 3631 1925 3676 ct

346 3709 637 3780 prudentia
667 3711 947 3768 vobiscum
978 3713 1044 3769 de
1079 3713 1242 3769 rebus
1270 3715 1528 3770 omnibus
1557 3715 1918 3785 loquebatur!

345 3804 390 3858 0
431 3819 720 3874 pauperes,
775 3804 901 3861 flete
942 3817 1236 3876 patronum
1285 3807 1377 3876 qui
1422 3821 1521 3862 vos
1576 3808 1917 3878 protegebat,

342 3897 693 3963 sublevabat,
745 3899 961 3955 alebat!
1011 3898 1056 3956 0
1105 3899 1372 3970 quidquid
1418 3899 1592 3954 Gratci
1638 3901 1921 3971 sanguinis

347 4007 578 4061 usquam
611 4001 714 4058 cst,
751 3994 959 4059 omnia,
996 4001 1058 4048 ut
1089 3993 1288 4058 facitis,
1316 3993 1571 4064 lacrymis
1597 4009 1659 4048 ac
1684 4009 1920 4050 mmrore

341 4085 654 4154 complete,
695 4100 818 4140 cum
877 4094 1062 4141 vestro
1110 4085 1481 4156 gubernatore
1529 4085 1726 4156 privati
1777 4087 1914 4153 sitis,

345 4176 436 4241 qui
469 4191 565 4231 vos
592 4177 659 4230 ab
687 4177 833 4231 omni
870 4178 1074 4248 impetu
1106 4185 1165 4233 et.
1191 4178 1434 4247 procella
1464 4177 1697 4233 fortuna:
1727 4181 1920 4233 tueba-

345 4280 468 4330 tur,
522 4279 578 4324 et
625 4269 897 4323 minantes
940 4283 1084 4340 swpe
1122 4270 1392 4325 bellorum
1446 4269 1697 4324 turbines
1772 4284 1922 4324 nunc

342 4361 512 4416 armis
537 4371 592 4416 et
624 4361 785 4428 bello,
819 4378 965 4417 nunc
993 4363 1108 4417 sola
1143 4362 1432 4432 prudentia
1473 4369 1635 4431 atque
1679 4361 1918 4417 auctori-

343 4463 454 4530 tate
487 4455 789 4508 avertetat.
837 4451 1050 4507 Etenim
1097 4452 1202 4507 hoc
1231 4452 1283 4506 in
1309 4451 1502 4522 primis
1527 4451 1916 4520 sapientissimi

343 4545 688 4612 imperatoris
712 4544 991 4614 proprium
1012 4554 1150 4612 erat,
1172 4561 1273 4601 nec
1292 4555 1527 4616 tempus,
1550 4559 1650 4598 nec
1672 4543 1915 4609 modum,

2037 3340 2191 3394 licuit
2225 3339 2387 3395 nobis
2417 3352 2666 3396 orantem
2719 3340 2918 3410 saepius
2949 3339 3177 3404 audire,
3230 3353 3338 3392 non
3391 3338 3611 3392 cenc‘o—

2035 3431 2186 3490 nanti
2221 3433 2474 3502 plausum
2516 3432 2769 3496 reddere,
2817 3447 2925 3486 non
2972 3431 3046 3485 illi
3085 3431 3403 3501 priusquam
3437 3443 3468 3483 e
3501 3432 3624 3482 vita.

2033 3527 2364 3589 discederet,
2400 3525 2670 3596 primitias
2716 3525 2920 3595 ingenii
2973 3525 3145 3579 nostri
3199 3523 3621 3593 qualescunque

2031 3624 2234 3682 essent,
2268 3616 2486 3671 offerre.
2519 3615 2675 3670 Nunc
2705 3629 2856 3677 vero,
2891 3629 2979 3669 me
3027 3613 3288 3669 miserum
3329 3622 3496 3682 atque
3529 3613 3608 3665 in-

2032 3704 2280 3760 felicem!
2327 3705 2582 3760 mreroris
2611 3716 2668 3760 et
2695 3706 3063 3777 lacrymarum
3110 3715 3166 3760 et
3200 3709 3381 3760 luctus
3409 3704 3608 3759 oﬂ‘errc

2031 3795 2311 3865 primitias.
2327 3797 2592 3866 cogimur.
2623 3793 2738 3851 Heu
2766 3796 2780 3848 !
2824 3795 2878 3848 in
2907 3810 3026 3864 quae
3055 3805 3300 3865 tempora
3347 3795 3607 3849 reservati

2029 3902 2243 3953 sumus,
2269 3903 2430 3956 quam
2450 3903 2699 3941 amarum
2722 3887 2882 3941 nobis
2897 3895 3200 3951 certamen,
3229 3902 3376 3942 mors
3401 3887 3608 3954 invida,

2029 3978 2404 4049 proposuisti!
2448 3978 2492 4034 0
2527 3979 2713 4034 clades
2741 3979 3004 4034 omnibus
3033 3961 3156 4049 qua:
3207 3995 3447 4045 unquam
3485 3979 3606 4034 fue-

2031 4081 2158 4124 runt
2187 4071 2437 4126 cladibus
2466 4073 2637 4143 major
2662 4072 2687 4124 ἓν
2709 4071 3002 4140 quomodo.
3019 4072 3207 4127 vivere
3241 4071 3480 4146 amplius
3512 4087 3608 4140 po-

2031 4160 2303 4216 terimus!
2327 4163 2606 4231 quomodo
2653 4161 2930 4216 infelicem
2973 4161 3116 4215 hanc
3143 4161 3403 4226 animam,
3434 4177 3606 4231 quan-

2032 4254 2430 4324 tulumcunque
2451 4255 2575 4309 vita:
2603 4253 2872 4323 supersit,
2912 4253 2965 4306 in
3010 4261 3162 4308 tanto
3189 4253 3338 4308 luctu
3373 4267 3437 4306 ac
3475 4268 3607 4306 maz-
3663 4284 3670 4286 -

2029 4361 2154 4401 rore
2209 4346 2527 4402 traducere!
2564 4347 2662 4402 Ubi
2704 4360 2851 4400 nunc
2876 4353 2961 4400 est
2989 4345 3174 4416 regius
3208 4345 3296 4398 ille
3319 4359 3418 4413 pro
3450 4345 3608 4397 nobis

2028 4453 2246 4507 semper
2299 4438 2526 4508 pervigil
2580 4438 2775 4492 oculus
2826 4451 2989 4505 quem
3049 4451 3328 4505 nunquam
3383 4437 3606 4489 vincere

2027 4543 2255 4583 Somnus
2282 4537 2512 4598 poterat,
2535 4543 2744 4593 rerum,
2768 4535 2828 4581 ut
2853 4524 3126 4581 l-lomerus
3147 4527 3604 4596 inquit,omniuun

346 4655 447 4692 ,ωε
481 4649 630 4691 arms
668 4638 790 4693 belli
833 4649 889 4692 ει
935 4639 1085 4708 pacis
1141 4641 1414 4707 ignorare.
1468 4637 1625 4693 nunc
1671 4639 1915 4708 ρι-ογεειο
1957 4640 2000 4696 υ
2030 4620 2292 4676 domitor.
2331 4620 2597 4691 Vigilabat
2629 4621 2719 4674 ille
2770 4631 2960 4674 noctes
2995 4628 3170 4681 totas,
3203 4627 3296 4673 aut
3337 4618 3608 4672 tneditans

345 4729 544 4798 tvplllttl'
588 4729 752 4782 etiam
797 4728 985 4783 hostes
1034 4738 1198 4798 atque
1257 4729 1511 4785 inimicos
1557 4729 1683 4800 ejus
1731 4743 1924 4799 magna

345 4839 410 4876 ex
453 4829 607 4890 parte
647 4819 942 4890 prosequi,
982 4835 1046 4874 ac
1080 4820 1358 4884 lamentis,
1397 4830 1454 4874 et
1500 4821 1554 4876 in
1615 4830 1722 4874 tam
1773 4819 1923 4889 gravi

346 4927 511 4984 atque
539 4915 739 4970 acerbo
783 4913 932 4967 luctu
965 4913 1250 4968 nobiscum
1285 4914 1530 4969 misceri.
1561 4912 1702 4968 Vicit
1733 4926 1926 4966 omnes

349 5007 615 5079 principis
643 5009 849 5071 virtus,
881 5007 1040 5077 cujus
1069 5013 1230 5060 tanta.
1261 5005 1344 5059 vis
1372 5016 1492 5071 est,
1542 5017 1602 5060 ut
1645 5005 1809 5059 etiam
1856 5003 1925 5059 ab

349 5099 598 5154 hostibus
624 5099 947 5153 honoretur.
979 5095 1024 5150 Ο
1053 5094 1393 5167 Byzantium,
1429 5095 1742 5167 Byzantium
1763 5096 1926 5149 tom-

353 5193 503 5246 uiutn
536 5192 754 5247 urbium
783 5189 1148 5245 clarissimum
1195 5188 1404 5253 lumen,
1436 5187 1604 5241 decus
1640 5186 1792 5240 orbis
1819 5193 1924 5239 ter-

354 5300 560 5350 rarum,
588 5283 974 5353 naufragorum
1002 5289 1216 5350 portus,
1243 5277 1569 5333 miserorum
1595 5275 1939 5345 perfugium,

355 5377 665 5445 praesidium
685 5374 932 5432 omnium
957 5373 1254 5434 bonorum,
1277 5369 1492 5440 qualem
1517 5369 1922 5437 imperatorem,

353 5477 557 5537 quanta
589 5467 880 5536 sapientia,
916 5465 1143 5536 pietate,
1172 5461 1460 5519 clementia
1491 5458 1776 5530 praeditum
1803 5458 1927 5510 hac-

358 5572 516 5613 tenus
548 5559 818 5614 habuisti!
856 5560 950 5630 qui
985 5558 1082 5612 tibi
1115 5556 1400 5627 pristinam
1442 5553 1749 5607 libertatetn
1783 5591 1795 5613 ,
1847 5549 1928 5602 di—

359 5651 646 5716 gnitatem,
676 5649 943 5715 fortunas,
975 5652 1267 5720 imperium
1303 5647 1573 5710 restituit;
1603 5642 1695 5712 qui
1745 5642 1928 5694 hostes

359 5753 482 5796 tuos
505 5743 778 5796 dominari
809 5753 967 5798 antea
1005 5743 1231 5805 solitos,
1265 5741 1362 5794 tibi
1398 5738 1670 5808 subjecit;
1705 5733 1798 5802 qui
1830 5747 1926 5800 pa-

358 5832 439 5884 cis
465 5833 548 5884 eis
579 5833 726 5900 leges
763 5844 957 5900 praeter
990 5849 1143 5899 Spem
1197 5832 1439 5885 omnium
1485 5829 1654 5884 dedit.
1686 5825 1797 5879 llcu
1825 5824 1837 5876 ι
1873 5824 1926 5877 in

360 5929 593 5992 quantas
627 5936 770 5972 nunc
810 5936 1080 5975 aerumnas
1130 5923 1398 5976 incidisti!
1437 5920 1658 5972 Infelix!
1696 5915 1926 5969 amisisti

2030 4713 2257 4782 aliquid,
2294 4721 2383 4767 aut
2432 4713 2652 4780 legens;
2683 4710 2806 4766 dies
2837 4710 2892 4764 in
2939 4711 3290 4764 sermonibus
3318 4719 3480 4777 atque
3511 4726 3606 4762 nc-

2029 4807 2190 4876 gotiis
2229 4805 2614 4861 consumebat.
2673 4805 2889 4874 Optime
2938 4804 3285 4874 imperator!
3328 4803 3606 4872 quomodo

2029 4899 2301 4953 sustinere
2336 4896 2438 4952 sub
2464 4896 2569 4951 hoc
2595 4911 2782 4950 amaro
2830 4896 3012 4964 lapide
3063 4904 3274 4949 tantum
3304 4895 3476 4949 otium
3511 4911 3604 4964 po-

2033 4993 2182 5058 teris,
2213 4991 2306 5060 qui
2336 4989 2494 5058 quasi
2526 5003 2735 5060 pennas
2768 4987 3002 5053 habens,
3050 4987 3494 5042 circumvolitare
3529 4997 3606 5040 to-

2033 5094 2145 5138 tum
2180 5068 2370 5138 urbem
2423 5081 2683 5137 solebas?
2712 5079 3002 5146 Quomodo
3032 5089 3139 5133 tam
3171 5080 3494 5134 diuturnmn
3528 5080 3606 5133 si-

2028 5179 2260 5233 lentium
2292 5175 2436 5231 ferre
2456 5216 2470 5240 ,
2494 5174 2653 5244 cujus
2681 5173 2881 5239 oratio,
2911 5162 3068 5242 quasi
3092 5182 3290 5228 cantus
3322 5172 3601 5235 Sirenum,

2031 5271 2378 5325 demulcebat
2409 5269 2695 5323 hominum
2728 5280 2913 5333 aures,
2957 5273 3013 5319 et
3038 5265 3194 5330 quasi
3237 5280 3462 5334 magnes
3492 5265 3602 5318 fcr-

2033 5379 2174 5428 rum,
2206 5375 2537 5431 quocunque
2571 5359 2771 5421 vellet,
2825 5371 3043 5425 semper
3085 5355 3602 5420 trahebat?,V-erum

2035 5463 2088 5506 tu
2117 5454 2336 5523 quidem
2369 5451 2573 5514 abiisti,
2597 5459 2662 5507 et.
2681 5451 2746 5504 ad
2775 5447 3004 5502 meliora
3035 5447 3344 5502 habitacula
3377 5458 3604 5502 vocatus

2035 5547 2276 5616 migrasti
2319 5548 2372 5599 in
2415 5544 2648 5606 cmlum,
2707 5541 2800 5596 ubi
2869 5526 3188 5610 perpetuam
3243 5540 3428 5595 sedem
3475 5540 3599 5605 tidc,

2039 5637 2324 5704 religione,
2369 5636 2574 5689 virtute
2613 5633 2713 5686 tibi
2751 5645 3069 5701 paraveras.
3119 5629 3230 5685 Nos
3267 5639 3448 5684 autem
3486 5647 3600 5684 'cur

2035 5731 2084 5781 in
2123 5737 2273 5780 tanto
2307 5727 2457 5780 luctu
2505 5735 2560 5778 ct
2608 5738 2869 5788 maerore,
2905 5733 2960 5777 et
2989 5723 3245 5792 lacrymis
3297 5723 3603 5790 reliquisti?

2029 5824 2142 5876 Cur
2175 5818 2468 5874 discedens
2514 5831 2706 5870 omnes
2759 5830 2866 5868 non
2900 5814 3148 5866 vocasti?
3179 5813 3308 5866 Mori
3347 5816 3491 5868 enim
3525 5826 3598 5868 tc-

2033 5931 2153 5967 t-um
2191 5926 2352 5977 quam
2387 5909 2503 5961 sine
2532 5917 2582 5961 te
2615 5909 2794 5961 vivere
2831 5905 3167 5960 commodius
3204 5906 3423 5960 inissa!
