4136 6432
557 461 658 528 621
1340 457 1422 520 IN
1463 453 1776 526 ILL’UDJ
1825 455 1895 514 δι
1937 453 2104 514 EUM
2141 453 2331 515 vom
2364 453 2706 524 MANERE,
2751 466 2768 498 ›
2811 453 2969 514 mc.
3696 449 3804 512 522

1119 785 2050 968 BESSARIONIS
2131 787 3243 900 HIEROMONACHI

553 1051 580 1074 ιι
2064 999 2136 1058 I-A
2147 999 2280 1057 MBI

1161 1151 1330 1248 ‘IN
1408 1155 1780 1272 curru
1862 1153 2567 1244 'l‘HEODOlUE
2647 1156 3221 1245 AUGUS’I‘IE

1728 1327 1852 1392 (Leo
1886 1328 2032 1378 Allat.
2073 1329 2139 1378 De
2161 1340 2408 1386 consensu,
2433 1341 2479 1390 p.
2515 1328 2651 1391 953.)

565 623 1092 638 ...ιαμ-’,μ-α--ι

2138 1471 2206 1484 ﬂ

635 1601 837 1657 Narrat
865 1596 1216 1654 Theodosius
1249 1596 1561 1669 Zygomala,
1594 1595 1825 1665 epistola
1861 1595 1928 1650 ad
1963 1595 2261 1650 M‘artinutn
2292 1595 2575 1662 Grusium,
2605 1599 2657 1651 in
2682 1599 2972 1654 obsidione
3002 1593 3617 1666 Constantinopolitano
3652 1609 3806 1654 atrox

561 1692 908 1748 Constantini
947 1693 1296 1762 imperatoris
1325 1689 1582 1755 facinus;
1621 1689 1830 1759 quippe
1864 1689 1958 1759 qui
2010 1705 2294 1746 sacrorum
2329 1693 2716 1761 mysteriorum
2751 1691 3050 1762 participes
3107 1687 3281 1746 factos
3340 1690 3568 1766 liberos,
3620 1691 3810 1746 amnes

563 1795 726 1855 atque
765 1787 1126 1855 prepinquos,
1161 1785 1425 1840 decollari
1459 1785 1708 1851 jusserit,
1746 1799 1814 1838 ne
1847 1784 1903 1838 in
1937 1783 2196 1840 Turcarm

2175 1800 2239 1838 Im
2288 1786 2610 1840 servitutem
2645 1787 2896 1842 venirent
2936 1804 2950 1842 :
2987 1787 3218 1858 Φέρεται
3247 1785 3302 1838 δὲ
3337 1785 3515 1854 λόγος,
3547 1788 3629 1839 ὅτι
3677 1788 3808 1855 προῖ-

561 1893 720 1940 τερον
747 1874 1010 1944 μεταδοὺς
1036 1875 1145 1930 τῶν
1176 1874 1338 1928 θείων
1370 1874 1689 1946 μυστηρίων
1710 1878 1820 1938 τοῖς
1852 1875 2042 1928 παισὶν
2084 1875 2277 1942 αὑτοῦ,
2310 1880 2376 1947 τῇ
2409 1867 2698 1950 βασιλίσσῃ
2727 1879 2820 1931 καὶ
2849 1878 3066 1941 πολλοῖς
3110 1877 3416 1946 συγγενέσι,
3445 1879 3536 1930 καὶ
3564 1878 3808 1940 οἰκείοις,

564 1967 814 2028 ἃπαντας
845 1967 1358 2038 ἀποκεφαλισθῆναι
1381 1957 1746 2036 προσέταξεν,
1781 1967 1879 2020 τοῦ
1909 1967 1984 2039 μὴ
2013 1969 2396 2039 αἰχμαλωσίας
2424 1973 2634 2042 τυχεῖν.
2671 1971 3002 2042 Βασιλίσσης
3034 1972 3210 2040 ὄνομα
3253 1971 3492 2038 ὑστάτης
3533 1971 3630 2024 οὐκ
3668 1969 3806 2024 οἶδα.

581 2063 874 2136 Ἠρὼτησα
899 2065 1008 2138 γὰρ
1049 2063 1280 2130 πολλοὺς
1311 2063 1410 2118 καὶ
1433 2063 1603 2126 οὐδείς
1639 2081 1730 2134 μοι
1763 2059 1881 2135 εἶχε
1937 2063 2119 2134 λέγειν
2151 2063 2214 2119 ἀλ

2178 2063 2410 2134 ιληθείας
2439 2065 2743 2138 ρήματα,νῆ
2779 2067 2997 2137 γραφὴν
3026 2067 3226 2133 deiecti.
3247 2064 3446 2122 Fertur
3481 2066 3638 2130 hunc,
3669 2081 3811 2138 post-

563 2177 724 2230 quam
753 2165 900 2232 prius
928 2179 1084 2216 sacra
1122 2162 1374 2231 mysteria
1405 2159 1582 2213 liberis
1619 2161 1728 2214 suis
1760 2168 1808 2212 et
1837 2161 2170 2230 imperatrici
2203 2170 2253 2215 et
2289 2161 2470 2216 multis
2493 2165 2899 2232 consanguineis
2933 2171 2984 2216 et
3041 2165 3354 2234 propinquis
3413 2166 3806 2234 impertivissrt,

479 2317 484 2322 _
563 2255 654 2307 hos
680 2269 862 2307 omnes
883 2252 1140 2307 derotiari
1165 2254 1406 2324 iussisse,
1447 2269 1510 2306 ne
1537 2253 1594 2305 in
1617 2253 1846 2306 hostium
1879 2260 2196 2321 potestatem
2240 2253 2344 2307 vivi
2377 2253 2686 2308 inciderent.
2723 2253 3099 2324 Imperatr-icis
3129 2253 3332 2310 ultime
3363 2273 3552 2309 nomen
3613 2255 3810 2311 nescio.

564 2348 684 2401 licet
725 2349 916 2402 multos
943 2351 1388 2420 interrogaverim
1413 2365 1433 2414 ,°
1457 2348 1550 2401 sed
1587 2364 1742 2402 nemo
1775 2349 1903 2402 mihi
1930 2350 2206 2402 veritatem
2245 2349 2420 2402 dicere
2451 2350 2648 2418 potuit,
2687 2357 2790 2403 aut.
2809 2349 3088 2403 historiam
3121 2350 3416 2403 ostendere.
3481 2349 3691 2402 Rumor
3725 2348 3814 2402 hic

568 2440 740 2498 (slsus
787 2444 1016 2498 omnino
1044 2453 1148 2499 est.
1177 2444 1582 2500 Constantinus
1613 2443 1762 2498 enim
1819 2458 2000 2515 neque
2033 2442 2178 2499 ﬁlios
2206 2444 2422 2512 habuit,
2459 2453 2516 2498 et
2568 2445 2876 2500 demortuis
2903 2444 3054 2501 illius
3088 2446 3374 2512 uxoribus,
3413 2445 3597 2514 priore
3632 2443 3812 2498 Theo—

566 2536 719 2600 dora,
755 2534 1016 2602 principis
1045 2535 1228 2590 Caroli
1261 2535 1392 2602 lilia,
1426 2545 1482 2590 et
1505 2533 1754 2596 secunda
1795 2533 2152 2590 Ecatharina
2186 2533 2484 2600 Catalusia,
2527 2534 2738 2589 domini
2763 2534 2959 2590 Lemni
2996 2537 3208 2599 insulae,
3241 2544 3538 2604 antequam
3591 2531 3810 2588 tertiam

565 2621 796 2677 duceret
827 2623 972 2694 regis
1007 2625 1288 2680 lberorum
1323 2625 1512 2690 tiliam,
1547 2641 1670 2680 cum
1739 2641 1848 2696 qua
1900 2633 2261 2679 contraxerat
2303 2625 2746 2691 matrimonium,
2799 2625 2978 2680 Turca
3010 2623 3526 2693 Constantinopolin
3589 2623 3808 2686 invasit,

563 2731 740 2784 eoque
773 2719 1156 2775 contrucidato
1189 2727 1444 2790 occupat.
1476 2721 1532 2775 ln
1567 2721 1800 2791 primam
1828 2718 2202 2788 Theodoram,
2241 2735 2364 2789 quae
2393 2721 2448 2774 in
2488 2732 2646 2790 partu
2675 2722 3037 2787 occubuerat,
3083 2729 3214 2774 sunt
3238 2719 3382 2788 apud
3411 2733 3496 2772 me
3532 2716 3696 2771 iambi
3727 2729 3817 2770 se-

565 2810 836 2879 pulcrales
863 2813 1220 2882 Bessarionis,
1262 2815 1443 2870 adhuc
1489 2815 1930 2883 hieromonachi,
1995 2823 2150 2870 utea
2201 2815 2412 2870 ferebat
2460 2827 2612 2885 anas,
2652 2833 2768 2874 non
2796 2817 3148 2887 inelegantes.
3189 2816 3258 2872 Ut
3297 2813 3560 2869 varietate
3597 2811 3812 2867 taedium

571 2903 806 2976 elIugias
827 2952 842 2976 ,
899 2909 1096 2978 lector,
1129 2920 1186 2966 et
1225 2911 1534 2966 mutatione
1566 2927 1750 2966 rerum
1781 2911 2026 2966 animum
2065 2913 2238 2976 leves,
2272 2926 2370 2965 eos
2403 2913 2494 2968 hic
2525 2929 2818 2984 apponam.

711 3021 818 3074 'Hv
843 3023 908 3077 ἄν
937 3041 1022 3086 τις
1061 3027 1206 3079 εἴποι
1241 3023 1506 3096 μηδαμῶς
1532 3025 1812 3089 ἐνδοιάσας
2162 3027 2212 3084 Α
2312 3026 2344 3092 ί]

2184 3027 2212 3084 ι
2312 3026 2488 3092 Quam
2527 3041 2660 3082 sane
2691 3027 2816 3096 quis
2844 3026 3048 3080 dixerit
3087 3025 3316 3080 minime
3341 3023 3602 3080 dubitans
3638 3023 3817 3078 imita-

707 3113 928 3184 Μίμηιι¹
960 3117 1346 3187 ἀνεξέλεγκτον
1366 3119 1484 3181 οἵας
1514 3119 1747 3182 εἰκόνος,
2247 3123 2340 3175 ιὶοι

2247 3123 2450 3176 tionem
2479 3121 2628 3175 omni
2670 3119 3102 3188 reprehensione
3130 3119 3478 3188 superiorem
3497 3119 3659 3173 unius
3683 3115 3817 3171 iina-
3861 3143 3865 3146 -

715 3209 974 3278 ’Δγαλμα
1013 3211 1218 3274 καλοῖς,
1252 3211 1388 3280 ipsi!
1417 3213 1564 3275 ὅσοις
1602 3212 1922 3282 διαπρέπον,
2243 3212 2348 3282 gini

2243 3212 2406 3282 ginis,
2457 3219 2698 3266 statuam
2739 3212 2921 3276 bonis,
2993 3211 3099 3266 heu
3141 3209 3394 3280 quantist
3435 3209 3814 3274 excellentem,

715 3301 922 3372 Στήλην
947 3304 1192 3373 χαρίτων
1219 3305 1314 3358 καὶ
1341 3307 1656 3377 φρονήσεως
1675 3307 1820 3374 ὅρον,
2245 3305 2348 3366 Sim.

2245 3305 2606 3366 simulacrum
2637 3306 2961 3375 gratiarum,
2993 3313 3046 3359 et
3076 3303 3384 3374 prudentia!
3415 3303 3732 3367 terminum,
3765 3309 3818 3356 et

711 3395 905 3457 -Γένους
933 3411 992 3448 τε
1021 3396 1226 3467 κόσμον
1253 3397 1355 3452 καὶ
1383 3397 1546 3468 ξυνὴν
1575 3387 1919 3454 πανδαισίαν.
2203 3439 2208 3443 .
2245 3413 2344 3466 gen

2203 3439 2208 3443 .
2245 3399 2468 3466 generis
2512 3407 2921 3457 ornamentum.
2955 3405 3014 3450 et
3075 3397 3388 3451 convivium
3453 3395 3815 3450 lautissimum

715 3484 933 3552 Ταύτην
961 3489 988 3538 ό
1017 3485 1218 3558 λυγρὸς
1251 3489 1440 3542 οὐτοσὶ
1473 3488 1690 3560 κρύψας
1723 3489 1892 3558 τάφος
2247 3507 2348 3544 onn

2247 3491 2506 3546 omnibus
2531 3490 2864 3559 expositum.
2902 3489 3050 3542 Hanc
3081 3497 3225 3542 terra
3256 3531 3270 3553 ,
3309 3487 3414 3543 hoc
3437 3501 3563 3543 cum
3591 3487 3821 3542 abscon-

718 3577 978 3647 Ἀψυχον,
1008 3579 1238 3646 ἄπνουν,
1275 3581 1368 3634 καὶ
1394 3581 1558 3649 λόγου
1589 3583 1793 3644 παντὸς
1823 3581 1946 3652 δίχα
2245 3585 2351 3638 dist

2245 3585 2420 3638 disset
2450 3583 2764 3651 sepulcrum
2795 3579 3104 3654 exanimem
3135 3593 3234 3635 nec
3255 3581 3580 3650 spirantem,
3617 3589 3672 3634 et
3698 3593 3819 3634 om-

715 3673 966 3726 Δείκνυσι
989 3675 1180 3728 πᾶσιν.
1214 3674 1280 3726 Ὢ
1316 3673 1466 3738 ξένου
1502 3674 1842 3742 μυστηρίουι
2248 3675 2303 3728 ni
2332 3691 2348 3729 ε

2248 3675 2303 3728 ni
2332 3687 2589 3731 sermone
2618 3675 2964 3736 destitutam,
3017 3673 3276 3727 omnibus
3303 3679 3588 3726 monstrat.
3643 3669 3688 3726 0
3717 3671 3817 3726 ad-

716 3767 900 3837 Ταύτῃ
941 3765 1184 3820 Λατίνων
1219 3767 1282 3817 ὲκ
1307 3767 1498 3832 γένους
1531 3765 1885 3838 βλαστησάσῃ
2248 3770 2349 3822 mir

2248 3769 2560 3823 mirandum
2596 3769 2893 3822 arcanum!
2955 3765 3114 3830 Huic,
3165 3778 3235 3820 ex
3271 3763 3588 3819 [satinorum
3617 3777 3817 3832 genere

729 3857 912 3927 Ῥίξης
941 3858 1252 3927 ἀνασχούσῃ
1283 3876 1340 3910 τε
1370 3858 1468 3927 τῆς
1509 3857 1756 3920 Ἰταλίδος
2249 3862 2360 3930 pull

2249 3862 2560 3930 pullulanti,
2589 3869 2904 3929 exortaaque
2937 3875 3000 3914 ex
3038 3858 3220 3914 radice
3252 3855 3405 3923 Itala,
3439 3855 3817 3927 progenitores

717 3949 895 4012 Γοναῖς
923 3949 1116 4020 ἀγαθοὶ
1152 3949 1391 4018 πατέρες
1423 3949 1579 4017 φίλου
1614 3948 1808 4011 τέκους
2249 3953 2350 4007 bon

2249 3953 2375 4007 boni
2407 3961 2771 4024 parentesque
2803 3951 2966 4006 amici
2999 3951 3202 4006 surculi
3227 3950 3326 4004 visi
3355 3961 3486 4003 sunt
3513 3963 3655 4011 esse,
3691 3961 3817 4015 pro-

721 4042 1008 4112 Ὠφοησαν
1033 4041 1183 4104 ὅντες
1206 4041 1358 4109 σφῶν
1398 4041 1546 4107 γένει
1571 4041 1775 4110 κόσμος
1809 4040 1999 4110 μέγας.
2251 4043 2354 4113 prit

2251 4043 2482 4113 prioque
2517 4043 2708 4113 generi
2769 4056 3026 4111 magnum
3068 4049 3472 4096 ornamentum.
3529 4037 3815 4107 Tanquam

727 4128 821 4192 Ὠς
857 4128 948 4180 οὖν
979 4128 1179 4196 ἔχουσα
1209 4128 1303 4181 καὶ
1331 4128 1519 4196 γένους
1543 4145 1628 4190 τε,
1655 4131 1752 4182 καὶ
1771 4132 1972 4201 τρόπου
2250 4135 2360 4205 itaq

2250 4135 2434 4205 itaque
2470 4151 2556 4200 ea,
2592 4149 2714 4204 qum
2761 4143 2816 4189 et
2841 4148 3040 4204 genere
3073 4143 3128 4186 et
3183 4131 3432 4186 moribus
3458 4131 3831 4200 praecelleret,

733 4219 1058 4289 Ἀρμὸζεται
1091 4219 1155 4286 δὴ
1192 4222 1327 4290 πρὸς
1356 4221 1538 4289 γάμου
1566 4221 1852 4275 κοινωνίαν
2180 4219 2220 4278 Β
2251 4227 2366 4297 coni

2186 4219 2220 4278 Β
2251 4227 2604 4297 coniungitur
2642 4227 2696 4280 in
2729 4225 3064 4279 matrimonii
3111 4224 3371 4280 societate
3426 4223 3650 4278 Martem
3707 4221 3819 4290 spi-

722 4316 898 4382 ’Λρην
926 4313 1165 4377 πνέοντι,
1195 4313 1290 4365 καὶ
1325 4312 1520 4380 φόνους
1552 4313 1611 4364 ἐν
1633 4315 1754 4377 ταῖς
1781 4314 1982 4384 μάχαις
2255 4334 2350 4371 ran

2255 4318 2418 4378 rauti,
2464 4332 2738 4387 necesque
2771 4318 2826 4371 in
2865 4315 3233 4379 conﬂictibus,
3264 4329 3460 4370 sensus
3513 4312 3819 4382 mentisque

723 4409 1036 4478 Δίσθήσεως
1067 4408 1245 4481 θρόνῳ
1275 4425 1336 4462 τε
1370 4409 1462 4462 καὶ
1490 4408 1704 4479 φρενῶν
1745 4408 1898 4478 βάθει
2253 4425 2352 4478 pro

2253 4409 2624 4478 profunditatc
2671 4417 2902 4479 experto
2934 4409 3187 4463 bellatori
3224 4407 3586 4461 Constantino
3618 4404 3819 4473 despo-

719 4500 889 4570 Δεινῷ
922 4503 1141 4572 μαχητῇ
1175 4502 1576 4572 Κωνσταντίνῳ
1604 4503 1869 4574 δεσπότῃ,
2251 4511 2352 4566 im;

2251 4511 2354 4566 ne;
2382 4508 2438 4556 et
2470 4509 2588 4554 toro
2639 4498 2906 4569 imperiali
2941 4499 3100 4569 digna
3135 4498 3213 4564 lit,
3243 4513 3348 4551 nec
3377 4512 3484 4550 non
3533 4503 3590 4551 et
3637 4495 3819 4565 appel-

719 4591 1088 4658 Καταξιοῦται
1119 4593 1396 4663 βασιλείου
1430 4595 1523 4650 καὶ
1548 4595 1735 4664 λέχους
2039 4588 2042 4591 ’
2250 4591 2344 4644 lati

2250 4591 2478 4656 latione,
2512 4592 2716 4660 quibus
2749 4590 2972 4658 indigna
3001 4606 3110 4645 non
3147 4599 3291 4648 erat.
3341 4589 3490 4645 Cum
3531 4603 3642 4658 quo
3695 4603 3817 4643 cum

717 4683 827 4736 Καὶ
855 4686 1094 4752 κλήσεως
1129 4689 1283 4756 πρὸς.
1315 4689 1420 4741 Καὶ
1450 4689 1556 4758 γὰρ
1589 4682 1734 4758 εἶχεν
1767 4669 1953 4752 ἀξίως.
2253 4683 2350 4736 vix‘

2253 4683 2482 4738 vixisset
2515 4699 2744 4752 parvum
2781 4684 3010 4738 nimium
3050 4684 3116 4738 ad
3148 4693 3382 4753 tempus,
3412 4683 3478 4737 ad
3507 4682 3821 4737 mansiones

719 4772 1008 4844 Συζήσασα
1041 4776 1099 4830 δὲ
1135 4779 1329 4850 χρόνον
1360 4776 1590 4846 βραχὺν,
1620 4778 1714 4830 καὶ
1746 4779 1890 4830 πάνυ
2253 4773 2352 4828 cwl

2253 4773 2510 4828 cmlestes
2545 4775 2806 4830 translata
2829 4789 2934 4842 εει,
2965 4773 3186 4843 inipsis
3215 4783 3402 4844 partus
3433 4773 3716 4828 doloribus
3745 4772 3823 4825 vi-

717 4863 927 4934 Τούτῳ,
965 4867 1198 4936 μετέστη
1232 4867 1370 4938 πρὸς
1403 4869 1568 4938 μονὰς
1593 4868 1879 4938 οὐρανίους
2255 4871 2350 4917 tat!

2255 4871 2362 4917 tam
2395 4863 2676 4933 linquens,
2717 4875 2776 4919 ut
2807 4881 2838 4920 e
2873 4865 3001 4920 vitae
3030 4866 3316 4920 doloribus
3345 4865 3581 4927 .exicns,
3619 4863 3823 4919 laetitia:

733 4957 928 5010 Ὠδῖσιν
950 4958 1142 5020 αὑταῖς
1174 4959 1552 5030 προσ-λιποῦσα
1573 4960 1666 5013 τὸν
1690 4959 1824 5030 βίον,
2253 4969 2366 5008 nun

2253 4938 2871 5024 nunquam-desinentis
2893 4958 2944 5010 in
2977 4957 3116 5013 coelo
3147 4957 3422 5026 particeps
3456 4956 3632 5021 lierct,
3658 4971 3821 5022 quam

721 5049 908 5113 Ὅπως
938 5051 1140 5103 ὀδυνῶν
1172 5052 1390 5118 ἐξιοῦσα
1425 5051 1520 5105 τοῦ
1559 5051 1676 5122 βῐου
2255 5062 2354 5099 non

2255 5062 2362 5099 non
2397 5047 2658 5102 tabefacit
2705 5065 2883 5117 neque
2937 5050 3196 5104 obscurat
3251 5049 3487 5117 tempus,
3542 5048 3823 5102 amoribus

719 5143 906 5212 Χαρᾶς
934 5141 1170 5213 ἀλήκτου
1201 5145 1298 5214 τῆς
1329 5147 1386 5197 ὲν
1415 5145 1696 5215 Οὐλύμπῳ
1725 5144 1865 5214 τύχῃ
2253 5157 2352 5194 om:

2253 5140 2814 5211 omnino.indulgens,
2849 5151 2902 5196 ct
2936 5155 3196 5202 coronam
3227 5141 3534 5212 possidens.

726 5236 828 5286 Ἦν
859 5234 932 5304 μὴ
971 5237 1228 5304 μαραίνει
1261 5235 1400 5306 μηδὲ
1427 5236 1692 5288 καλύπτει
1715 5237 1932 5304 χρόνος,

721 5325 968 5380 Πουοῦσα
999 5327 1233 5392 πάντως,
1262 5327 1357 5379 καὶ
1387 5327 1688 5397 ὲφευροῦσα
1724 5327 1939 5394 στέφος.

649 5419 874 5476 Frustra
901 5436 1034 5492 ergo
1062 5421 1268 5476 ultione
1299 5421 1688 5490 imperatricis,
1727 5437 1850 5491 qua!
1877 5423 2026 5476 nulla
2058 5431 2199 5489 erat,
2240 5437 2440 5475 nomen
2491 5421 2809 5489 quaerimus.
2843 5419 2957 5474 Nec
2986 5419 3078 5474 alii
3125 5419 3199 5472 illi
3250 5418 3674 5489 propinquiores
3708 5421 3820 5473 An-

581 5519 734 5582 drea,
765 5515 1012 5571 Manuele
1045 5525 1102 5572 et
1141 5515 1352 5572 Joanne
1381 5513 1607 5570 Thomte
1645 5515 1932 5586 Palaaologi
1957 5517 2199 5585 dcspotac
2232 5515 2376 5579 liliis,
2411 5513 2505 5584 qni
2555 5514 2772 5569 excidio
2802 5513 3177 5584 supervixere,
3217 5523 3278 5566 ut
3343 5513 3432 5566 alii
3482 5527 3822 5567 commemo-

581 5618 726 5664 rant.
753 5609 1026 5676 Quamvis
1058 5626 1252 5665 verum
1296 5610 1389 5672 sit,
1421 5617 1582 5664 nocte
1622 5619 1748 5664 ante
1789 5609 2068 5664 funestum
2111 5609 2246 5664 illud
2279 5608 2580 5670 excidium,
2618 5607 3010 5676 imperatorem
3065 5606 3312 5675 aliosque
3349 5605 3640 5675 primarios
3668 5605 3820 5660 viros

549 5705 634 5758 ‘in
667 5695 1110 5774 augustissimum
1141 5703 1353 5760 Sancta:
1385 5703 1602 5774 Sophia:
1643 5707 1906 5775 templum
1957 5707 2252 5777 ingressos,
2305 5707 2562 5777 precibus
2597 5705 2798 5760 ibidem
2829 5711 2884 5758 et
2935 5703 3194 5775 lacrymis
3232 5702 3444 5769 cll‘usis,
3477 5711 3820 5758 sacramenta

575 5809 636 5854 et
667 5800 1012 5856 immaculata
1068 5801 1322 5872 mysteria
1365 5803 1700 5870 percepisse,
1736 5811 1790 5857 ct
1824 5805 1874 5858 in
1911 5803 2176 5874 palmitum
2210 5821 2334 5860 cum
2371 5819 2701 5874 regressum,
2736 5799 2952 5858 veniam
3011 5803 3076 5855 ab
3114 5802 3370 5856 (mmibus
3404 5801 3665 5872 petiisse;
3703 5790 3820 5856 tum

583 5893 802 5950 demum
841 5898 904 5951 ad
943 5898 1140 5952 belium
1173 5913 1228 5953 se
1257 5898 1580 5954 aet-iusisse.
2455 5903 2474 5916 “
