4136 6440
297 422 402 489 623
1256 429 1766 490 BESSARiONlS
1809 431 1868 488 S.
1917 429 1985 488 li.
2031 430 2098 490 Ε.
2144 429 2607 489 CARDiNALlS
3452 426 3557 488 62$

304 585 442 597 ——
453 588 2709 604 Mum—mh—
2716 595 3354 604 Ἥ..
3364 597 3417 603 ____
3424 592 3546 604 ..α-

1309 765 2024 922 BESSAR
2047 767 2566 921 lONlS

550 1053 1101 1147 EPISCOPI
1200 1055 1930 1176 TUSCULANI,
2008 1053 2740 1144 CARDINALIS
2824 1052 3277 1142 NlC/ENI

1216 1248 1321 1325 nn
1365 1248 1468 1309 EA
1512 1246 1775 1307 PARTE
1812 1246 2246 1306 EVANGELII
2294 1245 2631 1308 JOANNIS

1698 1412 1780 1451 UBI
1823 1410 2099 1451 SCBIBITL'R
2139 1412 2153 1449 ε

415 1531 545 1593 Ἐὰν
584 1530 750 1595 αὑτὸν
780 1532 920 1587 θέλω
944 1533 1133 1605 μένειν
1171 1532 1275 1594 ἕως
1309 1532 1564 1603 ἔρχομαι,
1593 1532 1647 1584 τί
1672 1532 1808 1602 πρὸς
1842 1534 1899 1584 σέ
1927 1549 1941 1595 ;
1991 1532 2048 1586 Si

1842 1534 1899 1584 σέ
1927 1549 1941 1595 ;
1991 1532 2051 1586 Si
2087 1548 2207 1586 eum
2237 1536 2349 1587 vola
2380 1550 2596 1588 manere
2623 1535 2794 1588 donec
2828 1535 3062 1601 ueniam,
3102 1532 3228 1602 quid
3252 1538 3321 1585 ad
3353 1539 3401 1585 te
3426 1536 3451 1584 ἲ

988 1675 1373 1741 ERUDITA
1410 1676 1535 1737 ET
1568 1674 1842 1736 VALDE
1891 1676 2171 1737 UTILIS
2201 1674 2782 1738 DISCEPTATIO
2812 1674 2867 1735 ⁸.

368 1974 696 2031 Reverendo
738 1988 803 2028 ac
834 1973 1057 2030 erudito
1093 1972 1238 2028 Patri
1275 1973 1338 2027 D.
1374 1974 1678 2030 ULDEMCHO
1732 1974 1976 2037 FABRO.
2016 1975 2257 2030 emnobii
2340 1971 2609 2029 Deminici
2641 1970 2891 2041 Sepulcri
2941 1970 2995 2025 in
3041 1966 3397 2023 Denkeudorl'
3417 1982 3563 2037 prae-

295 2070 481 2135 posito
519 2069 846 2140 dignissimo
874 2082 929 2126 et
981 2079 1217 2141 patrono
1246 2084 1348 2124 suo
1405 2070 1474 2126 de
1509 2085 1568 2127 se
1600 2071 1738 2127 bene
1770 2071 1987 2135 merito,
2034 2069 2275 2126 Joannes
2317 2072 2643 2127 ALEXANDl-th
2675 2065 3147 2125 BRASSICANUS
3180 2062 3535 2135 iureconsul-

304 2168 393 2213 tus
448 2158 506 2215 S.
540 2161 603 2215 Ι).
633 2161 697 2216 Ρ.

369 2252 543 2308 Video
576 2253 842 2323 quosdam
868 2255 921 2310 in
954 2270 1076 2311 eam
1107 2256 1449 2327 opinionem,
1480 2264 1537 2311 ct
1587 2256 1736 2311 illam
1784 2256 2007 2326 quidem
2038 2257 2176 2312 mire
2222 2271 2558 2326 perversam,
2603 2256 2870 2311 adductos
2902 2269 3046 2314 esse,
3078 2249 3284 2306 Prtesul
3316 2246 3560 2304 ornatis-

293 2348 454 2410 sime,
488 2358 547 2403 ut
598 2348 1037 2406 infelicissimum
1072 2360 1150 2406 tot
1179 2361 1457 2408 sectarum
1482 2362 1649 2423 atque
1672 2353 2050 2410 doctrinarum
2092 2367 2456 2427 proventum,
2492 2353 2695 2425 Quibus
2723 2354 2870 2407 inter
2909 2365 2969 2406 se
2997 2350 3182 2403 minus
3204 2360 3367 2415 quam
3396 2344 3562 2396 horo-

292 2440 454 2510 logiis
483 2443 766 2511 convenit,
794 2444 903 2515 jatu
943 2460 1057 2499 non
1090 2445 1143 2499 in
1178 2447 1395 2513 angulis
1440 2456 1677 2513 tantum,
1718 2449 1811 2518 qui
1848 2450 2314 2518 γωνιοϐομϐυκῶν
2338 2466 2456 2505 mos
2487 2458 2594 2510 est.
2634 2447 2730 2502 sed
2791 2445 3078 2515 propalam
3120 2450 3173 2494 et
3207 2439 3428 2509 publice
3460 2450 3563 2504 pro

294 2546 551 2604 suggestu
585 2536 793 2593 Graecis
824 2538 1027 2594 litteris
1060 2541 1360 2610 imputent.
1401 2540 1518 2608 Qua
1579 2558 1639 2596 re
1668 2543 1801 2611 quid
1854 2544 1941 2599 vel
1989 2545 2274 2616 indignius
2306 2545 2537 2616 cogitari
2590 2544 2678 2599 vel
2720 2542 2963 2611 ineptius
3000 2540 3167 2595 etiam
3218 2537 3327 2590 dici
3361 2532 3555 2602 possit,

291 2631 419 2699 quis
437 2647 504 2686 ex
551 2632 620 2689 iis
649 2636 743 2705 qui
779 2636 868 2691 vel
897 2636 1253 2693 mediocriter
1282 2638 1489 2693 eruditi
1525 2648 1655 2694 sunt
1688 2656 1796 2695 non
1830 2641 2133 2713 intelligit?
2168 2642 2259 2699 Sic
2285 2654 2341 2698 et
2368 2652 2533 2698 teme
2565 2641 2760 2696 matris
2796 2637 3088 2697 beneﬁcia.
3130 2635 3175 2691 si
3210 2633 3316 2687 diis
3352 2633 3557 2701 plac~t,

291 2738 654 2793 accusemus;
688 2728 768 2783 sic
797 2729 1069 2786 elementa
1103 2730 1469 2813 damnemus;
1506 2733 1586 2789 sic
1616 2734 1879 2804 denique,
1913 2745 1976 2791 ut
1998 2736 2089 2791 ille
2123 2736 2328 2806 inquit,
2366 2736 2505 2789 θεῶν
2535 2734 2799 2805 ἐρικυδέα
2847 2732 2997 2803 δῶρα
3038 2731 3094 2784 in
3127 2730 3219 2799 jus
3253 2730 3555 2797 rapiamus,

288 2826 411 2880 qua:
438 2813 623 2870 omnia
650 2824 706 2871 et
730 2817 1007 2890 inculpata
1036 2831 1093 2875 et
1118 2822 1323 2877 nostris
1351 2823 1545 2878 usibus
1578 2824 1784 2893 ubique
1828 2827 2153 2891 servientis,
2185 2842 2287 2882 nos
2333 2827 2434 2897 ipsi
2469 2827 2562 2897 qui
2599 2826 2903 2886 abutimur.
2950 2823 3224 2877 deteriora
3264 2830 3319 2875 et
3359 2821 3559 2874 merito

293 2909 752 2975 reprehendenda
783 2911 1074 2969 ellieimus.
1112 2916 1379 2982 Quoniam
1411 2926 1616 2982 autem,
1658 2917 1883 2974 Ulriche
1915 2921 2391 2989 przestantissime,
2426 2935 2551 2974 cum
2575 2918 2961 2987 superioribus
2991 2917 3187 2972 diebus
3212 2917 3267 2970 in
3300 2913 3556 2969 cwnohio

293 3014 388 3054 tuo
416 3016 615 3071 essem,
643 3004 713 3060 de
744 3009 935 3063 eadem
973 3007 1065 3063 illa
1100 3023 1181 3074 re,
1211 3024 1339 3079 quas
1362 3018 1455 3064 tua
1485 3019 1569 3067 est
1594 3012 1811 3082 egregia
1845 3013 2091 3068 eruditio
2130 3028 2255 3067 cum
2291 3028 2507 3068 summa
2535 3011 2805 3068 modestia
2842 3010 3159 3080 conjuncta,
3192 3020 3248 3061 et
3278 3005 3553 3073 exquisita

291 3093 563 3148 suavitate
600 3093 917 3160 verborum,
950 3105 1009 3153 et
1028 3099 1302 3156 acerrimo
1331 3116 1456 3157 cum
1481 3101 1695 3172 judicio
1718 3104 2076 3171 dissertabas,
2096 3105 2393 3159 arbitratus
2427 3122 2552 3161 sum
2594 3120 2680 3160 me
2710 3120 2819 3158 non
2854 3104 3080 3174 vulgare
3106 3117 3288 3171 operte
3315 3099 3552 3171 pretium

293 3200 416 3240 esse
450 3186 745 3255 facturum,
781 3188 827 3244 si
860 3189 1027 3247 simul
1051 3201 1109 3248 et
1141 3195 1220 3249 tui
1250 3194 1572 3253 demerendi
1606 3196 1814 3261 studio.
1849 3207 1906 3253 et
1947 3198 2097 3254 illius
2159 3208 2513 3269 ιιι-προείπω
2551 3199 2834 3269 opinionis
2881 3196 3231 3254 confutanda:
3268 3207 3454 3257 causa,
3489 3190 3556 3245 Ι).

276 3279 650 3335 liessarionis
690 3280 990 3338 cardinalis
1035 3283 1343 3342 doctissimi
1374 3289 1891 3344 commentariolum
1940 3288 1998 3343 in
2036 3290 2141 3346 hoc
2170 3290 2481 3360 argumenti
2528 3306 2733 3361 genere
2761 3290 3139 3346 doctissimum
3178 3287 3243 3341 ad
3286 3296 3337 3340 te
3369 3285 3558 3339 mitte-

295 3386 431 3427 rem.
465 3372 600 3427 Nam
640 3387 707 3428 ex
742 3371 861 3437 illo,
891 3374 1038 3443 quod
1060 3376 1210 3454 .alias
1243 3387 1297 3434 te
1333 3379 1721 3450 comprobasse
1753 3389 1905 3437 certo
1937 3380 2076 3446 scio,
2107 3381 2319 3451 liquido
2350 3380 2632 3452 intelligis,
2670 3382 2795 3452 quis
2835 3396 2969 3436 usus
3012 3380 3084 3434 sit
3124 3379 3438 3435 Graecarum
3466 3376 3557 3429 lit-

298 3475 562 3531 terarum,
587 3469 890 3544 praesertim
921 3468 977 3524 in
994 3469 1152 3525 libris
1172 3471 1363 3537 sacris,
1394 3487 1515 3541 qua:
1533 3473 1857 3539 necessitas,
1882 3489 2005 3544 quas
2029 3474 2290 3545 dignitas,
2320 3486 2377 3532 et
2396 3491 2517 3546 qua:
2546 3475 2763 3531 tandem
2785 3473 3000 3529 illarum
3026 3473 3168 3527 ratio
3185 3470 3430 3525 habenda
3462 3467 3551 3521 sit.

297 3560 527 3624 Quaudo
548 3559 642 3631 qui
666 3560 771 3617 hoc
797 3562 1054 3632 praesidio
1079 3563 1546 3630 eareut,llerinou
1573 3572 1770 3633 potest,
1797 3574 1983 3619 utnon
2002 3566 2286 3633 pueriliter
2307 3565 2734 3633 hallucinentur,
2762 3576 2822 3621 ut
2840 3582 2947 3621 non
2979 3564 3215 3636 graviter
3232 3563 3552 3632 impingunt,

295 3664 355 3710 ut
384 3667 492 3710 non
521 3657 768 3720 omnium
801 3657 1039 3712 maximo
1069 3658 1214 3712 malo
1240 3657 1553 3712 excutiant.
1607 3655 1997 3728 Deprehendes
2032 3658 2220 3724 etiam,
2268 3658 2545 3728 quodnam
2608 3658 2873 3714 felicioris
2930 3657 3254 3726 interpretis
3287 3648 3552 3719 ollicium,

300 3766 423 3818 quae
450 3766 605 3819 cura,
641 3769 764 3823 qum
794 3754 1079 3825 diligentia
1115 3768 1238 3809 esse
1264 3753 1486 3819 debeat,
1513 3769 1678 3824 quam
1709 3770 1821 3809 non
1848 3764 2059 3811 temere
2088 3754 2155 3810 de
2185 3755 2649 3812 translationibus
2673 3756 3037 3827 judicandum
3075 3755 3167 3810 sit.
3196 3753 3252 3807 ld
3282 3753 3426 3821 quod
3454 3753 3555 3805 hac

300 3854 460 3904 :etate
483 3848 758 3916 peculiare
789 3849 984 3903 vitium
1015 3857 1119 3917 est,
1156 3850 1515 3919 interpretem
1553 3848 1813 3905 videlicet
1851 3850 1907 3903 in
1936 3849 2102 3920 hujus
2130 3850 2332 3921 lingua:
2369 3849 2625 3905 versione
2655 3850 2938 3916 damnare,
2972 3850 3026 3904 in
3050 3863 3157 3918 qua
3191 3847 3280 3900 vix
3311 3845 3451 3898 ultra
3475 3843 3556 3897 al-

306 3942 601 4009 phabetum
631 3957 959 4014 progressus
992 3942 1184 3997 fueris.
1222 3942 1392 4013 Cujus
1424 3941 1507 3997 rei
1532 3942 1619 3997 vel
1657 3958 1801 3997 unus
1836 3943 1924 3999 ille
1952 3942 2303 3998 sedentarius
2342 3954 2519 4008 sutor,
2548 3959 2673 3998 eum
2710 3951 2905 3998 contra
2946 3941 3237 3997 Erasmum
3260 3938 3551 4004 scriberet,

299 4036 735 4106 pulcherrimum
762 4038 1041 4109 specimen
1073 4037 1248 4092 dedit.
1286 4037 1774 4107 lnsuntpraeterea
1807 4047 1862 4092 et
1888 4037 1995 4092 alia
2020 4036 2157 4091 huic
2178 4037 2364 4092 libello
2392 4038 2531 4093 lectu
2566 4039 2888 4108 dignissima
2926 4045 2983 4092 et
3014 4036 3144 4091 huic
3169 4035 3370 4091 saaculo
3392 4030 3549 4102 quasi

297 4144 448 4198 nata,
474 4150 637 4205 quem
669 4147 752 4198 tu,
787 4136 956 4191 veluti
990 4146 1260 4206 perpetuo
1298 4134 1663 4197 consuevisti,
1684 4149 1750 4189 eo
1776 4134 1962 4189 animo
1993 4134 2183 4203 accipe
2212 4150 2325 4204 quo
2364 4150 2466 4190 nos
2496 4135 2596 4190 tibi
2628 4133 3031 4189 dedicavimus.
3059 4133 3149 4188 Sic
3171 4140 3321 4187 certe
3347 4129 3553 4199 signiti-

298 4228 570 4282 ealionem
601 4227 844 4297 aliquam
874 4228 1007 4283 dare
1037 4229 1208 4293 volui,
1243 4236 1305 4283 ut
1336 4228 1431 4299 qui
1466 4227 1605 4281 nihil
1644 4242 1753 4281 non
1787 4227 1885 4283 tibi
1931 4225 2130 4292 debeo,
2181 4226 2267 4282 vel
2311 4228 2550 4298 aliquam
2589 4226 2925 4280 mediocrem
2976 4224 3294 4294 portionem
3349 4221 3554 4291 persol-

301 4320 447 4373 visse
493 4320 706 4387 videar,
747 4322 924 4385 donec
972 4335 1038 4373 ex
1068 4320 1219 4375 omni
1265 4328 1421 4390 parte
1474 4317 1739 4374 solvendo
1795 4331 1917 4372 esse
1973 4315 2201 4386 possim.
2259 4316 2409 4381 Vale,
2466 4316 2759 4386 praeposite
2793 4314 3020 4384 optimc,
3071 4329 3134 4367 ac
3191 4312 3367 4367 amice
3417 4310 3554 4364 cha-

300 4412 541 4469 tissime.

908 4506 1135 4560 Vienna:
1159 4503 1412 4571 Austrim,
1446 4518 1591 4560 anno
1617 4518 1647 4558 a
1677 4512 1809 4556 nato
1846 4502 1976 4557 Jesu
2012 4504 2171 4569 1552,
2206 4501 2407 4557 mensis
2440 4501 2690 4557 Januarii
2728 4500 2816 4555 die
2849 4500 2903 4555 '5.

2274 4631 2536 4641 .-..-......---..

782 4799 1836 4925 SAPIENTISSIMI
1926 4799 2062 4907 D.
2152 4795 3075 4909 BESSARIONIS
3156 4802 3159 4803 θ

1571 4986 1630 5041 S.
1664 4985 1729 5045 Β.
1766 4986 1827 5039 Ε.
1864 4982 2283 5039 CARDINALIS

302 5120 367 5177 lu
409 5114 560 5177 illud
601 5109 925 5191 Evangelii
958 5107 1320 5175 secundum
1350 5110 1702 5175 Joannem:
1765 5114 1935 5165 Ἐἀνι

1924 5112 2089 5165 αὑτὸν
2119 5112 2257 5164 θέλω
2285 5111 2469 5181 μένειν
2500 5112 2605 5173 ἕως
2637 5110 2891 5181 ἔρχομαι,
2925 5109 2979 5161 τί
3014 5109 3148 5177 πρὸς
3185 5109 3278 5174 σέ;
3315 5098 3386 5160 Si
3416 5095 3553 5157 volo

1220 5230 1357 5271 eum
1390 5228 1637 5269 manere
1679 5208 1873 5268 donec
1898 5209 2164 5280 veniam,
2210 5207 2364 5286 quid
2401 5205 2480 5265 ad
2531 5209 2639 5265 te?

2538 4630 2816 4641 συ-ρ--ι

615 4742 641 4761 δ

368 5476 505 5531 Cum
537 5490 715 5543 nuper
742 5486 960 5528 sacrum
988 5469 1342 5539 Evangelium
1373 5468 1600 5523 Joannis
1629 5468 1874 5539 Evange-
1980 5471 2046 5523 de
2095 5469 2306 5523 Joanne
2364 5482 2636 5536 qustu-eus,
2689 5465 2888 5534 inquit,
2945 5465 3038 5518 Hic
3089 5476 3261 5518 autem
3301 5464 3471 5534 quid?
3500 5474 3554 5518 et

306 5571 438 5622 list.»
472 5568 527 5621 in
566 5569 687 5637 ejus
731 5564 1028 5619 festivitate
1058 5562 1248 5616 Latine
1275 5560 1574 5629 legeretur,
1623 5570 1872 5613 ventum-
1980 5561 2245 5616 Dominus
2292 5559 2595 5628 respondit,
2632 5558 2787 5625 juxta
2838 5556 3038 5637 Cra-cm
3095 5557 3316 5624 quidem
3354 5557 3551 5611 litterze

304 5680 406 5723 que
430 5671 576 5715 esset
610 5671 675 5713 ad
698 5675 830 5711 eam
891 5671 1101 5725 partem
1138 5654 1230 5709 ubi
1276 5654 1472 5707 Petrus
1520 5670 1548 5706 a
1594 5651 1870 5705 Salvature
1981 5650 2268 5704 veritatem
2297 5668 2307 5701 :
2336 5650 2391 5704 Si
2436 5666 2554 5702 cum
2586 5649 2701 5703 colo
2739 5663 2948 5702 manere
2970 5630 3145 5700 ‘donec
3175 5650 3400 5713 veniam,
3431 5648 3557 5717 quid

367 5804 435 5853 tl)
471 5800 739 5857 llagcnum,
766 5815 837 5855 ap.
883 5808 1023 5846 ιιιιςιη.
1063 5800 1319 5846 Secerium
1356 5797 1693 5846 excudebatur
1734 5810 1860 5845 anno
1886 5812 1909 5843 ει
1934 5798 2123 5846 (lluislo
2166 5806 2277 5843 "MO
2338 5795 2616 5851 MUX\'XH,
2642 5810 2808 5844 mense
2839 5810 2952 5843 vero
2981 5796 3246 5843 i't'lnmrirt
3296 5793 3465 5841 l-Ixs‘at
3506 5807 3559 5843 in

309 5857 604 5917 bibliotheca
634 5860 906 5907 Maurima
932 5860 1021 5905 sub
1044 5873 1175 5907 nun».
1204 5859 1390 5914 1|,62i.
