4136 6414
519 425 625 489 625
1305 421 1386 482 ΙΝ
1437 421 1692 492 lLLUD,
1739 437 1755 469 ι
1805 425 1874 482 Si
1917 423 2078 483 EUM
2126 423 2315 482 \‘CLO
2357 425 2694 495 MANERE,
2741 435 2758 473 ³
2799 425 2958 485 ETC.
3612 490 3620 494 _
3663 424 3772 490 626

521 543 592 592 nd
623 537 716 592 te?
749 537 900 604 juxta
940 537 1194 591 Latinam
1240 553 1372 592 vero
1419 538 1969 607 interpretationem:
2011 538 2096 593 Sic
2130 542 2168 598 Α
2206 540 2653 597 inecrtitndinem
2682 544 2790 605 sui,
2819 557 2920 595 nec
2954 557 3078 595 cutn
3112 539 3411 594 indicativo
3437 542 3665 596 omnino
3692 543 3774 595 af-

523 613 641 686 ἔὲιηι
672 630 788 684 volo
813 647 1024 686 manere
1062 631 1225 684 donec
1269 633 1498 698 veniam,
1529 633 1656 702 quid
1688 632 1758 685 ad
1781 642 1828 686 te
1854 633 1911 686 ’ἲ
1939 631 2094 698 ρυω-
2203 634 2440 697 firmare,
2469 651 2571 689 nec
2606 650 2731 688 eum
2771 633 3124 703 subjunctivo
3159 649 3386 702 prorsus
3409 649 3532 686 esse
3559 635 3772 700 ancipi—

527 725 657 779 sivit
689 739 719 778 a
748 738 835 778 me
862 721 1108 793 quidam,
1134 739 1204 777 an
1230 726 1678 794 recteinterpres
1705 739 1826 778 eam
1859 723 2096 795 particu-
2200 735 2306 780 tem
2337 746 2350 791 ;
2386 727 2640 797 praesenti
2677 742 2807 780 vero
2841 727 3006 781 etiam
3037 726 3392 796 subjunctivo
3435 726 3772 795 adjunctaw,

522 818 632 872 lam
669 817 724 870 in
752 816 1010 871 Latinum
1037 817 1331 872 vertisset?
1365 817 1466 872 Cui
1493 834 1595 889 ego
1629 836 1641 872 :
1672 819 1838 873 Recte
1871 803 2094 888 quidem
2198 817 2583 871 certitudinem
2640 816 2974 885 significare.
3013 815 3164 870 llanc
3209 831 3402 869 eorum
3439 817 3768 871 sententiam

517 908 588 964 ab
631 907 790 962 initio
823 907 1138 962 translatam
1174 907 1344 964 fuisse
1377 908 1638 973 arbitror,
1669 919 1724 964 et
1751 911 1816 975 si,
1853 924 1960 961 non
1992 909 2092 972 sic,
2197 906 2526 976 quibusdam
2558 908 2773 978 Virgilii
2800 923 2864 961 ac
2895 905 3182 962 Ciceronis
3221 907 3487 976 exemplis
3516 908 3771 960 nituntur

526 998 593 1052 ab
618 998 922 1068 interprete
943 998 1208 1068 scriptum
1240 1000 1517 1055 exstitisse
1543 1017 1559 1067 ;
1586 1000 1678 1054 sed
1713 1009 1900 1070 postea
1925 999 2095 1068 (quod
2195 999 2487 1054 allirmare.
2519 998 2654 1053 Cum
2681 998 2848 1067 igitur
2880 996 3020 1067 apud
3051 996 3271 1052 Graecos
3295 998 3366 1052 ita
3387 998 3649 1067 scriptum
3678 1000 3768 1059 sit,

519 1087 774 1142 accidere
804 1088 1126 1157 frequenter
1166 1088 1328 1157 solet)
1371 1090 1505 1144 vitio
1548 1090 1898 1144 dormitantis
1926 1089 2094 1144 libra-
2196 1087 2291 1140 ἐὰν
2325 1087 2488 1153 θέλω,
2520 1087 2627 1142 hoc
2662 1096 2766 1153 εει,
2800 1087 2847 1140 si
2878 1086 3049 1152 velim,
3087 1087 3274 1154 procul
3323 1086 3491 1138 dubio
3543 1089 3771 1140 οιτῑὶιιι-

519 1179 613 1245 rii,
647 1181 692 1233 si
723 1177 1173 1249 conjunctionem
1210 1181 1265 1235 in
1300 1179 1627 1236 adverbium
1657 1182 1732 1236 sic
1767 1181 1938 1236 fuisse
1962 1195 2096 1236 con-
2199 1177 2382 1233 dinem
2411 1177 2702 1248 utrobique
2729 1177 3024 1247 signiﬁcari
3055 1186 3341 1234 asserunt.
3375 1177 3615 1246 Ideoque.
3646 1193 3768 1236 sm,

515 1285 752 1330 versam.
777 1285 889 1323 una
920 1269 1101 1324 littera
1133 1269 1340 1326 addita.
1371 1269 1572 1326 Facilis
1631 1282 1713 1326 est
1742 1271 1889 1326 enim
1918 1274 1986 1326 ad
2006 1286 2098 1327 er-
2196 1272 2240 1324 si
2263 1269 2436 1337 velim,
2456 1277 2514 1324 ut
2541 1268 2740 1337 Graeci,
2767 1269 2880 1324 sive
2905 1271 2980 1324 sic
3001 1270 3139 1336 volo,
3173 1279 3232 1322 ut
3265 1268 3470 1331 Latini,
3497 1269 3767 1329 dicamus,

517 1375 699 1416 rorem
741 1360 950 1430 lapsus,
991 1361 1213 1431 quoties
1242 1361 1413 1417 dictio
1443 1361 1651 1432 aliquid
1695 1361 2012 1434 significans
2039 1362 2094 1417 in
2197 1376 2358 1416 unam
2394 1375 2619 1430 prorsus
2642 1368 2696 1415 ct
2726 1361 2977 1416 eamdem
3011 1376 3131 1416 esse
3164 1361 3521 1414 sententiam.
3553 1360 3772 1414 Postre-

517 1448 814 1503 dictionem
842 1449 992 1505 aliud
1027 1451 1458 1520 significantem,
1489 1467 1598 1507 una
1629 1452 2094 1508 duntaxataddita
2197 1467 2287 1506 mo
2321 1451 2414 1506 ubi
2463 1451 2702 1521 negatio,
2751 1451 3033 1522 inquiunt,
3088 1452 3172 1506 vel
3209 1451 3540 1520 ambiguitas
3589 1451 3770 1503 locum

520 1540 607 1594 vel
646 1540 894 1596 detracta
932 1541 1117 1596 littera
1140 1580 1156 1607 .
1203 1543 1532 1599 commutari
1573 1551 1772 1613 potest.
1825 1542 1964 1597 Tum
1998 1543 2093 1597 alii
2197 1557 2306 1597 non
2342 1541 2528 1608 habet,
2553 1542 2850 1599 indicativo
2870 1559 2994 1598 cum
3021 1545 3067 1596 si
3095 1543 3484 1614 conjunctione
3509 1543 3772 1596 utendum

525 1633 748 1703 quidam
788 1649 855 1688 ex
885 1633 972 1688 his
1003 1635 1096 1704 qui
1143 1635 1395 1698 aderant,
1447 1635 1848 1701 contradicere,
1877 1650 1986 1689 non
2023 1636 2088 1703 si,
2195 1643 2298 1688 est.
2334 1633 2389 1688 ln
2414 1633 2519 1689 hoc
2545 1648 2700 1701 vero,
2731 1634 2801 1690 dc
2833 1649 2944 1704 quo
2973 1635 3275 1704 loquimur,
3305 1634 3583 1704 Evangelii
3628 1635 3768 1699 luco,

521 1726 615 1778 sed
647 1726 720 1778 sic
746 1725 851 1796 legi
899 1725 1104 1782 debere
1131 1736 1512 1783 asseverantes
1533 1728 1784 1798 beneque
1808 1743 1866 1783 se.
1889 1727 2094 1782 habere
2195 1726 2344 1781 nulla
2381 1725 2550 1782 habet
2595 1727 2783 1782 locum
2840 1727 3197 1797 ambiguitas.
3252 1726 3555 1780 Indicativo
3608 1726 3774 1796 igitur

527 1816 780 1872 Latinum
813 1832 1120 1886 sermonem
1154 1819 1426 1886 dicentes,
1462 1829 1518 1874 et
1548 1829 1641 1874 aut
1662 1819 1950 1875 rectiorem
1971 1834 2093 1876 esse
2125 1879 2162 1888 __
2197 1815 2539 1887 adjungenda
2571 1815 2660 1871 illa
2692 1817 3028 1888 eonjunctio.
3065 1825 3138 1881 et,
3182 1818 3227 1870 si
3273 1815 3412 1880 volo,
3459 1815 3770 1878 dicendum,

522 1907 734 1970 Graeco,
760 1916 856 1965 aut
884 1909 978 1965 illo
1006 1923 1116 1964 non
1149 1909 1334 1964 minus
1364 1920 1600 1975 rectum,
1645 1911 2091 1981 quandoquidem
2125 1879 2166 1935 Β
2195 1907 2340 1977 quod
2388 1907 2534 1963 idem
2567 1916 2655 1964 est
2685 1925 2748 1964 ac
2805 1908 2849 1963 si
2904 1908 3204 1974 diceretur,
3239 1908 3316 1962 sic
3344 1906 3498 1970 volo;
3544 1907 3770 1971 idcirco,

519 2002 638 2055 sive
666 2002 732 2068 si,
762 2001 878 2056 sive
923 2001 1000 2056 sic
1041 2001 1278 2068 dicatur,
1318 2002 1510 2058 eadem
1540 2003 1612 2057 sit
1637 2003 1924 2072 utriusque
1968 2017 2095 2058 sen-
2194 1999 2270 2052 sic
2314 1999 2434 2053 volo
2476 2001 2529 2054 in
2578 2000 2878 2070 Evangelia
2919 1999 3238 2070 legendum.
3287 1999 3442 2065 Quod
3487 2013 3620 2051 vero
3661 1999 3775 2049 ha't'.

521 2090 713 2144 tentia.
736 2089 892 2156 Quod
922 2105 1054 2146 vero
1079 2091 1286 2146 rectius
1302 2107 1361 2147 se
1381 2091 1613 2147 haberet
1631 2108 1816 2148 sermo
1841 2092 2090 2160 Latinus,
2195 2090 2458 2146 duoidem
2475 2089 2805 2162 significent,
2825 2091 3138 2161 huiusmodi
3158 2092 3484 2147 conﬁrmant
3500 2089 3772 2158 exemplo.

519 2183 745 2237 minime
773 2183 893 2238 ausi
939 2193 1071 2239 sunt
1102 2186 1387 2255 prosequi,
1421 2185 1591 2240 stulte
1638 2185 1751 2240 ida
1780 2199 1841 2240 se
1880 2186 2089 2241 dictum
2194 2183 2250 2239 Si
2293 2185 2418 2254 quis
2449 2185 2618 2252 enim,
2655 2184 2933 2255 inquiunt,
2975 2184 3139 2239 alicui
3171 2185 3226 2238 in
3258 2184 3347 2238 die
3375 2183 3602 2238 Veneris
3645 2198 3772 2237 car-

517 2273 908 2344 intelligentes,
949 2285 1005 2331 et
1053 2275 1430 2332 contentionis
1478 2278 1660 2346 potius
1703 2281 1875 2348 gratia
1926 2293 2090 2348 quam
2193 2293 2294 2331 nes
2341 2277 2526 2332 edenti
2587 2276 2658 2331 ita
2716 2277 2935 2344 dixerit,
2973 2275 3134 2332 Tune
3183 2276 3272 2331 die
3325 2276 3554 2332 Veneris
3576 2291 3773 2333 carnes

517 2363 790 2420 veritatis.
822 2364 1108 2436 Siquidem
1162 2367 1512 2439 Evangelista
1549 2367 1788 2425 Joannes
1817 2379 1870 2425 et
1910 2369 2090 2424 Evan-
2193 2369 2356 2425 edis?
2381 2377 2439 2424 et
2469 2368 2561 2424 ille
2608 2369 2681 2425 ita
2726 2369 3078 2440 respondeat,
3129 2368 3186 2423 Si
3236 2369 3356 2432 edo,
3405 2367 3538 2438 quid
3573 2367 3640 2422 ad
3672 2370 3774 2423 te?

520 2455 723 2526 gelium
770 2470 931 2511 suum
967 2457 1179 2524 Graeco,
1223 2475 1336 2515 non
1365 2459 1564 2516 Latino
1588 2476 1844 2516 sermone
1867 2477 2092 2532 compo—
2193 2462 2450 2518 Profecto
2484 2463 2531 2516 si
2557 2462 2652 2515 edo
2709 2461 2855 2516 idem
2907 2469 2993 2516 est
3040 2475 3105 2517 ac
3138 2460 3182 2515 si
3214 2461 3513 2525 diceretur,
3539 2461 3616 2514 sic
3650 2461 3768 2522 edo.

513 2545 644 2613 suit,
669 2554 728 2601 et
754 2547 851 2601 ἐὰν
878 2549 1270 2620 conjunctione
1301 2565 1434 2608 usus
1455 2559 1561 2614 est,
1582 2566 1726 2620 quae,
1758 2550 1812 2605 in
1832 2551 2088 2608 Latinum
2192 2556 2276 2609 vel
2301 2557 2377 2610 ita
2407 2557 2522 2620 edo,
2543 2554 2674 2625 quid
2701 2553 2766 2608 ad
2803 2555 2896 2610 te?
2923 2552 3394 2619 Quemadmodum
3421 2553 3586 2623 igitur
3609 2552 3656 2606 si
3675 2555 3769 2606 edo

512 2652 696 2706 versa,
734 2639 782 2693 si
808 2639 1015 2710 absque
1045 2641 1154 2696 ulla
1193 2642 1553 2712 ambiguitate
1592 2642 1885 2713 signiﬁcat.
1919 2642 2091 2698 lnler-
2194 2656 2251 2703 et
2285 2650 2360 2702 sic
2403 2649 2500 2702 edo
2533 2664 2705 2702 unum
2737 2655 2888 2712 sunt,
2931 2647 3004 2702 ita
3038 2647 3206 2701 etiam
3246 2647 3293 2700 si
3325 2644 3438 2700 rolo
3469 2652 3526 2699 et
3549 2646 3624 2699 sic
3654 2643 3770 2698 talo

513 2744 642 2799 pres
667 2745 818 2797 vero,
848 2731 1162 2802 quicunque
1212 2733 1262 2788 is
1287 2733 1509 2805 quidem
1565 2732 1758 2800 fuerit,
1793 2748 1897 2789 nec
1940 2742 2089 2790 tanta
2193 2741 2335 2796 idem
2363 2755 2485 2796 esse
2514 2739 2797 2795 fatendum
2823 2747 3075 2795 censent.
3106 2738 3264 2806 Quod
3302 2738 3346 2793 si
3387 2736 3512 2808 quis
3545 2753 3766 2792 causam

516 2822 756 2890 Spiritus
805 2824 1001 2894 gratia,
1057 2836 1262 2895 quanta
1292 2824 1534 2883 Joannes
1569 2827 1882 2883 illustratus
1917 2826 2089 2884 fuisse
2199 2832 2406 2902 ﬂagitet
2445 2847 2544 2886 cur
2574 2831 2922 2902 Evangelista
2970 2830 3194 2895 dixerit,
3224 2828 3291 2883 Et
3325 2846 3428 2884 non
3459 2829 3592 2884 dixit
3614 2828 3768 2884 Iesus

513 2914 915 2971 existimandus
942 2917 1305 2978 est.etverbo
1329 2933 1463 2973 usus
1487 2929 1570 2973 est
1601 2920 1667 2974 ad
1695 2935 1938 2974 errorem
1965 2935 2092 2990 pro—
2191 2928 2333 2996 quod
2365 2941 2469 2979 non
2519 2925 2770 2986 moritur.
2803 2924 2922 2989 sed,
2955 2922 3016 2979 Si
3058 2939 3182 2978 eum
3208 2921 3323 2978 volo
3363 2938 3599 2988 manere,
3627 2921 3766 2976 nihil

517 3004 667 3070 clivi,
700 3006 907 3079 quippe
942 3008 1131 3064 addita
1165 3011 1214 3064 si
1257 3011 1661 3081 conjunctioni,
1700 3027 1798 3082 per
1830 3013 2090 3083 ignoran-
2191 3033 2317 3072 eum
2349 3018 2536 3073 dicere
2570 3023 2865 3072 asserunt:
2898 3015 3081 3086 primo
3108 3015 3258 3070 enim
3292 3029 3400 3068 non
3428 3013 3539 3068 vim
3565 3021 3622 3068 ει
3640 3027 3767 3067 sen-

514 3099 641 3154 tiam
666 3100 1066 3156 siveincuriam
1088 3101 1462 3168 librariorum,
1486 3121 1511 3156 c
1533 3105 1736 3168 littera,
1762 3106 1942 3161 omnis
1968 3123 2092 3161 scn-
2193 3125 2315 3164 sum
2348 3109 2673 3176 verborum,
2709 3107 2807 3163 sed
2839 3107 3005 3162 verba
3035 3107 3151 3177 ipsa
3178 3107 3246 3162 ab
3275 3106 3630 3178 Evangelista
3661 3121 3765 3160 ne-

513 3191 682 3246 tentia
715 3191 1058 3247 subvertitur
1076 3203 1132 3248 et
1173 3210 1272 3263 pro
1303 3196 1715 3266 conjunctione,
1749 3214 1871 3268 quae
1916 3200 2085 3255 dubia
2112 3221 2156 3280 α
2189 3203 2327 3273 gari,
2386 3202 2586 3257 deinde
2616 3209 2675 3257 et
2718 3202 2794 3256 sic
2837 3200 2954 3255 volo
2997 3199 3311 3272 signiﬁcare
3337 3204 3418 3254 sle
3456 3198 3591 3254 velle
3635 3213 3762 3253 eum

512 3290 619 3346 θεῖν
645 3281 968 3337 adverbium
995 3283 1233 3340 emcitur
1260 3284 1586 3343 afﬁrmandi.
1609 3287 1766 3354 Quod
1783 3305 1913 3344 vero
1931 3305 2087 3358 aeque
2191 3309 2436 3360 manere,
2487 3293 2584 3350 sed
2615 3293 2858 3349 voluisse
2903 3293 3185 3349 Christum
3233 3291 3640 3362 reprehendere
3667 3291 3772 3344 Pe-

510 3373 652 3427 bene
685 3373 912 3431 Latinus
943 3391 1124 3433 sermo
1155 3395 1214 3434 se
1244 3379 1462 3449 habeat,
1491 3382 1832 3452 argumentis
1857 3383 2088 3454 quibus-
2196 3397 2365 3452 trum,
2390 3387 2564 3442 veluti
2599 3387 3092 3456 quaeritabundum
3119 3387 3188 3441 de
3219 3385 3305 3441 his
3338 3400 3463 3456 quze
3494 3384 3560 3438 ad
3586 3399 3645 3440 se
3667 3383 3770 3437 mi-

513 3463 638 3520 dam
665 3467 846 3522 conati
876 3477 1005 3524 sunt
1033 3473 1354 3540 ostendere,
1389 3489 1509 3544 quae
1543 3474 1787 3530 breviter
1831 3476 1934 3532 hoc
1962 3477 2085 3532 loco
2189 3479 2343 3534 nime
2389 3479 2754 3549 pertinerent.
2791 3477 3147 3536 Concludunt
3189 3493 3324 3549 ergo
3357 3478 3616 3550 injuriam
3648 3476 3767 3531 fieri

516 3558 804 3616 referenda
829 3562 1281 3632 existimavimus,
1312 3575 1368 3622 et
1405 3567 1473 3621 ad
1497 3568 1841 3638 ea'quantum
1867 3570 2087 3627 divinus
2190 3572 2508 3641 Evangelio,
2538 3571 2582 3626 si
2614 3572 2742 3642 quis
2773 3571 2921 3626 hunc
2953 3571 3138 3626 locum
3168 3578 3365 3632 mutet,
3392 3568 3770 3624 moriendum—

511 3648 668 3705 favor
700 3655 1060 3719 concesserit,
1089 3657 1556 3726 respondendum.
1605 3658 1793 3715 Primo
1840 3661 1988 3716 enim
2031 3662 2086 3716 id
2189 3681 2296 3738 que
2328 3667 2512 3734 potius
2539 3679 2664 3721 esse
2690 3681 2855 3736 quam
2887 3665 2998 3720 tale
3037 3664 3247 3734 aliquid
3280 3663 3638 3727 tentandum;
3663 3673 3768 3717 nec

510 3744 839 3801 auctoritate
868 3745 1185 3818 Hieronymi
1214 3758 1272 3803 et
1299 3748 1592 3821 Augustini
1627 3763 1685 3807 et
1717 3753 1950 3808 aliorum
1983 3753 2088 3810 La-
2190 3756 2394 3812 debere.
2417 3769 2752 3826 quemquam
2791 3753 3132 3809 catholicum
3166 3751 3374 3822 putari,
3405 3753 3501 3820 qui
3542 3758 3763 3803 mutanv

510 3833 748 3890 tinorum
779 3835 1066 3892 doctorum
1099 3839 1451 3909 confirmant,
1485 3857 1624 3913 quos
1649 3859 1716 3900 eo
1743 3848 1801 3900 in
1829 3847 1946 3902 loco
1972 3863 2083 3902 non
2189 3849 2314 3904 dam
2352 3848 2498 3903 hanc
2540 3845 2822 3916 Evangelii
2875 3846 3264 3901 auctoritatem
3301 3843 3604 3908 existimet,
3637 3855 3767 3895 cen-

502 3933 570 3996 si,
607 3931 701 3986 sed
724 3933 822 4000 sic,
848 3933 1140 4003 scripsisse
1171 3944 1228 3990 et
1258 3936 1332 3991 ita
1362 3952 1483 3992 eam
1518 3947 1726 4005 partem
1761 3945 2083 4013 exposuisse
2188 3939 2536 4009 sendnmque
2570 3953 2695 3993 eum
2727 3938 2824 4008 qui
2853 3937 2906 3992 id
2940 3951 3111 3993 ausus
3143 3935 3332 4001 fuerit,
3363 3935 3531 3989 etiam
3577 3931 3764 4003 pejora

505 4033 744 4079 constat.
787 4024 900 4080 Hos
928 4026 1074 4080 enim
1111 4041 1222 4081 non
1247 4036 1332 4082 est
1370 4029 1670 4085 verisimile
1708 4041 1764 4087 et
1795 4035 2081 4090 veritatem
2187 4033 2462 4087 facturum
2495 4031 2683 4087 addita
2723 4031 2773 4084 ei
2808 4029 3140 4085 auctoritate
3164 4036 3330 4095 atque
3353 4025 3618 4095 potentia.

503 4109 752 4176 latuisse,
815 4115 908 4183 qui
955 4125 1012 4171 et
1055 4117 1420 4186 sapientiores
1471 4122 1634 4178 nobis
1679 4125 1834 4182 fuere
1868 4136 1924 4181 et
1971 4143 2081 4183 non
2257 4124 2382 4179 llaec
2410 4121 2633 4194 quidem
2672 4121 2772 4177 illi.
2815 4121 2924 4176 Nos
2944 4137 3075 4176 vero
3097 4121 3162 4175 ad
3197 4135 3260 4176 ea
3291 4119 3441 4173 hunc
3462 4118 3517 4172 in
3538 4117 3762 4172 modum

506 4204 670 4259 modo
694 4204 921 4269 Latinae,
967 4207 1061 4262 sed
1105 4208 1272 4264 etiam
1305 4210 1507 4268 Graecae
1553 4215 1751 4285 lingua:
1784 4218 2080 4287 doctiores,
2187 4215 2618 4284 respondemus.
2667 4211 2902 4284 Oportet
2928 4212 3078 4268 enim
3109 4213 3203 4282 qui
3235 4210 3438 4280 aliquid
3471 4226 3538 4264 ex
3565 4225 3671 4263 una
3693 4211 3760 4264 in

505 4295 725 4362 Quando
747 4297 1050 4366 praesertim
1075 4300 1464 4370 anteipsorum
1490 4321 1710 4376 quoque
1735 4319 2080 4365 a'tatemnou
2183 4308 2345 4361 aliam
2382 4304 2642 4360 transfert
2669 4305 2933 4376 linguam,
2977 4313 3030 4359 et
3086 4304 3328 4374 linguam
3381 4302 3553 4370 ipsam
3601 4316 3763 4355 nosse

502 4388 568 4452 si,
605 4387 699 4442 sed
733 4389 809 4442 sic
839 4389 985 4457 apud
1033 4388 1261 4462 Latinos
1307 4395 1571 4466 scriptum
1605 4397 1776 4454 fuisse
1829 4400 2080 4456 animad-
2185 4414 2349 4468 quam
2389 4394 2676 4465 transfert,
2705 4405 2758 4449 et
2792 4395 2916 4464 ejus
2948 4409 3059 4448 non
3097 4394 3258 4446 modo
3299 4392 3588 4447 sentcntiae
3618 4391 3764 4443 veri-

503 4479 757 4536 vcrtitur.
791 4480 919 4537 Post
952 4483 1069 4539 haec
1086 4498 1361 4554 asserunt,
1385 4487 1523 4543 nihil
1551 4490 1604 4543 in
1624 4505 1776 4544 sacra
1795 4491 2076 4561 Scriptura
2109 4553 2146 4561 _
2186 4500 2374 4552 tatem,
2405 4488 2502 4544 sed
2525 4489 2690 4543 etiam
2725 4487 2895 4542 verba
2931 4486 2998 4540 de
3020 4486 3204 4540 verbis
3235 4487 3572 4554 exprimere,
3595 4483 3760 4552 idque

504 4569 878 4629 innovandum
916 4592 1059 4643 esse,
1099 4580 1482 4651 praecipueque
1525 4582 1577 4635 iu
1633 4583 1946 4654 Evangelio,
1986 4588 2074 4642 tibi
2109 4553 2154 4610 θ
2189 4582 2494 4654 praesertim
2537 4581 2592 4634 in
2632 4581 2804 4636 sacris
2833 4579 3061 4642 litteris,
3095 4577 3188 4631 ubi
3231 4593 3340 4631 non
3381 4576 3544 4631 modo
3591 4576 3759 4630 verba

501 4666 587 4719 vel
628 4683 796 4723 unum
831 4657 1066 4740 apicem,
1098 4681 1194 4726 aut
1228 4689 1396 4727 unum
1435 4675 1546 4731 iota
1583 4676 1876 4730 immutare.
1926 4679 2081 4734 nefas
2189 4674 2305 4744 ipsa
2340 4672 2640 4736 custodiri,
2685 4672 2781 4727 sed
2815 4673 2950 4726 ordo
2980 4686 3200 4740 quoque
3225 4669 3546 4734 verborum,
3580 4668 3761 4737 quoad

501 4769 603 4813 est.
653 4761 885 4816 Daretur
915 4764 1062 4817 enim
1117 4764 1221 4819 hoc
1273 4767 1436 4821 ntodo
1484 4766 1715 4822 facultas
1769 4769 2080 4825 volentibus
2186 4767 2307 4836 ejus
2341 4765 2453 4819 ﬁeri
2482 4772 2686 4836 poleSI,
2735 4761 2949 4818 servari
2981 4761 3166 4817 debei-
3212 4760 3493 4832 SiQUidem
3522 4760 3576 4813 in
3606 4775 3763 4813 sacra

507 4851 846 4921 Scripturam
890 4870 1103 4910 sacram
1131 4845 1512 4927 corrumpere,
1536 4859 1681 4926 quod
1716 4860 1867 4915 nullo
1913 4863 2078 4916 modo
2190 4855 2478 4926 Scriptura
2517 4855 2683 4909 etiam
2712 4855 2847 4909 ordo
2883 4855 2998 4924 ipse
3032 4853 3352 4914 verborum,
3392 4860 3453 4906 ut
3501 4851 3766 4919 llierony-

505 4953 590 4997 cst
628 4946 1082 5014 permittendum.
1112 4948 1250 5003 Cum
1289 4949 1456 5018 igitur
1484 4951 1627 5021 apud
1657 4951 1883 5007 Latinos
1902 4952 2075 5008 Evan-
2189 4963 2312 5003 ntus
2339 4946 2403 5000 ad
2454 4946 2865 5002 Pammachium
2924 4947 3174 5001 scribens
3207 4945 3406 5014 inquit,
3437 4943 3756 5014 mysterium

503 5038 707 5115 gelium
740 5038 822 5094 sic
852 5038 1072 5102 habeat,
1102 5041 1276 5095 asseri
1307 5043 1470 5098 aliter
1494 5046 1768 5100 mutarive
1810 5046 1931 5101 sine
1963 5047 2076 5101 cri-
2183 5053 2268 5099 est
2298 5060 2313 5108 ;
2372 5042 2744 5113 periculosum
2794 5049 2879 5096 est
2923 5041 3069 5096 enim
3104 5039 3309 5109 aliquid
3339 5039 3390 5091 in
3421 5053 3484 5096 ea
3520 5043 3756 5099 mutare,

505 5131 651 5185 mine
702 5146 810 5185 non
863 5147 1043 5202 posse.
1077 5131 1344 5189 Praeterea
1411 5138 1456 5191 si
1507 5138 1948 5208 conjunctionem
1996 5139 2078 5193 in-
2185 5136 2290 5192 nisi
2323 5134 2634 5204 proprietas
2662 5134 2884 5205 lingum,
2930 5133 2984 5188 in
3021 5147 3183 5202 quam
3214 5133 3271 5183 lit
3301 5129 3610 5193 translatio,
3634 5134 3765 5192 tan:

501 5220 702 5288 quiunt
765 5220 1064 5289 aliQuando
1112 5221 1456 5287 allirntative,
1506 5241 1904 5296 nonnunquam
1945 5243 2078 5282 vero
2185 5238 2295 5280 tam
2325 5227 2544 5281 interim
2573 5225 2976 5280 observantiam
3005 5239 3112 5277 non
3153 5222 3420 5290 patiatur;
3455 5233 3584 5274 tunc
3607 5218 3759 5276 enim

502 5319 557 5365 et
578 5311 884 5367 dubitative
910 5312 1111 5381 accipi,
1145 5321 1200 5366 et
1235 5329 1359 5368 eum
1390 5317 1648 5384 praesenti
1681 5317 1765 5371 vel
1796 5318 2076 5386 praeterito
2183 5318 2312 5372 licet
2342 5317 2690 5372 diversorum
2720 5315 3016 5370 verborum
3045 5313 3252 5367 ambitu
3295 5311 3546 5365 eamdem
3582 5309 3761 5363 ﬁdeli-

504 5407 804 5460 indicativo
851 5407 1190 5477 adjnngitur,
1224 5423 1348 5476 qua).
1387 5417 1633 5479 tempora
1674 5411 1912 5465 certiora
1944 5419 2077 5464 sunt
2185 5418 2268 5461 ter
2291 5414 2688 5476 reprtesentarc
2713 5405 3067 5460 sententiam.
3097 5401 3205 5457 Sed
3247 5401 3352 5454 hoc
3387 5400 3440 5453 in
3466 5397 3758 5469 prmsentia

501 5509 556 5553 et
581 5500 736 5569 quasi
769 5499 1188 5554 determinatam
1238 5516 1352 5554 rem
1403 5509 1695 5572 notamque
1743 5502 2076 5573 signiﬁcant,
2181 5502 2363 5556 locum
2407 5515 2516 5555 non
2551 5500 2736 5554 habet.
2764 5500 2902 5554 Cum
2945 5498 3059 5551 haec
3090 5497 3164 5550 ita
3208 5495 3338 5558 sint,
3372 5491 3504 5547 illud
3533 5505 3761 5561 quoque

507 5587 828 5644 allirmative
857 5591 999 5659 capi,
1031 5605 1154 5644 cum
1195 5606 1326 5644 vero
1351 5591 1704 5663 subjunctivo
1738 5593 2075 5660 adnectitur,
2179 5593 2619 5649 animadvertere
2657 5591 2938 5653 convenit,
2991 5588 3136 5658 quod
3188 5589 3315 5642 licet
3365 5585 3756 5642 nonnullorum

504 5679 827 5738 dubitative.
857 5681 1012 5758 Quod
1045 5684 1086 5735 si
1141 5682 1326 5737 futuro
1351 5684 1629 5756 jungatur,
1678 5697 1805 5741 tunc
1850 5698 2076 5758 propter
2177 5685 2364 5757 opinio
2387 5685 2575 5753 fuerit,
2616 5689 2833 5740 beatqu
2872 5681 3140 5737 Joannem
3175 5679 3577 5752 Evangelistam
3611 5694 3752 5742 noti—

581 5869 595 5900 ¹
628 5869 786 5925 Joan.
822 5889 928 5937 ut,
957 5873 1045 5940 ‘22,
1084 5873 1172 5928 25.
