4136 6446
353 446 464 510 627

1317 457 1827 523 BESSARIONIS
1888 465 1948 526 S.
1983 467 2054 530 Β.
2097 467 2162 530 Ε.
2206 467 2669 528 CARDINALIS

3517 473 3621 534 628

359 564 493 616 dum
519 563 628 618 vita
661 564 913 620 functum
942 582 1086 635 esse,
1119 570 1216 626 sed
1249 574 1557 631 secundum
1590 577 1797 635 Christi
1839 581 1937 636 ad-
1962 585 2006 645 Α
2042 582 2393 639 traductione
2442 585 2717 639 catholica
2769 591 2956 639 utatur
3008 586 3271 642 Ecclesia.
3309 586 3478 654 Legat
3525 589 3616 656 qui

362 663 586 708 ventum
615 656 853 711 vivendo
881 659 1213 727 praestolari,
1245 679 1376 719 vera
1408 674 1589 724 tamen
1620 679 1938 726 sanctorum

355 746 651 802 doctorum
698 751 970 805 sententia
1002 761 1107 819 est,
1161 764 1440 812 mortuum
1473 775 1597 814 eum
1655 777 1799 826 esse,
1830 780 1940 818 non

361 849 548 893 tamen
587 856 686 909 per
718 843 1064 913 martyrium,
1106 861 1210 902 nec
1246 848 1568 908 infirmitate
1613 855 1792 923 primo
1825 871 1944 910 ma-

360 943 627 995 ceratmn,
662 934 748 987 vel
775 935 968 990 mortis
999 935 1190 994 dolore
1222 952 1279 994 et
1306 944 1559 1012 angustia
1587 960 1942 1016 Oppressum,

360 1021 457 1074 sed
507 1037 601 1075 sua
653 1033 870 1093 sponte,
904 1025 1034 1079 dum
1078 1043 1247 1085 sanus
1279 1040 1448 1097 esset,
1497 1034 1566 1089 ad
1603 1037 1942 1106 sepulcrum,

361 1115 481 1181 ejus
509 1115 762 1179 jussione
799 1134 896 1185 per
945 1119 1248 1189 discipulos
1297 1122 1531 1190 fossum,
1569 1125 1942 1192 descendisse,

360 1204 628 1272 jar-uisse,
669 1208 923 1276 spiritum
956 1210 1205 1268 Creatori
1240 1215 1553 1272 reddidisse
1583 1227 1640 1272 et
1664 1218 1730 1273 ad
1760 1231 1949 1288 patres

358 1299 668 1365 appositum
704 1299 894 1356 fuisse.
927 1302 1144 1373 Legant
1175 1309 1272 1374 qtti
1309 1310 1506 1364 volunt
1550 1309 1944 1382 Hieronymum

368 1391 420 1440 in
455 1389 724 1460 Prologis,
771 1403 883 1446 tum
925 1396 1064 1466 ejus,
1095 1395 1163 1451 de
1187 1414 1297 1467 quo
1329 1399 1631 1469 loquimur,
1657 1401 1944 1472 Evangelii

363 1483 614 1544 Joannis,
635 1497 752 1539 tum
790 1487 914 1541 libri
950 1491 1331 1564 Apocalypsis,
1362 1495 1522 1564 cujus
1541 1511 1605 1550 ea
1629 1505 1760 1550 sunt
1779 1499 1945 1550 verba

365 1591 487 1639 qn-e
543 1578 704 1630 modo
751 1580 1061 1636 retulimus.
1106 1581 1313 1653 Legant
1364 1585 1733 1656 Augustinum
1780 1603 1949 1657 super

364 1667 576 1722 Joanne
612 1671 699 1724 ubi
732 1671 799 1726 dc
834 1673 936 1726 hac
963 1675 1272 1743 quasstione
1304 1678 1506 1748 agitur.
1541 1678 1748 1751 Legatit
1773 1679 1948 1753 Chry-

369 1769 672 1814 susttnntttn
703 1763 755 1816 in
795 1766 982 1820 multis
1013 1766 1174 1831 locis,
1211 1778 1553 1839 caeterosque
1609 1773 1949 1841 quampluri-

365 1867 486 1903 mos
535 1863 592 1906 ct
635 1868 758 1908 cum
813 1865 888 1910 tot
935 1860 1214 1931 tantisque
1269 1860 1593 1918 doctoribus
1638 1863 1781 1920 idem
1845 1865 1948 1935 ipsi

2043 678 2162 730 vult
2211 678 2330 747 ejus
2372 677 2438 732 ad
2488 678 2898 734 Pammachium
2927 661 3210 749 de‘Optimo
3238 694 3424 749 genere
3457 681 3621 732 inter-
3654 747 3661 756 .

2046 766 2294 836 pretandi
2319 766 2600 837 epistolas,
2633 767 2698 822 ad
2733 766 3048 821 Marcellum
3081 775 3264 820 contra
3300 766 3623 819 detractores

2047 874 2190 923 suos,
2235 857 2300 910 ad
2345 857 2562 912 beatum
2607 857 2973 927 Augustinum
3023 858 3459 927 quamplurimas
3501 857 3625 925 ejus

2048 944 2418 1009 defensiones,
2472 953 2527 1001 et
2558 947 2631 999 ita
2666 959 2788 1000 esse
2835 943 3125 1015 intelliget.
3179 942 3322 1010 Quid
3369 958 3504 997 vero
3555 943 3636 1026 ad,

2052 1037 2339 1091 Damasum
2377 1036 2692 1105 pontificem
2742 1037 3045 1091 Romanum
3096 1036 3150 1090 in
3179 1035 3497 1106 praefatione
3537 1050 3629 1090 su-

2049 1141 2148 1196 per
2177 1125 2493 1180 Matthaeum
2522 1127 2746 1189 scribat,
2779 1125 2825 1180 si
2861 1125 3016 1191 libet,
3046 1125 3354 1181 videamus.
3386 1125 3624 1189 Novum,

2051 1219 2249 1288 inquit,
2275 1233 2412 1286 Oplls
2432 1234 2516 1272 me
2541 1217 2719 1274 facere
2746 1216 2896 1286 cogis
2911 1232 2976 1270 ex
3000 1218 3194 1282 veteri,
3215 1227 3272 1272 et
3298 1227 3421 1287 post
3439 1232 3627 1271 exem-

2053 1307 2221 1376 plaria
2269 1305 2680 1378 Scripturarnm
2715 1318 2830 1363 toto
2873 1307 3009 1364 orbe
3041 1307 3266 1368 dill'usa,
3311 1306 3471 1376 quasi
3500 1306 3628 1375 qui-

2051 1401 2176 1454 dam
2213 1401 2424 1454 arbiter
2451 1401 2693 1465 sedeam,
2727 1414 2783 1456 et
2813 1403 2944 1471 quia
2970 1401 3116 1455 inter
3147 1415 3207 1455 se
3242 1399 3473 1463 variant,
3503 1415 3626 1466 qua:

2052 1501 2181 1545 sunt
2208 1492 2298 1546 illa
2331 1508 2449 1560 qute
2476 1508 2599 1545 cum
2627 1482 2814 1547 Graeca
2849 1494 3216 1559 consentiant,
3244 1492 3477 1547 veritate
3506 1491 3620 1545 dis-

2053 1596 2294 1636 cernam.
2329 1582 2369 1636 E
2427 1583 2631 1651 quibus
2659 1583 2916 1638 omnibus
2945 1584 3068 1638 luce
3112 1583 3316 1638 clarius
3379 1591 3625 1650 apparet,

2054 1670 2311 1735 liceatne,
2345 1682 2402 1727 et
2439 1674 2587 1740 piutn
2633 1689 2700 1727 an
2759 1674 2914 1728 nefas
2945 1674 3016 1728 sit
3051 1689 3260 1728 sacram
3288 1672 3627 1742 Scripturam

2053 1780 2119 1818 ex
2150 1765 2252 1819 alia
2286 1767 2605 1820 translatam
2636 1767 2822 1837 lingua
2845 1767 2912 1822 ad
2935 1767 3217 1837 originalis
3247 1765 3465 1836 linguae,
3488 1765 3633 1819 umle

2059 1855 2304 1909 traducta
2339 1866 2447 1915 est.
2488 1858 2775 1911 veritatem
2808 1859 3094 1913 reducere.
3139 1857 3270 1911 Post
3291 1857 3407 1911 [nec
3430 1873 3637 1910 uncino-

366 1957 592 2009 qtto1ttc
615 1945 851 1999 sentiant
891 1948 977 2016 (ut
1002 1947 1081 2004 fas
1109 1950 1237 2020 est).
1267 1951 1403 2006 Nam
1438 1953 1544 2008 etsi
1575 1955 1748 2025 aliqui
1775 1972 1840 2011 ex
1862 1972 1947 2010 re-

2068 1945 2133 2000 ~ia
2175 1950 2470 2016 repetenda
2501 1959 2654 2012 sunt,
2707 1965 2829 2018 qua:
2871 1950 3044 2004 sancti
3097 1951 3353 2005 doctores
3407 1948 3472 2003 de
3513 1965 3637 2018 prn-

363 2034 711 2090 (enlist-ilius
733 2037 893 2092 aliter
922 2042 1218 2108 senserint,
1260 2045 1510 2099 nonnulli
1541 2055 1722 2102 tamen
1753 2065 1817 2102 ex
1844 2048 1946 2114 eis,

365 2138 424 2179 et
456 2128 489 2179 ii
518 2130 742 2196 quidem
777 2133 926 2187 inter
954 2132 1081 2189 illos
1103 2135 1382 2192 doctiores
1410 2137 1610 2204 habiti,
1633 2140 1742 2194 illis
1762 2152 1952 2211 aperte

374 2221 788 2285 contradicunt,
843 2240 1036 2279 eorum
1069 2241 1210 2296 quos
1230 2227 1478 2304 diximus
1510 2229 1800 2286 doctorum
1827 2248 1952 2287 sen-

372 2311 597 2363 tentiam
629 2317 943 2382 probantes,
977 2327 1033 2373 et
1063 2329 1331 2388 quantum
1372 2321 1428 2376 in
1458 2322 1542 2377 eis
1565 2330 1674 2389 est,
1709 2322 1779 2378 de
1808 2339 1951 2379 novo

367 2403 694 2470 t-xcugitzuis
744 2407 1058 2464 rationibus
1091 2414 1540 2481 corroborantes,
1575 2415 1716 2471 adeo
1739 2425 1801 2471 ut
1839 2417 1953 2473 haec

369 2507 686 2552 sanctorum
718 2498 786 2554 de
814 2510 986 2557 morte
1011 2503 1246 2562 Joannis
1272 2507 1463 2576 opinio
1504 2519 1600 2564 aut
1626 2513 1949 2568 necessaria

369 2587 441 2638 sit
482 2599 536 2639 et
583 2590 733 2644 omni
788 2592 1136 2651 dubitatione
1187 2613 1406 2664 carens,
1459 2611 1555 2656 aut
1585 2601 1632 2656 si
1659 2602 1826 2657 dubia
1858 2603 1950 2669 sit,

371 2680 514 2745 apud
547 2681 910 2748 paucissimos
934 2685 1007 2741 sit
1033 2687 1223 2755 dubia,
1268 2691 1416 2761 quod
1445 2702 1501 2748 et
1541 2694 1690 2760 pium
1747 2710 1855 2749 non
1884 2697 1955 2750 sit

371 2771 466 2822 dul
491 2772 647 2829 i:are.
679 2773 885 2832 Tamen
919 2780 1392 2852 utdisputationis
1423 2787 1598 2856 gratia
1638 2789 1689 2841 in
1717 2805 1956 2858 przesen-

374 2864 447 2916 tia
498 2869 855 2936 Concedatur,
897 2872 1028 2928 illud
1075 2885 1225 2930 certe
1271 2877 1623 2934 manifestum
1665 2891 1770 2944 est,
1812 2899 1954 2936 mor-

377 2967 530 3009 tuum
562 2974 684 3014 esse
706 2960 1000 3031 Joannem,
1045 2965 1172 3035 plus
1218 2969 1356 3023 certi
1389 2970 1592 3026 habere
1641 2989 1804 3042 quam
1835 2990 1957 3028 am-

376 3049 524 3120 bigui
563 3067 576 3104 :
609 3051 794 3108 vivere
831 3069 985 3121 vero,
1032 3059 1170 3113 certi
1223 3060 1386 3126 nihil,
1424 3062 1520 3117 sed
1555 3065 1802 3134 ambigui
1839 3066 1958 3136 pitt-

379 3143 602 3207 tiatum,
645 3159 770 3198 cum
800 3147 986 3203 nullus
1013 3163 1076 3202 ex
1104 3151 1300 3218 priscis
1331 3153 1594 3210 Patribus
1641 3159 1959 3227 sanctisque

2055 2036 2222 2092 fundo
2257 2040 2654 2111 multiplicique
2675 2057 2953 2096 sacrarum
2981 2043 3387 2111 Scripturarunt
3424 2041 3638 2095 intelle-

2055 2141 2146 2185 ctu
2172 2131 2471 2197 edixerint,
2497 2145 2700 2204 quanta
2727 2133 2794 2189 de
2829 2135 2977 2188 varia
2996 2134 3241 2203 ejusdem
3263 2131 3393 2187 dicti
3421 2131 3640 2200 exposi-

2058 2224 2205 2277 tione
2224 2239 2330 2277 nou
2355 2226 2515 2296 modo
2540 2226 2810 2288 sentiunt,
2837 2240 3028 2280 verum
3047 2226 3213 2279 etiam
3241 2224 3630 2294 praeseferunt,

2054 2322 2395 2381 exponentes
2436 2329 2534 2368 eas
2564 2314 2970 2384 tnultiplicibus
2998 2315 3282 2384 variisque
3323 2314 3637 2368 sententiis.

2061 2403 2196 2458 llinc
2226 2405 2483 2475 estquod
2525 2418 2771 2461 sanctam
2816 2406 3159 2477 Scripturatn
3204 2406 3640 2476 profundissimo

2057 2509 2379 2564 comparant
2411 2499 2621 2568 pelago,
2649 2515 2714 2552 ex
2741 2499 3274 2569 quoquantumlibet
3300 2514 3456 2568 aquze
3494 2498 3635 2551 hau-

2058 2587 2188 2647 rias,
2221 2587 2344 2655 plus
2379 2593 2560 2642 tamen
2575 2604 2788 2658 semper
2825 2600 2912 2645 est
2940 2591 3086 2660 quod
3115 2601 3395 2660 superest.
3425 2590 3636 2645 Idcirco

2058 2692 2179 2731 eam
2214 2687 2472 2733 asserunt
2499 2679 2690 2748 plures
2722 2680 3085 2752 diversasque
3117 2681 3497 2752 expositiones
3516 2695 3639 2733 sus-

2057 2770 2266 2839 cipere,
2298 2777 2494 2826 omnes
2533 2781 2712 2828 tamen
2743 2789 2926 2830 veras.
2951 2773 3066 2828 [loc
3097 2757 3281 2828 autem
3308 2772 3445 2826 adeo
3473 2771 3640 2841 pleri-

2060 2877 2169 2931 que
2205 2878 2398 2920 omnes
2427 2864 2702 2918 afﬁrmant
2731 2865 2988 2921 Ecclesiae
3038 2866 3317 2930 doctores,
3349 2874 3408 2920 ut
3443 2880 3639 2933 super-

2062 2959 2358 3007 vacaneum
2382 2955 2454 3009 sit
2473 2955 2538 3008 ad
2561 2955 2615 3009 id
2641 2955 2980 3025 probandum
3009 2968 3174 3012 testes
3192 2957 3484 3015 adducere,
3504 2969 3643 3024 prae-

2062 3043 2251 3097 sertim
2291 3045 2545 3100 brevitati
2590 3047 2962 3103 studentibus.
2987 3050 3290 3126 ‘Postremo
3314 3048 3443 3102 illud
3463 3049 3647 3104 scien-

2064 3134 2194 3188 dum
2225 3146 2335 3197 est,
2354 3139 2688 3208 exemplaria
2717 3139 2896 3194 tribus
2926 3141 3102 3195 modis
3123 3141 3416 3210 depravari
3439 3140 3639 3206 solere,

378 3233 701 3289 doctoribus
722 3235 774 3290 id
796 3237 1046 3296 afﬁrmet.
1068 3241 1357 3298 Neminem
1382 3258 1643 3315 praetcrea
1672 3249 1842 3305 latere
1867 3252 1960 3306 de-

2068 3232 2430 3300 appositione,
2474 3243 2569 3287 aut
2608 3236 3062 3302 commutatione,
3105 3247 3205 3292 aut
3245 3236 3643 3292 subtractione.

381 3325 494 3388 bet,
530 3339 719 3380 sacros
751 3325 924 3382 libros
970 3329 1180 3387 Veteris
1209 3330 1462 3404 Novique
1511 3336 1847 3394 Testantenti
1895 3341 1963 3396 ab

384 3415 519 3484 ipsis
552 3416 1127 3497 Ecclesite‘nascentis
1157 3426 1402 3482 exordiis
1423 3429 1568 3497 apud
1601 3429 1826 3485 Latinos
1852 3413 1962 3487 tum

382 3523 447 3562 ex
477 3507 704 3566 Hebraeo
730 3521 790 3565 ut
819 3521 1056 3578 veteres,
1088 3524 1203 3571 tum
1227 3533 1258 3572 e
1290 3515 1503 3582 ereo,
1538 3529 1598 3574 ut
1625 3531 1678 3576 et
1712 3538 1888 3576 novos
1911 3531 1965 3577 et

386 3610 626 3662 veteres.
661 3619 758 3672 per
781 3605 1143 3677 Septuaginta
1180 3610 1517 3681 Interpretcs
1567 3613 1748 3669 editos
1796 3615 1968 3670 fuisse

381 3693 549 3764 longo
585 3705 712 3750 ante
747 3695 1144 3769 Hieronymum
1169 3711 1439 3773 tempore,
1476 3707 1740 3761 trecentis
1759 3708 1970 3766 scilicet

378 3795 444 3838 et
476 3787 714 3857 amplius
740 3790 923 3856 annis,
948 3807 1054 3861 qua
1083 3793 1329 3850 editione
1351 3807 1539 3852 sancta
1570 3797 1760 3853 Latina
1787 3801 1971 3856 Eccle-

380 3879 470 3934 sia
506 3889 638 3935 tunc
669 3883 947 3947 utebatur,
978 3898 1211 3954 eamque
1240 3895 1454 3944 veteres
1493 3890 1826 3945 sanctissimi
1873 3892 1971 3944 dn-

381 3986 591 4037 cteres,
614 3971 943 4044 Cyprianus,
962 3975 1228 4040 Hilarius,
1245 3977 1610 4048 Augustinus,
1639 3980 1972 4054 Hieronymo

390 4075 724 4130 comtaneus,
770 4066 880 4122 imo
909 4083 1042 4122 vero
1082 4069 1180 4124 illo
1221 4085 1354 4127 sene
1387 4072 1504 4142 ipse
1532 4075 1776 4144 juvenis,
1803 4091 1974 4145 expo-

384 4172 580 4213 suere.
621 4158 826 4215 Multos
849 4170 1114 4230 praeterea
1136 4161 1311 4219 fuisse
1339 4177 1628 4220 sacrarum
1663 4167 1971 4222 litterarqu

390 4267 422 4306 e
443 4251 631 4308 Graaco
663 4257 717 4308 in
754 4255 1014 4312 Latinum
1045 4257 1402 4328 interpretes,
1443 4270 1678 4317 testatur
1709 4265 1976 4334 Augusﬁ-

387 4361 498 4400 nus
537 4348 590 4400 itt
635 4349 800 4404 tertio
847 4349 922 4404 De
956 4351 1202 4406 doctrina
1245 4353 1552 4409 Christiana
1596 4356 1760 4421 libro,
1788 4357 1862 4411 ita
1893 4361 1976 4411 in-

384 4455 570 4506 .qnens
603 4455 618 4494 :
650 4439 754 4506 Qui
785 4448 934 4498 enim
969 4443 1316 4515 Scripturam
1362 4463 1428 4502 ex
1473 4447 1702 4504 Hebraea
1747 4449 1799 4503 in
1831 4450 1977 4505 Lati-

389 4545 520 4586 nam
576 4543 872 4587 verterunt
917 4535 1185 4607 linguam,
1227 4541 1509 4592 numerari
1565 4549 1827 4609 possunt;
1881 4542 1974 4610 qui

2069 3325 2422 3393 Appositione
2471 3325 2716 3396 quidem,
2745 3343 2870 3382 cum
2923 3344 3023 3399 pro
3069 3329 3312 3385 arbitrio
3350 3339 3540 3386 nostro
3590 3330 3643 3385 id

2067 3416 2324 3485 supplere
2354 3418 2610 3473 volumus
2637 3418 2690 3473 iu
2716 3408 3042 3490 Seripturis,
3083 3423 3230 3492 quod
3259 3421 3642 3498 imperfectum

2074 3521 2139 3562 ac
2163 3509 2346 3563 minus
2375 3513 2670 3565 continens
2699 3512 3100 3576 existimamus,
3129 3515 3273 3568 sicut
3299 3525 3384 3568 est
3421 3515 3474 3568 in
3500 3514 3648 3570 libro

2071 3597 2303 3669 Regum,
2351 3601 2444 3655 ubi
2495 3617 2620 3657 cum
2651 3611 2917 3659 tractatur
2965 3604 3034 3661 de
3062 3607 3302 3661 secunda
3351 3607 3650 3668 diﬂ‘usione
3701 3637 3705 3641 Α

2071 3687 2481 3746 Philistinorum
2521 3694 2574 3748 in
2613 3695 2752 3749 valle
2786 3695 3076 3765 Rapbaim,
3125 3698 3361 3754 infertur
3402 3701 3653 3757 :Consu-

2074 3781 2176 3835 luit
2206 3792 2386 3838 autem
2417 3785 2587 3840 David
2621 3786 2930 3855 Dominum,
2969 3800 3024 3844 et
3053 3790 3107 3844 in
3141 3791 3470 3861 quibusdam
3501 3812 3651 3850 men-

2075 3875 2222 3929 tlosis
2248 3876 2532 3932 codicibus
2557 3880 2802 3932 additum
2836 3883 3136 3949 reperitur,
3168 3882 3225 3936 Si
3255 3886 3540 3941 ascendam
3578 3887 3651 3941 ad

2082 3966 2405 4034 Philistium,
2449 3978 2498 4022 et
2555 3972 2706 4024 dabis
2761 3988 2847 4025 eos
2878 3974 2933 4025 in
2973 3991 3136 4027 manu
3180 3992 3298 4030 mea
3326 3977 3368 4044 ¹,
3404 3978 3550 4046 quod
3599 3981 3654 4034 in

2077 4059 2309 4116 llebraio
2356 4063 2506 4118 fonte
2545 4080 2652 4118 non
2683 4067 2981 4135 reperitur,
3019 4065 3174 4136 juxta
3210 4083 3404 4123 eorum
3434 4078 3656 4126 senten-

2082 4154 2235 4217 tiam,
2271 4155 2361 4223 qui
2405 4170 2525 4209 eam
2575 4157 2818 4225 linguam
2848 4158 3098 4226 apprime
3127 4159 3347 4214 callent.
3392 4161 3496 4216 Sed
3525 4163 3656 4232 quia

2081 4248 2133 4302 in
2171 4249 2345 4318 prima
2376 4234 2802 4304 Philistinorum
2837 4251 3130 4305 diﬂ'usione
3160 4253 3382 4323 legitur,
3411 4255 3503 4309 hic
3519 4273 3656 4326 quo.

2075 4359 2186 4410 que
2223 4343 2472 4396 nonnulli
2507 4359 2737 4399 censere
2764 4343 3079 4398 debuerunt
3101 4347 3483 4414 repetendum.
3509 4348 3578 4403 At
3603 4351 3658 4404 in

2079 4437 2277 4494 Genesi
2311 4440 2460 4493 eoin
2507 4439 2648 4504 loco,
2687 4439 2778 4493 ubi
2822 4439 3029 4492 dicitur
3059 4457 3074 4493 :
3104 4439 3291 4494 Nonne
3329 4460 3424 4512 pro
3467 4443 3663 4499 Rachel

2081 4528 2270 4582 servivi
2300 4529 2391 4580 tibi
2413 4529 2438 4582 Ρ
2460 4545 2625 4598 quare
2656 4530 2955 4598 imposuisti
2988 4530 3194 4583 mihi“?
3221 4532 3445 4601 quidam
3473 4548 3666 4602 super-

394 4633 576 4676 ίηηεη,
609 4638 639 4676 θ
668 4623 856 4680 amca
887 4627 1237 4698 imerprclali
1265 4640 1416 4694 sum,
1442 4631 1594 4686 ηηιιο
1613 4631 1798 4687 modo.
1825 4631 1978 4688 Hanc
2011 4615 2052 4668 D
2084 4619 2192 4675 fluo
2223 4620 2435 4674 addunt
2467 4621 2639 4675 Limn.
2671 4620 3115 4675 Connnulatinne
3154 4638 3306 4688 vero,
3335 4637 3460 4677 cum
3503 4626 3668 4696 sylla-

397 4723 610 4768 tantum
668 4714 1005 4786 Scripturatn
1057 4721 1231 4774 multo
1266 4730 1388 4791 post
1417 4731 1667 4793 tempore
1717 4739 1982 4792 superve-

393 4803 558 4859 niens
588 4804 973 4877 Hieronymus.
1011 4809 1262 4878 egregius
1292 4811 1501 4875 doctor,
1527 4812 1712 4867 denuo
1739 4823 1979 4869 veterem

392 4909 463 4955 .c-x
499 4891 746 4960 Hebraeo,
783 4910 976 4950 novam
1012 4914 1042 4953 e
1065 4897 1260 4954 Grzeco
1291 4900 1441 4955 fonte
1481 4901 1755 4968 traduxit;
1793 4904 1981 4972 quain

397 5003 463 5046 rte
497 4986 595 5041 etsi
640 4987 829 5050 multis
865 4990 1105 5058 praebuit
1133 4991 1370 5046 Iatrandi
1408 5001 1606 5047 contra
1633 5008 1693 5048 sc
1733 5008 1981 5059 causam,

383 5081 574 5138 ,umtta
601 5090 787 5134 tamen
827 5081 992 5136 aliter
1031 5095 1194 5151 quam
1225 5083 1371 5137 edita
1393 5098 1423 5139 a
1453 5083 1734 5153 prioribus
1757 5085 1981 5142 fuerant

395 5174 653 5239 dictavit,
691 5183 768 5240 et,
808 5184 867 5229 ut
901 5176 1017 5245 ipse
1071 5176 1230 5241 dicit,
1276 5177 1597 5232 emendavit
1637 5181 1814 5249 'atque
1861 5194 1984 5233 cor-

403 5267 566 5332 rexit,
593 5285 695 5324 nec
725 5279 952 5324 eteteras
979 5271 1156 5326 solum
1185 5270 1483 5341 Scriptura:
1512 5283 1718 5338 partes,
1741 5272 1836 5327 sed
1868 5272 1983 5341 ipsa

397 5377 627 5431 quoque
669 5362 992 5434 Evangelia.
1039 5363 1167 5419 [line
1196 5365 1343 5421 enim
1375 5372 1504 5418 sunt
1539 5365 1660 5435 ejus
1686 5364 1853 5418 verba
1883 5363 1983 5418 ad-

402 5470 602 5511 versus
632 5455 973 5512 detractores
1005 5472 1161 5523 suos,
1192 5472 1316 5526 quae
1353 5457 1516 5511 modo
1549 5457 1861 5511 retulimus.
1908 5453 1984 5509 lta

402 5561 590 5607 tamen
619 5552 848 5622 probata
878 5551 947 5608 ab
973 5552 1236 5622 omnibus
1266 5551 1388 5623 ejus
1429 5550 1724 5605 translatio
1764 5549 1890 5619 ft_tit,
1927 5559 1987 5604 ut

409 5643 662 5712 antiqua,
696 5645 804 5708 vel,
837 5656 894 5698 ttt
943 5646 1130 5700 verius
1161 5645 1364 5710 dicam,
1415 5653 1492 5698 tot
1532 5643 1775 5712 antiquis
1817 5642 1986 5695 inter-

409 5735 819 5804 pretationibus
849 5735 1202 5803 oblitteratis,
1253 5734 1682 5804 lliernnymiana
1721 5733 1986 5786 duntaxat

491 5918 509 5946 ¹
545 5917 593 5968 ll
644 5916 777 5985 Reg.
812 5932 864 5984 ν,
931 5918 1014 5970 l9.
1092 5918 1110 5948 ²
1169 5918 1304 5972 Gen.
1351 5914 1616 5979 xxnx,'23.

1698 5915 1716 5945 ³
1753 5911 1926 5968 Exod.
1967 5927 2056 5975 xx,
2105 5910 2185 5963 l3.

2088 4711 2280 4764 barum
2331 4722 2425 4764 aut
2471 4711 2708 4780 partium
2757 4711 3122 4766 similitudine
3169 4712 3258 4767 vel
3304 4713 3666 4784 ambiguitate

2085 4803 2332 4874 decepti,
2359 4819 2508 4859 nunc
2552 4802 2896 4858 detrahendo
2927 4801 3159 4872 aliquid,
3213 4818 3360 4858 nunc
3386 4802 3666 4871 addendo,

2088 4896 2366 4951 interdum
2406 4894 2793 4949 autmutando
2816 4895 2883 4948 ad
2919 4893 3094 4948 nostri
3130 4892 3352 4948 arbitrii
3387 4894 3670 4964 conjectu-

2087 5002 2226 5048 ram,
2269 4995 2454 5056 partes
2491 5001 2588 5055 pro
2619 4987 2870 5056 partibus
2895 4987 3194 5048 variamus,
3232 4995 3290 5038 ιιι
3325 4985 3378 5038 in
3431 4985 3618 5040 Exodo
3650 5003 3665 5040 :

2087 5078 2323 5135 Cunctas
2350 5088 2524 5131 autem
2563 5079 2791 5147 populus
2835 5077 3043 5130 videbat
3075 5092 3221 5131 voces
3252 5077 3293 5144 ³,
3326 5091 3425 5147 pro
3462 5077 3671 5132 videbat

2088 5172 2342 5244 plerique
2367 5171 2611 5225 audiebat
2647 5173 2922 5240 scripsere
2946 5184 3014 5223 eo
3045 5169 3191 5239 quod
3220 5185 3326 5224 vox
3359 5171 3538 5226 audiri
3571 5186 3672 5241 po-

2091 5269 2200 5323 tius
2231 5269 2403 5322 soleat
2425 5281 2587 5336 quam
2618 5264 2815 5318 videri.
2851 5265 2918 5319 Et
2958 5263 3010 5318 in
3041 5262 3266 5329 Genesi,
3309 5262 3441 5319 Cum
3475 5266 3672 5336 Ioseph

2091 5362 2366 5415 duodecim
2397 5366 2528 5413 esset
2561 5374 2829 5412 annorum
2859 5355 2881 5386 ³
2913 5372 3011 5425 pro
3051 5357 3231 5410 decem
3272 5367 3323 5410 ct
3351 5365 3571 5428 septem.
3601 5357 3675 5414 Et

2093 5453 2149 5504 in
2182 5449 2692 5505 Lamentationibus
2707 5447 2960 5502 lere-mia:
2987 5461 3087 5516 pro
3103 5447 3332 5502 vastatio
3353 5457 3402 5500 et
3425 5449 3673 5504 contritio

2097 5543 2410 5598 vaticinatio
2443 5551 2490 5593 et
2516 5541 2784 5594 contritio.
2831 5538 2895 5592 Et
2921 5537 2975 5591 in
3009 5539 3177 5594 Amos
3198 5543 3468 5609 propheta
3498 5550 3676 5595 tonso-

2097 5652 2204 5688 rem
2237 5635 2426 5704 gregis,
2463 5648 2561 5701 pro
2589 5640 2812 5686 tonsura
2845 5631 3000 5701 regis.
3043 5627 3432 5686 Subtractione
3463 5641 3670 5698 autem,

2097 5745 2220 5785 cum
2241 5728 2308 5782 de
2332 5726 2611 5795 Scriptura
2635 5725 2884 5779 minuere
2908 5722 3110 5794 aliquid
3129 5723 3537 5794 praesumimus,
3556 5724 3676 5780 sine.

2265 5907 2281 5939 ³
2317 5907 2451 5962 Gen.
2489 5922 2694 5976 xxxv",
2722 5909 2775 5962 2.
