4136 6432
469 462 576 527 629

1285 463 1366 524 1N
1403 463 1668 538 ILLUD,
1706 477 1722 509 ι
1772 465 1842 524 SI
1881 463 2046 524 EUM
2089 464 2282 524 νοω
2317 462 2658 532 MANERE,
2703 478 2719 508 ι
2763 461 2920 520 ETC.‘

3631 453 3738 516 630

473 589 584 643 quo
611 571 812 642 plenus
843 569 1210 625 nihilominus
1239 570 1490 626 redditur
1517 570 1852 630 intellectus,
1885 581 1946 624 ut
1968 580 2052 624 est
2080 574 2130 632 Α
2158 574 2402 628 vitiatam
2439 581 2601 644 atque
2635 571 2952 625 mendosam
2980 586 2995 636 ;
3031 583 3281 638 opusque
3313 581 3436 622 esse
3469 575 3531 620 ut
3561 565 3607 619 is
3631 577 3740 634 qur-

475 665 610 721 illnd
649 665 700 718 in
729 663 1020 720 Ezechiele
1061 664 1172 720 :Et
1204 665 1338 718 dixit
1383 664 1454 716 ad
1484 665 1674 730 virum,
1713 665 1806 734 qui
1846 665 2058 718 indutu

471 767 590 810 erat
621 757 773 810 lineis
805 768 854 809 et
889 757 966 810 ait
1000 757 1052 822 ',-
1082 755 1182 812 hoc
1216 753 1362 824 quod
1404 753 1600 808 ultimo
1629 755 1872 824 ponitur,
1908 755 2056 808 scili-

477 859 582 912 cet,
610 859 658 901 et
687 850 784 914 ait,
821 847 868 903 si
927 847 1051 915 quis
1075 859 1434 916 praesumeret
1467 843 1802 909 diminuere,
1850 845 2062 898 intelle-

477 939 590 994 ctui
637 940 958 994 nullatenus
992 938 1304 1008 derogaret.
1367 937 1432 990 Et
1484 938 1536 992 in
1591 935 1858 992 Zacharia
1895 955 1908 989 :
1946 935 2062 1004 Ipse

476 1031 754 1100 ludiﬁcabit
775 1031 1028 1101 templum
1045 1029 1266 1084 Domino
1285 1037 1335 1083 et
1357 1037 1588 1083 exstruet
1609 1028 1856 1098 templum
1882 1027 2064 1082 Domi-

475 1125 597 1188 no’,
619 1123 766 1194 quod
795 1132 1071 1194 postremo
1095 1125 1317 1194 ponitur
1338 1132 1388 1177 et
1415 1131 1648 1176 exstruat
1675 1121 1930 1192 templum
1956 1121 2062 1175 οο-

477 1217 620 1269 mino
639 1215 706 1269 de
739 1215 929 1270 multis
954 1214 1356 1284 exemplaribus
1379 1213 1683 1268 detractum
1709 1223 1811 1268 est.
1842 1211 1997 1280 Quod
2019 1211 2064 1266 si

477 1307 601 1376 quis
631 1306 696 1361 de
730 1307 816 1360 his
837 1307 994 1377 plura
1022 1305 1624 1360 desiderattestimonia
1639 1304 1874 1357 etlatius
1906 1317 2066 1357 nosse

478 1400 620 1454 hanc
649 1415 761 1453 rem
787 1399 959 1468 cupit,
989 1398 1272 1453 Nicolaum
1303 1398 1446 1468 legal
1477 1397 1612 1452 tituli
1643 1396 1860 1452 Damasi
1884 1395 2064 1449 diaco-

478 1506 610 1547 num
639 1503 696 1544 et
721 1489 1070 1546 bibliothecae
1101 1487 1530 1560 snti‘raganeum,
1557 1489 1756 1550 virum,
1799 1497 2064 1558 quantum

480 1582 786 1652 intelligere
803 1581 955 1642 licet,
975 1581 1256 1638 Hebraicm
1286 1582 1489 1652 lingua:
1513 1580 1932 1652 peritissimum,
1950 1580 2067 1648 qui,

481 1671 630 1727 Lucii
669 1674 894 1728 secundi
949 1673 1180 1728 Romani
1231 1673 1512 1744 pontiﬁcis
1559 1683 1824 1744 tempore,
1868 1674 1932 1726 ad
1963 1671 2069 1726 Pe-

482 1775 624 1818 trum
658 1765 895 1822 basilicae
935 1763 1120 1821 Sancti
1155 1766 1300 1822 Petri
1335 1767 1666 1822 canonicum
1702 1767 1977 1830 scribens,
2003 1763 2070 1820 de

481 1864 682 1911 sanctae
733 1855 1030 1927 Scriptura:
1087 1855 1476 1912 emendatione
1536 1857 1706 1912 multa
1783 1857 2065 1913 disseruit.

481 1945 650 2000 Nobis
676 1949 826 2001 enim
877 1948 1250 2018 prolixitatem
1285 1947 1648 2018 fugientibus,
1681 1947 1816 2006 satis
1846 1953 1932 2001 est
1955 1961 2064 2000 uno
2097 1927 2142 1984 Β

485 2038 566 2091 vel
629 2037 848 2094 duobus
908 2039 1238 2094 testimoniis
1295 2038 1440 2108 quod
1505 2038 1740 2107 probare
1791 2037 2064 2102 volumus,

484 2140 753 2196 astruere,
777 2132 1040 2186 lectorem
1084 2132 1376 2201 impigrum
1414 2130 1480 2183 ad
1516 2145 1631 2196 eos,
1677 2145 1706 2182 a
1737 2129 1938 2199 quibus
1968 2145 2068 2182 nos

489 2221 602 2274 haec
629 2222 962 2292 sumpsimus
987 2223 1414 2278 remittentibus.
1445 2222 1606 2276 Plura
1659 2237 1896 2292 namque
1925 2221 2068 2276 idem

488 2312 746 2368 Nicolaus
768 2313 845 2366 ait
873 2331 886 2368 :
921 2313 1192 2368 Lustrans
1218 2314 1478 2379 armaria,
1505 2311 1800 2382 nequibam
1827 2312 1931 2366 hoc
1949 2312 2068 2366 adi-

489 2404 647 2472 pisci,
689 2405 911 2459 veracia
950 2405 1160 2460 scilicet
1189 2405 1520 2474 exemplaria
1550 2405 1818 2469 invenire,
1856 2405 1982 2474 quia
2016 2415 2072 2459 et

488 2511 610 2562 qua:
645 2509 676 2549 a
707 2495 1041 2550 doctissimis
1091 2495 1224 2549 viris
1251 2495 1579 2549 dicebantur
1629 2503 1900 2560 correcta,
1931 2509 2070 2546 uno-

489 2601 708 2656 quoque
731 2585 784 2640 in
825 2603 927 2642 suo
956 2601 1118 2642 sensu
1140 2586 1476 2650 abundante,
1500 2585 1634 2639 adeo
1660 2584 2068 2652 discrepabunt,

492 2691 552 2736 ut
605 2697 744 2750 pene
795 2691 928 2750 quot
963 2680 1204 2742 codices,
1264 2686 1344 2733 tot
1373 2677 1706 2747 exemplaria
1743 2681 2067 2747 reperirem,

493 2786 666 2840 usque
696 2770 836 2825 adeo
877 2770 1044 2825 etiam
1080 2769 1377 2824 millesimo
1415 2767 1531 2823 fere
1573 2777 1698 2836 post
1737 2769 2066 2838 interpreta-

493 2865 697 2920 tionem
735 2863 1058 2936 Hieronymi
1088 2878 1258 2927 anno,
1294 2862 1517 2918 codices
1554 2877 1726 2918 sacrae
1767 2862 2072 2932 Scriptura:

493 2957 740 3014 ritendosi
798 2969 963 3028 atque
1018 2955 1264 3026 corrupti
1319 2966 1502 3019 erant,
1553 2966 1608 3011 et
1637 2955 1710 3010 ita
1746 2956 1888 3010 inter
1918 2972 1974 3010 se
2017 2955 2072 3010 in

493 3047 771 3118 plerisque
801 3047 1202 3118 discrepantes,
1237 3053 1296 3101 ιιι
1321 3061 1444 3116 qua:
1472 3045 1838 3118 Hieronymus
1863 3048 1926 3100 ad
1969 3046 2068 3100 Da-

497 3155 708 3194 masum
750 3139 1064 3209 scripserat,
1091 3139 1284 3194 eadem
1319 3137 1602 3204 Nicolaus,
1631 3149 1756 3211 post
1783 3148 1863 3194 tot
1899 3155 2075 3194 anno-

2162 679 2228 719 ex
2259 680 2366 718 una
2404 664 2456 718 in
2491 663 2652 717 aliam
2691 662 2932 732 linguam
2965 659 3170 730 aliquid
3201 658 3485 720 transfert,
3517 672 3637 712 eam
3671 671 3738 712 cx

2162 774 2268 826 qua
2307 759 2364 812 lit
2398 756 2706 818 translatio,
2741 755 2792 808 in
2835 751 3118 816 omnibus,
3158 759 3422 822 quantum
3461 749 3576 803 fieri
3641 763 3742 817 pe-

2167 859 2292 910 test.
2321 859 2606 920 sequatur,
2641 847 2684 902 si
2730 861 2788 900 se
2819 845 3067 900 veritatis
3097 845 3456 912 interpretem
3489 854 3608 894 esse
3663 847 3754 890 ato-

2163 960 2270 1015 que
2297 942 2469 996 videri
2511 941 2682 1008 cupit.
2717 937 2873 1006 Quod
2906 937 2948 992 si
2982 936 3106 1005 quis
3141 935 3192 988 in
3229 931 3547 1002 interpretis
3573 944 3742 1000 opere

2165 1051 2326 1090 error
2373 1033 2858 1096 animadvertitur,
2917 1029 2964 1084 si
3035 1041 3141 1096 qua
3199 1027 3470 1081 dubitatio
3529 1025 3759 1088 oritur,.

2171 1126 2414 1198 profecto
2437 1141 2506 1179 eo
2539 1125 2941 1180 recurrendmn
2971 1131 3076 1185 est,
3109 1125 3253 1175 unde
3289 1120 3426 1174 facta
3455 1126 3535 1173 est
3565 1126 3744 1171 trans-
3771 1153 3774 1156 -

2167 1219 2326 1275 latio.
2370 1217 2514 1271 Audi
2549 1217 2698 1271 enim
2733 1215 2864 1286 quid
2893 1215 3091 1268 beatus
3121 1211 3486 1280 Hieronymus
3517 1208 3570 1262 in
3603 1222 3742 1275 prm-

2169 1313 2374 1368 fatione
2403 1327 2570 1382 super
2623 1309 2944 1366 Matthzcum
2991 1305 3198 1362 scribat
3237 1323 3249 1357 :
3281 1304 3336 1358 Si
3375 1301 3595 1360 veritas.
3661 1300 3747 1352 in-

2167 1406 2310 1473 quit,
2341 1416 2424 1460 est
2453 1403 2748 1474 querenda
2781 1403 2850 1456 de
2883 1399 3155 1472 pluribus,
3207 1413 3305 1452 cur
3345 1410 3453 1448 non
3495 1393 3560 1446 ad
3599 1393 3746 1448 Grae-

2170 1513 2288 1552 cam
2321 1497 2590 1568 originem
2643 1503 3014 1556 recurrentes,
3044 1505 3260 1575 eanuzn
3311 1487 3397 1542 vel
3455 1503 3484 1540 a
3535 1483 3749 1538 vitiosis

2171 1590 2566 1660 interpretibus
2598 1589 2738 1643 male
2765 1585 2934 1654 dicta,
2962 1585 3044 1640 vel
3073 1601 3100 1638 a
3135 1579 3621 1652 praesurnptoribus
3649 1577 3750 1629 im-

2171 1684 2367 1754 peritis
2399 1681 2692 1738 emendata
2721 1674 3057 1750 perversius,
3091 1675 3176 1730 vel
3215 1690 3244 1728 a
3275 1671 3515 1727 librariis
3543 1667 3749 1724 dormi-

2175 1777 2420 1832 tantibus
2449 1785 2544 1830 aut
2569 1773 2754 1828 addita
2789 1781 2936 1836 sunt,
2969 1779 3064 1824 aut
3121 1776 3327 1822 nmlata
3383 1760 3752 1833 corrigimus?

2172 1868 2512 1940 Augustinus
2545 1880 2766 1936 quoque
2797 1865 2852 1918 in
2902 1861 3150 1918 secundo
3215 1859 3289 1913 De
3329 1857 3571 1910 doctrina
3599 1853 3750 1909 Chri-

2171 1963 2350 2015 stiana
2382 1957 2524 2012 libro
2555 1957 2626 2012 ita
2659 1955 2838 2026 inquit
2871 1973 2884 2008 :
2921 1953 3128 2007 Latinae
3155 1951 3378 2020 quidem
3419 1949 3616 2018 lingua:
3645 1943 3748 1996 ho-

2173 2055 2350 2110 mines
2381 2067 2524 2122 quos
2555 2065 2702 2105 nunc
2743 2047 3100 2104 instrueudos
3139 2043 3504 2114 suscepimus,
3536 2039 3752 2092 duabus

2171 2147 2294 2200 aliis
2326 2145 2393 2201 ad
2426 2143 2840 2215 Scripturarum
2875 2141 3186 2196 divinarum
3219 2134 3587 2206 cognitionem
3611 2141 3754 2198 opus

2175 2239 2398 2302 habent,
2439 2238 2662 2293 Hebraea
2697 2235 2910 2291 scilicet
2943 2243 3002 2288 et
3027 2231 3248 2296 Graeca.
3285 2237 3344 2282 ut
3369 2225 3436 2280 ad
3476 2223 3750 2290 exempla-

2174 2329 2252 2383 ria
2285 2327 2646 2398 praecedentia
2677 2333 3015 2388 recurratur,
3049 2323 3099 2377 si.
3143 2335 3308 2390 qtram
3345 2316 3748 2370 dubitationem

2174 2421 2425 2476 attulerit
2465 2419 2790 2474 Latinorum
2845 2416 3210 2482 interpretum
3247 2411 3458 2466 infinita
3491 2409 3748 2462 varii-tas.

2163 2506 2434 2570 Rursus:
2469 2511 2770 2568 Codicibns
2809 2505 3172 2566 emendandis
3213 2503 3470 2574 primitus
3523 2499 3752 2569 vigilare

2175 2607 2340 2662 debet
2365 2603 2589 2660 solertia
2624 2616 2842 2664 eorum,
2881 2601 2976 2668 qui
3002 2597 3320 2664 Scripturas
3348 2592 3562 2648 divinas
3589 2603 3752 2643 nosse

2173 2699 2510 2757 desiderant,
2539 2703 2600 2751 ut
2639 2693 2952 2750 emendatis
2987 2707 3096 2745 non
3128 2686 3403 2744 emendati
3437 2683 3652 2740 cedant.
3684 2681 3754 2734 Et

2175 2791 2374 2845 iterum
2409 2807 2422 2844 :
2459 2783 2656 2843 Libros
2681 2798 2862 2840 autem
2899 2783 3032 2838 Novi
3065 2778 3424 2842 Testamenti,
3454 2775 3500 2830 si
3531 2773 3662 2844 quid
3697 2773 3752 2825 in

2176 2884 2390 2940 Latinis
2417 2881 2771 2937 varietatibus
2791 2877 3012 2940 titubat,
3037 2874 3242 2930 Graecis
3270 2871 3468 2926 cedere
3493 2873 3753 2936 oportere

2177 2993 2286 3032 non
2319 2977 2547 3031 dubium
2583 2983 2686 3028 est.
2717 2972 2912 3028 Nonne
2943 2969 3032 3024 his
3060 2964 3536 3022 sanetissimorum
3567 2959 3753 3012 docto-

2179 3085 2300 3124 rum
2326 3067 2512 3122 verbis
2547 3063 2900 3128 instruimur,
2933 3075 3060 3117 cum
3091 3057 3266 3112 multa
3325 3055 3492 3110 fuisse
3541 3059 3597 3104 et
3629 3063 3768 3104 esse-

2177 3161 2264 3216 vel
2299 3160 2662 3228 interpretum
2689 3155 2980 3220 varietate,
3033 3151 3124 3208 vel
3157 3147 3414 3219 imperite
3449 3141 3755 3200 emendan-

497 3247 618 3285 "‘”“
647 3233 872 3296 Ci'cma’
905 3231 1113 3287 scribi"
1143 3232 1212 3286 ad
1252 3231 1506 3298 Palmm,
1543 3243 1622 3287 ίοῑ
1646 3233 1861 3287 scum“
1884 3247 2072 3288 0mm“
2104 3265 2146 3321 ο
2183 3255 2320 3309 tium
2359 3253 2519 3316 vitio,
2557 3251 2646 3308 vel
2671 3245 3093 3306 dormitantium
3147 3242 3502 3298 librariorum
3537 3234 3768 3292 incuria.

493 3322 664 3391 plaria
693 3337 814 3378 esse
850 3330 986 3392 quot
1027 3321 1268 3377 codices.
1301 3321 1470 3376 Addit
1509 3333 1772 3393 pnelerea
1823 3337 1882 3378 se
1923 3339 2076 3377 non-.

496 3415 646 3472 nulia
675 3417 1014 3486 comperisse
1051 3415 1118 3472 de
1158 3415 1389 3472 Hi-bra-o
1416 3417 1612 3473 abesse
1642 3433 1764 3483 qua:
1793 3425 1973 3471 tamen
2017 3417 2073 3470 in

496 3510 754 3564 omnibus
797 3509 1008 3565 Latinis
1041 3511 1330 3567 codicibus
1358 3511 1735 3581 pariformiter
1783 3509 2075 3580 reperitur--

501 3613 610 3656 tur.
644 3601 798 3669 Quod
831 3604 976 3657 enim
1021 3604 1072 3657 in
1121 3603 1320 3658 Genesi
1364 3612 1468 3669 est,
1508 3603 1654 3656 Dixit
1689 3602 1820 3658 Cain
1851 3604 1922 3655 ad
1947 3601 2080 3656 Abel

495 3698 716 3764 fratrem
761 3713 936 3764 suum,
967 3695 1320 3766 Egrediamur
1350 3695 1493 3765 [oras
1525 3693 1567 3760 ³,
1597 3698 1850 3766 quamvis
1879 3696 1932 3749 in
1957 3709 2076 3749 om-

500 3789 661 3843 nibus
699 3787 910 3844 Latinis
960 3787 1249 3844 codicibus
1303 3787 1378 3842 ita
1430 3788 1664 3858 legatur,
1703 3787 1758 3840 in
1793 3785 2078 3842 Hebraicis

499 3891 710 3940 tantum
731 3881 888 3944 illud,
915 3873 1272 3951 Egrediamur
1299 3881 1463 3950 foras,
1487 3895 1598 3935 non
1627 3897 1748 3936 esse
1770 3881 2036 3952 scriptum
2059 3897 2076 3947 ;

497 3981 550 4026 et
577 3971 769 4027 eodem
819 3969 982 4026 modo
1027 3971 1095 4025 de
1136 3971 1352 4025 ett-leris
1389 3970 1724 4036 quibusdam
1761 3971 1860 4027 ait.
1905 3971 2079 4041 Cujus

499 4069 576 4122 rei
609 4081 858 4129 causam,
896 4063 1015 4119 sive
1042 4064 1188 4134 quod
1216 4063 1589 4135 Hieronymus
1623 4062 1678 4117 in
1707 4063 1832 4119 aliis
1863 4057 2100 4133 reperta

503 4157 985 4222 translationibus,
1025 4157 1080 4210 in
1114 4173 1218 4210 sua
1247 4155 1411 4210 etiam
1445 4155 1831 4222 connexuerit,
1869 4155 1984 4212 sive
2011 4157 2080 4214 ab

499 4253 630 4316 alio,
667 4267 766 4306 usu
796 4249 1032 4319 pristino
1064 4247 1422 4318 praevalente,
1449 4248 1800 4317 postmodum
1833 4263 2080 4306 connexa

500 4348 635 4412 sint,
693 4343 906 4398 nescire
963 4358 1024 4397 se
1076 4341 1299 4397 asserit.
1331 4340 1610 4410 Additque
1656 4341 1762 4396 hoc
1795 4343 1880 4397 sui
1911 4343 2080 4398 studii

501 4437 691 4500 tuisse,
720 4433 904 4504 quoad
939 4433 1140 4504 potuit,
1175 4431 1450 4503 snperllua
1505 4449 1775 4498 resecare,
1819 4437 2083 4490 transfor-

505 4541 649 4583 mata
687 4527 1018 4590 reformare,
1077 4539 1132 4581 et
1165 4543 1226 4580 ea
1259 4541 1452 4582 rursus
1487 4527 1690 4582 addere
1722 4543 1843 4597 quae
1875 4543 1904 4582 a
1940 4543 2081 4598 prm-

503 4619 888 4691 sumptoribus
920 4630 1180 4689 tanquam
1202 4618 1480 4689 superﬂua
1529 4620 1752 4675 luerant
1777 4597 2082 4691 amputata.
2118 4597 2161 4651 ί)

501 4713 577 4767 lta
603 4715 685 4770 vir
707 4714 798 4770 ille
832 4713 1053 4778 doctus,
1085 4714 1250 4767 etiam
1275 4711 1596 4784 longissimo
1617 4723 1742 4782 post
1767 4713 2082 4784 Hieronymi

501 4809 800 4864 editionem
839 4817 1111 4880 tempore,
1143 4807 1311 4862 multa
1341 4808 1578 4876 putavit,
1611 4806 1723 4860 imo
1765 4823 1896 4861 vero
1931 4813 2084 4861 certo

505 4902 706 4965 tenuit,
728 4901 816 4955 vel
843 4900 1122 4970 apposita,
1159 4899 1252 4954 vel.
1284 4907 1644 4962 cornruutata,
1675 4899 1758 4952 vel
1811 4901 2084 4962 detracta,

502 4993 965 5066 quemadmodum
997 5004 1052 5046 ct
1077 5005 1202 5047 ante
1225 4991 1540 5060 Hieronymi
1567 5001 1812 5062 tempora
1841 4994 2082 5058 fuerant,

501 5100 554 5140 ct
589 5087 712 5140 ideo
745 5087 1111 5144 detrahenda,
1139 5085 1477 5149 readdenda,
1510 5083 1858 5140 emendanda
1883 5093 1938 5139 et
1963 5100 2087 5139 cor-

505 5179 730 5250 rigenda
759 5193 906 5232 esse.
941 5177 1035 5232 llis
1067 5175 1241 5247 igitur
1272 5178 1344 5232 ita
1383 5177 1638 5246 cognitis,
1677 5191 1824 5230 nunc
1855 5177 1918 5230 ad
1967 5193 2080 5232 rem

507 5273 678 5340 ipsam
711 5271 780 5325 de
801 5287 914 5340 qua
945 5273 1180 5340 quastio
1213 5282 1318 5336 est,
1341 5271 1652 5325 veniamus.

575 5365 710 5420 Cum
743 5380 960 5420 sacrum
994 5365 1224 5420 Joannis
1262 5363 1617 5432 Evangetium
1650 5359 1890 5416 Joannes
1959 5363 2080 5431 ipse

501 5457 787 5527 apostolus
836 5465 892 5510 et
947 5455 1318 5526 Evangelista,
1371 5453 1616 5524 Spiritus
1669 5455 1842 5508 sancti
1906 5453 2079 5523 gratia

506 5550 720 5618 plenus,
754 5549 944 5604 Graeco
996 5563 1250 5606 sermone
1282 5547 1588 5618 scripserit,
1653 5549 1788 5600 nulli
1849 5547 2080 5601 dubium

500 5653 623 5694 esse
657 5639 839 5705 debet,
871 5641 1179 5710 quamlibet
1205 5639 1618 5696 translationem
1649 5639 1905 5708 originali
1937 5639 2086 5692 litte-

503 5745 576 5786 rce
616 5733 838 5786 minime
871 5734 1318 5803 respondentem,
1373 5747 1479 5786 nun
1543 5741 1744 5784 rectam
1783 5747 1924 5790 esse,
1987 5731 2080 5783 sed

580 5919 594 5948 '
620 5915 820 5972 Ezech.
857 5932 930 5980 is,
974 5914 1056 5966 Η.
1135 5915 1154 5944 ¹
1187 5913 1416 5968 Zachar.
1449 5926 1524 5975 vt,
1565 5909 1643 5964 1:2.

1725 5909 1743 5938 ³
1776 5909 1911 5964 Gen.
1971 5925 2043 5976 tv,
2096 5910 2150 5964 8.

2181 3347 2494 3416 depravata,
2528 3354 2642 3400 tum
2673 3357 2738 3397 ea
2759 3339 2960 3409 corrigi
2993 3338 3164 3392 licere
3185 3343 3350 3404 atque
3374 3329 3621 3388 debere?
3653 3327 3772 3382 Per-

2181 3439 2326 3494 illam
2363 3437 2568 3508 quippe
2597 3434 2842 3505 regulam
2875 3445 3166 3485 monemur
3193 3429 3246 3482 in
3271 3423 3630 3496 inquisitione
3657 3436 3756 3474 ve-

2181 3530 2358 3584 ritatis
2395 3537 2562 3596 atque
2597 3525 2716 3596 ejus
2752 3521 3180 3591 investigatione
3203 3517 3271 3573 ad
3305 3513 3625 3586 originalem
3654 3510 3761 3564 lin-

2179 3638 2340 3693 gnam
2365 3629 2420 3674 et
2440 3611 2776 3688 exemplaria
2795 3611 3164 3686 praecedentia
3183 3607 3586 3693 recurrentium
3613 3619 3774 3670 ess",

2180 3689 2242 3770 ac
2273 3712 2598 3769 Latinorum
2645 3709 2916 3764 librorum
2975 3689 3298 3758 varietatem
3329 3699 3532 3756 Gnecis
3559 3695 3778 3750 cedere.

2179 3815 2458 3877 oportere.
2511 3801 2819 3860 Videndum
2875 3801 3064 3869 itaque
3117 3795 3316 3864 primo,
3373 3789 3649 3862 quomodo
3700 3803 3762 3843 se

2183 3901 2382 3954 habeat
2415 3897 2473 3952 in
2501 3889 2700 3952 Graeca
2723 3903 2888 3963 atque
2923 3889 3178 3960 originali
3241 3885 3450 3954 lingua,
3490 3882 3628 3943 hac,
3689 3879 3760 3934 de

2183 4007 2288 4061 qua
2321 3989 2642 4060 quaerimus,
2700 3981 2981 4052 Evangelii
3014 3979 3333 4041 auctoritas,
3370 3985 3426 4030 et
3455 3989 3522 4028 an
3577 3985 3762 4026 sermo

2185 4083 2416 4138 Latinus
2445 4080 2635 4136 Grzeco
2672 4075 3022 4138 consentiat;
3071 4069 3218 4141 quod
3249 4068 3294 4122 si
3324 4063 3632 4126 dissentiat,
3691 4075 3758 4112 an

2186 4177 2236 4230 id
2269 4173 2425 4230 facile
2457 4170 2699 4242 potuerit
2756 4164 3175 4223 dormitantium
3217 4158 3574 4216 librariorum
3625 4151 3762 4206 vitio

2191 4268 2338 4332 ﬁeri,
2370 4274 2424 4318 et
2448 4281 2514 4319 an
2547 4263 2602 4317 in
2636 4262 2759 4316 aliis
2797 4273 3016 4330 quoque
3049 4257 3224 4311 simile
3254 4249 3458 4321 aliquid
3497 4245 3611 4302 ﬁeri
3673 4260 3764 4313 po-

2189 4361 2357 4414 tuerit
2387 4357 2661 4411 factumve
2697 4353 2770 4406 sit
2822 4353 3029 4420 absque
3064 4345 3239 4404 sancti
3272 4341 3513 4399 doctoris
3542 4338 3766 4410 peritis-

2188 4450 2424 4518 simique
2450 4446 2775 4516 interpretis
2811 4439 3126 4514 Hieronymi
3157 4438 3318 4506 culpa
3343 4443 3438 4488 aut
3465 4430 3765 4502 reprehen-

2191 4543 2367 4596 sione.
2399 4539 2604 4594 Deinde
2635 4539 2846 4608 aliquot
2867 4533 3174 4590 rationibus
3197 4529 3381 4586 Graeca
3411 4527 3588 4582 littera
3613 4539 3769 4578 com-

2189 4630 2472 4701 probanda
2509 4645 2573 4684 ac
2605 4623 2982 4682 confirmanda
3039 4631 3143 4678 est.
3186 4621 3472 4676 Postremo
3520 4615 3768 4670 rationes

2185 4727 2252 4780 ab
2281 4723 2596 4780 adversario
2619 4711 2866 4777 adductae
2898 4717 3172 4774 solvendae
3199 4721 3346 4771 sunt.

2255 4817 2413 4886 Apud
2476 4813 2694 4871 Graecos
2745 4810 3071 4867 manifestus
3135 4815 3221 4864 est
3275 4821 3466 4862 sensus
3517 4803 3766 4872 Evange-

2186 4911 2265 4970 lii.
2298 4895 2476 4978 neque
2513 4907 2696 4978 aliqua
2729 4906 3019 4962 verborum
3053 4901 3410 4968 ambiguitate
3441 4895 3770 4958 involutus;

2189 5011 2376 5070 aperte
2420 5014 2657 5068 namque
2697 4997 2841 5068 apud
2873 4993 2994 5052 illos
3028 4994 3102 5048 ita
3133 4992 3418 5052 scribitur,
3443 4987 3573 5040 Ἐὰν
3602 4983 3780 5036 non».

2188 5092 2330 5144 θέλω
2359 5090 2546 5161 μένειν
2569 5091 2674 5152 ἓως
2702 5087 2960 5158 ἔρχομαι,
2986 5086 3038 5138 τε
3076 5084 3212 5156 πρὸς
3247 5087 3338 5148 ei;
3370 5079 3518 5151 quod
3550 5075 3654 5132 nisi
3691 5076 3774 5127 ita

2184 5185 2605 5253 interpretatur,
2645 5189 2705 5235 ut
2730 5181 2895 5243 dicat,
2930 5178 2988 5234 Si
3041 5194 3162 5232 eum
3193 5175 3369 5236 velim,
3411 5171 3516 5236 vel,
3552 5167 3612 5224 Si
3643 5183 3776 5222 eum

2182 5275 2300 5330 volo
2333 5291 2549 5348 manere
2575 5275 2738 5328 donec
2765 5273 2994 5335 uertiam,
3025 5267 3150 5340 quid
3185 5269 3254 5322 ad
3283 5265 3376 5320 te?
3411 5272 3558 5319 recte
3590 5261 3768 5315 inter.

2182 5378 2460 5437 pretatum
2507 5383 2628 5421 esse
2661 5382 2770 5420 non
2820 5373 3036 5434 potest;
3069 5363 3258 5417 Grmca
3312 5357 3461 5414 enim
3519 5355 3608 5410 illa
3637 5370 3780 5410 con‘

2183 5459 2399 5530 junctio
2433 5459 2527 5510 ἐὰν
2562 5457 2695 5512 nilt’l
2727 5457 2876 5511 aliud
2904 5471 3064 5527 quam
3096 5455 3142 5507 si
3173 5449 3600 5506 conditionalem
3632 5463 3768 5503 con-

2189 5553 2526 5620 iunctionem
2573 5547 2921 5604 causalemve
2973 5545 3268 5616 signiﬁcat,
3304 5551 3630 5612 tantumque
3687 5543 3772 5594 ina

2194 5653 2362 5697 teri-st
2401 5643 2544 5697 inter
2579 5643 2696 5708 ἐὰν,
2761 5641 2814 5694 id
2849 5648 2934 5694 est
2980 5641 3048 5704 si,
3082 5648 3158 5704 et,
3193 5637 3388 5701 οὕτως,
3425 5637 3531 5692 hoc
3559 5647 3640 5692 est
3675 5636 3772 5700 sic,

2193 5736 2338 5804 apud
2375 5735 2614 5798 Gt-zerus,
2679 5741 2947 5803 quantum
2987 5731 3100 5788 fere
3137 5731 3279 5788 inter
3323 5730 3434 5785 duo
3469 5727 3770 5784 contraria.
