4136 6456
307 484 411 550 631
1252 489 1760 549 BESSARIONIS
1799 491 1860 554 S.
1903 491 1973 553 Ρι.
2019 492 2082 554 Ε.
2129 489 2596 550 (ΙᾹΠΙΠΝΑΙΛς
3473 491 3579 555 632

307 599 592 671 Siquidem
619 600 714 656 ἐὰν
743 602 1080 674 ambiguam,
1137 603 1310 668 οὕτως
1367 621 1501 660 vero
1532 604 1900 663 certissimam
1927 603 2038 665 Aa
2068 606 2445 676 praepositioni
2493 604 2704 659 addita.
2751 601 2829 657 ita
2875 603 2928 656 in
2984 602 3161 672 prima
3206 601 3454 674 Epistola
3509 604 3578 658 ad

313 706 430 746 rem
466 691 761 763 signiﬁcat,
793 702 852 748 ut
885 694 1036 748 nullo
1078 695 1244 750 modo
1269 697 1541 766 suspicari
1560 697 1686 768 quis
1705 699 1902 766 possit,

314 783 532 839 librarii
564 784 700 840 vitio
751 787 857 843 hoc
890 787 1034 856 apud
1086 787 1307 844 Graecos
1365 790 1591 846 evenire
1631 793 1899 862 potuisse.

309 871 470 929 Nulla
503 875 651 930 enim
709 877 764 932 in
798 893 905 932 una
939 879 1172 934 duarum
1213 880 1524 937 dictionum
1578 882 1766 938 littera
1819 892 1905 938 est

314 986 433 1038 qua:
467 971 540 1025 sit
575 971 630 1026 in
684 972 899 1037 altera;
964 975 1113 1030 nulla
1151 977 1297 1032 inter
1329 991 1424 1032 eas
1460 985 1546 1032 est
1575 977 1796 1048 penitus
1831 975 1905 1031 si-

313 1060 586 1130 militudo,
605 1063 812 1134 quippe
834 1066 931 1119 ἐὰν
952 1066 1133 1121 tribus
1153 1068 1353 1123 litteris
1381 1069 1734 1139 componitur
1756 1069 1901 1138 quod

311 1152 510 1208 Latine
548 1155 826 1226 significat
854 1160 923 1225 si,
949 1158 1122 1222 οὕτως
1149 1175 1301 1227 vero,
1335 1159 1482 1230 quod
1511 1161 1586 1215 sic
1613 1177 1643 1216 a
1692 1161 1901 1216 Latinis

311 1244 734 1316 interpretatur,
767 1249 1015 1320 quinque
1074 1251 1292 1307 litteras
1331 1253 1518 1315 habet,
1564 1262 1712 1307 tanta
1754 1253 1900 1307 inter

315 1337 417 1391 has
444 1339 586 1394 duas
637 1339 912 1416 dictiones
951 1342 1094 1412 apud
1145 1343 1368 1399 Crmcos
1419 1343 1730 1400 differentia
1789 1354 1896 1400 est.

310 1429 602 1490 Quomodo
637 1431 805 1500 igitur
841 1447 901 1486 se
944 1433 1090 1503 apud
1123 1435 1346 1491 Gnaeos
1402 1436 1603 1490 habeat
1659 1436 1772 1498 hic.
1829 1437 1898 1493 de

312 1536 424 1587 quo
454 1520 760 1592 loquimur,
796 1524 1075 1596 Evangelii
1137 1526 1400 1594 locus,oet
1429 1529 1708 1597 quomodo
1748 1528 1894 1583 Lati-

313 1627 419 1665 nus
457 1627 640 1668 sermo
671 1616 726 1669 in
757 1615 863 1671 hoc
891 1632 921 1670 a
953 1617 1145 1674 Crmco
1172 1611 1486 1682 dissentiat,
1522 1621 1659 1675 satis
1688 1636 1756 1675 ex
1809 1621 1894 1676 bis

315 1715 439 1770 qua:
470 1703 712 1760 diximus
751 1716 1006 1777 apparet.
1062 1709 1219 1776 Quod
1253 1719 1440 1766 autem
1477 1711 1530 1764 iu
1566 1710 1758 1765 Latina
1789 1712 1897 1766 lin-

310 1812 413 1864 gtta
443 1795 602 1853 facile
642 1799 766 1856 talis
791 1814 952 1856 error
983 1804 1207 1858 evenire
1241 1804 1502 1872 potuerit,
1547 1803 1602 1858 in
1636 1814 1891 1876 promptu

275 1963 278 1966 .
310 1898 397 1942 est
433 1891 690 1961 intuenti,
729 1904 934 1964 quanta
973 1896 1045 1951 sit
1074 1895 1270 1950 harum
1310 1896 1544 1952 duarum
1587 1897 1890 1955 dictionum

308 1982 357 2033 si
389 1990 442 2036 et
473 1983 549 2036 sic
574 1984 878 2041 similitudo
914 1996 1078 2056 atque
1108 1987 1385 2046 vicinitas.
1416 1991 1590 2047 Unica
1621 1991 1772 2046 enim
1799 1992 1895 2046 lit-

313 2082 430 2127 tera
461 2090 512 2140 c,
547 2075 899 2134 dormitantis
925 2079 1146 2136 lectoris
1181 2081 1318 2136 vitio
1352 2082 1562 2145 addita,
1599 2081 1732 2137 illud
1766 2084 1813 2137 si
1840 2096 1896 2138 et

307 2167 388 2219 sic
415 2176 632 2224 mutare
660 2171 866 2238 potuit,
918 2173 1392 2242 quemadmodum
1446 2185 1724 2229 tonsuram
1756 2177 1895 2247 regis

313 2256 369 2310 in
402 2265 671 2313 tonsorem
693 2262 886 2332 gregis,
910 2273 966 2316 et
997 2266 1348 2318 vastationem
1377 2265 1432 2319 in
1461 2267 1896 2320 vaticinationem

310 2358 518 2404 mutata
547 2349 738 2419 fuisse,
763 2368 872 2408 non
891 2363 1100 2417 nostra,
1122 2355 1217 2410 sed
1233 2357 1587 2426 antiquorum
1605 2357 1895 2413 doctorqu

311 2443 592 2498 sententia.
626 2458 795 2515 supra
830 2446 1338 2504 demonstravimus
1367 2451 1770 2522 manifestoque
1809 2467 1898 2506 os-
1935 2505 1938 2508 .

313 2533 615 2592 tendimus.
646 2536 799 2595 idem
833 2538 1022 2597 multis
1050 2557 1273 2613 quoque
1299 2543 1424 2598 aliis
1452 2544 1661 2599 inlocis
1695 2545 1895 2599 factum

308 2627 587 2684 exstitisse
615 2630 840 2699 probari
896 2643 1101 2703 potest.
1142 2633 1265 2688 Mox
1287 2634 1354 2689 ‘in
1390 2634 1509 2705 ipso
1567 2637 1686 2690 fere
1737 2636 1896 2691 initio

215 2787 219 2790 .
308 2717 556 2787 ejusdem
591 2722 868 2794 Evangelii
895 2722 1123 2780 Joannis
1157 2723 1274 2791 ubi,
1309 2725 1446 2779 Οὐδὲ
1498 2726 1561 2779 ἐκ
1592 2725 1898 2796 Θελήματος

310 2811 538 2879 σαρκὸς,
569 2810 676 2866 Nec
705 2830 769 2868 ea:
790 2814 1061 2872 voluntate
1090 2819 1268 2872 carnis
1300 2818 1341 2882 ',
1375 2818 1473 2882 ait,
1507 2819 1746 2888 imperiti
1775 2821 1896 2888 qui-

308 2901 435 2957 dam
461 2921 554 2959 nec
578 2921 644 2960 ea:
665 2907 934 2979 voluptate
961 2913 1137 2966 carnis
1157 2910 1428 2976 scribunt,
1457 2928 1490 2965 η
1513 2911 1567 2965 in
1591 2929 1625 2982 p
1652 2927 1898 2967 commu-

309 3004 513 3065 tantes,
547 2998 694 3068 quod
729 3000 943 3056 scilicet
974 3001 1042 3056 ad
1071 3017 1297 3057 carnem
1352 3003 1625 3070 pertineat
1657 3004 1774 3074 ipsa
1805 3021 1899 3060 vo-

309 3083 516 3152 luptas.
549 3087 619 3142 Et
640 3089 787 3158 apud
818 3089 1076 3146 eumdem
1111 3099 1236 3162 post
1265 3091 1433 3147 verba
1462 3090 1667 3148 Christi
1695 3093 1897 3162 quibus

310 3173 508 3231 allatus
536 3187 621 3232 est
651 3178 901 3248 Matrem,
936 3192 992 3236 et
1020 3197 1141 3236 eam
1166 3181 1385 3250 Joanui,
1415 3198 1578 3252 quem
1608 3182 1893 3254 diligebat,

2005 695 2343 760 Corinthios,
2379 697 2470 752 ubi
2506 696 2678 752 Graeci
2711 696 2987 762 scribunt,
3016 697 3080 748 Οἱ
3111 698 3222 768 γὰρ
3254 697 3457 761 πάντες
3516 698 3580 751 ὲκ

2003 788 2099 839 τοῦ
2133 787 2247 849 ἐνὸς
2283 787 2449 858 ἄρτου
2484 786 2807 856 μετέχομεν,
2841 786 2897 840 id
2952 796 3060 849 est,
3121 785 3311 841 Omnes
3341 789 3481 841 enim
3517 788 3582 840 de

2004 896 2110 934 uno
2139 896 2277 951 pane
2303 881 2688 950 participamus
2717 878 2759 945 ⁸,
2804 878 2982 933 Latini
3014 878 3223 932 addunt
3243 918 3258 938 .
3308 886 3357 932 et
3383 877 3448 932 de
3474 893 3582 932 una

2003 972 2186 1028 calice.
2228 971 2292 1026 Et
2317 970 2461 1042 apud
2488 971 2800 1025 Matthazum
2854 984 2980 1039 cap.
3015 985 3140 1035 xxv,
3183 969 3445 1038 Ἑξῆλοον
3501 971 3580 1030 εἰς

2003 1064 2312 1134 ἀπάντησιν
2345 1063 2440 1116 τοῦ
2465 1054 2727 1132 νυμφίου,
2765 1060 2818 1114 id
2853 1069 2958 1122 est,
3030 1059 3326 1114 Exiverunl
3375 1059 3581 1112 obviam

2004 1173 2194 1228 sponso
2221 1158 2266 1221 ⁸,
2299 1155 2480 1210 Latini
2523 1155 2752 1216 habent.
2802 1161 2851 1207 et
2882 1169 3110 1219 sponsae,
3146 1168 3270 1222 qua:
3328 1151 3582 1223 profecto

2000 1250 2262 1320 augurari
2297 1249 2426 1305 licet
2459 1249 2516 1304 in
2561 1246 2912 1321 marginibus
2958 1246 3089 1300 olim
3145 1246 3416 1300 librorum
3481 1262 3582 1314 pro

1999 1340 2441 1411 expositionibus
2491 1339 2690 1410 posita,
2724 1339 2794 1393 ab
2836 1336 3042 1406 ignaris
3075 1335 3277 1390 deinde
3338 1335 3583 1391 librariis

2003 1433 2244 1490 orationi
2281 1433 2488 1488 intexta
2520 1431 2713 1487 fuisse.
2750 1429 2884 1485 item
2915 1429 2968 1482 in
3015 1426 3059 1482 ll
3110 1429 3178 1482 ad
3235 1428 3578 1493 Corinthios,

1999 1527 2094 1584 ubi
2129 1526 2304 1583 Graeci
2352 1527 2575 1586 habent.
2627 1525 2722 1587 Εἰς
2752 1525 3044 1595 πρόσωπον
3082 1523 3192 1576 τῶν
3245 1523 3578 1592 ἐκκλησιῶν,

1998 1618 2052 1673 id
2081 1626 2189 1684 est,
2218 1617 2282 1673 In
2313 1618 2502 1689 faciem
2530 1616 2872 1671 ecclesiarum
2907 1617 2952 1679 ‘,
2999 1614 3178 1669 Latini
3233 1614 3486 1669 scribunt
3515 1613 3580 1667 In

1998 1714 2186 1785 faciem
2234 1711 2576 1766 ecclesiarum
2609 1709 2722 1778 Dei,
2778 1709 3051 1764 addentes
3087 1707 3203 1761 Dei.
3248 1707 3315 1761 Et
3347 1707 3399 1760 in
3436 1707 3453 1760 l
3510 1707 3577 1762 ad

1997 1801 2264 1864 Timoth.,
2288 1801 2686 1870 Ἐμπίπτουσιν
2724 1801 2803 1863 εἰς
2836 1797 3148 1869 πειρασμὸν
3184 1799 3280 1850 καὶ
3341 1798 3576 1863 παγίδα.

1997 1893 2054 1948 id
2079 1901 2182 1961 est,
2217 1891 2468 1950 Incidunt
2492 1893 2547 1947 in
2575 1893 2920 1946 tentationem
2950 1901 2996 1944 et
3017 1892 3072 1945 in
3102 1889 3372 1960 laqueum,
3401 1889 3578 1942 Latini

1997 1986 2208 2042 addunt
2235 1985 2455 2052 diaboli,
2495 1986 2655 2056 quasi
2680 1985 2929 2039 volentes
2958 1985 3222 2054 supplere
3259 1985 3406 2053 quod
3466 1983 3572 2035 im-

2000 2080 2304 2151 perfectum
2359 2087 2415 2134 et
2467 2079 2654 2133 minus
2709 2078 3000 2133 continens
3033 2076 3349 2132 videbatur.
3411 2075 3578 2130 Multa

1999 2171 2334 2246 hujusmodi,
2364 2187 2464 2243 per
2497 2186 2691 2227 onmes
2725 2186 3012 2227 sacrarum
3047 2171 3369 2226 litterarqu
3409 2171 3580 2224 libros

1997 2269 2202 2334 addita,
2238 2267 2476 2337 diligens
2529 2266 2893 2336 investigator
2948 2266 3216 2329 inveniet,
3276 2282 3400 2335 qua:
3457 2281 3580 2329 nos,

2000 2359 2257 2416 brevitati
2323 2358 2657 2426 studentes,
2716 2359 3198 2428 inpraesentiarum
3263 2359 3576 2414 omisimus.

1998 2453 2104 2508 Per
2149 2451 2585 2508 subtractionem
2630 2451 2797 2506 etiam
2829 2451 3074 2520 itemque
3103 2467 3202 2520 per
3271 2463 3579 2506 commuta-

2000 2548 2206 2603 tionem
2241 2545 2510 2615 ejusmodi
2545 2559 2767 2600 errores
2793 2558 2953 2614 posse
2983 2544 3127 2609 fieri,
3151 2544 3309 2608 satis,
3368 2544 3425 2598 ni
3481 2545 3580 2598 fal-

1999 2639 2104 2704 lor,
2138 2637 2503 2709 ostendimus,
2563 2651 2633 2691 ne
2667 2635 2908 2706 amplius
2942 2636 2996 2690 in
3040 2636 3126 2692 his
3157 2636 3320 2690 nobis
3384 2636 3580 2690 immo-

2000 2730 2233 2785 randum
2263 2729 2427 2794 foret,
2454 2729 2645 2798 paucis
2683 2729 2854 2783 multa
2887 2728 3362 2800 comprehendere
3387 2727 3578 2781 voleno

2001 2823 2169 2888 tibus,
2199 2821 2302 2877 nisi
2335 2821 2585 2891 quaedam
2611 2821 2792 2876 adhuc
2815 2837 3030 2876 summa
3062 2822 3266 2878 addere
3312 2835 3414 2876 nos
3442 2820 3577 2876 bea-

2003 2915 2201 2972 tissimi
2231 2915 2476 2971 doctoris
2504 2914 2794 2984 Augustini
2827 2916 3188 2985 compelleret
3245 2915 3572 2970 auctoritas.

2003 3009 2139 3064 lliuc
2168 3009 2220 3062 in
2254 3023 2292 3062 li
2339 3005 2418 3061 De
2461 3009 2703 3062 doctrina
2735 3007 3042 3063 Christiana
3071 3007 3215 3062 libro
3243 3006 3317 3062 ita
3352 3007 3533 3076 inquit
3561 3022 3576 3059 :

2001 3103 2082 3157 Ex
2111 3100 2372 3170 ambiguo
2406 3101 2610 3170 lingua:
2635 3099 3002 3170 praecedentis
3045 3100 3376 3169 plerumque
3407 3097 3578 3152 inter-

2001 3213 2126 3268 pres
2161 3196 2392 3261 fallitur,
2427 3211 2552 3251 cum
2583 3210 2695 3250 non
2733 3194 2876 3249 bene
2909 3194 3186 3250 sententia
3218 3204 3350 3247 n0ta
3387 3201 3492 3256 est,
3527 3201 3583 3245 et

309 3268 1185 3363 ﬁomlnelidam,Asubiungumur
1220 3273 1393 3344 ῘΡείυε
1433 3275 1668 3344 εροειοιί
1725 3276 1894 3332 verba
1923 3302 1967 3363 ο
1999 3303 2118 3343 eam
2156 3285 2618 3357 significationem
2651 3281 2936 3346 transfert,
2971 3297 3096 3351 quae
3151 3296 3180 3335 a
3219 3295 3385 3336 sensu
3443 3277 3581 3333 scri-

311 3357 383 3411 de
417 3372 477 3412 se
523 3358 825 3430 loquentis,
862 3363 1097 3417 Ἔλαϐεν
1127 3366 1155 3419 ὁ
1203 3365 1455 3435 μαθητὴς
1500 3366 1677 3436 αὐτὴν
1711 3369 1794 3431 εἰς
1826 3369 1912 3440 τὰ⁵

313 3447 445 3515 ista,
497 3448 605 3505 hoc
635 3461 740 3519 est,
773 3454 985 3526 Accepi:
1023 3471 1136 3510 eam
1167 3456 1458 3528 discipulus
1497 3457 1587 3512 ille
1614 3459 1670 3512 in
1722 3475 1820 3514 sua
1848 3461 1890 3527 ³,

311 3543 368 3598 id
401 3555 508 3607 est,
545 3545 599 3601 in
635 3547 861 3604 domum
900 3565 1054 3606 suam
1094 3553 1363 3617 traduxit,
1390 3555 1765 3610 communiter
1816 3566 1899 3610 ta-

312 3652 446 3692 men
476 3637 658 3696 Latiui
690 3656 886 3698 omnes
925 3643 1150 3700 codices
1197 3645 1430 3709 habent.
1461 3649 1660 3720 accepit
1689 3665 1809 3704 eam
1841 3651 1898 3704 in

308 3745 487 3794 suam,
523 3748 573 3785 m
605 3731 788 3789 littera
840 3735 1065 3803 addita;
1097 3738 1258 3806 quasi
1318 3737 1560 3804 dicatur,
1627 3740 1682 3795 in
1740 3755 1896 3795 suam

312 3833 564 3892 matrem,
595 3826 667 3882 ob
701 3828 910 3886 Christi
943 3831 1161 3887 scilicet
1212 3834 1403 3898 verba,
1445 3833 1686 3889 dicentis
1726 3850 1741 3889 :
1779 3815 1934 3888 Μαί

311 3915 432 3982 lier,
469 3933 586 3972 ecce
615 3919 763 3988 filius
807 3930 950 3987 tuus,
981 3925 1123 3980 etad
1156 3923 1490 3995 discipulum
1524 3942 1538 3980 :
1566 3924 1703 3980 Ecce
1727 3937 1900 3981 mater

311 4021 428 4074 tua,
467 4011 614 4081 quod
647 4015 873 4070 evenire
932 4016 988 4070 in
1023 4015 1212 4072 Graeco
1247 4032 1500 4073 sermone
1529 4034 1640 4073 non
1684 4020 1897 4089 potestl,

310 4103 402 4158 ubi
439 4103 590 4159 nulla
619 4114 706 4161 est
739 4106 1010 4162 dubitatio
1037 4107 1124 4162 vel
1149 4107 1515 4178 ambiguitas;
1544 4111 1626 4172 εἰς
1658 4109 1726 4164 τὰ
1789 4109 1900 4164 ῐδια

307 4197 484 4264 enim,
526 4197 580 4254 id
620 4207 725 4265 est,
759 4199 835 4264 lin
869 4216 992 4265 sua,
1029 4215 1230 4256 nomen
1285 4209 1368 4256 est
1413 4202 1632 4272 generis
1689 4202 1896 4269 neutri,

309 4301 472 4343 casus
497 4289 822 4359 accusativi,
859 4291 1072 4348 numeri
1098 4291 1360 4362 pluralis;
1392 4293 1474 4356 εἰς
1505 4292 1704 4347 ἑαυτοῦ
1742 4309 1898 4358 vero,

311 4381 366 4438 id
400 4391 484 4438 est
520 4383 576 4436 in
603 4399 778 4449 suam,
814 4397 1118 4455 pronomen
1152 4393 1239 4440 est
1274 4379 1642 4455 reciprocum,
1684 4386 1900 4441 numeri

312 4473 634 4547 singularis,
670 4490 833 4532 casus
865 4475 1098 4546 genitivi
1125 4493 1141 4544 ;
1173 4475 1409 4547 proinde
1465 4478 1652 4533 nullus
1675 4476 1898 4534 Graeco-

311 4584 437 4622 rum
465 4568 814 4624 librariorum
845 4567 902 4623 in
935 4583 997 4623 ea
1033 4577 1191 4639 parte
1227 4567 1400 4625 fuisse
1447 4569 1759 4625 credendus
1815 4579 1900 4624 est

2001 3377 2174 3448 ptoris
2205 3375 2428 3447 penitus
2457 3377 2638 3432 aliena
2696 3385 2802 3438 cst,
2869 3373 3034 3430 sicuti
3061 3371 3316 3449 quidam
3361 3372 3583 3428 codices

2000 3471 2222 3539 habent,
2259 3471 2415 3526 Acuti
2445 3470 2597 3540 pedes
2623 3485 2807 3524 eorum
2845 3467 2914 3521 ad
2944 3465 3325 3537 effundendum
3359 3465 3586 3534 sangui-

1999 3579 2117 3618 nem
2145 3563 2202 3627 ’ς
2253 3560 2380 3628 ὀξὺς
2409 3561 2554 3616 enim
2585 3570 2640 3616 et
2669 3567 2886 3614 acutum
2919 3569 2976 3614 et
3004 3557 3231 3613 velocem
3263 3556 3406 3627 apud
3437 3555 3586 3612 Cra:-

1997 3672 2093 3714 cos
2123 3656 2438 3727 significat;
2486 3653 2578 3709 ille
2619 3661 2804 3708 autem
2861 3649 3003 3708 vidit
3065 3648 3424 3713 sententiam,
3489 3647 3582 3715 qui

2000 3750 2301 3814 transtulit,
2370 3742 2568 3802 veloces
2633 3745 2792 3816 pedes
2841 3758 3024 3797 eorum
3080 3740 3150 3795 ad
3209 3739 3584 3811 effundendum

2000 3842 2335 3915 sanguinem.
2373 3839 2438 3895 Et
2469 3838 2578 3894 alia
2599 3837 2823 3906 quidem
2861 3851 2973 3891 non
3004 3833 3267 3898 obscura,
3315 3828 3410 3886 sed
3447 3831 3584 3886 falsa

1999 3943 2149 4002 sunt,
2175 3946 2410 4004 quorum
2439 3931 2546 3984 alia
2573 3927 2823 3985 conditio
2849 3935 2955 3982 est.
2992 3924 3134 3978 Hinc
3159 3931 3245 3979 est
3271 3923 3404 3978 illud
3429 3921 3584 3991 quod

2000 4027 2128 4096 quia
2174 4023 2408 4079 moschos
2441 4020 2630 4078 Graece
2664 4017 2858 4073 vitulus
2891 4015 3118 4077 dicitur,
3179 4012 3402 4084 quidant
3472 4026 3581 4066 non

2003 4115 2400 4186 intelligentes,
2429 4109 2804 4182 plantationes
2845 4105 3167 4162 vitulamina
3223 4102 3583 4174 interpretati

2001 4216 2151 4271 sunt,
2177 4205 2271 4276 qui
2300 4220 2464 4261 error
2494 4212 2603 4256 tam
2637 4200 2840 4254 multos
2869 4197 3090 4253 codices
3144 4194 3611 4265 pr.coccupavit,,

2005 4309 2067 4356 ut
2114 4300 2207 4353 vix
2231 4296 2546 4352 inveniatur
2571 4293 2732 4348 aliter
2772 4294 3065 4362 scriptum.
3113 4287 3222 4344 Sed
3253 4287 3325 4342 de
3366 4287 3453 4341 his
3494 4302 3588 4340 sa-

2005 4391 2096 4446 tis.
2131 4389 2292 4446 Nune
2345 4388 2414 4444 ad
2467 4383 2936 4456 comprobandum
3009 4380 3589 4451 corroborandamque

2003 4485 2244 4540 litteram
2276 4480 2521 4536 Grzeeam
2559 4485 2753 4536 nostra
2774 4482 3026 4529 vertatur
3055 4472 3256 4526 oratio.

2077 4570 2450 4628 Probavimus
2479 4582 2578 4638 per
2608 4574 2927 4622 sanctorum
2966 4562 3260 4616 doctorum
3293 4561 3590 4616 auctorita-

310 4674 490 4714 error.
524 4657 597 4713 At
632 4659 702 4714 de
728 4675 829 4714 sua
861 4659 916 4714 in
950 4676 1103 4714 suam
1130 4659 1308 4715 facilis
1361 4661 1550 4731 lapsus
1576 4674 1683 4726 est,
1734 4663 1895 4717 unica
1931 4650 1975 4706 Ῑ)
2007 4675 2140 4725 tem.
2170 4672 2229 4719 et
2267 4660 2491 4732 quidem
2526 4659 2680 4723 satis,
2707 4667 2768 4711 ut
2795 4655 3056 4720 arbitror,
3085 4652 3352 4709 Joannem
3408 4652 3591 4706 Evan-

310 4750 498 4808 littera
537 4751 820 4823 adjuncta.
855 4750 1202 4809 Manifestius
1229 4761 1416 4808 autem
1473 4755 1622 4812 hunc
1647 4771 1894 4811 errorem

311 4841 513 4911 probat
541 4841 688 4910 quod
719 4841 775 4896 in
806 4841 1138 4912 quibusdam
1171 4845 1646 4902 emendatioribus
1677 4848 1902 4905 Latino-

314 4950 435 4990 rum
464 4933 746 4990 codicibus
773 4950 884 4989 non
921 4937 976 4990 in
1015 4953 1168 4990 suam
1192 4978 1206 5003 ,
1253 4938 1347 4993 sed
1382 4941 1437 4994 in
1487 4957 1586 4994 sua
1628 4941 1895 5012 scriptum

312 5027 828 5084 animadvertimus.
860 5027 1076 5085 Rursus
1114 5030 1259 5100 apud
1300 5031 1568 5088 Joannem
1599 5034 1672 5087 ita
1700 5035 1901 5089 scribi-

314 5130 405 5174 tur
445 5137 459 5174 :
499 5121 764 5188 ’Ἄγουσιν
795 5118 888 5175 οὖν
913 5121 1006 5175 τὸν
1045 5121 1258 5190 Ἰησοῦν
1291 5123 1402 5177 ἀπὸ
1430 5123 1523 5178 τοῦ
1560 5126 1784 5194 Καῖὰφα
1816 5130 1897 5191 εἰς

310 5214 372 5266 τὸ
397 5212 756 5285 πραιτώριον,
791 5213 845 5268 id
876 5222 982 5281 est,
1014 5213 1298 5270 Adducunt
1325 5214 1514 5271 Iesum
1543 5235 1576 5271 a
1609 5217 1890 5289 Caipltain

314 5308 625 5374 prtetorium
657 5309 698 5362 ³.
731 5308 981 5380 Imperiti
1028 5325 1165 5366 vero
1199 5311 1456 5369 homines
1509 5315 1582 5369 ad
1631 5314 1899 5384 Caipham

315 5401 370 5454 in
395 5402 708 5469 prtetorium
738 5402 1016 5471 scribunt,
1075 5420 1188 5475 quo
1221 5403 1276 5459 in
1333 5407 1458 5462 loco
1488 5407 1632 5477 apud
1676 5407 1899 5465 Graecos

315 5491 542 5561 quidem
583 5495 734 5549 nulla
764 5495 944 5551 errori
984 5496 1204 5552 occasio
1232 5496 1417 5566 datur,
1453 5513 1578 5554 cum
1622 5501 1730 5553 ἀπὸ
1759 5516 1904 5571 prte-

317 5583 522 5652 positio
557 5599 681 5656 quae
713 5586 768 5640 in
801 5585 868 5640 ab
892 5586 1229 5643 transfertur
1257 5597 1314 5644 et
1371 5589 1510 5660 πρὸς
1541 5605 1666 5659 qua:
1718 5590 1771 5644 in
1806 5591 1899 5656 ad,

318 5676 524 5731 nullam
550 5693 777 5746 prorsus
801 5679 946 5735 inter
963 5696 1023 5736 se
1046 5681 1468 5738 similitudinem
1492 5682 1730 5746 habent;
1755 5683 1903 5753 apud

319 5766 547 5825 Latinos
576 5786 706 5826 vero
739 5769 915 5826 facilis
944 5781 1029 5827 est
1061 5774 1112 5827 in
1141 5789 1388 5829 errorem
1422 5773 1626 5845 lapsus,
1653 5774 1686 5825 tl
1715 5775 1906 5830 littera

2005 4756 2256 4829 gelistam
2293 4760 2528 4806 mortem
2562 4749 2790 4804 obiisse.
2824 4746 2939 4801 lloc
2970 4755 3099 4800 aute
3128 4744 3317 4800 omnia
3377 4743 3591 4799 Latinae
3689 4795 3699 4802 ,

2002 4850 2203 4904 littera:
2238 4841 2688 4899 manifestissime
2721 4838 3058 4895 contradicit
3113 4835 3172 4890 in
3221 4852 3328 4905 qua
3361 4835 3592 4897 dicitur,

2007 4941 2097 4998 Sic
2127 4957 2248 4995 eum
2275 4937 2392 4993 volo
2424 4950 2675 5000 manere;
2709 4948 2818 4988 non
2851 4931 3000 4986 enim
3055 4930 3132 4983 ita
3181 4927 3380 4994 voluit,
3420 4944 3592 4998 quan-

2007 5035 2310 5105 doquidem
2343 5045 2452 5085 non
2484 5029 2558 5083 ita
2589 5027 2728 5093 fuit;
2780 5041 2907 5080 nam
2949 5023 2996 5078 si
3060 5023 3132 5076 ita
3170 5022 3458 5086 voluisset,
3520 5021 3592 5074 ita

2004 5127 2252 5194 profecto
2278 5123 2470 5177 fuisset
2503 5137 2516 5173 :
2559 5129 2654 5174 aut
2689 5117 2858 5187 igitur
2890 5113 3233 5175 mentientis,
3271 5121 3368 5166 aut
3404 5111 3592 5181 pueri-

2004 5221 2130 5274 liter
2161 5213 2550 5273 contendentis
2591 5209 2758 5264 verba
2787 5208 2995 5272 forent,
3025 5222 3093 5261 ex
3134 5205 3288 5260 illius
3335 5219 3432 5257 ore
3467 5218 3596 5272 pro-

2007 5309 2258 5372 deuntia,
2294 5305 2391 5377 qui
2447 5301 2732 5361 contraria
2771 5299 2840 5354 iis
2874 5313 2997 5368 qua:
3056 5297 3387 5367 loquebatur
3443 5293 3597 5347 volc-

2006 5406 2119 5461 bat.
2153 5401 2258 5458 Sed
2292 5401 2409 5456 hzec
2451 5397 2520 5454 de
2557 5395 2848 5452 Salvatore
2882 5391 3133 5462 cogitare
3178 5389 3451 5444 nefarium
3486 5394 3592 5439 est.

2014 5498 2313 5554 Enimvero
2361 5493 2532 5565 igitur
2565 5487 2714 5561 quod
2757 5486 3000 5551 uolebat,
3057 5501 3168 5539 non
3215 5483 3487 5547 dixisset;
3538 5490 3596 5536 et

2010 5593 2269 5661 quoniam
2305 5604 2430 5642 eum
2467 5584 2690 5640 nolebat
2725 5581 2784 5635 iu
2815 5580 2920 5634 hac
2955 5579 3066 5633 vita
3101 5577 3409 5633 secundum
3470 5577 3593 5647 ejus

2011 5683 2308 5736 adventum
2333 5685 2676 5747 exspectare,
2717 5687 2825 5726 non
2860 5668 3115 5732 dixisset,
3178 5665 3267 5723 Sic
3299 5682 3417 5720 eum
3444 5736 3456 5741 _
3483 5664 3597 5719 volo

2017 5790 2250 5828 manere.
2285 5769 2425 5838 Quid
2479 5767 2623 5837 quod
2659 5779 2899 5834 sequens
2949 5773 3004 5818 et
3069 5775 3208 5831 pene
3271 5759 3594 5814 continuata

397 5887 412 5916 '
442 5883 601 5958 Joan.
640 5903 677 5958 I7,
705 5889 821 5958 *15η
907 5890 928 5920 ⁸
959 5888 1116 5942 luan.
1162 5901 1274 5957 χιχ,
1323 5891 1413 5945 ‘37.
1527 5894 1544 5923 ³
1579 5892 1733 5946 .loan.
1789 5909 1897 5948 xvu

2002 5892 2068 5945 23,
2181 5891 2239 5948 ⁸1
2288 5891 2409 5942 (Zur.
2449 5906 2494 5948 κ,
2549 5886 2627 5938 l7.
2735 5883 2752 5911 "
2786 5880 2975 5936 .‘iuttlt.
3012 5896 3134 5940 xw,
3181 5880 3224 5933 Ι.
3338 5879 3358 5909 ⁸
3391 5878 3428 5932 ll
3464 5877 3591 5934 Cur.

326 5969 448 6023 Vttt,
477 5955 571 6008 ‘25.
648 5957 667 5988 ⁷
701 5955 847 6012 Psal.
875 5972 994 6023 xm,
1032 5958 1084 6011 3.
