4136 6408
480 349 586 412 633

1317 334 1397 394 IN
1432 331 1690 400 ILLUD,
1731 343 1747 373 ε
1795 328 1861 386 Si
1897 326 2062 387 EUM
2095 325 2291 386 νοω
2329 322 2673 396 MANERE,
2714 338 2733 370 ι
2783 323 2946 386 ETC.

3635 326 3743 389 634

482 463 665 520 oratio
706 462 809 516 hoc
840 459 1018 529 ipsum
1051 452 1326 517 ostendit;
1367 466 1493 506 mox
1518 464 1638 504 eam
1672 445 2059 501 sanctissimus
2086 446 2135 507 Α
2161 441 2363 512 quibus
2394 441 2842 497 adversariorum
2900 452 3122 509 quoque
3162 447 3479 509 argumenta
3516 440 3656 495 solvi
3686 448 3745 495 et

485 554 834 624 Evangelista
881 550 1122 605 Joannes
1175 544 1493 615 opinionem
1528 537 2060 606 condiscipulorum,

484 665 649 722 quam
675 664 743 702 ex
774 642 1080 701 Salvatoris
1099 650 1360 695 sermone
1384 638 1779 701 conceperant,
1808 628 2061 681 dicentes

484 718 817 809 discipulum
880 735 1034 789 illum
1082 746 1195 786 non
1236 727 1592 788 moriturum,
1639 722 1726 776 his
1761 718 1945 774 verbis
1979 733 2067 809 ar:

486 807 846 899 guit,vdicens
877 845 890 880 :
927 821 997 875 Et
1022 836 1125 875 non
1156 820 1291 872 dixit
1330 816 1504 881 Iesus,
1536 814 1656 869 Non
1690 811 1932 873 moritur,
1968 807 2066 863 sed

486 920 546 975 Si
570 935 688 973 eum
715 915 833 971 volo
865 929 1076 967 manere
1105 910 1270 965 donec
1288 910 1517 963 veniam.
1551 904 1706 972 Quod
1730 900 1958 972 perinde
1980 907 2071 954 est

487 1026 551 1066 ac
588 1010 635 1063 si
676 1023 774 1062 eos
816 1018 1037 1061 errasse
1068 1002 1305 1065 diceret,
1341 997 1488 1068 quod
1546 996 1600 1049 in
1649 1009 1778 1048 eum
1844 1005 2067 1047 sensum

486 1100 655 1154 verba
686 1098 895 1154 Christi
923 1094 1287 1165 accepissent.
1321 1089 1480 1157 Quod
1514 1088 1580 1155 si,
1641 1086 1727 1142 Sic
1784 1102 1903 1139 eum
1948 1084 2066 1137 volo

490 1208 728 1256 manere,
768 1190 997 1245 dixisset
1034 1186 1325 1249 Christus,
1388 1181 1582 1253 quidni
1638 1195 1768 1234 vera
1823 1178 2067 1247 discipu-

490 1286 667 1339 lorum
701 1283 889 1351 opinio
925 1279 1157 1336 fuisset?
1212 1276 1324 1331 Nec
1349 1276 1576 1331 Joannis
1603 1274 1768 1329 verba
1828 1273 1896 1327 de
1931 1272 2068 1327 falsa

492 1372 889 1440 discipulorum
912 1369 1175 1439 opinione
1200 1374 1538 1430 constarent,
1564 1363 1660 1418 sed
1692 1362 1799 1417 sibi
1834 1362 2071 1417 invicem

494 1468 929 1520 adversarentur
980 1478 1045 1517 ac
1107 1460 1584 1523 contradicercnt;
1647 1456 1856 1511 dixisse
1918 1459 2067 1511 enim

493 1558 796 1622 Christum,
830 1555 917 1611 Sic
958 1572 1075 1609 eum
1114 1554 1225 1608 volo
1288 1568 1527 1615 manere,
1588 1561 1642 1605 ct
1699 1567 1811 1605 non
1866 1551 2072 1605 dixisse

496 1648 643 1716 quod
680 1664 787 1701 non
838 1646 1091 1709 moritur,
1126 1653 1318 1713 aperta
1372 1642 1829 1708 contradictione,
1864 1643 1910 1698 si
1941 1657 2071 1697 vera

497 1738 565 1791 de
593 1754 650 1792 se
683 1736 1031 1807 Evangelista
1060 1734 1330 1803 loquitur,
1362 1732 1455 1802 qui
1484 1740 1539 1785 et
1568 1731 1623 1784 in
1660 1732 1877 1786 caeteris
1900 1732 2073 1801 magis

2171 534 2401 589 refutari
2461 534 2617 589 facile
2684 540 2939 603 possunt.
2997 532 3132 586 Nam
3169 532 3312 602 quod
3354 532 3626 603 principio
3648 533 3738 586 do-

2169 637 2385 681 ctorum
2418 626 2745 681 Latinorum
2796 625 3183 680 auctoritatem
3225 625 3528 691 adducunt,
3554 635 3612 681 et
3646 639 3749 679 nos

2168 720 2393 790 quidem
2445 718 2766 775 Graecorum
2824 719 3210 774 auctoritatem
3239 719 3594 788 opponimus,
3625 718 3751 788 qui-

2172 812 2276 865 bus
2314 820 2486 876 certe,
2525 828 2649 865 cum
2679 809 2749 866 de
2788 809 2875 864 bis
2917 825 3039 879 quae
3084 810 3139 864 in
3171 825 3363 865 eorum
3394 810 3581 880 lingua
3606 810 3747 864 scri-

2171 912 2257 970 pta
2290 913 2419 958 sunt
2448 903 2770 973 loquantur,
2802 912 2857 957 et
2891 903 3134 973 alioquin
3163 917 3263 957 nec
3288 882 3579 957 sanctitate
3597 900 3744 967 vitae,

2171 1010 2273 1049 nec
2330 994 2584 1051 doctrina
2650 995 2959 1051 habeantur
3018 994 3341 1061 inferiores,
3406 992 3747 1049 credendum

2172 1086 2358 1156 potius
2410 1102 2533 1142 esse
2599 1088 2882 1143 fatendum
2940 1096 3045 1143 est.
3104 1088 3186 1142 Ad
3228 1088 3343 1143 haec
3366 1087 3602 1142 dicimus
3633 1101 3743 1141 non

2172 1193 2297 1233 esse
2335 1178 2617 1234 sufficiens
2652 1180 2903 1235 veritatis
2948 1179 3343 1245 testimonium,
3383 1179 3529 1248 quod
3580 1179 3748 1248 aliqui

2173 1269 2432 1324 doctores
2478 1270 2551 1325 ita
2602 1286 2729 1325 cum
2786 1271 2969 1326 locum
3009 1279 3422 1340 exposuerunt,
3474 1270 3748 1340 siquidem

2173 1364 2435 1433 pleraque
2477 1365 2582 1419 alia
2631 1364 2685 1417 in
2733 1361 3048 1434 bujusmodi
3103 1361 3560 1417 translationibus
3594 1362 3751 1416 inve-

2174 1455 2315 1521 nics,
2348 1456 2431 1510 vel
2460 1471 2562 1525 per
2593 1455 2855 1511 librarios
2878 1464 3160 1526 corrupta,
3190 1455 3274 1509 vel
3293 1468 3395 1524 per
3418 1453 3752 1523 interpretes

2175 1564 2284 1603 non
2340 1557 2489 1603 recte
2543 1549 2827 1615 translata,
2888 1564 3010 1618 qua:
3057 1558 3237 1603 tamen
3269 1547 3442 1603 sancti
3470 1546 3748 1613 doctores,

2174 1640 2413 1694 litteram
2454 1654 2618 1709 quam
2680 1649 3031 1709 repererunt,
3082 1639 3282 1703 secuti,
3319 1639 3477 1710 juxta
3503 1641 3750 1693 eamdem

2177 1730 2416 1784 litteram
2476 1732 2658 1786 conati
2706 1740 2837 1786 sunt
2884 1745 3190 1800 exponere,
3238 1740 3295 1785 et
3353 1731 3427 1784 ita
3484 1744 3751 1799 exposue-

498 1830 764 1891 dtlcctns,
787 1805 936 1907 ctvut
964 1826 1031 1881 de
1063 1827 1247 1895 seipso
1274 1825 1528 1893 loquens,
1554 1824 1800 1887 apertius
1833 1834 2070 1877 mentem
2110 1805 2149 1862 Β
2181 1828 2330 1887 runt,
2362 1830 2421 1875 ut
2455 1821 2771 1891 aliquando,
2816 1821 3069 1890 quamvis
3095 1820 3295 1875 littera:
3322 1820 3610 1875 veritatem
3640 1836 3749 1874 non

504 1924 953 1990 mluntatemquc
994 1919 1295 1973 Salvatoris
1328 1917 1685 1987 intelligebat,
1716 1916 1985 1985 profecto,
2017 1913 2076 1971 Si

498 2026 616 2063 cum
649 2026 859 2063 manere
881 2008 1018 2074 volo,
1051 2023 1182 2071 non,
1211 2005 1299 2062 Sic
1333 2024 1451 2062 eum
1482 2005 1599 2060 volo
1627 2022 1860 2069 manere,
1890 2007 2077 2075 legen-

501 2107 630 2155 dum
668 2112 772 2167 est,
809 2111 864 2155 et
890 2116 1019 2155 vero
1048 2098 1414 2169 Evangelistaa
1451 2097 1773 2152 testimonio
1812 2097 1951 2150 fides
1976 2097 2075 2148 ha-

503 2190 705 2252 benda.
741 2189 837 2259 thi
870 2203 993 2242 mox
1020 2188 1243 2251 asserit,
1279 2201 1339 2241 se
1374 2185 1529 2239 illum
1562 2198 1684 2238 esse
1742 2182 1834 2252 qui
1878 2182 2077 2236 scribit

504 2293 558 2335 ct
595 2297 783 2334 verum
815 2279 1186 2333 testimonium
1217 2277 1284 2331 de
1314 2276 1402 2330 his
1436 2274 1753 2345 perhibere,
1781 2289 1887 2327 non
1916 2273 2077 2325 modo

508 2376 574 2427 de
610 2372 812 2426 Christi
858 2371 1171 2425 actionibus
1206 2368 1314 2423 hoc
1343 2382 1692 2432 asseverans,
1730 2365 1825 2419 sed
1871 2367 1935 2419 de
1964 2380 2080 2418 om-

511 2467 674 2519 nibus
702 2484 729 2516 ιι
766 2482 823 2519 sc
854 2465 906 2517 in
936 2461 1230 2531 Evangelio
1274 2460 1517 2529 scriptis.
1561 2457 1673 2513 lloc
1702 2458 1880 2528 ipsum
1902 2456 2081 2526 Chry-

510 2556 733 2612 sostomi
770 2572 990 2625 quoque
1026 2554 1191 2609 verba
1216 2552 1666 2608 manifestissime
1693 2550 2077 2620 comprobant,

508 2649 601 2718 qui
638 2664 803 2717 super
843 2648 929 2702 his
962 2645 1147 2701 verbis
1177 2647 1333 2715 quasi
1369 2642 1874 2698 vociferabundus:
1917 2639 2081 2695 Mira-

509 2755 590 2804 re,
626 2739 826 2809 inquit,
847 2738 1204 2808 Evangelista:
1227 2735 1621 2801 humilitatem,
1644 2733 1922 2804 quomodo
1949 2734 2086 2787 alio-

513 2849 633 2886 rum
665 2833 730 2885 de
761 2846 820 2886 se
851 2845 960 2884 non
990 2838 1191 2883 rectam
1215 2828 1532 2895 opinionem
1561 2825 1812 2895 corrigit,
1850 2825 1942 2893 qui
1972 2840 2081 2880 non

511 2924 900 2979 intellexerunt
928 2919 1074 2991 quod
1115 2919 1184 2974 de
1226 2920 1345 2989 ipso
1386 2918 1651 2972 Dominus
1686 2917 1916 2981 dixerat,
1983 2916 2081 2970 sed

512 3023 775 3085 putarunt
806 3028 931 3067 eum
981 3027 1091 3066 non
1125 3013 1480 3065 moriturum.
1544 3007 1818 3064 Praeterea
1873 3024 1998 3063 cum
2051 3025 2083 3065 e

512 3107 700 3162 Grmca
743 3107 927 3177 lingua
984 3105 1037 3158 in
1078 3102 1331 3177 Latinam
1395 3100 1720 3156 translatum
1779 3115 1902 3155 esse
1934 3100 2083 3156 hunc

513 3201 785 3263 codicem,
813 3198 951 3253 nulli
981 3198 1053 3252 sit
1086 3176 1340 3262 dubium,
1371 3202 1696 3264 constetque
1727 3193 1873 3264 apud
1935 3194 2084 3249 (ἰτέη-

515 3310 610 3349 cos
640 3295 759 3349 sine
792 3294 973 3362 aliqua
1027 3290 1383 3360 ambiguitate
1432 3288 1539 3358 legi
1576 3289 1692 3353 ἐὰν,
1747 3288 1851 3343 hoc
1896 3298 1979 3343 est
2016 3290 2084 3354 si,

514 3384 760 3452 profecto
787 3386 1010 3438 necesse
1038 3388 1123 3437 est
1154 3390 1213 3435 ut
1243 3389 1299 3435 et
1323 3377 1506 3434 Latini
1540 3393 1761 3449 quoque
1792 3381 1837 3433 si
1877 3378 2084 3448 legant.

516 3479 647 3542 Qua:
684 3479 830 3531 enim
857 3492 982 3532 cum
1006 3474 1190 3530 Gra'ca
1219 3474 1451 3529 veritate
1480 3473 1858 3535 consentiunt,
1893 3472 2090 3527 lliero-

518 3584 716 3639 nymus
741 3568 939 3638 inquit,
972 3566 1061 3621 illa
1100 3576 1351 3622 correcta
1413 3568 1564 3621 sunt.
1600 3565 1664 3619 Et
1722 3565 2084 3634 Augustinus,

496 3642 582 3716 lad
614 3660 948 3730 exemplaria
1011 3658 1374 3725 prmcedentia
1436 3656 1832 3712 recurrendqu
1886 3659 1981 3719 ait,
2040 3656 2086 3709 si

496 3736 676 3824 iquam
700 3752 1099 3806 dubitationem
1122 3748 1443 3805 Latinorum
1478 3749 1844 3818 interpretum
1874 3748 2088 3802 inlinita

496 3826 750 3911 ivarietas
788 3845 1077 3912 attulerit;
1115 3858 1418 3913 rursusque
1479 3843 1654 3897 libros
1713 3840 1849 3895 Novi
1890 3840 2089 3895 Testa-

496 3928 705 4013 :meuti,
734 3941 779 3995 si
814 3940 945 4009 quid
977 3940 1031 3994 in
1065 3937 1276 3993 Latinis
1292 3935 1653 3991 varietatibus
1682 3933 1904 3999 titubat,
1936 3931 2091 3987 Grie-

495 4016 593 4089 leis
620 4033 817 4089 cedere
850 4040 1106 4102 oportere
1136 4028 1420 4100 dijudieat.
1452 4026 1631 4081 Taceo
1655 4026 1802 4096 quod
1831 4025 2088 4080 doctores

496 4124 712 4188 Graeci,
739 4122 1024 4192 Origenes,
1064 4119 1521 4189 Cbrysostomus,
1551 4116 1791 4187 Cyrillus
1816 4124 1871 4171 et
1900 4114 2083 4170 caeteri

496 4194 703 4272 [omnes
726 4214 874 4268 hunc
900 4214 1084 4269 locum
1142 4227 1210 4266 eo
1242 4211 1407 4265 modo
1443 4216 1727 4279 exponunt
1782 4223 1893 4278 quo
1941 4217 1996 4262 et
2026 4223 2085 4264 se

511 4306 717 4360 habere
744 4305 984 4357 litteram
1011 4302 1270 4366 diximus,
1292 4299 1497 4369 quibus
1531 4299 1785 4368 profecto
1818 4309 2081 4367 tanquam

496 4370 743 4449 lsummis
780 4391 935 4458 viris,
961 4405 1025 4445 ac
1058 4390 1111 4444 in
1157 4390 1383 4460 propria
1411 4388 1598 4458 lingua
1630 4388 1877 4458 apprime
1901 4389 2088 4442 erudi-

2179 1913 2387 1967 fuerint
2452 1912 2692 1967 assecuti
2722 1950 2738 1977 ,
2781 1926 2968 1966 veram
3025 1919 3206 1967 tamen
3252 1912 3580 1967 sententiam
3628 1926 3753 1965 cum

2178 2020 2388 2058 summa
2417 2002 2684 2073 sapientia
2698 2002 3106 2073 excerpserint,
3140 2015 3534 2072 nonnunquam
3561 2005 3749 2067 etiam,

2181 2096 2225 2149 si
2262 2096 2421 2149 aliam
2452 2095 2727 2149 ediderint
2750 2096 3108 2159 sententiam,
3165 2088 3330 2164 quam
3381 2094 3628 2150 auctor’s
3655 2112 3752 2149 ex-

2184 2188 2412 2252 stiterit,
2440 2189 2512 2242 ita
2538 2197 2716 2243 tamen
2754 2195 2970 2243 acutam
2996 2196 3053 2242 et
3087 2202 3307 2258 gravem
3330 2196 3385 2242 et
3415 2186 3750 2242 luculentam

2181 2279 2480 2346 ediderint,
2549 2288 2609 2333 ut
2662 2278 2780 2350 ipsa
2838 2288 3040 2335 etnon
3096 2278 3203 2333 alia
3228 2278 3483 2333 videatur
3511 2293 3631 2333 esse
3659 2280 3751 2332 de-

2184 2371 2336 2427 bere.
2366 2372 2634 2443 Equidem
2664 2373 2838 2427 fateor
2876 2371 3267 2442 Augustinum,
3292 2372 3473 2426 virum
3500 2371 3753 2427 sublimis

2186 2462 2409 2533 ingenii,
2444 2479 2539 2532 per
2566 2464 2641 2517 sic
2677 2463 2824 2517 hunc
2844 2463 3024 2517 locum
3077 2463 3418 2533 exposuisse,
3449 2473 3504 2518 et
3529 2462 3751 2533 quidem

2184 2555 2525 2625 gravissimis
2575 2554 3020 2625 acutissimisque
3071 2556 3400 2621 rationibus,
3432 2555 3537 2610 hoc
3568 2565 3751 2609 autem

2184 2661 2291 2699 non
2321 2647 2453 2699 satis
2479 2660 2599 2700 esse
2658 2647 2723 2699 ad
2754 2644 3196 2715 persuadendum
3238 2645 3311 2699 ita
3336 2645 3539 2701 debere
3560 2646 3754 2711 scribi,

2184 2752 2249 2790 ex
2293 2736 2486 2791 eodem
2513 2738 2737 2791 doctore
2766 2735 3212 2791 manifestissime
3236 2737 3502 2806 probabo.
3528 2736 3579 2793 ls
3605 2738 3755 2793 enim

2185 2833 2369 2888 locum
2403 2832 2553 2886 illum
2584 2831 2843 2902 Epistola:
2889 2830 3080 2902 prima:
3125 2831 3192 2886 ad
3215 2830 3562 2887 Timotheum
3584 2849 3758 2904 expo-

2189 2938 2346 2987 nens,
2376 2921 2469 2977 ubi
2516 2922 2658 2992 apud
2697 2923 2915 2977 Graecos
2946 2921 3233 2989 scribitur,
3282 2923 3482 2985 Πιστὸς
3528 2925 3557 2977 ὁ
3599 2925 3756 2993 λόγος

2188 3015 2284 3067 καὶ
2317 3014 2498 3084 πάσης
2550 3014 2820 3084 ἀποδοχῆς
2866 3014 3038 3080 ἄξιος,
3092 3013 3197 3069 hoc
3219 3024 3324 3083 est,
3360 3014 3563 3071 Fidelis
3589 3033 3759 3071 sermo

2188 3113 2237 3157 et
2290 3106 2434 3158 omni
2480 3105 2783 3174 acceptione
2845 3105 3054 3175 dignus,
3116 3106 3193 3161 ita
3214 3107 3361 3162 enim
3394 3106 3761 3181 Hieronymus

2189 3212 2407 3267 quoque
2457 3197 2606 3253 hunc
2655 3198 2837 3253 locum
2891 3200 3285 3270 interpretatus
3336 3210 3443 3267 est,
3482 3201 3762 3258 Ilumanus

2191 3289 2394 3371 inquit,
2451 3305 2643 3343 sermo.
2695 3291 2838 3356 Quid
2904 3291 3019 3346 ita?
3061 3291 3200 3359 Quia
3229 3294 3305 3349 ita
3332 3305 3464 3349 tunc
3491 3288 3779 3367 scriptum'

2192 3391 2472 3450 repercrat
2529 3392 2583 3437 et
2638 3382 2717 3438 sic
2774 3398 2873 3452 per
2931 3383 3293 3455 interpretem
3324 3386 3494 3444 fuisse
3528 3390 3764 3445 transla-

2195 3478 2353 3535 tum,
2412 3482 2673 3540 tantoque
2726 3472 2979 3530 acumine
3035 3478 3377 3547 etelegantia
3403 3496 3465 3535 ac
3498 3482 3768 3551 gravitate

2190 3563 2588 3617 sententiarum
2612 3580 2739 3619 eum
2766 3566 2950 3622 locum
3013 3583 3300 3639 exponens
3332 3572 3576 3629 illustrat
3596 3585 3765 3647 atque

2190 3664 2420 3709 exornat
2443 3656 2521 3709 vir
2546 3656 2635 3710 ille
2682 3659 3125 3728 sapientissimus
3158 3671 3321 3732 atque
3352 3666 3762 3733 sanctissimus,

2194 3760 2255 3803 ut
2281 3766 2443 3805 nemo
2470 3750 2724 3805 crederet
2753 3751 2913 3806 aliter
2935 3753 3102 3807 scribi
3131 3754 3413 3821 debuisse,
3449 3762 3761 3826 praesertim

2191 3840 2322 3909 quid
2345 3841 2490 3909 apud
2515 3841 2737 3895 Grzecos
2763 3844 3037 3897 scribatur
3067 3843 3347 3911 ignorans.
3372 3846 3531 3901 Nulla
3559 3850 3764 3919 quippe

2190 3931 2333 4001 apud
2380 3932 2505 3986 illos
2566 3932 2821 3986 vocabuli
2869 3932 3035 4003 hujus
3072 3933 3432 4004 ambiguitas.
3469 3936 3761 4008 Siquidem

2190 4023 2378 4085 πιστὸς
2399 4023 2569 4091 ﬁdelis
2586 4024 2704 4079 sine
2723 4024 3069 4082 dubitatione
3090 4026 3385 4097 signiﬁcat,
3406 4031 3738 4094 quemadmo
3752 4063 3765 4073 -

2190 4116 2320 4171 dum
2345 4128 2399 4171 et
2419 4120 2602 4179 πίστις
2616 4116 2752 4181 ﬁdes
2772 4117 2981 4173 dicitur
2999 4136 3014 4186 ;
3035 4134 3136 4174 nec
3156 4120 3336 4190 aliqua
3353 4131 3442 4178 est
3463 4124 3766 4180 similitudo

2190 4209 2358 4279 hujus
2405 4210 2557 4264 verbi
2617 4211 2809 4273 πιστὸς
2869 4224 2993 4265 cum
3039 4226 3102 4266 ea
3152 4212 3394 4269 dictione
3426 4214 3611 4271 Gneca
3642 4235 3764 4288 qu.e

2189 4304 2480 4355 humanum
2529 4301 2841 4371 signiﬁcat;
2902 4311 2960 4357 et
3017 4310 3199 4357 tamen
3253 4303 3328 4358 ita
3388 4320 3534 4376 saepe
3585 4324 3652 4363 eo
3705 4310 3761 4364 in

2190 4393 2314 4449 loco
2366 4392 2595 4462 replicat
2644 4393 2746 4448 hoc
2784 4392 3013 4448 verbum
3039 4394 3341 4464 apostolus,
3378 4406 3438 4451 ut
3462 4398 3764 4455 vehemen-

512 4487 602 4551 tis,
630 4493 686 4540 et
714 4499 838 4553 qua:
862 4483 916 4538 in
946 4482 1136 4538 eadem
1165 4482 1351 4552 lingua
1381 4482 1584 4551 scripta
1615 4490 1742 4535 sunt
1761 4480 2085 4549 exponenti-
2111 4496 2165 4559 ι)
2192 4494 2274 4539 ter
2303 4485 2542 4539 admirer
2570 4501 2679 4555 quo
2716 4496 2875 4553 pacto
2912 4486 3007 4554 qui
3033 4486 3248 4555 primus
3271 4486 3375 4543 hoc
3423 4488 3478 4543 in
3505 4487 3763 4546 Latinum

511 4576 636 4640 bus,
670 4576 857 4646 potius
888 4588 1052 4645 quam
1087 4574 1378 4644 quibusvis
1412 4575 1538 4629 aliis
1593 4573 1929 4628 tredendum
1960 4587 2083 4627 esse

509 4669 696 4739 negari
732 4683 842 4723 non
900 4675 1101 4738 potest.
1144 4665 1250 4721 Sed
1316 4682 1385 4721 ne
1452 4666 1796 4721 recentiores
1860 4667 2083 4735 quidem

509 4762 768 4815 doctores
799 4757 1029 4813 Latinos
1068 4757 1184 4812 haec
1210 4756 1443 4822 latuere,
1476 4758 1894 4827 praesertimque
1929 4756 2080 4811 Tho-

512 4866 654 4905 mam
676 4850 1028 4920 Aquinatem,
1058 4849 1239 4902 virum
1268 4858 1326 4903 ut
1351 4848 1783 4913 sanctissimum,
1820 4851 1891 4903 ita
1920 4851 2083 4903 etiam

508 4946 915 5000 doctissimum.
945 4942 1044 4997 llic
1081 4941 1136 4996 iu
1175 4958 1239 4996 ea
1275 4959 1437 5012 quam
1465 4957 1633 5011 super
1662 4941 1974 5011 Etangciiis
2019 4961 2084 4998 ex

510 5049 756 5090 veterum
796 5035 1084 5089 doctorqu
1117 5034 1280 5089 dictis
1311 5033 1657 5103 expositione
1702 5045 2006 5102 componit,
2039 5036 2086 5087 si

509 5130 772 5199 Scriptum
809 5142 931 5182 esse
966 5127 1144 5196 inquit
1183 5126 1471 5181 intincco.
1514 5124 1671 5191 Quod
1705 5125 1748 5179 si
1806 5126 1860 5178 in
1896 5126 2087 5181 Grieco

507 5224 553 5273 si
585 5220 858 5288 scriptum
894 5226 1001 5282 est,
1032 5228 1093 5271 ut
1116 5216 1359 5272 Thomas
1411 5217 1630 5283 asserit,
1672 5217 1726 5270 in
1764 5218 2086 5273 translatio-

512 5316 674 5367 nibus
701 5328 832 5366 vero
854 5328 958 5367 non
983 5310 1218 5375 vitiosis,
1245 5319 1379 5365 teste
1410 5309 1763 5380 llieronymo,
1785 5327 1892 5363 non
1924 5314 2087 5365 modo

512 5407 697 5471 \erba,
738 5407 833 5460 sed
864 5409 1031 5459 etiam
1085 5405 1226 5460 ordo
1260 5405 1377 5473 ipse
1412 5404 1708 5457 verborum
1773 5408 2086 5458 servandus

508 5508 613 5559 est,
653 5508 867 5553 constat
895 5512 1030 5552 sane
1059 5497 1283 5552 Latinos
1322 5497 1541 5551 codices
1570 5495 1927 5550 librariorth
1953 5496 2086 5553 vitio

507 5592 862 5658 depravatos,
917 5605 1026 5643 non
1066 5599 1215 5643 recte
1246 5604 1305 5643 se
1334 5588 1558 5641 habere.

586 5683 647 5734 Et
701 5682 816 5735 haec
875 5681 1099 5750 quidem
1154 5682 1221 5735 ad
1281 5681 1619 5750 probandam
1651 5678 1854 5734 Graecae
1888 5681 2085 5738 littera:

507 5775 880 5829 sinceritatem
945 5773 1077 5827 satis
1135 5774 1206 5830 sit
1254 5774 1309 5828 in
1366 5772 1656 5842 praesentia
1712 5773 1956 5843 dixisse,
2015 5794 2079 5831 ex

2190 4578 2424 4632 mutavit
2454 4577 2992 4646 eloquiutn,tantum
3029 4592 3060 4631 a
3089 4576 3288 4634 Graece
3319 4581 3468 4636 vocis
3487 4581 3766 4651 signiﬁca-

2192 4669 2340 4724 tione
2372 4668 2712 4723 discesserit.
2761 4668 2903 4734 Quid
2948 4669 3100 4724 enim
3129 4685 3423 4727 commune
3459 4674 3628 4730 habet
3667 4678 3768 4731 Im~

2190 4776 2379 4813 "ianus
2423 4775 2548 4814 cum
2601 4760 2793 4827 ﬁdeli?
2844 4760 3213 4831 Hieronymus
3277 4773 3485 4835 postea
3528 4767 3651 4835 hoc,
3709 4782 3767 4824 ut

2192 4853 2466 4922 pleraque
2495 4852 2624 4917 alia,
2661 4852 2921 4920 correxit,
2975 4863 3032 4908 et
3060 4853 3311 4909 Graecam
3335 4832 3525 4913 voceiu
3563 4875 3765 4930 reprae-

2192 4953 2441 5007 sentans,
2484 4942 2658 5009 ﬁdelis
2702 4960 2875 4997 sermo
2916 4945 3157 5014 scripsit,
3188 4961 3298 5001 non
3327 4949 3626 5014 humanus;
3658 4967 3769 5020 quo

2191 5041 2251 5090 lit
2313 5051 2369 5090 ut
2418 5052 2520 5093 nec
2573 5037 3080 5109 Latiuo.cuiquam
3144 5038 3378 5095 dubium
3413 5057 3535 5097 esse
3568 5044 3768 5099 debeat

2191 5146 2408 5184 errasse
2438 5130 2613 5195 illum,
2649 5130 2743 5200 qui
2778 5146 2875 5200 pro
2923 5131 3098 5199 ﬁdelis
3148 5132 3412 5187 humanus
3439 5143 3600 5189 antea
3627 5139 3767 5190 scri-

2193 5220 2364 5287 pserit
2388 5230 2579 5274 contra
2607 5220 2947 5291 Hieronymi,
2978 5223 3070 5290 qui
3096 5221 3297 5277 Graeca:
3320 5222 3518 5293 linguae
3548 5225 3767 5291 peritis-

2190 5311 2365 5365 simus
2397 5312 2830 5381 luit,judicium.
2864 5311 3023 5366 llunc
3054 5322 3237 5367 tamen
3268 5312 3385 5368 sive
3416 5314 3656 5383 imperiti
3684 5316 3768 5370 in-

2192 5404 2451 5469 terpretis
2474 5418 2570 5456 seu
2605 5402 2957 5457 dormitantis
2982 5418 3231 5457 errorem
3257 5403 3487 5471 librarii,
3517 5405 3588 5460 ita
3606 5407 3767 5470 scite.

2190 5496 2435 5565 graviter
2463 5511 2527 5549 ac
2550 5496 2829 5564 sapienter
2858 5495 3085 5564 exponit
3109 5510 3387 5549 summum
3422 5497 3556 5550 illud
3581 5498 3768 5569 Augu-

2191 5590 2321 5643 sini
2382 5588 2875 5655 acutissimumque
2930 5587 3237 5656 ingenium,
3275 5596 3352 5653 ut,
3406 5590 3770 5658 quemadmo.

2191 5681 2322 5735 dum
2353 5698 2520 5752 supra
2550 5683 2811 5747 diximus,
2846 5680 3076 5736 difﬁcile
3134 5680 3207 5735 sit
3242 5682 3564 5739 existimare
3605 5686 3767 5740 aliter

2191 5777 2301 5832 dici
2325 5777 2469 5832 dcbu
2496 5794 2601 5845 ssc,
2645 5778 2745 5832 nisi
2794 5777 2918 5844 quis
2969 5778 3036 5832 ab
3072 5784 3298 5835 auctore
3333 5776 3543 5835 dictum
3592 5778 3768 5837 fuisse
