4136 6442
374 354 490 415 ’635

1328 324 1853 439 ussssnioms
1880 347 1954 409 ιδ.
2000 347 2072 408 n.
2114 346 2183 409 τε.
2213 348 2677 412 (ῖΑῑωιΝΑυδ

3523 354 3628 422 636

378 466 739 538 perspexerit.
812 465 964 531 Quod
1032 474 1090 518 ut
1129 462 1356 517 'facilius
1412 462 1773 530 intelligatur.
1815 460 1948 513 libet
1979 472 2021 526 Α
2054 466 2253 529 tiones,
2287 482 2393 520 non
2427 478 2509 521 est
2564 459 2822 523 mirabile
2865 469 3309 534 existimandum,
3360 469 3405 525 si
3436 481 3630 541 praeter

381 563 498 631 ipsa
557 558 845 628 Augustini
878 556 1060 620 verba,
1116 570 1239 623 qua:
1281 553 1332 606 in
1390 567 1642 606 sermone
1685 551 1760 604 De
1788 552 1953 605 verbis

382 652 617 721 Apostoli
643 651 884 720 scripsit,
905 649 1179 702 inserere.
1212 665 1231 698 ς
1268 646 1561 711 Audimus,
1588 645 1791 714 inquit,
1823 644 1953 699 bea—

385 760 498 798 tum
561 743 789 797 Paulum
847 739 1194 809 apostolum,
1271 738 1546 793 dicentem
1611 754 1624 790 :
1676 735 1956 790 Humanus

382 850 574 899 sermo,
636 840 685 885 et
741 832 883 885 omni
937 830 1235 896 acceptione
1291 827 1512 896 'dignus,
1565 825 1690 894 quia
1714 823 1954 878 Christus

383 924 536 978 Iesus
581 925 722 978 venit
772 924 828 977 in
898 921 1178 985 mundum,
1229 926 1530 987 peceatores
1559 914 1732 970 salvos
1760 914 1953 984 facere,

384 1031 608 1082 quorum
659 1014 873 1084 primus.
915 1028 1008 1082 ego
1038 1028 1156 1065 sum
1190 1010 1233 1064 ³.
1270 1009 1558 1062 Humanus
1598 1021 1733 1076 ergo
1773 1020 1955 1060 sermo

384 1118 439 1161 et
496 1106 649 1162 omni
707 1105 1032 1175 acceptione
1093 1101 1313 1171 dignus.
1367 1100 1549 1166 Quare
1604 1098 1961 1152 humanuset

386 1214 497 1254 non
553 1196 814 1253 divinus?
876 1195 1075 1251 Procul
1119 1192 1289 1248 dubio
1341 1191 1447 1244 nisi
1510 1190 1616 1244 iSte
1689 1190 1963 1243 humanus

388 1304 569 1345 sermo
614 1299 671 1343 et
721 1287 944 1341 divinus
1006 1294 1184 1349 esset,
1238 1282 1437 1352 dignus
1459 1280 1614 1336 omni
1637 1280 1958 1349 acceptione

389 1395 501 1434 non
574 1386 743 1433 esset.
786 1374 893 1432 Sed
953 1376 1034 1430 sic
1078 1382 1163 1429 est
1211 1384 1395 1427 sermo
1442 1370 1547 1424 iste
1581 1368 1857 1423 humanus
1900 1374 1956 1419 ct

390 1470 613 1524 divinus
673 1467 952 1539 quomodo
1003 1473 1090 1520 est
1133 1465 1250 1533 ipse
1313 1460 1564 1517 Christus
1612 1467 1670 1515 et
1701 1458 1867 1512 homo
1905 1466 1962 1510 et

394 1564 561 1618 Deus.
624 1560 682 1617 Si
719 1569 870 1616 recte
914 1557 1271 1627 intelligimus
1301 1568 1611 1609 sermonem
1645 1552 1810 1606 istum
1850 1563 1961 1604 non

392 1656 571 1709 solum
625 1653 927 1707 humanum
976 1664 1120 1714 esse,
1184 1660 1374 1702 verum
1441 1644 1608 1699 etiam
1684 1642 1957 1707 divinum,

2058 572 2242 611 veram
2299 559 2527 628 alicujus
2579 560 2927 615 auctoritatis
2981 562 3337 625 sententiam,
3394 563 3494 617 alia
3528 564 3633 617 mi-

2059 661 2160 700 nus
2204 658 2349 703 recta
2398 649 2633 704 diversis
2690 651 3003 706 rationibus
3061 652 3137 705 ita
3191 650 3543 716 defendatur,
3578 662 3635 708 ut

2061 748 2207 794 recte
2244 739 2500 793 videatur
2550 755 2618 794 ex
2677 741 2824 795 omni
2881 750 3034 810 parte
3065 743 3388 797 consistere.
3421 744 3633 798 Etenim

2046 846 2184 886 cum
2223 832 2276 885 in
2309 832 2521 886 caeteris
2551 831 2862 902 disciplinis
2902 835 3161 889 omnibus
3207 849 3360 888 voces
3396 844 3636 891 tantum-

2049 924 2221 977 modo
2272 924 2405 987 sint,
2455 941 2576 993 quae
2629 941 2719 980 res
2751 924 3079 995 signiﬁcent,
3124 925 3230 980 hoc
3252 926 3533 995 preprium
3557 943 3637 982 es:

2059 1028 2123 1067 ac
2152 1014 2427 1082 peculiare
2460 1014 2758 1085 Scripturae
2804 1030 2994 1079 sacrae,
3059 1014 3203 1084 quod
3244 1029 3353 1068 non
3381 1013 3544 1071 modo
3583 1016 3635 1070 in

2060 1121 2122 1161 ea
2176 1120 2334 1160 voces
2390 1122 2484 1160 res
2535 1107 2863 1176 signiﬁcant,
2925 1107 3020 1162 sed
3084 1106 3251 1162 etiam
3289 1121 3378 1162 res
3406 1120 3504 1177 per
3538 1106 3637 1161 hu-

2055 1198 2294 1267 iusmodi
2343 1212 2508 1254 voces
2562 1200 2903 1271 signiﬁcatus,
2968 1214 3058 1255 res
3100 1200 3236 1254 alias
3305 1198 3635 1270 signiﬁcant.

2063 1288 2200 1344 Hinc
2226 1299 2308 1345 est
2344 1292 2486 1360 quod
2520 1307 2629 1346 non
2689 1294 2853 1347 modo
2886 1292 3042 1363 juxta
3082 1292 3346 1357 litteram,
3380 1290 3475 1346 sed
3506 1292 3639 1346 alle-

2063 1383 2246 1451 gorice
2274 1392 2328 1436 et
2349 1383 2651 1448 moraliter,
2670 1391 2726 1437 et
2744 1384 3036 1453 anagogice
3068 1397 3277 1437 sacram
3297 1374 3635 1452 Scripturam

2062 1484 2365 1545 exponunt,
2406 1476 2481 1531 ita
2512 1483 2574 1530 ut
2605 1476 2813 1545 quasvis
2862 1476 2982 1546 ejus
3006 1473 3275 1545 particula
3296 1456 3364 1528 ad
3399 1474 3636 1544 aliquem

2064 1567 2294 1623 istorum
2323 1566 2583 1623 sensuum
2614 1567 2803 1623 reduci
2826 1569 3016 1638 possit.
3045 1568 3114 1623 At
3138 1567 3229 1621 ubi
3250 1566 3511 1622 historica
3541 1582 3638 1621 seu

2064 1660 2317 1717 litteratis
2351 1660 2621 1730 expositio
2675 1660 3055 1730 prosequenda
3095 1667 3203 1726 est,
3237 1658 3343 1714 nisi
3391 1673 3521 1712 vera
3570 1658 3642 1713 sit

391 1761 564 1818 (Ιυπθ
625 1742 921 1814 Ᾱβοεῑοιιιε
968 1742 1269 1795 humanum
1315 1738 1502 1792 dicere
1561 1734 1755 1790 πηδιυίι
1791 1748 1955 1804 quam
1990 1786 2031 1820 ._
2064 1752 2270 1817 littera,
2298 1764 2491 1805 sensus
2518 1765 2739 1820 quoque
2766 1750 3039 1805 claudicet
3070 1764 3295 1806 necesse
3321 1757 3425 1805 est.

393 1836 675 1893 divinum?
716 1835 911 1890 Procul
952 1833 1120 1889 dubio
1153 1832 1302 1886 enim
1331 1829 1424 1898 qui
1457 1843 1569 1882 non
1600 1829 1955 1889 mentiretur,
1997 1816 2036 1868 Β
2133 1816 2288 1907 Quod
2314 1857 2449 1895 vero
2478 1816 2719 1896 δεξυηξιο
2773 1841 2896 1897 loco
2955 1849 3236 1907 asserum,
3284 1839 3425 1894 nihil
3479 1854 3639 1910 ρι-οτ-

394 1932 439 1983 si
491 1930 699 1984 diceret
754 1927 1022 1993 divinum,
1048 1940 1157 1978 non
1193 1924 1314 1977 sine
1346 1936 1512 1975 causa
1556 1920 1749 1974 maluit
1773 1919 1959 1973 dicere

394 2025 719 2076 humanum.
748 2020 862 2074 Hoc
904 2032 1037 2086 ergo
1083 2015 1266 2084 elegit,
1299 2028 1398 2082 per
1436 2009 1583 2081 quod
1619 2010 1874 2065 Christus
1906 2008 1960 2060 in

391 2114 660 2167 mundum
713 2112 883 2166 venit.
936 2109 1094 2163 Venit
1137 2107 1285 2161 enim
1329 2119 1426 2174 per
1452 2102 1599 2173 quod
1630 2103 1793 2156 homo
1818 2111 1957 2165 erat,

392 2222 505 2259 non
562 2219 659 2273 per
724 2201 872 2272 quod
920 2201 1066 2256 Deus
1109 2207 1247 2253 erat.
1309 2196 1540 2266 Semper
1569 2195 1658 2249 hic
1682 2202 1823 2249 erat.
1858 2193 1961 2247 Ubi

390 2299 539 2350 enim
596 2309 706 2349 non
756 2301 841 2348 est
914 2292 1080 2358 Deus,
1130 2291 1223 2361 qui
1248 2286 1665 2344 dixit:Cmtum
1690 2295 1739 2340 et
1767 2295 1963 2338 terram

389 2404 487 2459 ego
548 2388 742 2458 impleo
773 2387 838 2440 ’ἲ
870 2384 1124 2440 Christus
1168 2392 1317 2437 certe
1346 2390 1432 2437 est
1478 2379 1749 2450 sapientia
1772 2386 1828 2432 et
1858 2392 1965 2430 v.r-

392 2493 484 2537 tus
539 2481 633 2536 Dei
677 2481 746 2535 de
798 2494 905 2549 qua
958 2478 1183 2537 dicitur.
1233 2475 1463 2545 Attiugit
1501 2491 1534 2526 a
1572 2474 1678 2542 ﬁne
1708 2487 1871 2541 usque
1896 2470 1965 2523 ad

394 2578 558 2642 linem
596 2575 824 2645 fortiter,
862 2580 911 2625 et
960 2570 1191 2640 disponit
1246 2568 1422 2622 omnia
1466 2567 1701 2620 suaviter
1732 2565 1773 2622 ³.
1823 2564 1967 2632 Ergo

396 2672 452 2723 in
493 2669 597 2722 hoc
644 2665 851 2720 mundo
906 2672 1048 2730 erat,
1104 2670 1161 2716 et
1190 2660 1429 2715 mundus
1456 2672 1554 2728 per
1585 2658 1764 2726 ipsum
1791 2654 1968 2709 facms

395 2769 499 2825 est,
533 2768 591 2813 ct
620 2757 860 2811 mundus
884 2769 1011 2810 eum
1046 2767 1156 2808 non
1188 2749 1467 2820 cognovit.
1518 2748 1581 2802 Et
1615 2748 1707 2801 hic
1730 2757 1877 2807 erat,
1912 2755 1967 2799 et

398 2852 550 2907 venit
582 2869 597 2907 :
630 2851 720 2906 hic
774 2857 897 2904 erat
946 2862 1045 2917 per
1097 2844 1371 2899 divinam.
1400 2842 1763 2910 maiestatem,
1820 2839 1970 2893 venit

393 2960 497 3015 per
544 2944 837 2998 humanam
890 2939 1286 2995 inﬁrmitatem.
1348 2934 1489 3002 Quia
1525 2948 1658 3004 ergo
1688 2933 1841 2986 venit
1873 2946 1970 3000 per

396 3034 771 3089 inﬁrmitatem
815 3032 1129 3095 humanam,
1162 3026 1286 3081 ideo
1343 3025 1645 3095 praedicans
1676 3022 1969 3077 adventum

2065 1949 2156 1988 sus
2182 1933 2233 1986 in
2260 1932 2540 2003 Scriptura
2572 1947 2727 1987 sacra
2763 1932 3139 1987 innovandum
3177 1946 3301 1986 esse
3330 1971 3345 1997 ,
3385 1931 3643 2001 impium-

2067 2039 2173 2095 que
2231 2039 2350 2079 esse
2404 2038 2472 2079 ex
2528 2038 2593 2078 ea
2652 2023 2979 2078 imminuere
3010 2022 3238 2093 aliquid,
3277 2022 3362 2077 vel
3403 2012 3640 2085 mutare,

2067 2130 2134 2169 an
2197 2116 2269 2168 ita
2329 2115 2421 2181 sit,
2473 2113 2838 2186 Hieronymus
2882 2114 2999 2179 ipse
3051 2112 3400 2183 respondeat,
3438 2112 3643 2184 qui,ut

2067 2226 2231 2278 supra
2296 2209 2608 2274 retulimus,
2656 2214 2765 2263 non
2801 2209 2981 2264 solum
3026 2217 3287 2274 mutasse,
3320 2208 3415 2263 sed
3449 2222 3639 2261 emen-

2068 2301 2229 2355 dasse
2281 2315 2340 2356 se
2395 2316 2459 2355 ac
2509 2300 2815 2356 correxisse
2850 2298 3162 2370 proﬁtetur,
3199 2315 3321 2370 quas
3359 2315 3389 2353 a
3431 2314 3641 2369 praece-

2068 2390 2325 2446 dentibus
2391 2390 2786 2461 interpretibus
2841 2391 2986 2446 male
3032 2392 3177 2447 dicta
3220 2391 3452 2458 invenit,
3486 2392 3571 2447 vel
3614 2408 3640 2446 a

2074 2484 2527 2553 praesumptuosis
2584 2483 2877 2539 emendata
2929 2484 3264 2553 perversius,
3296 2484 3376 2537 vel
3407 2499 3438 2538 a
3474 2484 3643 2538 libra—

2072 2575 2169 2628 riis
2227 2572 2653 2628 dormitantibus
2710 2574 2893 2629 addita
2942 2574 3025 2630 vel
3060 2584 3415 2631 commutata.
3452 2576 3643 2646 Neque

2072 2666 2248 2720 solum
2307 2664 2493 2730 Vetus,
2555 2665 2650 2721 sed
2704 2665 2918 2721 Novum
2977 2667 3142 2722 etiam
3194 2667 3636 2730 Testamentum,

2074 2760 2361 2827 ipsumque
2416 2758 2771 2827 Evangelium
2835 2766 3093 2830 tanquam
3137 2768 3293 2814 antea
3326 2769 3641 2829 corruptum

2066 2851 2394 2905 emendasse
2456 2866 2513 2904 se
2549 2850 2825 2919 praedicat,
2855 2860 2915 2905 ut
2953 2851 3283 2921 posteriores
3344 2850 3506 2921 etiam
3563 2850 3642 2904 fc»

2072 2939 2240 3004 cisse,
2272 2916 2563 3006 Scriptura
2598 2938 2844 2991 eamdem
2890 2916 3156 3008 iacturam
3201 2916 3349 3006 post‘
3379 2937 3643 3006 llierony-

2082 3043 2231 3083 mum
2280 3044 2462 3098 passa,
2497 3043 2662 3098 supra
2697 3030 3219 3086 demonstravimus.
3252 3029 3305 3084 Si
3344 3030 3510 3101 igitur
3533 3045 3659 3097 non.

398 3127 522 3193 eius
572 3124 712 3178 dixit
745 3122 1005 3175 humanus
1059 3134 1232 3174 sermo
1254 3117 1299 3176 ξ.
1347 3116 1468 3172 Non
1506 3115 1837 3169 liberaretur
1870 3114 1972 3167 hu-
2001 3149 2046 3208 ο
2079 3122 2328 3192 impium,
2354 3121 2447 3177 sed
2477 3122 2645 3190 pium,
2684 3121 2795 3175 imo
2826 3137 2957 3176 vero
3018 3123 3324 3192 piissimum
3355 3120 3482 3187 fuit,
3520 3122 3639 3178 Hie-

400 3231 622 3271 manum
676 3229 870 3287 genus,
924 3213 1032 3269 nisi
1091 3225 1272 3267 sermo
1319 3208 1415 3263 Dei
1475 3209 1796 3278 dignaretur
1848 3222 1971 3262 esse

400 3310 698 3363 humanus.
753 3306 889 3361 Nam
938 3314 995 3360 et
1054 3310 1218 3358 homo
1268 3302 1360 3358 ille
1418 3301 1620 3356 dicitur
1671 3300 1969 3364 humanus,

401 3403 496 3472 qui
547 3416 606 3456 se
652 3399 873 3456 exhibet
922 3397 1158 3461 homini,
1212 3406 1269 3452 et
1330 3394 1567 3449 maxime
1598 3393 1693 3463 qui
1726 3391 1968 3462 hospitio

400 3493 633 3563 suscipit
683 3492 984 3549 hominem.
1044 3490 1100 3545 Si
1154 3503 1285 3559 ergo
1314 3487 1591 3544 lmmanus
1620 3485 1840 3549 dicitur,
1877 3484 1970 3554 qui

402 3588 458 3642 in
512 3586 676 3643 domo
727 3598 825 3640 sua
882 3582 1117 3653 suscipit
1166 3580 1470 3647 hominem,
1503 3594 1667 3651 quam
1699 3580 1973 3634 humanus

404 3689 507 3746 est,
567 3680 661 3749 qui
709 3678 767 3732 in
816 3693 875 3733 se
918 3676 1149 3745 suscipit
1184 3666 1508 3729 hominem?
1538 3673 1681 3743 Ergo
1710 3672 1973 3726 humanus

397 3786 590 3838 sermo,
618 3780 667 3824 et
701 3769 846 3824 omni
892 3767 1193 3838 acceptione
1225 3765 1436 3834 dignus.
1474 3781 1493 3814 ι
1535 3762 1768 3818 Videsne
1800 3772 1859 3817 ut
1896 3764 1974 3816 lo-

404 3876 531 3916 cum
590 3861 740 3915 hunc
792 3858 1172 3914 sanctissimus
1225 3855 1422 3909 doctor
1453 3852 1696 3924 graviter
1724 3852 1974 3907 luculen-

404 3964 595 4021 terque
630 3949 876 4019 exponit,
903 3948 995 4003 ubi
1045 3956 1252 4011 tamen,
1299 3946 1635 4015 Hieronymo
1670 3952 1830 4009 teste,
1864 3959 1971 3997 non

403 4054 549 4100 recte
580 4044 866 4109 humanus,
900 4040 997 4096 sed
1027 4039 1200 4107 ﬁdelis
1230 4038 1527 4093 dicendum
1562 4051 1685 4091 esse
1715 4037 1975 4106 explora-

402 4140 558 4195 tum?
583 4140 702 4194 Non
751 4148 838 4194 est
876 4135 1044 4207 igitur
1072 4133 1366 4202 sufﬁciens
1396 4131 1647 4187 veritatis
1680 4144 1978 4200 argumen-

404 4246 544 4298 tum,
598 4233 723 4287 ideo
757 4232 839 4286 sic
886 4228 1242 4284 scribendum
1295 4238 1540 4279 asserere
1573 4222 1702 4292 quia
1725 4237 1854 4276 eum
1892 4223 1975 4275 lo-

401 4342 526 4381 cum
590 4324 928 4393 Augustinus
973 4329 1026 4375 et
1093 4317 1344 4373 nonnulli
1375 4316 1470 4370 alii
1499 4315 1758 4370 doctores
1787 4315 1860 4368 ita
1884 4330 1978 4369 ex-

403 4425 724 4489 posuerunt.
797 4414 1189 4484 Hieronymum
1248 4420 1429 4463 autem
1488 4408 1563 4462 ita
1608 4417 1975 4477 exponentem

2077 3228 2361 3285 ronymum
2409 3212 2538 3267 talia
2594 3212 2911 3279 emendare,
2942 3214 3215 3282 addendo,
3249 3214 3647 3276 subtrahendo.

2074 3306 2376 3371 mutando;
2426 3307 2471 3361 si
2528 3308 2929 3378 posterioribus
3009 3308 3201 3375 licuit,
3272 3322 3435 3380 prout
3497 3324 3646 3366 certe

2072 3400 2250 3465 licuit,
2310 3401 2503 3470 quavis
2552 3415 2715 3457 causa
2750 3409 2901 3457 ortos
2951 3416 3173 3458 errores
3231 3403 3549 3473 corrigere,
3580 3417 3645 3456 ex

2074 3510 2185 3565 quo
2246 3500 2327 3549 tot.
2376 3494 2665 3550 doctorum
2734 3494 2977 3549 virorum
3036 3493 3163 3548 libri
3203 3493 3652 3565 ﬂuxerunt,qui-

2076 3590 2179 3643 bus
2200 3586 2597 3642 correctorium
2649 3584 2842 3639 Biblite
2888 3599 3087 3639 nomen
3115 3596 3200 3640 est
3265 3585 3525 3652 inditum,
3554 3602 3655 3640 cur

2076 3682 2128 3736 id
2153 3690 2355 3734 nostrae
2411 3676 2958 3733 aetatis‘hominibus
3005 3693 3113 3731 non
3162 3677 3369 3733 liceat?
3398 3677 3657 3733 Audealt

2076 3772 2261 3842 itaque
2313 3771 2492 3840 primo
2545 3769 2963 3837 Hieronymum,
3029 3779 3085 3823 et
3147 3776 3377 3823 caeteros
3406 3770 3501 3839 qui
3528 3783 3654 3823 eum

2076 3866 2251 3921 secuti
2303 3874 2452 3930 sunt,
2516 3862 2777 3917 Ecclesiae
2835 3860 3091 3917 doctores
3120 3860 3319 3931 impios
3356 3860 3565 3928 dicere,
3602 3871 3660 3915 et

2078 3968 2209 4015 tunc
2238 3971 2335 4012 nos
2362 3969 2581 4026 quoque
2642 3952 2890 4025 ejusdem
2945 3953 3195 4008 criminis
3226 3961 3510 4023 peragant.
3548 3953 3655 4008 Sed

2078 4051 2193 4106 haec
2250 4058 2402 4103 certe
2443 4056 2539 4101 aut
2595 4047 2812 4101 rudium
2879 4044 3164 4099 hominum
3208 4044 3375 4099 verba
3406 4055 3534 4099 sunt
3566 4060 3659 4099 aut

2079 4140 2467 4195 maicvolorum
2501 4137 2751 4206 maleque
2780 4137 3109 4191 dicentium.

2147 4231 2303 4287 Nunc
2340 4229 2407 4284 ad
2431 4228 2565 4283 illud
2600 4227 2745 4297 quod
2798 4227 2959 4281 tertio
2996 4225 3118 4280 loco
3146 4234 3471 4296 posuerunt,
3501 4242 3663 4297 argn-

2080 4334 2323 4379 mentum
2356 4319 2708 4391 responsuri,
2740 4320 2786 4374 si
2834 4319 3294 4387 coniunctionem
3316 4318 3441 4373 ideo
3468 4318 3663 4373 0011άὶ-

2082 4415 2347 4470 tionalem
2388 4412 2498 4467 dici
2529 4410 2864 4465 aiﬁrmamus
2890 4447 2907 4475 ,
2935 4409 3083 4480 quod
3121 4424 3403 4478 nunquam
3434 4424 3564 4464 vera
3594 4411 3665 4463 sit

403 4527 512 4564 non
571 4506 924 4562 meminimus
966 4504 1189 4574 legisse.
1251 4502 1409 4557 Patet
1469 4500 1574 4555 hoc
1614 4499 1761 4553 idem
1807 4499 1976 4565 illius,
2007 4489 2056 4545 Ι)
2084 4505 2189 4559 nisi
2220 4503 2537 4558 conditione
2574 4501 2848 4570 completa
2876 4539 2890 4565 ,
2930 4507 2986 4554 et
3032 4498 3279 4568 regulam
3319 4497 3459 4553 hanc
3501 4512 3662 4565 quam

402 4614 566 4668 quem
622 4612 787 4666 supra
850 4594 1314 4658 memoravimus,
1372 4590 1579 4646 Nicolai
1629 4589 1978 4645 bibliothecae

402 4689 735 4758 suiIraganei
762 4687 968 4753 verbis,
1001 4686 1097 4756 qui
1128 4694 1253 4755 post
1284 4685 1455 4738 multa
1485 4698 1608 4753 quin
1640 4697 1977 4738 commemo-

406 4784 568 4845 ravit,
632 4781 898 4836 mendoso
952 4781 1039 4835 vel
1100 4780 1361 4833 translata
1410 4779 1496 4833 vel
1554 4792 1651 4848 per
1713 4776 1975 4832 librarios

404 4874 631 4940 scripta,
656 4871 811 4925 addit
856 4881 1159 4939 postremo,
1192 4886 1212 4920 s
1252 4869 1501 4934 Quorum
1561 4869 1973 4923 mendaciorum

408 4963 671 5017 nonnulla
718 4963 886 5017 etiam
936 4963 1183 5032 exposita
1236 4962 1506 5031 reperisse
1549 4976 1635 5015 me
1668 4961 1913 5016 memini.
1957 4978 1974 5011 ι

410 5057 490 5110 Ex
515 5056 717 5123 quibus
769 5052 953 5108 verbis
1000 5064 1226 5124 apparet
1254 5054 1500 5122 potuisse
1525 5054 1709 5123 aliqua
1732 5072 1763 5107 ει
1785 5055 1983 5108 docto-

412 5148 563 5202 ribus
594 5146 817 5217 exponi,
845 5146 964 5214 qui,
989 5147 1233 5216 linguam
1286 5145 1430 5201 unde
1457 5147 1716 5201 translata
1741 5146 1983 5208 fuerant,

410 5243 745 5309 ignorantes,
789 5239 1025 5293 litteram
1074 5252 1240 5309 quam
1288 5239 1637 5309 reperiebant
1673 5240 1986 5295 necessario

409 5332 805 5400 sequebantur,
859 5337 917 5384 et
972 5330 1334 5384 nihilominus
1398 5345 1520 5385 esse
1575 5331 1857 5386 mendosa.
1901 5332 1983 5386 Ad

414 5427 528 5480 haec
563 5427 794 5492 accedit,
836 5428 981 5496 quod
1031 5439 1156 5480 cum
1200 5439 1368 5480 sacrae
1401 5426 1621 5490 litterae,
1653 5427 1983 5493 sicutsupra

410 5519 620 5571 dictum
675 5527 787 5581 est,
836 5527 1000 5573 tantae
1064 5519 1175 5571 sint
1237 5516 1657 5586 profunditatis,
1694 5528 1753 5571 ut
1804 5517 1983 5570 varios

414 5620 631 5672 sensus,
687 5608 990 5676 multasque
1039 5618 1096 5661 et
1153 5606 1398 5661 diversas
1430 5608 1737 5675 suscipiant
1766 5606 1987 5673 exposio

490 5792 504 5821 ‘
541 5790 563 5843 ι
595 5791 733 5844 Tim.
766 5808 805 5855 ι,
852 5792 937 5847 15.
1005 5794 1024 5822 ¹
1063 5793 1266 5855 Jerem.
1299 5811 1455 5858 xxut,
1482 5797 1571 5849 ‘24.

1650 5797 1668 5826 ³
1696 5795 1821 5855 Sap.
1852 5807 1969 5855 vui,
2004 5789 2051 5841 l.

2083 4595 2326 4659 tradunt,
2372 4605 2431 4648 ut
2464 4608 2662 4648 novam
2706 4588 2933 4662 quidem
2981 4598 3299 4660 temereque
3363 4589 3663 4654 inventam,

2082 4688 2305 4742 minime
2350 4700 2531 4741 veram
2571 4686 2895 4739 asserimus.
2938 4683 3128 4752 Neque
3158 4684 3305 4737 enim
3342 4681 3662 4744 indicativo,

2081 4778 2198 4832 sive
2229 4776 2485 4846 prtesenti
2522 4778 2637 4829 sive
2661 4774 2968 4844 praaterito,
3006 4773 3197 4842 iuncta
3220 4813 3234 4838 ,
3273 4769 3666 4826 conditionalis

2080 4883 2297 4939 semper
2329 4882 2453 4921 vera
2475 4874 2582 4931 est,
2612 4865 2707 4919 sed
2751 4863 3049 4933 aliquando
3075 4865 3246 4918 etiam
3288 4861 3460 4927 falsa;
3491 4877 3667 4931 neque

2086 4978 2210 5017 cum
2241 4958 2595 5031 subiunctivo
2613 4957 2813 5026 posita,
2838 4957 2974 5011 falsa
2994 4972 3232 5025 semper,
3254 4954 3352 5011 sed
3373 4954 3665 5023 aliquando

2088 5069 2236 5117 vera,
2270 5064 2434 5123 prout
2480 5065 2547 5106 ex
2574 5064 2759 5104 rerum
2792 5048 3111 5105 conditione
3151 5047 3361 5102 falsitas
3396 5047 3666 5101 veritasve

2087 5146 2383 5214 colligitur.
2437 5141 2591 5208 Quod
2626 5152 2687 5196 ut
2736 5140 3087 5195 manifestius
3130 5139 3498 5209 intelligatur,
3531 5138 3665 5207 quid

2087 5236 2426 5308 grammatici
2450 5234 2728 5299 sentiant,
2756 5232 3002 5287 dicemus
3026 5270 3043 5298 ,
3092 5230 3293 5286 deinde
3319 5229 3569 5300 quaedam
3600 5245 3666 5283 ex

2093 5330 2378 5384 dialectica
2433 5326 2849 5398 subiungemus.
2906 5321 3264 5379 Grammatici
3329 5335 3521 5377 omnes
3557 5328 3665 5375 tam

2093 5420 2265 5473 Graeci
2293 5432 2455 5488 quam
2498 5415 2701 5481 Latini,
2743 5424 2800 5470 et
2851 5414 2908 5469 in
2949 5413 3142 5483 primis
3194 5409 3530 5476 Priscianus,
3570 5409 3664 5478 qui

2094 5528 2201 5565 non
2260 5509 2422 5563 modo
2483 5507 2733 5577 sequitur
2782 5506 3038 5573 Graecos,
3098 5504 3199 5560 sed
3262 5502 3319 5557 id
3373 5517 3432 5558 se
3486 5502 3669 5556 facere

2093 5601 2280 5654 nmltis
2321 5600 2374 5653 in
2422 5599 2557 5653 locis
2594 5600 2886 5669 gloriatur,
2923 5582 2966 5651 at
3015 5594 3463 5668 coniunctionem
3492 5592 3668 5647 conti-

2128 5788 2148 5817 ⁸
2197 5786 2392 5841 lTirn.
2431 5802 2469 5849 I,
2521 5786 2623 5838 l5..
