4136 6404
485 327 596 402 {337

1317 326 1394 386 IN
1437 325 1750 394 Ιῐιιιυῐ),ι
1800 325 1867 384 Si
1913 323 2076 387 EUM
2119 326 2313 388 ιὀιῡ
2350 329 2697 400 MANERE,
2738 345 2754 378 ι
2803 329 2964 396 ETC.

3655 336 3764 398 638

489 444 770 498 nuativam
806 457 927 496 esse
954 440 1146 506 aiunt;
1175 441 1395 508 quando
1440 439 1585 492 cnim
1610 440 1858 492 Gnccum
1899 441 2072 511 signi-
2099 451 2153 506 Δ
2181 441 2458 497 fateantur
2481 486 2493 508 ,
2527 447 2955 500 t'OltdlliOliaitzlil
2987 458 3196 502 tantum
3243 465 3308 504 ex
3360 452 3406 501 vi
3465 453 3764 509 locutiOnis

491 539 636 602 ticat,
667 551 896 606 eamque
931 536 1073 589 sicut
1105 545 1159 588 et
1205 535 1440 602 reliquas
1471 535 1876 587 continuativas
1897 575 1912 598 ,
1948 549 2073 588 cum

492 645 521 681 a
550 627 754 682 Graecis
781 629 796 658 ¹
832 627 900 681 ab
931 625 1219 696 Apollonio
1253 623 1542 684 llcrodiani
1573 633 1744 693 patre,
1775 625 1918 678 inter
1945 640 2076 679 cau-

494 721 636 773 sales
665 727 1120 774 conuumcratam
1144 733 1288 782 esse,
1325 717 1688 786 ordinemque
1713 717 2076 788 pimCedentis

495 815 574 866 rei
631 810 696 864 ad
745 819 1069 880 sequentem
1123 809 1458 878 signiﬁcare,
1491 824 1616 862 cum
1645 809 1829 878 aliqua
1861 808 2076 864 dubita-

493 905 642 958 tione
673 902 928 958 essentia:
985 917 1208 968 rerum,
1242 901 1348 966 vel,
1391 909 1450 954 ut
1489 899 1660 955 Graeci
1707 899 1919 966 dicunt,
1957 904 2078 956 sine

493 993 890 1063 signiﬁcatione
931 993 1202 1054 essentiat,
1259 1001 1338 1056 ut,
1370 991 1428 1046 Si
1485 995 1680 1056 stertit,
1735 993 1972 1060 dormit;
2023 1003 2079 1048 et

491 1081 548 1138 Si
579 1091 824 1154 wgrotat,
845 1081 1010 1149 pallet
1033 1100 1051 1146 ;
1083 1089 1158 1148 et,
1195 1081 1252 1135 Si
1276 1081 1410 1151 febri
1438 1085 1677 1148 vexatur,
1706 1083 1877 1148 calet;
1899 1099 2078 1154 neque

493 1176 638 1228 enim
671 1190 940 1229 converso
979 1173 1174 1228 ordine
1225 1175 1280 1226 in
1317 1173 1403 1227 his
1453 1173 1907 1242 consequentiam
1947 1189 2077 1228 sen-

493 1270 680 1320 tcntiae
706 1275 890 1320 servat
914 1265 1114 1320 oratio.
1149 1263 1266 1318 Non
1303 1265 1452 1318 enim
1478 1264 1572 1335 qui
1609 1267 1832 1327 dormit,
1852 1266 2078 1318 omnino

493 1358 696 1418 stertit,
724 1367 780 1411 et
823 1358 903 1411 sic
940 1357 1008 1410 de
1055 1355 1290 1410 caeteris.
1327 1355 1458 1424 ,Non
1507 1355 1958 1410 irrationabiliter
1985 1371 2080 1410 eas

427 1453 439 1466 '
495 1449 741 1504 causales
766 1464 889 1504 esse
917 1449 1094 1503 aiunt.
1125 1447 1188 1502 Et
1227 1429 1684 1514 continuationis,
1717 1433 2077 1518 quemadmo-

495 1538 626 1590 dum
678 1546 734 1592 et
767 1537 1142 1608 adjunctionis
1172 1547 1228 1592 et
1280 1537 1614 1603 ell‘cctionis,
1653 1553 1748 1608 per
1777 1537 1877 1592 has
1912 1554 2077 1592 causa

494 1634 804 1687 ostenditur
857 1633 1036 1688 reddi.
1075 1633 1545 1698 Continuationis,
1579 1641 1675 1698 ut,
1709 1633 1766 1688 Si
1814 1633 2076 1699 ambulat,

497 1736 770 1779 movetur:
800 1740 964 1779 causa
995 1725 1140 1779 enim
1174 1741 1273 1780 cur
1299 1734 1571 1788 movetur,
1616 1727 1730 1794 ipsa
1769 1735 1852 1780 est
1885 1726 2080 1780 ambu-

499 1819 649 1871 latio.
687 1816 1012 1888 Hujusmodi
1053 1818 1302 1872 eausales
1361 1790 1650 1871 interdum
1677 1832 1776 1888 pro
1807 1819 2078 1888 approba-
2111 1790 2152 1848 Β

499 1910 628 1964 tivis
675 1909 801 1977 poni
849 1917 1306 1973 commemorant,
1344 1909 1604 1978 quoniam
1635 1908 1872 1974 scilicet,
1923 1919 1980 1962 et
2025 1909 2077 1964 id

493 2003 644 2068 quod
685 2001 940 2066 dicimus,
1007 2000 1078 2054 ita
1140 2011 1353 2054 certum
1421 2009 1785 2070 apertumque
1847 2009 1956 2066 est,
2024 2009 2082 2070 ut

498 2091 840 2160 impossibile
873 2093 944 2146 sit
997 2092 1158 2146 aliter
1215 2092 1452 2162 opinari,
1512 2079 1753 2162 tuncque
1814 2092 2082 2148 duntaxat

499 2184 796 2237 indicativo
846 2184 1148 2254 conjungi,
1190 2194 1268 2254 ut_
1299 2184 1446 2256 apud
1495 2185 1808 2256 Virgilium,
1865 2185 1923 2239 Si
1952 2187 2083 2257 quid

497 2291 720 2346 usquam
751 2276 987 2330 Justitia:
1037 2287 1152 2342 est;
1202 2287 1258 2330 et
1285 2277 1439 2344 alibi,
1478 2275 1563 2340 Di,
1594 2278 1641 2330 si
1669 2293 1774 2348 qua
1829 2278 1956 2332 caelo
2005 2288 2082 2332 est

499 2369 684 2438 pietas.
708 2367 1078 2422 lndubitatutn
1105 2369 1250 2422 enim
1282 2375 1336 2420 et
1373 2368 1430 2421 in
1467 2367 1608 2422 caelo
1641 2370 1898 2438 pietatem
1926 2384 2070 2432 esse,

497 2471 552 2513 et
579 2459 632 2512 in
669 2461 872 2512 mundo
899 2459 1126 2530 justitia:
1151 2447 1390 2528 aliquid.
1417 2457 1558 2514 llinc
1584 2461 1638 2514 in
1674 2460 1890 2514 facilem
1919 2477 2080 2514 erro-

499 2569 613 2605 rem
667 2552 986 2606 iuciderunt
1015 2551 1320 2606 adversarii
1356 2553 1485 2616 mei,
1527 2561 1785 2620 putantes
1821 2554 2084 2620 quoniam

497 2647 544 2698 si
592 2646 831 2698 causalis
867 2661 966 2714 pro
1000 2645 1360 2713 approbativa
1417 2645 1595 2714 posita
1626 2659 1750 2698 cum
1783 2644 2082 2698 indicativo

500 2737 872 2807 conjungitur,
913 2737 1036 2791 ideo
1072 2745 1128 2790 et
1154 2751 1186 2791 e
1216 2751 1504 2803 converso,
1535 2737 1758 2806 quoties
1787 2751 1912 2791 cum
1944 2737 2085 2790 indi-

500 2832 680 2884 cativo
707 2829 1080 2900 conjungitur,
1115 2843 1238 2884 esse
1265 2829 1706 2899 approbativam,
1743 2829 1889 2900 quod
1921 2830 2080 2901 longe

501 2933 584 2977 est
623 2937 652 2976 a
706 2923 974 2987 veritate;
1019 2937 1128 2975 non
1177 2921 1323 2976 enim
1365 2922 1582 2992 quoties
1607 2923 1908 2978 indicativo
1958 2939 2078 2977 con-

499 3013 774 3084 jungitur,
804 3026 924 3066 esse
951 3011 1310 3082 approbativa
1341 3021 1560 3082 potest,
1590 3015 1844 3082 quamvis
1869 3015 2088 3083 quoties

2183 535 2320 588 nihil
2379 551 2606 605 prorsus
2640 539 2936 603 allirmare,
2993 541 3310 612 nullamque
3363 559 3583 598 suarum
3639 561 3762 614 par—

2182 627 2320 680 tium
2374 641 2621 684 asserere
2648 630 2894 698 tradunt,
2921 633 3034 689 ~sed
3085 641 3300 690 tantum
3335 635 3538 692 inferre
3565 653 3760 694 consc-

2179 731 2358 786 quens
2407 721 2770 778 anteccdeute
2803 723 3080 782 confesso.
3109 725 3270 782 Nulla
3323 727 3526 782 ctenim
3564 743 3762 799 propo-

2179 808 2398 864 sitionis
2431 805 2594 880 pars,
2635 814 2752 868 sive
2809 815 3108 872 indicativo
3151 819 3268 872 sive
3313 820 3668 890 subjunctivo
3714 823 3762 875 si

2181 900 2571 958 conditionalis
2599 905 2916 975 conjunctio
2959 908 3323 979 adjungatur’,
3367 911 3624 966 absolute
3663 929 3760 968 seu

2181 995 2490 1062 categoricc
2521 998 2748 1065 ponitur
2773 1039 2788 1064 ,
2823 999 2920 1054 sed
2967 1001 3146 1055 solum
3177 1016 3522 1072 consequens
3555 1019 3756 1076 propo-

2179 1083 2440 1140 sitionem
2471 1087 2657 1158 iufert,
2689 1091 2868 1158 pos-iw
2887 1099 3072 1146 tamen
3099 1095 3458 1152 antecedente
3487 1098 3760 1152 conditio-

2179 1177 2402 1244 naliter,
2465 1187 2522 1234 et
2570 1195 2682 1234 non
2731 1182 2908 1247 alias;
2966 1183 3092 1238 ideo
3126 1185 3341 1241 nullius
3361 1189 3534 1256 partis
3563 1191 3764 1244 veritas

2181 1283 2246 1322 ex
2293 1270 2464 1326 totius
2508 1272 2739 1328 veritate
2780 1285 2960 1344 potest
3013 1277 3225 1332 inferri.
3257 1277 3392 1344 Quis
3421 1280 3567 1334 enim
3616 1297 3766 1336 same

2181 1365 2386 1419 mentis
2414 1368 2560 1420 ausit
2589 1368 2796 1434 dicere,
2831 1370 3094 1438 quoniam
3125 1387 3266 1427 verte
3285 1384 3415 1428 sunt
3441 1375 3756 1446 hujusmodi

2182 1459 2606 1526 propositiones,
2645 1459 2704 1514 Si
2735 1462 2816 1515 sol
2835 1473 2909 1516 est
2942 1479 3106 1533 supra
3137 1473 3358 1533 terram,
3405 1467 3517 1520 dies
3547 1479 3660 1533 est;
3685 1477 3760 1532 et,

2183 1547 2242 1602 Si
2288 1555 2440 1604 homo
2488 1555 2654 1606 currit
2678 1596 2692 1616 ,
2723 1555 2934 1609 animal
2961 1558 3166 1623 currit,
3219 1557 3428 1616 idcirco
3462 1567 3518 1613 et
3547 1570 3768 1614 antece-

2183 1644 2365 1696 dentia
2417 1659 2542 1698 vera
2573 1659 2716 1710 esse,
2765 1647 2978 1703 scilicet
3009 1649 3159 1719 quod
3194 1650 3274 1704 sol
3328 1651 3398 1704 sit
3445 1665 3610 1720 supra
3657 1662 3767 1706 ter-

2185 1751 2322 1802 ram,
2355 1745 2409 1792 et
2437 1737 2604 1792 homo
2632 1740 2865 1794 currat?
2890 1741 3079 1810 Itaque
3109 1742 3254 1796 inter
3281 1743 3401 1797 illas
3431 1745 3768 1814 propositio-

2185 1841 2282 1881 nes
2341 1827 2394 1882 in
2431 1829 2635 1898 quibus
2667 1831 2716 1883 si
2755 1829 3056 1886 indicativo
3113 1833 3451 1903 adjungitur,
3497 1845 3552 1889 et
3584 1849 3680 1888 eas
3711 1834 3768 1888 in

2183 1919 2388 1986 quibus
2429 1920 2748 1990 a‘djungitur
2787 1921 3163 1994 subjunctivo,
3203 1941 3310 1979 non
3363 1926 3468 1980 hoc
3511 1925 3764 1992 interest,

2183 2011 2328 2078 quod
2361 2009 2468 2065 illae
2511 2011 2732 2080 quidem
2763 2013 3176 2080 certitudinem,
3215 2015 3298 2070 hic
3328 2031 3460 2072 vero
3501 2017 3772 2087 ambigui-

2187 2109 2351 2156 tatem
2383 2102 2644 2172 habeant,
2673 2106 2766 2160 scd
2799 2105 2946 2175 quod
2980 2107 3196 2162 illarum
3221 2110 3554 2180 principales
3583 2119 3772 2180 partes

2183 2207 2434 2248 seorsum
2489 2207 2749 2265 acceptae,
2801 2206 2968 2268 atque
3020 2200 3441 2268 perlectum,et
3497 2200 3772 2256 afﬁrmant

2185 2299 2458 2356 negantve
2483 2288 2718 2358 aliquid,
2761 2289 2936 2346 instar
2961 2291 3398 2361 propositionum
3433 2295 3774 2364 categorica-

2185 2395 2342 2444 runt,
2377 2395 2500 2448 qua:
2529 2397 2722 2436 verum
2777 2382 3046 2436 falsumve
3093 2383 3422 2453 signiﬁcant.
3457 2385 3668 2440 Etenim
3703 2386 3772 2440 ab

2187 2472 2290 2528 hac
2323 2473 2720 2542 propositione,
2767 2473 2826 2528 Si
2869 2475 3116 2530 Socrates
3159 2477 3292 2546 febri
3323 2485 3560 2544 vexatur,
3591 2477 3776 2532 ablata

2185 2566 2230 2620 si
2287 2567 2700 2636 conjunctione,
2749 2567 2959 2638 reliqua
3013 2583 3166 2639 pars,
3204 2585 3326 2638 quae
3385 2579 3474 2625 est
3531 2569 3778 2624 Socrates

2188 2659 2319 2729 febri
2359 2671 2601 2726 vexatur,
2641 2663 2950 2730 categorica
3033 2664 3270 2719 eﬂicitur
3321 2666 3663 2734 propositio,
3721 2678 3777 2719 ct

2187 2766 2378 2804 verum
2437 2750 2708 2806 falsumve
2745 2753 3039 2820 signiﬁcat.
3089 2754 3306 2808 Illarum
3357 2770 3490 2808 vero
3533 2757 3778 2824 partibus

2191 2844 2296 2898 hoc
2327 2843 2554 2898 minime
2585 2847 2882 2915 contingit.
2915 2847 3050 2900 Nam
3082 2847 3125 2900 si
3154 2847 3222 2900 ah
3251 2847 3355 2902 hac
3377 2847 3776 2917 propositione,

2191 2935 2252 2991 Si
2303 2936 2548 2992 Socrates
2608 2947 2806 3004 curret,
2870 2941 2915 2992 si
2960 2940 3406 3009 conjunctionem
3457 2939 3779 3006 abstuleris,

2193 3031 2404 3098 reliqua
2437 3047 2586 3099 pars,
2617 3045 2738 3100 quae
2775 3041 2862 3086 est
2900 3029 3144 3086 Socrates
3180 3041 3391 3098 curret,
3426 3045 3529 3086 nec
3561 3041 3782 3101 catego-

503 3108 858 3176 apprehativa
894 3115 999 3172 est,
1035 3104 1331 3159 indicativo
1352 3105 1633 3176 jungatur.
1672 3105 1890 3160 lulinita
1921 3107 2087 3176 hujus

2198 3122 2306 3176 rica
2347 3123 2652 3192 propositio
2698 3133 2804 3185 est,
2841 3139 2943 3178 nec
2972 3124 3178 3194 aliquid
3212 3123 3446 3179 allirmat
3493 3125 3780 3196 .negative,

507 3201 582 3252 rei
617 3201 864 3269 exempla
907 3208 1055 3266 sunt,
1090 3197 1188 3253 sed
1225 3197 1387 3252 nobis
1445 3200 1561 3254 haec
1599 3199 1760 3253 modo
1790 3197 2088 3254 sulliciant.

505 3293 564 3344 Si
618 3293 757 3346 ntale
817 3293 1021 3345 locutus
1049 3307 1190 3355 sunt,
1231 3292 1408 3362 inquit
1453 3291 1718 3346 Dominus
1740 3291 1885 3358 apud
1919 3291 2090 3346 Joan-

505 3399 652 3450 nem,
685 3385 1036 3438 testimonium
1085 3385 1294 3454 per/liba
1329 3383 1391 3436 de
1427 3387 1567 3436 malo
1593 3401 1612 3448 ;
1640 3383 1685 3436 si
1733 3393 1910 3436 autem
1941 3383 2088 3446 bene,

506 3477 634 3546 quid
686 3495 767 3530 me
818 3475 1070 3530 cwdis’?
1126 3473 1182 3530 Si
1217 3478 1342 3545 quis
1393 3475 1500 3530 hoc
1547 3473 1670 3529 loco
1710 3483 1921 3528 asserat
1970 3474 2093 3527 ideo

507 3571 924 3640 approbativam
990 3583 1110 3624 esse
1163 3571 1208 3623 si
1273 3569 1766 3640 conjunctionem,
1829 3567 2092 3637 quoniam

508 3665 764 3732 praesenti
800 3663 1098 3717 indicativo
1134 3664 1422 3734 jungitur,
1451 3674 1602 3717 certe
1637 3671 1692 3715 et
1743 3661 1883 3715 male
1939 3661 2094 3716 locu-

512 3763 625 3805 tum
671 3753 966 3806 Dominum
1008 3763 1216 3807 asserat
1258 3768 1484 3808 necesse
1529 3762 1634 3808 est.
1670 3752 1826 3820 Quod
1875 3753 1918 3808 si
1951 3753 2094 3806 male

511 3845 728 3898 locutus
753 3854 839 3896 est
879 3839 1152 3916 Dominus
1199 3843 1367 3914 (quod
1402 3843 1674 3898 nefarium
1715 3853 1800 3899 est
1839 3845 2094 3912 sentire),

511 3953 608 3990 cur
633 3953 758 3992 mox
789 3937 959 4002 addit,
1004 3936 1060 3991 Si
1088 3948 1267 3991 autem
1299 3939 1473 3991 bene?
1506 3937 1722 3992 Etcum
1757 3937 1827 3993 de
1858 3954 1917 3994 se
1947 3941 2097 3994 dice-

515 4039 598 4083 ret
645 4029 918 4093 Salvator,
970 4027 1028 4083 Si
1062 4045 1156 4099 ego
1204 4030 1258 4082 in
1295 4027 1583 4082 Beelzebub
1625 4030 1776 4098 ejicio
1809 4031 2098 4098 dwmoniu,

517 4121 663 4190 quod
719 4121 772 4174 in
819 4120 1125 4176 Beelzebub
1157 4136 1284 4175 cum
1313 4121 1514 4192 ejicere
1555 4121 1824 4176 dar-monia
1863 4125 2099 4176 fateatur

515 4225 733 4285 oportet
771 4215 868 4284 qui
915 4215 960 4268 si
1013 4216 1314 4270 indicativo
1352 4215 1645 4286 junctam,
1683 4216 2098 4286 approbativam

513 4311 634 4363 vult
667 4325 784 4364 esse
823 4321 1102 4380 oportere.
1143 4309 1346 4364 Verum
1373 4325 1480 4363 nou
1514 4309 1696 4374 nobis,
1727 4313 1823 4364 sed
1852 4313 1966 4364 hate
1998 4325 2100 4364 nos

513 4405 696 4458 dicere
731 4404 1080 4474 cogentibus,
1104 4402 1810 4472 hujusmodiblasphemias
1839 4403 2099 4470 imputari
2135 4465 2137 4468 ,

517 4493 787 4554 volumus.
821 4497 1086 4552 Similiter
1115 4497 1259 4566 apud
1293 4495 1578 4568 Virgilium
1616 4494 1846 4560 dicitur,

585 4626 646 4680 Si
679 4625 840 4678 datur
885 4623 1130 4691 Italiam,
1162 4623 1319 4678 sociis
1368 4635 1418 4676 et
1450 4637 1572 4692 rege
1601 4631 1809 4692 recepto
1831 4661 1847 4688 ,

590 4697 844 4758 Tendere,
875 4704 930 4747 ut
956 4694 1176 4748 Italiam
1206 4695 1314 4748 [σειὶ
1355 4693 1670 4762 Latiumque
1688 4702 1954 4763 petamus.

586 4766 682 4820 Sin
702 4770 980 4835 absumpta
996 4767 1166 4830 salus,
1187 4776 1236 4818 et
1272 4773 1342 4830 te,
1367 4774 1520 4834 pater
1549 4769 1744 4834 Optime
1774 4765 2054 4832 Teucrum,
2077 4833 2080 4836 ι

587 4839 792 4890 Pontus
825 4841 979 4889 habet
1015 4836 1226 4905 Libyas,
1277 4845 1335 4890 et
1375 4838 1608 4904 reliqua,
1651 4873 1654 4876 -

521 4965 640 5026 ubi,
679 4979 990 5034 quanquam
1027 4965 1324 5020 indicativo
1369 4965 1416 5018 si
1469 4964 2099 5037 prapositiojungatur,

523 5065 840 5110 nontamen
878 5058 1237 5126 approbativa
1269 5067 1371 5122 est,
1403 5057 1500 5112 sed
1529 5057 1766 5111 causalis
1787 5096 1804 5123 ,
1835 5058 1949 5112 sive
1973 5059 2108 5112 con-

521 5149 806 5203 ditionalis
826 5165 842 5213 ;
863 5164 1038 5218 neque
1061 5151 1208 5203 enint
1235 5149 1508 5218 signiﬁcat
1549 5163 1664 5204 rem
1689 5159 1892 5204 certam
1915 5168 1930 5218 ;
1957 5151 2102 5205 unde

525 5257 652 5296 mox
701 5241 944 5306 additur,

952 5331 1047 5386 Sin
1076 5335 1356 5404 absumpta
1382 5335 1553 5388 salus.

597 5427 706 5483 Sed
755 5429 874 5492 haec
924 5429 994 5481 dc
1038 5431 1324 5496 praeceptis
1385 5429 1756 5498 grammaticis
1806 5432 1941 5484 satis
1975 5429 2106 5494 sint,

526 5534 672 5574 nunc
705 5529 888 5573 autem
924 5517 992 5571 de
1013 5517 1296 5572 dialectica
1349 5518 1670 5574 referamus.
1703 5517 1858 5574 Licet
1902 5521 1948 5572 si
1980 5535 2112 5573 con-

521 5611 863 5682 iunctionem
915 5610 1342 5665 conditionalem
1403 5625 1562 5674 esse,
1612 5612 1781 5665 etiam
1827 5611 2108 5669 dialectici

605 5796 623 5826 ¹
655 5797 822 5851 Locus
852 5799 1104 5855 obscurus
1203 5800 1222 5829 ¹
1249 5797 1406 5856 Joan.
1444 5815 1594 5866 xvut,
1637 5799 1728 5852 25.

2197 3215 2294 3268 sed
2323 3223 2382 3268 ut
2406 3215 2600 3270 falsum
2631 3215 2715 3269 vel
2743 3231 2932 3269 verum
2968 3215 3260 3284 signiﬁcet,
3302 3231 3634 3288 sensumque
3659 3233 3784 3287 per-

2199 3305 2368 3369 ﬁciat,
2397 3322 2464 3360 ex
2507 3307 2632 3361 aliis
2659 3307 2936 3377 dependet
2965 3308 3237 3376 partibus.
3272 3311 3348 3362 Ex
3381 3310 3467 3364 his
3505 3323 3636 3380 ergo
3671 3324 3786 3362 ma-

2199 3397 2400 3452 nifesta
2433 3398 2499 3452 ad
2541 3398 2768 3452 tertium
2803 3409 3186 3468 argumentum
3236 3401 3675 3457 adversariorum
3698 3413 3784 3457 est

2203 3491 2509 3560 responsio.
2557 3491 2836 3560 Siquidem
2887 3492 3002 3548 lucc
3061 3495 3384 3562 pr0positio,
3413 3493 3472 3548 Si
3521 3511 3639 3548 eum
3667 3495 3784 3548 volo

2203 3597 2418 3635 ntattere
2449 3587 2610 3636 donec
2651 3583 2878 3646 veniant,
2923 3595 3030 3636 non
3063 3583 3188 3638 ideo
3239 3593 3449 3638 certum
3488 3585 3780 3654 significat,

2203 3673 2332 3742 quia
2363 3671 2668 3726 indicativo
2698 3671 3058 3740 conjungitur
3081 3679 3306 3740 propter
3327 3687 3444 3736 eas,
3477 3689 3612 3742 quas
3643 3673 3788 3728 dixi-

2207 3753 2353 3826 mus,
2396 3765 2660 3818 rationes.
2691 3761 2844 3818 Falsa
2871 3773 2956 3818 est
2978 3763 3142 3832 igitur
3176 3763 3618 3818 adversariorum
3652 3779 3782 3818 con-

2203 3857 2404 3918 clusio,
2425 3857 2572 3925 quod
2613 3856 2828 3910 scilicet
2875 3856 3144 3924 particula
3175 3855 3269 3910 illa
3296 3855 3596 3924 signiﬁcet,
3626 3871 3692 3910 ac
3735 3859 3782 3912 si

2205 3948 2502 4014 diceretur,
2561 3945 2649 4001 Sic
2689 3963 2810 4000 eum
2855 3947 2973 4001 volo
3027 3963 3263 4014 manere,
3319 3949 3524 4018 quippe
3557 3948 3784 4004 fallacia

2205 4041 2600 4110 consequentis
2621 4047 2730 4094 est.
2779 4038 2892 4092 Nec
2934 4039 3104 4100 enim,
3141 4049 3198 4093 ut
3235 4055 3400 4110 supra
3440 4039 3646 4096 dictum
3679 4050 3786 4107 est,

2207 4132 2574 4197 convertitur,
2594 4145 2774 4200 neque
2807 4145 2938 4185 vere
2967 4145 3261 4199 possumus
3289 4132 3497 4196 dicere,
3523 4131 3784 4201 quoniam

2209 4241 2332 4282 cum
2377 4224 2733 4295 approbativa
2785 4231 2888 4287 est,
2949 4224 2994 4278 si
3053 4223 3356 4278 indicativo
3405 4223 3786 4294 conjungitur,

2208 4316 2792 4387 approbativatnesse.
2825 4313 2930 4370 Sed
2983 4324 3044 4368 ut
3066 4315 3180 4385 jam
3219 4325 3476 4385 quartum
3527 4316 3788 4370 adversa-

2210 4410 2440 4462 riorum-
2461 4413 2845 4476 argument-um
2875 4405 3296 4474 aggrediamur,
3339 4403 3578 4458 dicimus
3611 4405 3790 4459 mino-

2131 4494 2178 4552 ι)
2209 4517 2324 4556 rem
2357 4501 2550 4554 falsam
2583 4513 2726 4554 esse.
2756 4497 2973 4552 Etenim
3002 4497 3136 4552 satis
3165 4511 3194 4551 a
3223 4497 3378 4552 nobis
3409 4511 3576 4567 supra
3607 4505 3790 4552 osten-

2202 4609 2324 4649 sum
2351 4603 2455 4658 est,
2491 4593 2862 4647 continuatam
2894 4590 3078 4645 adhuc
3105 4589 3271 4644 vitam
3291 4587 3516 4644 Joannis
3543 4589 3793 4659 Evange-

2202 4683 2366 4750 lista:,
2401 4681 2560 4738 dubii
2593 4681 2818 4752 quidem
2873 4680 3080 4736 habere
3120 4679 3419 4751 plurimum
3446 4723 3461 4745 ,
3492 4679 3628 4736 certi
3662 4695 3794 4736 vero

2205 4775 2370 4843 nihil,
2407 4783 2640 4829 mortem
2678 4789 2804 4829 vero
2843 4773 2962 4844 ejus
3017 4772 3142 4842 plus
3190 4772 3327 4828 certi
3384 4771 3586 4827 habere
3625 4787 3792 4842 quam
3852 4831 3862 4857 ἱ

2206 4870 2385 4926 dubii.
2425 4867 2750 4924 Adversarii
2797 4882 2932 4923 vero
2981 4867 3036 4922 in
3077 4866 3184 4922 hoc
3237 4866 3514 4936 praecipue
3559 4867 3796 4921 fundant

2211 4971 2620 5035 argumentum,
2657 4963 2804 5032 quod
2843 4961 2988 5014 nulla
3021 4961 3092 5014 sit
3131 4960 3202 5016 de
3227 4961 3452 5015 Joannis
3479 4969 3654 5014 morte
3689 4959 3796 5012 du-
3865 5025 3882 5032 μ

2211 5057 2429 5112 bitatio.
2449 5056 2604 5122 Quod
2629 5069 2758 5110 vero
2780 5055 2846 5108 ad
2868 5054 3345 5108 continuationem-
3361 5051 3636 5121 opinionis
3659 5065 3796 5115 sum,

2210 5150 2522 5220 exemplum
2575 5147 2861 5202 adducunt
2911 5146 3002 5201 die
3051 5145 3282 5200 Veneris
3325 5157 3522 5197 carnes
3555 5141 3798 5205 edentis,

2209 5243 2342 5313 quid
2374 5243 2522 5296 aliud
2567 5239 2862 5295 dicendum
2911 5248 3016 5304 est,
3045 5253 3210 5308 quam
3263 5235 3406 5306 quod
3455 5233 3618 5304 paulo
3670 5243 3800 5288 ante

2211 5337 2523 5399 retulimus,
2559 5333 2848 5388 veritatem
2889 5331 2978 5384 vel
3017 5329 3310 5384 falsitatem
3351 5327 3430 5381 rei
3476 5325 3798 5395 hujusmodi

2210 5425 2642 5495 propositionem
2679 5422 2762 5476 vel
2796 5431 3003 5476 certam
3055 5420 3268 5485 facere,
3318 5419 3400 5472 vel
3436 5417 3798 5488 ambiguam?

2210 5522 2510 5575 Enimvero
2538 5517 2633 5586 qui
2665 5515 2758 5570 tali
2789 5514 2879 5568 die
2913 5511 3182 5566 carnibus
3216 5511 3460 5566 vescitur
3484 5551 3500 5577 ,
3533 5509 3581 5566 si
3601 5523 3802 5581 verum

2211 5614 2367 5668 lateri
2389 5609 2543 5676 velit,
2566 5619 2623 5664 et
2653 5605 2962 5676 increpanti
2985 5605 3060 5658 ita
3078 5603 3444 5674 responderit,
3465 5601 3524 5657 Si
3564 5601 3802 5670 comedo,
