4136 6446
340 355 410 417 6;}
432 365 445 412 ι

1325 343 1838 404 BESSARiONtS
1873 346 1928 404 ὃ.
1979 345 2046 401 li.
2095 345 2157 404 E.
2190 342 2652 405 CARDINALIS

2204 230 2227 235 η
2262 212 2337 231 ινα

3492 346 3598 410 640

327 467 458 535 quid
523 464 591 516 ad
647 463 738 515 te?
805 457 1094 514 comedere
1141 470 1199 510 se
1244 465 1365 507 actu
1395 454 1644 507 affirmat.
1684 452 1825 518 Quid
1872 451 1919 506 si
1953 463 1996 516 Α
2028 470 2251 525 quoque
2307 466 2514 525 partem
2562 455 2821 510 intactam
2889 453 3222 526 praeteriisse
3277 452 3600 523 videamur,

334 556 485 609 idem
541 553 753 607 dicatur
814 564 925 603 non
965 544 1309 602 comedenti?
1349 544 1541 598 Nonne
1595 552 1652 597 et
1701 543 1792 597 ille
1840 543 1917 596 ita

338 646 730 718 respondebit,
776 642 836 697 Si
883 639 1117 705 comedo,
1147 638 1270 709 quid
1305 637 1375 691 ad
1409 648 1455 689 te
1479 636 1506 689 !
1552 650 1661 690 non
1694 634 1917 705 quidem

340 751 402 797 ut
430 740 578 795 vesci
618 753 677 792 se
709 736 969 791 carnibus
1001 732 1259 795 fateatur,
1289 731 1384 785 sed
1417 740 1477 785 ut
1512 730 1651 785 falso
1680 743 1918 799 arguen-

340 845 449 888 tem
484 828 729 891 irrideat,
762 834 819 880 et
851 825 1115 895 injustum
1145 833 1524 877 accusatorem
1552 820 1733 876 irritet
1755 830 1919 887 atque

339 927 677 977 contemnat.
708 915 852 982 Quid
901 915 947 968 si
988 927 1057 966 eo
1100 911 1190 966 die
1237 909 1536 965 comedens
1582 921 1802 969 carnes,
1852 904 1920 959 ab

340 1019 660 1066 accusatore
697 1021 799 1061 suo
832 1014 1159 1075 provocatus
1189 1042 1204 1068 ,
1231 1002 1307 1057 ita
1341 999 1672 1070 respondeat
1698 1038 1711 1061 ,
1743 996 1802 1052 Si
1833 1012 1921 1050 co-

337 1103 490 1158 medo
518 1100 598 1155 vel
634 1114 740 1153 non
758 1095 990 1163 comedo,
1012 1094 1138 1165 quid
1161 1093 1230 1147 ad
1251 1092 1339 1146 te?
1369 1099 1517 1146 recta
1543 1099 1693 1144 certe
1714 1086 1922 1142 locutio

338 1195 467 1258 erit,
510 1210 580 1247 an
633 1192 756 1245 ideo
786 1188 1055 1250 dicemus,
1102 1184 1366 1255 quoniam
1414 1180 1802 1238 conditionalis
1836 1179 1923 1233 in-

341 1288 581 1341 dicativo
612 1281 987 1353 conjungitur,
1017 1277 1432 1349 approbativam
1454 1290 1597 1340 esse,
1620 1286 1924 1341 verumque

342 1395 489 1443 esse,
512 1378 656 1447 quod
711 1375 801 1429 ille
832 1385 1027 1427 carnes
1064 1370 1212 1435 edat,
1262 1378 1318 1424 et
1357 1383 1467 1423 non
1494 1371 1623 1422 edat
1656 1384 1671 1422 :
1706 1365 1761 1421 id
1792 1379 1924 1419 vero

346 1488 415 1525 ne
477 1467 655 1524 insani
710 1465 931 1535 quidem
980 1462 1306 1517 faterentur.
1365 1461 1447 1513 An
1493 1473 1625 1512 vero
1673 1457 1924 1511 dicemus

348 1578 513 1618 unam
544 1558 764 1630 quidem
798 1567 1012 1627 partem
1042 1568 1230 1609 veram
1262 1566 1405 1617 esse,
1440 1551 1669 1605 alteram
1693 1549 1924 1603 falsam?

349 1654 568 1708 Falsum
595 1651 759 1721 igitur
779 1648 907 1712 erit,
927 1645 1145 1716 quoties
1162 1645 1207 1698 si
1227 1642 1524 1697 indicativo
1549 1641 1922 1710 conjungitur,

349 1760 470 1799 esse
520 1740 954 1813 approbativam.
996 1735 1153 1803 Quod
1207 1750 1339 1789 vero
1396 1733 1734 1797 adversarii,
1775 1731 1925 1785 velut

352 1838 531 1892 tacita:
562 1834 858 1905 objectioni
891 1828 1310 1901 respondentes,
1332 1842 1444 1881 non
1476 1827 1583 1881 vim
1627 1825 1924 1880 verborum

352 1940 409 1982 et
439 1941 663 1980 sensum
692 1922 1019 1977 intellexisse
1047 1918 1362 1981 Dominum,
1390 1916 1487 1972 sed
1519 1930 1719 1985 negare
1748 1915 1930 1969 Etan-

351 2017 622 2084 gelistam,
639 2014 812 2078 aiunt,
834 2012 984 2066 illum
1012 2008 1393 2079 hujuscemodi
1416 2006 1585 2063 verba
1608 2006 1927 2076 protulisse,

356 2110 541 2177 inepta
564 2121 697 2160 sane
717 2114 771 2159 et
795 2103 1023 2176 puerilis
1066 2101 1428 2172 Evangelista:
1462 2100 1733 2156 sententia
1762 2098 1927 2163 foret,

353 2200 403 2255 si
430 2200 609 2254 sciens
629 2196 915 2250 Dominum
934 2193 1075 2249 velle
1095 2208 1153 2248 se
1168 2192 1224 2247 in
1246 2192 1350 2247 hac
1367 2192 1476 2246 vita
1504 2205 1725 2245 manere
1758 2192 1931 2246 donec

356 2290 592 2352 veniret,
620 2284 1030 2356 condiscipulos
1060 2283 1229 2338 veluti
1253 2282 1390 2338 falsa
1427 2282 1719 2353 opinantes
1747 2280 1933 2335 redaro

356 2390 569 2453 gueret,
623 2379 788 2448 idque
833 2378 1099 2434 duntaxat
1148 2374 1458 2446 prolatione
1486 2360 1820 2439 verborum;
1873 2374 1931 2427 in

354 2491 472 2546 quo
522 2473 600 2527 illi
646 2471 868 2542 quidem
918 2467 1150 2524 mirllice
1196 2467 1379 2522 forent
1418 2465 1716 2534 laudandi,
1760 2466 1932 2521 nimio

354 2565 610 2620 acumine
649 2562 851 2633 ingenii
898 2576 969 2615 ex
1021 2559 1283 2630 ambiguo
1316 2572 1573 2614 sermone
1602 2572 1786 2612 veram
1832 2557 1933 2612 clis

354 2655 565 2711 cientes
595 2653 946 2708 sententiam.
972 2649 1121 2717 Quos
1141 2660 1330 2704 contra
1349 2648 1774 2718 Chrysostomus
1787 2646 1935 2701 falsae

356 2746 429 2800 de
475 2761 534 2799 se
579 2742 857 2814 opinionis
896 2740 1065 2798 refert
1106 2740 1175 2795 ab
1203 2739 1548 2809 Evangelista
1597 2739 1766 2793 fuisse
1815 2754 1936 2793 cor-

359 2848 577 2908 reptos;
604 2837 749 2907 quod
783 2834 963 2891 ueteri
990 2848 1230 2905 quoque,
1258 2834 1352 2903 qui
1383 2847 1511 2887 eum
1544 2830 1654 2886 vita
1683 2829 1935 2885 functum

360 2940 577 3000 putant,
611 2928 801 2999 procul
828 2925 996 2981 dubio
1026 2924 1295 2980 dicerent.
1331 2922 1520 2978 Dicere
1549 2930 1812 2991 praeterea
1840 2935 1938 2991 per

360 3038 425 3075 ea
458 3022 642 3087 verba,
669 3019 755 3075 Sic
786 3035 905 3073 eum
948 3016 1065 3073 volo
1100 3031 1340 3081 manere,
1384 3014 1623 3070 voluisse
1653 3012 1936 3070 Christum

364 3115 436 3168 ita
472 3128 699 3171 manere
737 3112 1027 3175 JOannem,
1057 3108 1154 3165 sed
1185 3108 1405 3162 Petrum
1436 3106 1787 3177 redarguere,
1827 3104 1934 3159 mi-

364 3205 513 3258 nime
538 3203 607 3256 ad
654 3217 715 3257 se
745 3200 1072 3272 pertinentia
1114 3205 1473 3269 quaarentem,
1506 3195 1706 3266 puerili
1753 3197 1935 3266 potius

362 3292 702 3351 contentioni
748 3293 833 3348 vel
875 3290 1111 3362 argutuli
1154 3288 1415 3359 sophistas
1466 3288 1721 3353 fallaciis,
1770 3304 1934 3359 quam

364 3384 581 3440 Domini
617 3386 790 3439 nostri
830 3383 957 3438 Jesu
1008 3379 1517 3457 Christigravitati
1552 3388 1607 3434 et
1656 3379 1937 3449 sapientia:

362 3476 646 3533 convenit.
677 3474 785 3531 Sed
816 3483 935 3529 esto
972 3488 1105 3528 sane
1141 3480 1200 3526 ut
1228 3471 1430 3527 dicitur
1452 3488 1469 3539 ;
1495 3485 1680 3525 nonne
1710 3471 1815 3524 hoc
1844 3484 1937 3523 su-

366 3570 677 3641 perioribus
710 3567 870 3622 dictis
904 3564 1207 3635 repugnat?
1260 3562 1476 3618 Etenim
1511 3563 1557 3617 si
1587 3562 1756 3617 verba
1790 3560 1937 3615 dun-

368 3671 515 3717 taxat
552 3659 890 3731 Evangelista
947 3665 1149 3727 negat,
1201 3665 1264 3710 ut
1291 3655 1499 3710 dictum
1545 3662 1653 3721 est,
1710 3668 1936 3709 sensum

368 3757 535 3826 igitur
570 3754 867 3819 concedit;
895 3750 1029 3806 dixit
1076 3765 1208 3821 ergo
1236 3764 1366 3805 cum
1393 3748 1648 3806 Christus
1674 3765 1786 3805 non
1817 3764 1938 3804 mo-

365 3849 641 3912 riturum;
676 3843 825 3915 quod
870 3844 918 3898 si
954 3845 1027 3899 ita
1055 3854 1163 3910 est,
1204 3841 1484 3913 quomodo
1513 3842 1632 3897 haec
1663 3842 1773 3897 duo
1807 3857 1940 3896 con-

363 3940 622 4003 stabunt,
680 3936 827 4009 quod
873 3945 928 3991 et
992 3950 1122 3991 eum
1186 3952 1297 3990 non
1352 3936 1684 3990 moriturum
1736 3935 1940 3991 dixerit

362 4029 644 4092 Christus,
673 4038 728 4083 et
755 4027 904 4098 quod
935 4042 1043 4082 non
1067 4026 1190 4081 ideo
1223 4026 1444 4093 dixerit,
1476 4028 1625 4096 quod
1648 4026 1722 4081 ita
1750 4029 1937 4093 vellet,

366 4116 462 4169 sed
512 4124 571 4168 ut
636 4115 857 4170 Petrum
913 4115 1266 4185 redargueret
1314 4130 1516 4170 arcana
1554 4118 1939 4185 qumrentem?

369 4208 593 4261 Demum
614 4250 630 4275 ,
682 4207 806 4277 quis
836 4222 948 4261 non
979 4208 1161 4262 videat
1196 4218 1453 4277 quartum
1494 4208 1939 4264 adversariorum

364 4312 748 4371 argumentum
800 4300 931 4354 huic
963 4300 1227 4355 solutioni
1272 4301 1615 4355 contrarium
1654 4303 1819 4357 esse?
1851 4304 1938 4357 Si-

364 4393 589 4463 quidem
622 4392 734 4447 illic
778 4392 971 4447 dicunt
998 4391 1191 4462 procul
1235 4391 1407 4448 dubio
1438 4390 1705 4448 Joannem
1757 4394 1938 4451 adhuc

1962 3156 2009 3222 C

2026 544 2437 615 Hieronymum,
2462 545 2827 618 Augustinum
2856 557 3193 618 cmterosque
3216 558 3273 603 et
3307 557 3522 604 veteres
3552 561 3607 605 et

2023 653 2198 694 novos
2242 638 2497 694 doctores
2557 640 2909 709 opponimus,
2949 642 3041 709 qui
3089 656 3214 695 eum
3277 659 3387 697 non
3440 643 3608 697 modo

2022 728 2301 792 catholici,
2335 744 2527 784 verum
2577 730 2742 783 etiam
2800 730 3136 784 sanctissimi
3193 731 3399 788 fuerint
3440 742 3607 803 atque
3644 754 3645 757 η

2023 816 2352 883 habeantur,
2409 817 2576 872 multa
2627 828 2807 874 tamen
2844 827 2898 873 et
2938 819 2994 873 in
3046 821 3219 875 Veteri
3255 837 3322 875 ex
3353 822 3605 888 Hebraeo,

2022 918 2079 961 et
2112 908 2168 962 in
2194 908 2347 964 Novo
2375 908 2727 964 Testamento
2754 926 2820 964 ex
2850 910 3038 965 Graeco
3078 910 3227 966 fonte
3255 912 3460 982 edocti,
3491 931 3609 969 mu-

2024 1010 2160 1066 tare,
2201 999 2444 1063 demere,
2470 999 2697 1066 addere,
2749 1002 3050 1071 corrigere,
3086 1001 3409 1074 emendare,
3458 1020 3609 1059 rese-

2024 1107 2171 1158 care,
2200 1092 2520 1158 reformare,
2545 1101 2621 1157 et,
2663 1102 2723 1147 ut
2746 1108 2939 1147 eorum
2962 1094 3146 1149 verbis
3171 1108 3315 1159 utar,
3341 1097 3605 1153 readdere

2026 1200 2133 1237 non
2181 1185 2567 1250 erubucrunt,
2598 1185 3061 1254 quemadmodum
3124 1186 3180 1240 in
3230 1188 3608 1257 superioribus

2024 1274 2160 1328 satis
2183 1289 2455 1343 superque
2484 1291 2515 1328 a
2547 1275 2708 1329 nobis
2756 1283 3037 1329 ostensum
3072 1284 3353 1345 putamus.
3380 1277 3603 1344 Verum,

2026 1375 2087 1420 ut
2116 1366 2409 1437 aliquando
2438 1365 2657 1421 dicendi
2684 1367 2845 1422 linem
2879 1366 3166 1432 faciamus,
3190 1367 3607 1439 dissolutisjam

2027 1469 2191 1528 atque
2220 1458 2467 1514 rescissis
2490 1457 2938 1513 adversariorum
2975 1463 3340 1530 argumentis,
3367 1461 3607 1517 dicimus

2026 1551 2371 1620 ingenueque
2420 1551 2918 1617 testamur,licerc
2970 1552 3167 1615 cuivis,
3220 1562 3333 1607 tum
3374 1554 3608 1609 veritate

2027 1644 2133 1705 rei,
2166 1652 2283 1696 tum
2308 1641 2512 1697 Graecat
2538 1649 2705 1712 atque
2731 1643 3017 1714 originalis
3054 1644 3257 1715 lingua:
3309 1646 3609 1701 concordia

2028 1735 2192 1800 freto,
2224 1734 2434 1804 absque
2475 1734 2586 1789 ullo
2620 1745 2771 1789 metu
2796 1735 3053 1804 aliquove
3081 1736 3297 1807 injustas
3322 1738 3611 1793 calumnia:

2030 1824 2295 1895 periculo,
2329 1840 2452 1879 cum
2484 1834 2679 1879 sancto
2701 1824 3052 1894 Evangelista
3076 1825 3391 1897 Graecisque
3421 1828 3612 1884 docto-

2030 1916 2203 1981 ribus,
2243 1914 2306 1971 Si
2356 1932 2475 1969 eum
2519 1916 2893 1969 volo‘manere
2942 1916 3107 1969 donec
3153 1919 3401 1984 veniam,
3429 1921 3611 1991 legere

2028 2016 2194 2078 atque
2254 2007 2532 2077 proferre,
2593 2007 2960 2062 muliebribus
3018 2007 3182 2063 minis
3239 2017 3296 2063 et
3344 2026 3611 2066 vanorum

2032 2099 2315 2154 hominum
2343 2098 2541 2170 jurgiis
2574 2098 2908 2168 contemptis
2936 2114 3000 2153 ac
3044 2114 3144 2168 pro
3172 2099 3346 2155 nihilo
3386 2101 3611 2160 habitis.

2032 2191 2185 2247 Licet
2237 2201 2418 2246 autem
2461 2192 2516 2245 in
2552 2191 2702 2246 calce
2759 2191 3030 2246 orationis
3079 2192 3235 2262 quasi
3268 2193 3511 2265 signum,
3551 2206 3613 2251 ut

2033 2283 2214 2344 aiunt.
2244 2282 2566 2352 imprimere
2582 2282 2849 2347 sermoni,
2890 2290 2947 2337 et
2976 2283 3146 2337 veluti
3178 2285 3395 2355 asylum
3419 2295 3613 2341 contra

2033 2390 2226 2430 omnes
2281 2382 2665 2445 oppugnantes
2706 2389 2808 2429 nos
2858 2373 3126 2442 recipere.
3152 2373 3250 2429 Eia
3280 2376 3447 2446 igitur
3499 2386 3610 2443 eat,

2037 2465 2534 2538 progrediaturquc
2559 2467 2614 2519 in
2646 2464 2890 2519 medium
2916 2464 3485 2538 egregiusrsacrarum
3522 2467 3613 2522 lit—

2036 2566 2275 2610 terarum
2328 2556 2622 2624 interpres,
2664 2554 3055 2626 integerrimus
3098 2534 3186 2611 ‘vir
3224 2556 3610 2629 Hieronymus.

2034 2659 2090 2703 et
2109 2646 2267 2717 quasi
2289 2647 2540 2702 veritatis
2569 2646 2877 2717 aejustitiae
2908 2657 3306 2718 propugnator,
3331 2653 3606 2719 quomodo

2036 2741 2156 2811 ipse
2185 2740 2336 2795 hunc
2373 2741 2555 2795 locum
2586 2740 2957 2806 transtulerit,
2998 2741 3275 2797 ostendat.
3303 2741 3402 2797 llic
3439 2744 3495 2798 in
3523 2760 3607 2810 ea,

2037 2848 2201 2903 quam
2232 2833 2300 2887 ad
2326 2831 2677 2888 Jovinianum
2708 2833 2772 2887 de
2796 2834 3103 2903 virgini:ale
3128 2834 3367 2905 scripsit,
3394 2835 3610 2906 elcgan~

2039 2925 2249 2980 tissima
2278 2925 2547 2991 oratione,
2578 2939 2821 2987 rursum,
2855 2924 3055 2994 inquit,
3080 2924 3148 2979 de
3171 2926 3334 2981 Petro
3356 2926 3609 2998 loquens,

2040 3029 2163 3087 post
2197 3017 2434 3071 auditam
2466 3016 2817 3080 sententiam,
2876 3017 3026 3086 quod
3065 3017 3134 3073 ab
3160 3018 3269 3074 alio
3311 3020 3614 3091 cingeiidus

2041 3117 2208 3171 esset,
2238 3119 2295 3163 et
2320 3107 2605 3161 ducendus
2636 3124 2746 3177 quo
2789 3109 2979 3176 nollet,
3007 3111 3267 3167 etcrucis
3305 3111 3382 3167 illi
3418 3114 3616 3169 fuisset

2042 3202 2225 3270 passio
2276 3201 2596 3270 prophetata
2618 3239 2633 3263 ,
2686 3209 2742 3256 et
2788 3201 2879 3256 ille
2909 3201 3164 3261 diceret:
3193 3203 3442 3273 Domine,
3477 3207 3610 3276 quid

2043 3293 2189 3346 istc?
2245 3292 2438 3345 nolens
2483 3291 2746 3346 Joannem
2782 3291 3075 3359 deserere,
3121 3307 3247 3348 cum
3295 3311 3405 3365 quo
3434 3297 3615 3350 fuer..t

2039 3400 2256 3453 semper
2278 3384 2585 3452 copulatus,
2614 3383 2748 3439 dicit
2779 3385 2831 3441 ei
2873 3383 3177 3442 Dominus:
3207 3385 3345 3452 Quid
3372 3388 3442 3441 ad
3471 3396 3540 3449 te,
3569 3390 3616 3441 si

2038 3492 2154 3529 eum
2177 3475 2296 3529 volo
2334 3477 2409 3529 sic
2440 3492 2548 3530 esse
2573 3477 2599 3529 Ρ
2632 3476 2770 3542 Quis
2816 3476 3052 3547 amplius
3078 3478 3216 3533 alios
3247 3487 3413 3533 testes
3438 3480 3616 3534 citat?

2039 3567 2164 3635 quis
2203 3565 2351 3619 aliud
2399 3565 2677 3621 desiderat
2713 3566 3137 3624 testimonium?
3171 3582 3294 3622 cum
3346 3569 3615 3642 Hierony-

2040 3672 2189 3712 mum
2219 3657 2293 3711 ita
2327 3657 2615 3713 audiamus
2660 3657 2961 3725 dicentem,
2994 3657 3057 3714 Si
3088 3660 3227 3713 enim
3253 3660 3368 3714 volo
3402 3662 3477 3715 sic
3500 3681 3617 3716 ma-

2038 3765 2183 3806 nere.
2214 3749 2355 3817 Quid
2394 3749 2543 3803 enim
2590 3748 2741 3803 aliud
2791 3758 2876 3804 est
2913 3750 2995 3806 sic
3041 3764 3183 3817 esse,
3212 3752 3319 3806 nisi
3350 3756 3618 3811 manere?

2038 3842 2175 3898 Nam
2198 3843 2271 3895 ita
2304 3839 2507 3905 dicere,
2538 3839 2627 3895 Sic
2657 3856 2775 3894 eum
2806 3841 2948 3908 volo,
2980 3843 3055 3895 sic
3085 3857 3217 3910 esse,
3254 3859 3417 3899 nemo
3444 3847 3615 3902 aude-

2040 3943 2146 3997 ret,
2184 3934 2283 3988 nisi
2328 3932 2618 3989 barbarus.
2655 3931 3000 3988 Manifestum
3031 3943 3118 3988 est
3155 3936 3344 4003 igitur,
3390 3948 3447 3993 et
3472 3942 3617 3993 anti-

2040 4026 2263 4095 quiores
2316 4026 2650 4094 Hieronymo
2711 4024 3072 4096 interpretes,
3129 4028 3225 4097 qui
3279 4030 3356 4082 sic
3418 4046 3515 4099 pro
3568 4034 3617 4087 si

2038 4117 2401 4187 scripserunt,
2434 4116 2540 4171 nisi
2560 4116 2911 4172 librariorum
2933 4119 3125 4173 menda
3154 4119 3342 4190 fuerit,
3374 4137 3610 4195 errasse,

2040 4224 2167 4264 cum
2199 4209 2568 4281 Hieronymus
2603 4210 2739 4278 ipse,
2773 4212 2820 4264 si
2863 4212 3003 4278 volo,
3035 4212 3261 4281 dixerit,
3294 4225 3347 4270 et
3390 4232 3487 4273 eos
3516 4221 3612 4288 qui

2040 4302 2434 4373 Hieronymum
2494 4310 2626 4357 sunt
2671 4303 2879 4368 secuti,
2918 4305 3153 4373 pristino
3207 4322 3309 4361 usu
3368 4311 3617 4381 corrupti

2042 4395 2316 4449 sermonis
2343 4396 2691 4465 pravalente,
2722 4396 2805 4449 vel
2825 4396 3207 4466 imperitorum
3232 4407 3615 4475 praesumptio-

366 4501 425 4538 se
454 4500 693 4552 manere,
729 4484 816 4540 hic
847 4500 999 4550 vero,
1025 4500 1136 4540 non
1162 4484 1284 4539 ideo
1309 4485 1390 4540 sic
1415 4485 1621 4541 dixisse
1646 4488 1937 4541 Dominum
1968 4497 2017 4557 ι)
2043 4500 2137 4551 ne,
2176 4488 2258 4540 vel
2291 4485 2505 4541 incuria
2530 4486 2905 4552 librariorum,
2943 4505 3044 4558 pro
3086 4492 3132 4543 si
3168 4491 3611 4567 llierouymiano,

365 4577 512 4645 quod
564 4578 639 4631 ita
690 4577 874 4640 vellet,
909 4575 1007 4631 sed
1049 4585 1109 4630 ut
1156 4576 1379 4631 Petrum
1434 4576 1764 4646 increparet.
1800 4578 1937 4632 Nam

367 4668 512 4735 quod
568 4677 843 4737 postremo
894 4669 1129 4733 addunt,
1184 4667 1528 4723 moriendum
1581 4671 1766 4738 potius
1816 4685 1941 4725 esse

325 4747 339 4873 ἰ
367 4775 528 4829 quam
558 4759 859 4829 quidquam
887 4760 954 4814 dc
972 4774 1129 4814 sacra
1144 4757 1426 4828 Scriptura
1449 4762 1939 4828 commutandum;

593 4866 748 4873 νη---
790 4865 904 4873 ---Δ
944 4851 1267 4873 .--ηωιιηω
1338 4856 1421 4873 ___,

322 4851 545 4925 fineque
591 4866 752 4921 posse
785 4865 908 4905 esse
939 4851 1293 4919 catholicum,
1330 4856 1425 4922 qui
1471 4856 1618 4909 hunc
1658 4857 1937 4925 Evangelii

301 4922 325 4946 ί
364 4942 544 4995 locum
579 4953 919 4997 commutare
948 4944 1377 5012 praesumpserit,
1412 4944 1732 5017 adduntque
1778 4962 1932 5011 eum,

365 5036 460 5104 qui
492 5036 598 5089 hoc
624 5050 792 5089 ausus
814 5035 1002 5102 fuerit,
1036 5036 1203 5091 etiam
1236 5038 1420 5107 pejora
1447 5038 1750 5106 facturum,
1790 5040 1836 5095 si
1886 5042 1935 5095 ei

362 5129 663 5182 auctoritas
692 5137 747 5183 ct
783 5129 927 5183 vires
974 5130 1324 5193 accesserint,
1350 5130 1453 5185 etsi
1485 5130 1612 5185 talia
1668 5133 1779 5186 sint
1817 5148 1939 5201 qua:

368 5236 467 5273 nos
499 5220 567 5273 ad
616 5220 789 5274 risum
839 5220 1023 5290 potius
1078 5231 1353 5286 moveant,
1396 5239 1557 5291 quam
1592 5225 1657 5278 ad
1710 5238 1941 5294 respon-

366 5315 530 5369 dehdi
590 5315 833 5370 laborem
905 5314 1364 5386 suscipiendum,
1433 5328 1613 5372 tamen
1667 5333 1734 5373 ne
1801 5320 1940 5373 hanc

2043 4580 2120 4633 sic
2169 4579 2305 4633 illud
2356 4578 2653 4647 pristinum
2708 4580 3043 4636 continuatis
3081 4585 3423 4654 temporibus
3476 4603 3610 4643 con-

2044 4669 2353 4739 scripsisse.
2385 4669 2491 4724 Sed
2551 4686 2654 4725 nos
2708 4671 2931 4729 quidem
2960 4689 3085 4729 cum
3118 4676 3615 4747 liieronymo,cuiu

2044 4763 2360 4816 sinceritate
2388 4762 2587 4817 Graaeze
2632 4767 2952 4832 scripturae,
3002 4781 3129 4819 cum
3158 4766 3364 4821 Graecis
3421 4770 3619 4824 docto-

2046 4856 2218 4919 ribus,
2258 4863 2317 4908 ut
2352 4854 2433 4908 fas
2463 4863 2567 4913 est,
2617 4856 2940 4921 sentientes,
2974 4854 3035 4910 Si
3078 4872 3197 4909 eum
3223 4857 3338 4910 volo
3380 4873 3616 4923 manere,

2042 4949 2308 5017 legamus,
2355 4947 2424 5000 ad
2460 4947 2695 5022 gloriam
2729 4949 2850 5015 ejus
2894 4948 2986 5016 qui
3036 4963 3133 5018 per
3180 4949 3615 5004 sacratissimum

2045 5039 2402 5107 Evangelista:
2425 5038 2654 5092 Joannis
2679 5053 2742 5092 os
2768 5037 2958 5094 Grazco
3002 5053 3258 5094 sermone
3300 5040 3613 5106 scribentis,

2045 5133 2163 5184 hate
2205 5132 2437 5199 loquens
2478 5128 2684 5199 absque
2718 5131 2827 5183 ulla
2861 5146 3087 5200 prorsus
3114 5131 3470 5201 ambiguitate
3499 5148 3620 5186 ver-

2044 5225 2261 5290 borum,
2284 5222 2339 5277 Si
2377 5239 2516 5289 eum,
2556 5223 2754 5292 inquit,
2790 5224 2905 5276 volo
2935 5239 3148 5278 manere
3183 5223 3347 5279 donec
3384 5225 3612 5293 veniam,

2042 5316 2167 5385 quid
2194 5316 2261 5368 ad
2300 5315 2393 5369 te?
2433 5314 2527 5381 Tu,
2558 5331 2771 5385 sequere
2813 5331 2911 5368 me.
