4136 6426
3671 324 3779 388 δη

3094 475 3259 487 ...ι-*λ-
3270 477 3540 489 ...α’-..αὴ
3557 476 3707 489 ’.ο-ιβ...

3356 492 3755 511 -ισ--σ--ιρ

889 640 2044 823 CARDINALIS
2133 634 3408 819 BESSARIONIS

1701 920 1808 981 AD
1848 918 2261 981 PRINCIPES
2305 920 2439 980 lTA
2455 920 2606 981 [ΗΕ

1110 1050 1221 1112 DE
1262 1046 1929 1111 CHRISTIANORUM
1965 1047 2226 1111 CLADE
2259 1049 2339 1109 IN
2379 1047 2788 1109 CHALCIDE
2836 1048 3175 1125 EUBCEIE,

854 1177 961 1243 DE
1002 1178 1410 1243 PERICULIS
1450 1177 1753 1241 ITALUE
1806 1177 2397 1242 IMMINENTIBUS
2426 1178 2922 1242 EXPUGNATO
2956 1178 3426 1257 HYDRUNTO,

1626 1301 1731 1363 DE
1761 1302 2160 1365 SEDANDIS
2203 1303 2659 1366 DISCORDHS

1406 1426 1512 1489 ET
1541 1425 2089 1490 DECERNENDO
2123 1428 2383 1491 BELLO
2430 1428 2508 1491 IN
2559 1427 2894 1501 TUBCAS,

1805 1569 2503 1662 ORATIONES

1156 1716 1394 1801 Quibus
1434 1722 1761 1804 subjicitur
1802 1724 2129 1806 persuasio
2173 1739 2253 1785 ex
2283 1720 2728 1786 Demosthenis
2778 1720 3177 1803 Olynthiaca.

504 323 606 395 stt
740 314 745 319 ’
1544 318 1981 381 ΟΠΛΤΙΟΝΕΞ
2039 322 2095 381 Ct

2194 312 2335 380 Ti‘tA
2392 312 2717 383 TURCAS.

520 470 3350 508 σὴψ-Ἥ.
1435 497 1442 507 ,
1509 497 1536 508 ,,
1620 475 3350 508 _..__._________W

593 2014 818 2075 Notatu
841 2010 925 2091 (1)
955 2016 1016 2073 et
1041 2011 1206 2074 lectu
1231 2008 1620 2089 dignissimas
1642 2014 1788 2074 sunt
1812 2006 2096 2089 epistolas
2114 2006 2281 2079 duae,
2304 2023 2448 2086 qute
2464 2006 2871 2071 Orationibus
2896 2009 3244 2087 praemissae
3268 2006 3564 2089 leguntur
3584 2007 3648 2069 in
3668 2023 3780 2070 co-

514 2108 654 2172 dice
686 2111 891 2187 Regio
935 2108 1316 2171 Taurinensi
1356 2125 1533 2170 num.
1577 2107 1755 2183 1165,
1800 2105 2156 2168 membran.
2194 2121 2342 2167 saec.
2384 2122 2500 2168 xv.
2541 2108 2691 2169 Cum
2737 2108 2903 2169 enim
2956 2108 3251 2171 Bessario
3310 2108 3629 2170 orationes
3670 2105 3782 2167 hes

512 2207 731 2268 Latine
759 2224 794 2269 a
822 2223 889 2268 se
920 2205 1311 2286 compositas
1339 2205 1617 2267 misisset
1655 2205 1730 2267 ad
1791 2203 2207 2265 Guilielmum
2256 2200 2601 2277 Fichetum,
2641 2204 3028 2279 Sabaudum,
3076 2210 3387 2267 rectorem
3446 2203 3778 2266 Universi-

513 2303 659 2364 tatis
694 2302 1091 2375 Parisiensis,
1126 2300 1324 2364 Sacra:
1361 2301 1705 2378 theologica
1732 2300 2088 2372 doctorem,
2122 2314 2193 2360 ac
2224 2299 2445 2373 virum,
2478 2307 2549 2361 ut
2590 2300 2781 2364 habet
2824 2304 3157 2366 Rossottus
3191 2303 3256 2364 in
3301 2300 3554 2381 Syllaba
3592 2300 3775 2364 Scri-

511 2410 769 2481 ptorum
802 2400 1266 2467 Sabaudorum.
1294 2416 1447 2481 pag.
1496 2398 1637 2475 250,
1671 2418 1968 2479 magnum
2004 2397 2320 2471 doctrina,
2356 2399 2712 2461 eruditione
2760 2409 2819 2461 et
2864 2401 3236 2481 prudentia,
3274 2408 3341 2463 ut
3374 2416 3475 2462 res
3506 2400 3582 2460 iis
3619 2414 3782 2461 con-

514 2503 721 2559 tentas
745 2497 1086 2559 Galliarum
1114 2496 1247 2575 regi
1270 2498 1545 2577 aliisque
1574 2496 1975 2577 principibus
1998 2492 2367 2571 explicaret,
2392 2512 2499 2557 eas
2525 2495 2850 2569 Fichetus,
2877 2496 2943 2557 in
2977 2497 3097 2559 hoc
3120 2498 3420 2559 volumen
3446 2496 3775 2561 collectas.

436 2576 439 2579 ’
514 2589 744 2653 obtulit
778 2592 1109 2654 Sabaudiaa
1140 2592 1440 2663 Ducibus.
1474 2593 1713 2674 scripta
1750 2576 1829 2656 ad
1862 2590 2125 2655 eosdem
2160 2589 2455 2667 epistola,
2491 2608 2620 2671 qua
2656 2609 2768 2654 eos
2805 2591 3114 2666 hortatur,
3149 2598 3217 2655 ut
3250 2592 3486 2654 bellum
3537 2588 3784 2653 fortiter

513 2696 872 2766 capessant,
926 2697 1116 2770 atque
1174 2690 1323 2752 aviti
1373 2689 1734 2771 splendoris
1764 2706 2083 2752 memores
2120 2704 2240 2768 pro
2276 2688 2587 2767 religione
2638 2698 2832 2770 atque
2889 2691 3081 2752 ltaliaa
3134 2692 3333 2753 salute
3380 2687 3785 2751 defendenda

512 2782 677 2846 vires
714 2802 858 2848 suas
889 2803 1280 2868 operamque
1311 2794 1637 2869 praestent.
1674 2791 1868 2851 Porro
1900 2791 2114 2850 autent
2152 2786 2552 2849 Bessarionis
2585 2786 2853 2867 epistola
2884 2795 2976 2849 est
3001 2786 3375 2868 hujosmodi
3410 2807 3429 2851 :

583 2928 1183 3004 Bcsssttto,episcopus
1211 2932 1555 3001 Sabinensis,
1592 2934 1892 2990 cardinalis
1920 2933 2099 2990 Nicze-
2124 2940 2174 3003 Α
2205 2931 2473 2987 orationis
2528 2930 2638 2985 vim
2698 2944 2761 2986 ac
2801 2928 3170 2999 praestantiam
3230 2927 3577 2997 desideretis,
3616 2946 3778 3000 quam

510 3038 641 3089 nus,
675 3023 984 3093 patriarcha
1018 3022 2017 3096 Constantinopolitanus,reverendo
2040 3034 2098 3080 et
2202 3034 2264 3082 ut
2303 3024 2620 3095 intelligatis
2664 3032 2871 3093 quanta
2923 3023 3189 3077 malorum
3238 3022 3478 3092 procella
3525 3023 3576 3077 in
3622 3022 3785 3077 Chri-

509 3114 832 3171 doctissimo
874 3116 1017 3187 patri
1066 3120 1330 3188 magistro
1371 3116 1679 3172 Guillertno
1709 3117 1970 3183 FICIIETO,
2007 3133 2098 3173 sa-

507 3222 617 3263 crae
650 3209 937 3281 theologia:
966 3211 1268 3281 professori
1297 3211 1353 3265 in
1387 3211 1618 3283 collegio
1649 3208 1913 3267 Sorhona:
1944 3210 2098 3265 Pari-

506 3300 599 3364 sii,
632 3302 811 3357 amico
842 3312 1033 3358 nostro
1056 3304 1407 3360 charissima.

582 3395 903 3453 Rcverende
952 3407 1011 3452 et
1057 3396 1379 3453 doctissime
1430 3396 1617 3464 Pater,
1670 3398 1848 3475 amice
1904 3404 2095 3452 noster

505 3486 857 3553 charissitne,
886 3486 1144 3541 audimus
1174 3502 1283 3541 non
1329 3486 1509 3541 solum
1559 3488 1612 3541 in
1658 3488 2007 3558 philosophia
2038 3499 2092 3545 et

508 3589 792 3629 sacrarum
831 3577 1145 3631 litterarum
1176 3580 1495 3649 cognitione
1530 3596 1626 3637 vos
1647 3583 1956 3642 elaborare.
1994 3579 2092 3633 sed

506 3668 673 3722 etiam
716 3670 771 3722 in
806 3668 1142 3738 eloquentiae
1172 3672 1373 3726 studiis
1399 3674 1729 3744 dicendique
1761 3676 1973 3730 ratione
1998 3676 2089 3731 diu
2139 3739 2147 3745 I

508 3770 783 3822 versatos,
814 3775 989 3829 caque
1025 3760 1260 3816 miritice
1294 3763 1613 3820 delectatos.
1648 3766 1770 3832 Quo
1802 3767 1855 3821 in
1888 3783 2091 3838 genere

392 3846 397 3921 ξ
506 3851 609 3904 etsi
642 3851 777 3904 nihil
818 3851 1088 3904 habemus
1112 3852 1258 3914 quod
1296 3868 1629 3925 magnopere
1660 3867 1864 3926 cupere
1887 3855 2092 3910 dehea-

511 3944 600 4008 tis,
658 3952 839 3997 tamen
896 3943 1113 3998 mittere
1159 3945 1460 4001 statuimus
1498 3947 1781 4001 orationes
1824 3950 2087 4018 quasdam

509 4032 614 4086 hoc
650 4042 897 4103 tempore
947 4048 977 4087 a
1026 4032 1188 4088 nobis
1237 4034 1419 4089 editas
1448 4050 1545 4104 pro
1576 4036 1922 4107 gravissimis
1945 4039 2093 4110 peri-

444 4120 453 4127 ’
509 4124 648 4177 culis
674 4139 794 4192 qua:
818 4124 983 4178 Italiae
1002 4122 1441 4196 Christianisque
1470 4128 1729 4183 omnibus
1754 4129 2045 4185 imminent
2070 4147 2085 4184 :

508 4230 618 4269 non
656 4215 829 4286 magis
869 4214 1092 4287 quidem
1128 4226 1187 4271 ut
1242 4217 1325 4272 vel
1367 4220 1642 4275 sermonis
1677 4220 1969 4290 puritatem
2002 4220 2087 4275 vel

2200 3118 2392 3174 stiante
2453 3116 2771 3190 reipublicae
2822 3117 3002 3186 capita
3055 3124 3112 3172 et
3166 3116 3419 3172 fortunas
3479 3117 3782 3188 impendet.

2199 3225 2428 3281 remque
2484 3219 2541 3265 et
2597 3208 2744 3280 apud
2805 3208 3223 3264 serenissitnum
3287 3225 3468 3283 regem
3530 3219 3588 3265 et
3640 3212 3785 3280 apud

2197 3302 2335 3357 alios
2371 3302 2465 3372 qui
2499 3317 2662 3373 opem
2713 3303 2789 3356 ita
2839 3301 3075 3357 maxime
3126 3302 3271 3358 ferre
3301 3304 3525 3365 debent.
3567 3315 3627 3359 ut
3660 3320 3789 3374 pos-

2196 3404 2361 3462 sunt,
2437 3394 2727 3465 explicetis
2789 3403 2959 3449 totam
3021 3408 3086 3450 ac
3136 3398 3517 3466 persuadeatis
3566 3418 3580 3454 :
3634 3399 3783 3469 quod

2196 3488 2379 3556 petius
2402 3486 2678 3553 ,acerbum
2705 3495 2813 3554 est,
2833 3502 2997 3557 quam
3024 3486 3340 3556 obscurum,
3396 3506 3503 3545 non
3549 3506 3783 3545 exarsu-

2200 3593 2319 3634 ram
2350 3578 2559 3633 Italiam
2601 3579 2769 3634 tantis
2814 3578 3083 3633 malorum
3122 3579 3418 3638 incendiis.
3450 3582 3583 3651 quin
3624 3583 3784 3638 flam-

2198 3686 2409 3725 marum
2462 3671 2655 3742 globos
2715 3672 2936 3743 longius
2985 3676 3231 3729 evomat.
3290 3672 3346 3726 ld
3402 3688 3473 3729 ne
3544 3677 3783 3746 accidat,

2195 3777 2320 3817 cum
2385 3778 2683 3835 regnorum
2750 3766 2998 3820 omnium
3066 3780 3231 3821 causa
3297 3774 3487 3836 optare
3553 3766 3780 3833 debent,

2194 3868 2427 3923 quorum
2454 3855 2602 3910 salus
2632 3855 2687 3909 in
2720 3855 3019 3911 discrimen
3047 3856 3362 3920 adducitur,
3401 3866 3517 3911 tum
3552 3869 3782 3929 propter

2193 3945 2559 4001 immortalem
2595 3948 2767 4002 Deum
2801 3948 2959 4018 cujus
3002 3949 3195 4019 religio
3225 3950 3578 4006 sanctissima
3616 3967 3781 4007 vexa-

2195 4047 2285 4093 tur
2312 4054 2376 4094 ac
2405 4040 2647 4095 trahitur
2674 4042 2739 4096 ad
2767 4042 3073 4112 interitum,
3110 4059 3302 4115 magna
3331 4044 3781 4103 Christianorum

2192 4133 2440 4187 omnium
2475 4134 2654 4191 clade.
2684 4134 2941 4191 Valete.‘~

2262 4222 2341 4278 Ex
2377 4222 2524 4282 Urbe
2550 4226 2640 4282 die
2664 4226 2877 4284 decima
2907 4230 3066 4286 tet-tia
3096 4230 3419 4287 Decembris
3454 4232 3615 4290 H70.

585 4340 884 4420 Sequitur
923 4337 1163 4401 Ficheti
1202 4339 1472 4420 epistola
1508 4342 1584 4403 ad
1615 4341 1947 4404 Sabaudim
1983 4341 2178 4404 duces
2212 4359 2227 4404 :

576 4460 973 4519 lllustrissimis
1002 4460 1351 4531 principibus
1377 4462 1600 4517 Antaeo
1632 4462 1932 4518 Sabaudia:
1958 4463 2084 4519 duci
2120 4468 2162 4528 Β
2191 4462 2348 4539 cipes
2378 4468 2517 4525 alios
2564 4470 2893 4528 Christiana:
2933 4471 3316 4530 defensionem
3357 4474 3641 4547 religionis
3681 4479 3777 4535 ad-

501 4558 733 4628 ejusqne
771 4556 1053 4621 fratribus,
1092 4552 1434 4610 Guillermtts
1476 4555 1767 4623 Ftcnsws,
1812 4556 2093 4612 Parisien-

501 4652 578 4705 sis
602 4648 888 4716 theologus
915 4650 1131 4712 doctor,
1161 4646 1340 4714 patria
1365 4661 1495 4701 vero
1516 4647 1827 4716 Sabaudus,
1850 4648 2087 4704 salutem

501 4743 794 4814 plurimam
826 4739 1064 4810 plurimo
1094 4753 1221 4793 cum
1265 4739 1476 4793 honore
1510 4740 1701 4794 mittit.

570 4833 628 4887 Si
671 4829 1011 4889 screnissimi
1055 4830 1336 4899 principes
1376 4842 1577 4887 vestrae
1617 4832 1950 4889 desideratis
1982 4850 2084 4889 ex-

498 4928 658 4982 celsa:
697 4925 917 4980 familia:
948 4938 1150 4980 nomen
1183 4924 1237 4977 in
1268 4923 1388 4980 dies
1416 4926 1585 4980 altius
1626 4928 1915 4994 extollere,
1954 4945 2085 4997 pro-

502 5019 645 5072 fecto
688 5028 927 5072 vestram
957 5014 1397 5087 Cltristianarque
1461 5018 1782 5089 reipublica:
1836 5037 2085 5089 causam,

501 5125 665 5179 quam
692 5109 855 5181 hujus
883 5109 1133 5178 opusculi
1155 5111 1486 5166 suavissima
1516 5113 1681 5168 lci-tio
1716 5129 1810 5169 vos
1835 5114 2083 5177 docebit.

504 5204 711 5257 alacres
735 5198 1099 5271 accingemini
1124 5216 1461 5273 cognoscere
1490 5204 1881 5274 cognitamquc
1914 5212 2080 5264 turri.

502 5289 768 5355 Bessatio,
800 5294 1123 5349 Sabinensis
1146 5295 1462 5365 episcopus,
1496 5294 2070 5368 Constantinopolita-

501 5398 603 5437 nus
637 5383 967 5451 patriarcha,
1011 5402 1180 5456 quem
1228 5387 1390 5456 vulgo
1418 5387 1703 5445 Nica'nnm
1739 5392 2080 5447 cardinaletn

498 5477 803 5546 appellant,
837 5475 1022 5545 operis
1047 5480 1154 5546 sui,
1192 5480 1340 5549 quod
1369 5482 1486 5551 ipse
1511 5498 1658 5537 nunc
1678 5484 1747 5537 ad
1771 5499 1869 5539 vos
1894 5486 2079 5552 ntittn,

500 5568 632 5623 tttilti
659 5570 772 5639 jam
820 5567 1034 5639 pridem
1066 5572 1346 5640 exemplar
1384 5573 1539 5628 reddi
1580 5575 1767 5645 jussit,
1801 5576 2079 5649 simulque

502 5660 762 5730 praecepit
793 5668 850 5715 ut
878 5659 1022 5729 apud
1057 5658 1591 5719 ChriStianissitnunt
1628 5682 1811 5737 regem
1844 5678 1900 5725 ct
1931 5672 2083 5741 prin-

484 5864 489 5867 ν
569 5804 640 5868 (ι)
663 5803 844 5863 Pasini,
874 5806 1164 5856 Codd.mss.
1199 5801 1404 5854 Tuurin.
1438 5807 1561 5865 Lat,
1603 5809 1788 5874 μεθ).

828 5895 1107 5983 ιἈτιωι..
1158 5899 1272 5958 Gn.
1330 5896 1422 5957 CL
1438 5898 1545 5957 XI.

2194 4578 2388 4621 versus
2428 4565 2891 4620 immanissimum
2942 4564 3188 4620 Turcum
3231 4567 3547 4635 suaderem,
3581 4584 3776 4641 quem-

2195 4656 2491 4711 admodum
2523 4656 2674 4713 illius
2699 4657 2768 4712 ad
2802 4671 2890 4712 me
2913 4656 3114 4713 litteris
3142 4661 3508 4729 cognoscetis.
3540 4660 3776 4727 lutert-a,

2191 4750 2413 4805 tametsi
2456 4758 2672 4804 tantum
2708 4749 2858 4804 illius
2904 4749 3109 4807 fascem
3158 4751 3377 4809 humeri
3422 4752 3640 4823 fragiles
3674 4764 3779 4809 mei

2192 4842 2353 4897 initio
2387 4844 2737 4912 recusabant,
2770 4853 2954 4901 tamen
2984 4845 3118 4903 vicit
3147 4847 3202 4901 in
3233 4848 3428 4917 primis
3452 4848 3780 4905 Christianum

2192 4935 2478 5007 religionis
2511 4952 2668 4993 amor
2692 4949 2744 4992 et
2774 4937 3038 5012 dignitas,
3069 4941 3123 4995 in
3154 4956 3263 5011 qna
3287 4957 3398 4996 non
3429 4950 3639 4998 tantum
3670 4943 3776 4997 ini-

2194 5032 2365 5087 tiatus
2391 5047 2514 5086 sum
2551 5040 2610 5087 ut
2642 5034 2850 5102 czcteri,
2883 5051 3078 5091 verum
3124 5036 3264 5093 hanc
3293 5038 3459 5092 etiam
3503 5039 3556 5093 in
3588 5039 3780 5094 docto-

2193 5116 2324 5171 ralis
2367 5134 2503 5174 mea:
2554 5121 2919 5189 professionis
2965 5126 3315 5195 susteptione
3351 5128 3642 5181 ducturum
3690 5145 3777 5183 ttte

2192 5208 2665 5278 defensurumque
2716 5220 2895 5267 morte
2938 5213 3249 5283 posrhabita
3311 5215 3600 5284 5p0p0tttli.
3638 5215 3778 5271 Vicit

2190 5302 2358 5358 etiam
2391 5305 2718 5373 gravissima
2753 5304 3101 5362 Bessarionis
3128 5310 3299 5378 patris
3333 5311 3657 5377 auctoritas,
3690 5318 3776 5367 cui

2191 5402 2296 5467 pro
2324 5398 2590 5468 singulari
2624 5414 2723 5453 sua
2758 5399 3028 5469 dignitate
3067 5403 3528 5472 sanetissimoquc
3561 5404 3782 5459 deside-

2191 5490 2275 5543 rio
2309 5489 2499 5543 defore
2549 5490 2765 5545 labores
2808 5508 2961 5546 meos
3004 5510 3111 5548 non
3158 5495 3354 5564 patiar,
3412 5498 3503 5548 sed
3561 5514 3627 5550 ne
3658 5499 3779 5551 vita:

2189 5580 2412 5650 quidem
2463 5580 2516 5634 in
2555 5591 2662 5635 tant
2688 5592 3004 5652 opportuno
3038 5586 3263 5655 negotio
3296 5587 3483 5644 subire
3511 5592 3778 5647 recusabo

2190 5664 2513 5731 discrimen.
2535 5674 2681 5731 Vicit
2705 5686 2973 5745 praeterea
2999 5693 3162 5749 quam
3190 5679 3316 5736 inde
3341 5681 3580 5738 futuram
3606 5685 3779 5741 multo

3222 5906 3291 5967 21
