4136 6426
392 331 498 392 lii
1349 330 1856 390 BESSAiiIJNlS
1907 333 1944 389 ὃ
2008 330 2075 393 Ii.
2126 332 2187 392 E.
2236 333 2700 393 CARDINALIS

3529 303 3636 396 tu

395 450 652 519 Iti'.tjul‘t‘lll
683 447 910 501 eset-lsi:
942 445 1138 498 deuius
1173 453 1367 497 vostrae
1403 444 1626 510 gloriam
1661 459 1822 510 spero
1845 457 1938 496 cer
1996 449 2037 504 Α
2069 445 2302 513 act-epit.
2357 444 2420 497 Et
2465 443 2610 512 quod
2663 440 3080 510 pra‘eelleutiOri
3134 441 3382 498 Pontifex
3441 448 3638 502 merito

397 542 716 608 tissimeque
744 538 1015 608 conjecto.
1047 537 1335 604 Tantisper
1364 548 1542 588 Iaunen
1570 535 1800 602 exsequi
1840 549 1962 601 quae
2002 575 2005 581 .

393 634 733 699 jubebantur
783 628 1080 694 intermisi,
1120 627 1252 681 dum
1301 627 1389 680 hic
1421 639 1478 682 et
1515 627 1638 680 istic
1674 623 1965 678 domestici

400 725 527 778 belli
559 738 810 778 rumores
835 721 1169 790 compositos
1202 730 1355 776 c--rto
1377 730 1789 786 cognoscerem.
1809 714 1968 772 Nunc

353 861 356 864 .
395 834 529 872 vero
560 818 615 869 iu
644 827 888 885 tempore
913 827 1024 868 non
1058 805 1426 873 committam,
1450 818 1511 863 ut
1545 819 1638 864 aut
1671 823 1969 879 parumper

399 911 643 968 doluisse
696 906 1024 978 professioni
1073 920 1206 959 mea:
1253 905 1376 974 jure
1409 919 1695 972 ecartuar,
1733 912 1828 958 aut
1870 902 1968 958 Ni-

398 1023 554 1060 Cu'tto
588 1001 736 1058 Patri
773 1015 872 1071 pro
905 997 1048 1052 virili
1083 1013 1200 1052 mea
1235 1007 1390 1066 parte
1428 1012 1533 1052 rion
1566 996 1835 1065 paruisse,
1873 997 1972 1050 aut

397 1096 544 1166 quod
616 1109 757 1163 opus
819 1090 1036 1146 caeteris
1088 1089 1389 1142 Galliarum
1445 1086 1973 1157 Germaniarumque

402 1165 767 1256 principibus,
813 1191 868 1237 ct
912 1182 1039 1235 aliis
1075 1165 1209 1234 viris
1253 1179 1644 1248 praestantibus
1675 1179 1811 1233 alias
1854 1179 1974 1247 ipse

401 1293 586 1330 coram
640 1275 865 1330 exhibui
911 1272 1159 1342 dedique
1209 1270 1614 1338 compluribus,
1654 1269 1788 1324 alias
1835 1271 1975 1323 meis

404 1385 530 1422 cum
589 1367 795 1422 litteris
840 1366 988 1428 misi,
1040 1363 1246 1416 aliasve
1296 1360 1450 1416 brevi
1495 1360 1764 1414 missurus
1813 1373 1974 1416 sum.

338 1501 347 1509 .
405 1457 613 1512 Vestris
633 1455 822 1510 videar
845 1452 1248 1510 Serenitatibus
1274 1450 1582 1504 occuluisse
1615 1467 1630 1514 ;
1662 1450 1967 1518 praesertim

404 1566 528 1603 eum
571 1547 773 1601 bellum
813 1545 958 1615 quod
1000 1543 1070 1598 ab
1099 1543 1357 1598 munibus
1397 1541 1732 1600 Christianis
1788 1550 1978 1596 utouet

405 1642 665 1697 [ﬂeasario
715 1638 943 1709 perﬁdis
986 1636 1239 1691 hostibus
1290 1635 1482 1688 inferri
1513 1677 1528 1699 ,
1562 1635 1767 1687 nullius
1812 1648 1976 1702 quam

406 1745 584 1787 vestra
641 1731 812 1801 magis
878 1728 1116 1788 intersit,
1162 1726 1367 1795 quippe
1416 1725 1618 1794 quibus
1674 1724 1978 1778 domestica

2070 549 2258 615 postea
2314 538 2484 593 voluit
2534 539 2824 607 electionis
2865 541 2988 610 jure
3048 541 3319 606 mandari,
3368 552 3636 612 tauquam

2072 628 2420 688 luerulitaria
2464 631 2774 685 Saxonibus
2807 631 3171 700 pmcclientia
3195 632 3423 695 fuisset,
3456 633 3644 687 multis

2071 718 2293 774 sarculis
2337 719 2558 776 assidua
2607 720 2826 791 imperii
2860 721 3070 788 eiectio,
3107 720 3392 780 Saxonicis
3430 722 3646 777 aedibus

2074 809 2344 878 hospitata
2373 821 2477 872 est,
2508 811 2618 865 imo
2646 813 3042 882 propemodum
3074 813 3424 868 haereditaria
3456 814 3644 883 potius

2071 899 2236 955 facta.
2265 901 2720 971 Qiatndoquidem
2753 919 2861 958 nou
2893 913 3003 959 tam
3037 920 3066 957 a
3093 904 3309 973 proavis
3331 904 3646 959 Macedoni-

2073 990 2179 1046 bus
2199 1008 2230 1046 a
2260 993 2464 1062 quibus
2490 1003 2738 1064 «sperat
2765 1011 2832 1049 eo
2862 1009 2922 1052 se
2943 995 3171 1064 reCepit,
3205 996 3302 1050 sed
3333 995 3403 1050 ob
3427 995 3643 1066 egregia

2073 1101 2295 1157 quoque
2349 1087 2557 1142 militiae
2598 1086 2838 1142 facinora
2879 1088 3229 1158 Splendorem
3277 1087 3406 1161 alibi
3456 1101 3644 1157 parem

2075 1187 2269 1248 postea
2302 1193 2409 1231 non
2453 1179 2683 1232 invenit.
2709 1177 2843 1232 Nam
2871 1180 3012 1233 Saxo
3041 1180 3390 1248 principibus
3431 1179 3552 1233 aliis
3579 1180 3645 1230 ad

2078 1268 2336 1328 tuendam
2373 1270 2773 1338 rempublicam
2809 1270 3204 1334 Christianam,
3236 1271 3438 1323 nedum
3471 1272 3651 1338 priva-

2080 1370 2188 1416 tam
2245 1377 2303 1418 se
2359 1378 2580 1431 semper
2625 1363 2880 1432 exeuiplo
2929 1362 3239 1433 proposuit.
3291 1362 3444 1427 Quod
3485 1363 3649 1415 etiam

2080 1463 2265 1524 postea
2298 1453 2402 1508 fuit
2433 1456 2500 1508 ad
2532 1456 2635 1509 hoc
2669 1467 2885 1526 tempus
2927 1471 2957 1510 a
3000 1454 3272 1510 Sabaudis
3306 1454 3653 1525 principibus

2079 1544 2445 1596 successionis
2467 1544 2591 1613 jure
2626 1559 2970 1613 possessum,
3006 1544 3110 1599 hoc
3137 1555 3242 1607 est,
3273 1553 3330 1596 ut
3354 1543 3648 1612 imperium

2079 1633 2228 1704 justo
2279 1635 2428 1690 bello
2478 1635 2582 1690 sibi
2619 1638 2842 1707 suisque
2893 1645 3174 1707 pararent,
3213 1636 3430 1705 publica
3463 1636 3648 1690 cuiui-

2083 1734 2280 1778 uenter
2305 1725 2560 1795 justeque
2607 1736 2886 1796 regerent,
2921 1728 3099 1781 aliena
3148 1726 3352 1780 tuendo
3389 1724 3654 1779 domesti-

403 1831 614 1897 jactura
668 1785 922 1878 etvillata
972 1821 1193 1875 familiae
1235 1819 1569 1872 contumelia
1605 1816 1863 1872 stimulus
1907 1815 1976 1871 ad
2009 1785 2054 1850 Β
2081 1828 2174 1868 cas
2198 1829 2332 1884 Opes
2359 1825 2645 1886 augerent,
2681 1817 2840 1873 factis
2878 1820 3076 1872 faniam
3100 1816 3464 1872 extenderent
3491 1817 3562 1870 lo:
3587 1831 3653 1884 ge

410 1922 515 1974 hoc
563 1917 768 1974 bellum
799 1929 926 1970 esse
973 1912 1216 1967 debebit.
1259 1911 1558 1965 Enimvero
1590 1925 1696 1963 nou
1746 1922 1978 1977 recupe-

400 2011 562 2064 randi
593 2008 768 2062 solum
815 2003 1037 2076 Cyprici
1088 2003 1267 2073 regni,
1300 2001 1396 2058 sed
1443 1998 1723 2056 Armenici
1755 2013 1979 2070 quoque

403 2117 460 2160 et
493 2098 971 2172 llierosolymitani
1009 2097 1163 2150 vobis
1193 2095 1390 2162 debiti,
1417 2094 1576 2148 vobis
1605 2093 1808 2164 erepti,
1847 2092 1980 2148 reli-

404 2213 511 2266 qua
540 2195 803 2249 nimirum
837 2191 944 2246 ista
974 2190 1284 2245 certissima
1329 2202 1454 2257 spes
1487 2197 1588 2242 est.
1627 2185 1771 2252 Quin
1802 2185 1980 2253 cupiis

345 2260 358 2274 ’
407 2260 607 2342 vestris
633 2284 908 2354 simulque
933 2281 1378 2338 Christianorum
1409 2277 1656 2331 omnium
1684 2291 1823 2346 quas
1849 2276 1982 2330 Bes-

405 2381 554 2435 sario
594 2387 811 2434 vestros
858 2376 911 2430 in
941 2377 1134 2429 hostes
1166 2373 1277 2426 ciet
1309 2379 1368 2427 et
1415 2377 1612 2434 armat,
1658 2367 1805 2423 haud
1850 2381 1982 2423 sane

407 2473 626 2527 diﬁieile
675 2470 844 2526 fuerit
890 2467 1314 2540 opulentissima
1346 2475 1526 2521 vestra
1561 2477 1730 2533 regna
1759 2459 1983 2531 perﬁdis

411 2569 446 2620 il
475 2567 522 2620 is
569 2563 926 2635 praedonibus
980 2559 1125 2630 eripi
1171 2559 1446 2628 vobisque
1496 2555 1736 2612 restitui.
1791 2553 1983 2623 Neque

412 2655 671 2711 vincendi
729 2655 965 2709 facultas
993 2650 1232 2708 antehac
1271 2647 1380 2704 fuit
1430 2648 1603 2718 major
1631 2654 1726 2700 aut
1757 2645 1985 2716 posthac

407 2746 566 2798 vobis
616 2743 876 2798 adfutura
909 2750 1014 2807 est,
1059 2748 1252 2810 utpote
1293 2746 1372 2794 tot
1410 2752 1517 2791 una
1551 2737 1717 2790 domo
1750 2735 1987 2790 lectissi-

386 2819 514 2894 suis
544 2837 806 2892 fratribus
835 2834 1104 2904 sanguine
1155 2831 1300 2885 natis
1345 2831 1634 2900 praecelso,
1675 2837 1836 2882 a-tate
1878 2827 1983 2880 flo-

406 2930 746 2994 rentissima,
776 2925 1143 2998 magnanimis
1162 2921 1547 2986 bellatoribus,
1567 2918 1714 2974 domi
1745 2917 1988 2989 forisque

409 3039 544 3092 pace
578 3019 915 3075 fruentibus.
940 3013 1171 3070 summis
1199 3012 1454 3077 ducibus,
1479 3010 1712 3066 summis
1739 3011 1985 3083 regibus.

2077 1905 2318 1977 lateque.

2151 2001 2297 2070 Haec,
2328 2001 2671 2059 Serenissimi
2708 2003 3014 2073 Principes,
3060 2017 3183 2057 cum
3218 2001 3411 2073 legetis
3447 2000 3531 2057 vel
3568 1999 3656 2055 iu-

2079 2105 2232 2152 teme
2259 2097 2528 2167 legentem
2576 2096 2892 2166 quempiam
2940 2095 3252 2157 audieritis,
3285 2103 3402 2149 tum
3443 2094 3654 2163 primo-

2081 2203 2196 2242 rem
2229 2187 2454 2257 quidem
2495 2188 2647 2255 illuru
2684 2186 2952 2242 Subaudae
3000 2198 3168 2258 caput
3214 2187 3432 2242 familia-
3461 2186 3653 2242 Berol-

2081 2279 2210 2336 dum
2255 2278 2528 2334 Saxonem
2575 2295 2760 2334 coram
2803 2281 2984 2335 oculis
3027 2281 3232 2350 ponite.
3265 2295 3473 2350 quasso.
3523 2279 3650 2342 late,

2082 2387 2244 2443 quem
2263 2373 2493 2428 summis
2513 2373 2698 2444 digitis
2726 2381 2784 2428 ut
2807 2375 2962 2431 aiunt
2984 2382 3193 2432 tantum
3213 2375 3502 2443 attingam,
3524 2373 3653 2432 dum

2080 2465 2496 2523 Arclateusibus
2528 2466 2778 2538 regibus,
2840 2479 2900 2524 ut
2933 2478 3055 2524 erat
3085 2467 3339 2538 bellator
3381 2467 3657 2537 egregius,

2083 2557 2252 2614 semel
2284 2571 2341 2613 et
2385 2557 2586 2628 sacpius
2629 2560 2911 2628 suppetias
2939 2559 3084 2624 tulit,
3127 2559 3288 2618 sedes
3335 2557 3542 2613 interea
3578 2558 3663 2611 fu-

2087 2658 2223 2705 tura:
2255 2661 2362 2706 tam
2409 2651 2605 2721 amplae
2644 2667 2760 2708 suae
2807 2651 3024 2710 familiae
3057 2665 3322 2707 mucrone
3357 2651 3660 2722 clypeoque

2086 2741 2322 2806 invenit.
2357 2743 2720 2812 iuventaeque
2763 2742 2949 2798 hostili
2978 2758 3173 2798 cruore
3203 2743 3400 2797 iterum
3437 2745 3664 2806 iterum-

2086 2850 2193 2905 que
2228 2835 2513 2904 respersit.
2560 2836 2654 2889 Illa
2685 2835 3005 2889 Maurianna
3047 2844 3211 2889 tanta
3243 2834 3659 2888 fundamentum
3725 2851 3728 2857 ·

2089 2927 2289 2981 domus
2341 2936 2538 2980 vestrae
2589 2927 2776 2994 (quam
2835 2933 3036 2978 terram
3088 2924 3237 2978 ferro
3280 2923 3443 2977 toties
3493 2936 3662 2992 pere-

2091 3018 2302 3082 travit‘,
2345 3015 2422 3069 illi
2456 3013 2719 3070 Secusani
2768 3013 3046 3070 Salueiaui
3095 3014 3447 3069 marchiocs
3493 3015 3664 3068 comi-

413 3115 646 3170 summis
673 3109 1100 3182 imperatoribus
1131 3105 1365 3171 foedere,
1401 3104 1668 3160 beneﬁcio
1701 3105 1980 3174 stirpequc
2014 3125 2057 3184 ο
2094 3115 2282 3175 tcSque
2304 3105 2699 3161 Pedemontaui
2734 3105 2898 3176 (quos
2928 3109 3090 3163 toties
3119 3107 3312 3174 fudit),
3348 3109 3480 3177 quid
3529 3124 3665 3177 prm-

410 3205 743 3275 conjuuctis,
777 3201 1035 3255 Ecclesiae
1071 3207 1274 3254 sam-tae
1311 3197 1576 3252 Romana:
1607 3196 1984 3260 amicissimis,

408 3297 677 3353 Pontifice
700 3293 938 3350 maximo
962 3308 1070 3346 non
1099 3290 1278 3346 solum
1302 3289 1513 3359 Optimo
1533 3298 1588 3344 et
1609 3289 1984 3356 sanctissimo,

410 3389 507 3446 sed
541 3395 596 3443 et
637 3397 999 3442 conterraneo
1034 3390 1091 3435 et
1120 3379 1290 3434 vestri
1335 3379 1552 3449 generis
1583 3379 1984 3443 amantissimo,

407 3491 467 3537 et
499 3481 551 3535 in
574 3479 679 3534 hoc
703 3473 1059 3532 couﬁcicndo'
1075 3472 1221 3526 bello
1244 3470 1386 3526 duce
1413 3469 1678 3538 socioque
1700 3469 1985 3523 vobiscum

408 3571 692 3628 adfuzuro.
733 3566 874 3635 Quin
929 3565 976 3620 si
1014 3563 1243 3634 pergitis
1293 3576 1444 3616 arma
1494 3575 1809 3631 capesse-re,
1864 3575 1989 3615 nui:

409 3681 628 3720 omuem
661 3664 771 3718 Ger
795 3661 1034 3722 naniam,
1067 3656 1325 3720 Galliam,
1368 3655 1714 3726 Hesperiam,
1749 3654 1984 3721 italiam,

417 3774 638 3819 onmem
672 3754 913 3824 denique
963 3752 1208 3807 animum
1241 3739 1622 3802 Christianum
1669 3756 1882 3802 vestros
1931 3747 1986 3800 in

415 3853 603 3906 hostes
639 3845 972 3910 incendetis,
1005 3855 1251 3897 vestrum
1290 3843 1343 3895 in
1375 3855 1621 3894 amorem
1651 3839 1989 3908 tutelamque

411 3933 660 4013 repletis.
709 3941 964 4013 Optimus
1021 3939 1255 3993 bellator
1311 3937 1548 4006 quisque
1595 3935 1752 4004 signa
1804 3943 1988 3988 vestra

405 4037 641 4101 subibit,
674 4033 923 4090 tuebitur
953 4045 1118 4102 atque
1149 4031 1396 4086 extollet.
1429 4029 1580 4084 Crux
1611 4029 1716 4082 ista
1750 4028 1985 4082 calidida

419 4147 515 4201 per
544 4143 764 4184 omnem
800 4126 1088 4188 Graeciam,
1124 4125 1272 4179 utide
1313 4123 1590 4193 quondam
1627 4119 1852 4174 domum
1899 4135 1991 4173 ve-

410 4233 580 4278 stram
629 4236 692 4278 se
727 4219 1008 4276 Victricem
1047 4219 1342 4284 extulerat,
1373 4217 1562 4272 hostes
1597 4215 1721 4271 ﬁdei
1753 4215 1993 4270 elfuhui-

411 4317 588 4381 nabit,
631 4329 662 4370 e
686 4313 975 4377 servitute,
1014 4312 1146 4378 situ,
1171 4310 1450 4381 squalore,
1474 4309 1652 4375 luctu,
1672 4309 1993 4364 carceribus

410 4409 755 4469 Christianos
780 4403 1048 4462 dissolvet
1075 4401 1537 4474 quamplurimos.
1583 4401 1775 4456 Denuo
1806 4401 1991 4458 illaec-

2072 3208 2177 3255 'ter
2211 3198 2570 3254 Beroldinum
2620 3213 2809 3254 ensem
2861 3218 2992 3256 acre
3041 3217 3281 3272 unquam
3325 3200 3664 3256 senserunt?

2089 3294 2357 3349 Nimirum
2408 3293 2523 3350 haec
2571 3310 2659 3349 me
2712 3305 2924 3352 lacerate
2975 3295 3274 3366 loquantur
3325 3297 3426 3350 illi.
3467 3297 3657 3364 Neque

2089 3380 2333 3442 silebant
2357 3403 2464 3457 qua
2493 3388 2666 3456 gloria
2704 3390 2934 3444 militari
2959 3391 3174 3446 Beroldi
3206 3391 3350 3445 ﬁlius
3382 3387 3656 3443 lltunber-

2091 3488 2182 3534 tus
2231 3490 2418 3550 postea
2469 3479 2657 3542 fuerit,
2705 3492 2801 3550 aut
2831 3483 3105 3538 Ama-deus
3135 3483 3296 3548 alter,
3328 3493 3423 3536 aut
3451 3498 3654 3553 prooe-

2073 3585 2246 3644 -potes
2268 3590 2407 3646 quos
2435 3575 2596 3646 longa
2616 3577 2761 3630 serie
2786 3589 3056 3647 praetereo
3083 3595 3095 3630 :
3121 3577 3214 3647 qui
3239 3576 3435 3631 bellica
3463 3577 3665 3647 quippe

2091 3667 2255 3724 laude
2287 3669 2497 3737 magnis
2529 3669 2750 3739 regibus
2775 3660 2994 3726 etiamsi
3029 3671 3283 3726 maximis
3310 3673 3666 3727 conferantur

2093 3755 2331 3825 impares
2362 3761 2707 3828 nequaquam
2743 3759 2994 3814 fuerunt.
3031 3761 3210 3832 Atque
3244 3763 3348 3816 nisi
3386 3763 3522 3817 tales
3553 3757 3670 3816 tau?

2097 3848 2246 3916 tique
2273 3848 2527 3916 fuissent,
2559 3853 2880 3923 neutiquam
2916 3853 3048 3907 istas
3076 3869 3212 3924 Opes
3247 3855 3398 3911 domi
3431 3859 3669 3914 babere-

2095 3943 2184 4006 tis,
2220 3944 2542 4013 neutiquam
2586 3945 2721 4000 istas
2755 3945 2924 3998 urbes
2969 3947 3443 4016 upulcntissimas,
3486 3955 3670 4006 neuti-

2095 4052 2258 4106 quam
2292 4037 2359 4091 ad
2408 4037 2711 4105 Helvetios,
2743 4039 3092 4112 Allobroges,
3133 4043 3372 4109 Ararim,
3407 4055 3667 4113 transque.

2096 4127 2304 4185 Padum
2341 4129 2408 4184 ad
2444 4129 2705 4185 Insubres
2745 4141 2802 4186 et
2841 4131 3130 4187 Nicianum
3171 4138 3410 4205 atquoris
3448 4148 3664 4205 portum

2095 4231 2342 4277 vestrum
2381 4223 2706 4278 tenderetur
2736 4223 3030 4294 imperium
3059 4241 3077 4289 ;
3106 4237 3426 4296 perpetuam
3454 4231 3669 4301 Imperii

2095 4315 2361 4372 vicariam
2396 4315 2652 4372 Sabauda
2687 4317 2887 4373 domus
2917 4335 3027 4374 non
3069 4320 3382 4388 obtineret;
3409 4339 3473 4378 ex
3498 4326 3672 4379 comi-

2099 4407 2246 4465 tibus
2285 4407 2477 4475 duces,
2503 4425 2572 4463 ex
2606 4408 2844 4485 ducibus
2886 4413 3105 4482 reginas
3146 4400 3422 4486 regesque.
3449 4433 3554 4470 non
3587 4419 3673 4470 fn-

412 4504 586 4558 dones
615 4498 953 4568 Amadeique
982 4495 1149 4551 vestri
1175 4504 1378 4565 tropaea
1405 4493 1690 4564 imponent
1716 4509 1814 4550 sua
1845 4494 1984 4556 Cra:-

2098 4500 2334 4557 dissent.
2376 4500 2812 4572 Haudquaquam
2846 4505 2990 4559 enim
3026 4507 3326 4562 oscitantes
3361 4507 3444 4579 (ut
3476 4509 3672 4576 pleris-

413 4596 496 4651 cis
548 4592 842 4648 limitibus.
904 4589 1073 4646 Vobis
1119 4588 1394 4658 siquidem
1439 4602 1547 4643 non
1605 4587 1770 4642 modo
1819 4603 1993 4658 genus

411 4686 857 4759 antiquissimum
895 4699 925 4738 a
970 4681 1362 4738 Macedon-ibus
1389 4689 1496 4746 est,
1540 4695 1729 4737 verum
1770 4697 1994 4752 quoque

414 4781 714 4848 gentilibus
768 4764 1194 4834 vestris'fatale
1252 4777 1357 4831 fuit
1405 4775 1632 4832 Graecia:
1690 4777 1992 4832 dominari.

415 4873 628 4928 litt-uim
682 4887 922 4941 proavus
972 4869 1062 4924 ille
1110 4877 1289 4922 vester
1333 4868 1621 4938 Philippus
1669 4876 1839 4924 armis
1887 4869 1993 4924 sibi

414 4981 638 5034 sua-quc
668 4964 888 5017 fauniliae
910 4959 1447 5032 subjecit'Cracriam
1478 4975 1721 5014 onmem.
1752 4961 1992 5016 Alexan-

413 5059 536 5120 der,
569 5056 688 5126 ejus
737 5056 899 5120 ﬁlius,
939 5054 1032 5122 qui
1072 5053 1286 5122 imperti
1315 5051 1405 5122 jus
1451 5069 1480 5105 a
1532 5064 1685 5122 patre
1722 5041 1989 5124 percepit,

415 5159 528 5202 tum
556 5148 883 5202 latissimum
906 5155 1176 5200 terrarum
1203 5144 1392 5198 orbem
1425 5145 1815 5201 Macedonibus
1849 5146 1992 5202 bello

411 5239 684 5309 quaesivit,
743 5240 899 5306 cujus
951 5237 1390 5308 splendidissima
1454 5242 1706 5309 prosapia
1759 5255 1987 5310 quoqup

412 5343 599 5402 postea
632 5347 690 5387 se
739 5331 972 5387 contulit
1021 5346 1241 5400 semper
1281 5330 1562 5385 dominata
1596 5341 1700 5386 est.
1749 5332 1885 5386 Nam
1937 5335 1991 5387 in

414 5424 562 5477 omni
590 5433 862 5478 terrarum
894 5430 1068 5490 parte,
1103 5419 1303 5475 nedum
1340 5421 1392 5474 in
1426 5420 1658 5483 Graecia,
1688 5421 1856 5492 stirps
1884 5421 1994 5476 Ma-

409 5517 672 5573 cedonica
713 5531 877 5586 regna
918 5514 1289 5584 pulcl'erriuie
1327 5515 1521 5581 gessit.
1570 5515 1712 5579 Quin
1752 5516 1919 5570 etiam
1961 5532 1990 5571 a

411 5608 616 5663 Graecis
647 5618 1016 5674 posteaquam
1067 5620 1265 5659 nomen
1303 5604 1522 5675 imperii
1566 5605 1632 5659 ad
1688 5605 1993 5662 Germanos

414 5698 632 5766 trajecit
662 5698 911 5752 Pontifex
957 5697 1248 5762 maximas,
1279 5696 1590 5750 Othonibus
1621 5697 1674 5752 in
1710 5697 1987 5752 Saxonum

415 5790 558 5844 avita
593 5799 770 5844 vestra
798 5790 961 5843 domo
991 5790 1142 5857 longa
1184 5805 1384 5858 qmppe
1416 5789 1768 5844 successione
1803 5773 2008 5846 sedent

2098 4609 2204 4663 que
2232 4593 2575 4666 principibus
2600 4596 2735 4650 vitio
2753 4597 2960 4666 datur),
3000 4605 3097 4652 aut
3125 4597 3450 4654 domesticis
3479 4603 3671 4658 litibus
3699 4601 3702 4608 ’

2099 4682 2349 4752 impliciti
2389 4687 2555 4740 vitam
2590 4686 2868 4754 vixerunt;
2899 4698 2955 4741 at
2983 4703 3113 4743 vero
3141 4692 3340 4759 partim
3380 4691 3675 4757 itto'tlstriu,

2098 4776 2312 4843 labore,
2346 4779 2604 4842 consilio,
2649 4780 2884 4839 viribus.
2934 4795 3125 4850 Opera,
3159 4783 3465 4854 diligentia,
3508 4785 3676 4839 lunc-

2101 4871 2248 4936 flcio,
2294 4872 2444 4941 justo
2493 4873 2749 4941 imperio,
2792 4874 3028 4943 publica:
3075 4875 3350 4931 libertatis
3400 4879 3676 4942 custodia,

2100 4965 2302 5030 partim
2356 4964 2830 5030 dimicatiouilms,
2883 4968 3084 5040 pugnis
3132 4970 3441 5034 acerrimis,
3497 4983 3678 5026 castra

2100 5059 2316 5120 castris,
2367 5057 2600 5110 urbibus
2657 5060 2848 5125 urbes,
2890 5061 3183 5132 imperium
3242 5063 3474 5134 imperio
3522 5065 3676 5119 brevi

2098 5145 2528 5215 conjuuaeiunt,
2563 5159 2756 5217 utpote
2803 5153 3010 5224 quibus
3062 5155 3281 5210 artibus
3333 5158 3508 5210 amori
3546 5160 3675 5212 sub'

2091 5237 2257 5308 jectis
2294 5239 2486 5295 iisdem
2534 5243 2678 5296 hosti
2721 5247 2920 5300 terrori
2964 5263 3187 5318 semper
3223 5247 3475 5304 fuissent.
3505 5242 3677 5312 Equi-

2097 5334 2220 5386 dem
2280 5334 2325 5389 si
2380 5333 2631 5390 Sabauda
2685 5340 2845 5396 tellus
2895 5341 2995 5396 ista
3037 5341 3223 5412 (quam
3276 5343 3377 5406 ipsi
3427 5337 3674 5407 quotidie

2096 5427 2456 5499 conculcatis)
2486 5430 2758 5486 imbutum
2789 5435 3110 5504 sanguinem
3155 5430 3429 5486 exsudare
3462 5441 3669 5500 posset,

2101 5517 2349 5588 profecto
2379 5523 2698 5590 praedonum
2725 5540 2924 5579 cruore
2957 5535 3070 5578 tota
3099 5524 3416 5580 rubesceret
3448 5533 3674 5594 totaque

2100 5607 2460 5675 redundaret,
2510 5626 2650 5680 quos
2705 5613 2782 5667 illi
2833 5622 3095 5669 cruentos
3143 5614 3310 5670 istinc
3361 5617 3670 5687 ejecerunt,

2096 5700 2190 5768 qu?
2208 5715 2342 5769 sque
2369 5717 2735 5773 repugnantes
2774 5705 2897 5760 istic
2939 5707 3286 5763 ceciderunt.
3318 5709 3461 5774 Quin
3499 5711 3666 5766 etiam

2098 5792 2184 5845 isti
2228 5794 2269 5848 si
2304 5793 2450 5865 loqui
2481 5797 2727 5862 daretur,
2771 5797 2884 5868 Ego
2922 5798 3201 5870 (diceret),
3247 5802 3527 5872 principes
3559 5801 3661 5858 Sa-
