  <div class='ocr_page' id='page_1' title='image "/cluster/home/n/w/nwhite01/storage/ocr_20150623/161/coo.31924054870666/412.png"; bbox 0 0 4136 6404; ppageno 0'>
   <div class='ocr_carea' id='block_1_1' title="bbox 524 372 639 441">
    <p class='ocr_par' dir='ltr' id='par_1_1' title="bbox 524 372 639 441">
     <span class='ocr_line' id='line_1_1' title="bbox 524 372 639 441; baseline 0 -1"><span class='ocrx_word' id='word_1_1' title='bbox 524 372 639 441; x_wconf 62' lang='grc' dir='ltr'><strong>διὸ</strong></span> 
     </span>
    </p>
   </div>
   <div class='ocr_carea' id='block_1_2' title="bbox 1570 352 2738 431">
    <p class='ocr_par' dir='ltr' id='par_1_2' title="bbox 1570 352 2738 431">
     <span class='ocr_line' id='line_1_2' title="bbox 1570 352 2738 431; baseline 0.001 -1"><span class='ocrx_word' id='word_1_2' title='bbox 1570 352 2008 431; x_wconf 69' lang='lat' dir='ltr'><strong>ORATIONES</strong></span> <span class='ocrx_word' id='word_1_3' title='bbox 2064 356 2367 428; x_wconf 77' lang='lat' dir='ltr'><strong>CONTRA</strong></span> <span class='ocrx_word' id='word_1_4' title='bbox 2423 368 2738 431; x_wconf 78' lang='lat' dir='ltr'><strong>TURCAS.</strong></span> 
     </span>
    </p>
   </div>
   <div class='ocr_carea' id='block_1_3' title="bbox 3698 375 3802 437">
    <p class='ocr_par' dir='ltr' id='par_1_3' title="bbox 3698 375 3802 437">
     <span class='ocr_line' id='line_1_3' title="bbox 3698 375 3802 437; baseline -0.01 0"><span class='ocrx_word' id='word_1_5' title='bbox 3698 375 3802 437; x_wconf 71' lang='grc'>646</span> 
     </span>
    </p>
   </div>
   <div class='ocr_carea' id='block_1_4' title="bbox 532 482 3799 562">
    <p class='ocr_par' dir='ltr' id='par_1_4' title="bbox 532 482 3799 562">
     <span class='ocr_line' id='line_1_4' title="bbox 532 482 3799 562; baseline -0.001 -13"><span class='ocrx_word' id='word_1_6' title='bbox 532 490 725 561; x_wconf 84' lang='lat' dir='ltr'><strong>baudi,</strong></span> <span class='ocrx_word' id='word_1_7' title='bbox 760 489 960 547; x_wconf 78' lang='lat' dir='ltr'><strong>vestris</strong></span> <span class='ocrx_word' id='word_1_8' title='bbox 994 488 1066 547; x_wconf 89' lang='lat' dir='ltr'><strong>ab</strong></span> <span class='ocrx_word' id='word_1_9' title='bbox 1103 488 1225 545; x_wconf 89' lang='lat' dir='ltr'><strong>istis</strong></span> <span class='ocrx_word' id='word_1_10' title='bbox 1259 487 1564 560; x_wconf 75' lang='lat' dir='ltr'><strong>majoribus</strong></span> <span class='ocrx_word' id='word_1_11' title='bbox 1588 503 1743 558; x_wconf 89' lang='lat' dir='ltr'><strong>opes,</strong></span> <span class='ocrx_word' id='word_1_12' title='bbox 1776 487 2110 547; x_wconf 88' lang='lat' dir='ltr'><strong>libertatem,</strong></span> <span class='ocrx_word' id='word_1_13' title='bbox 2144 487 2189 544; x_wconf 76' lang='grc' dir='ltr'><strong>Δ</strong></span> <span class='ocrx_word' id='word_1_14' title='bbox 2218 482 2571 543; x_wconf 84' lang='lat' dir='ltr'><strong>Macedonico</strong></span> <span class='ocrx_word' id='word_1_15' title='bbox 2628 486 2850 557; x_wconf 83' lang='lat' dir='ltr'><strong>quidem</strong></span> <span class='ocrx_word' id='word_1_16' title='bbox 2904 496 3079 557; x_wconf 86' lang='lat' dir='ltr'><strong>pauco</strong></span> <span class='ocrx_word' id='word_1_17' title='bbox 3117 500 3392 561; x_wconf 82' lang='lat' dir='ltr'><strong>parvaque</strong></span> <span class='ocrx_word' id='word_1_18' title='bbox 3433 505 3575 562; x_wconf 69' lang='lat' dir='ltr'><strong>smpe</strong></span> <span class='ocrx_word' id='word_1_19' title='bbox 3611 508 3799 553; x_wconf 89' lang='lat' dir='ltr'><strong>manu.</strong></span> 
     </span>
    </p>
   </div>
   <div class='ocr_carea' id='block_1_5' title="bbox 532 577 2113 658">
    <p class='ocr_par' dir='ltr' id='par_1_5' title="bbox 532 577 2113 658">
     <span class='ocr_line' id='line_1_5' title="bbox 532 577 2113 658; baseline -0.008 -15"><span class='ocrx_word' id='word_1_20' title='bbox 532 586 795 658; x_wconf 75' lang='lat' dir='ltr'><strong>quietem,</strong></span> <span class='ocrx_word' id='word_1_21' title='bbox 845 584 1226 656; x_wconf 89' lang='lat' dir='ltr'><strong>splendorem,</strong></span> <span class='ocrx_word' id='word_1_22' title='bbox 1274 581 1473 637; x_wconf 81' lang='lat' dir='ltr'><strong>famam</strong></span> <span class='ocrx_word' id='word_1_23' title='bbox 1510 582 1855 652; x_wconf 81' lang='lat' dir='ltr'><strong>gloriamque</strong></span> <span class='ocrx_word' id='word_1_24' title='bbox 1892 577 2113 647; x_wconf 89' lang='lat' dir='ltr'><strong>accepi,</strong></span> 
     </span>
    </p>
   </div>
   <div class='ocr_carea' id='block_1_6' title="bbox 534 673 2117 749">
    <p class='ocr_par' dir='ltr' id='par_1_6' title="bbox 534 673 2117 749">
     <span class='ocr_line' id='line_1_6' title="bbox 534 673 2117 749; baseline -0.006 -14"><span class='ocrx_word' id='word_1_25' title='bbox 534 694 657 749; x_wconf 65' lang='lat' dir='ltr'><strong>quae</strong></span> <span class='ocrx_word' id='word_1_26' title='bbox 687 694 835 735; x_wconf 93' lang='lat' dir='ltr'><strong>nunc</strong></span> <span class='ocrx_word' id='word_1_27' title='bbox 863 692 964 733; x_wconf 90' lang='lat' dir='ltr'><strong>vos</strong></span> <span class='ocrx_word' id='word_1_28' title='bbox 996 686 1198 747; x_wconf 63' lang='lat' dir='ltr'><strong>praeter</strong></span> <span class='ocrx_word' id='word_1_29' title='bbox 1235 691 1423 731; x_wconf 91' lang='lat' dir='ltr'><strong>meum</strong></span> <span class='ocrx_word' id='word_1_30' title='bbox 1454 688 1666 729; x_wconf 91' lang='lat' dir='ltr'><strong>morem</strong></span> <span class='ocrx_word' id='word_1_31' title='bbox 1699 673 1978 743; x_wconf 83' lang='lat' dir='ltr'><strong>principes</strong></span> <span class='ocrx_word' id='word_1_32' title='bbox 2009 686 2117 726; x_wconf 89' lang='lat' dir='ltr'><strong>una</strong></span> 
     </span>
    </p>
   </div>
   <div class='ocr_carea' id='block_1_7' title="bbox 536 765 2119 841">
    <p class='ocr_par' dir='ltr' id='par_1_7' title="bbox 536 765 2119 841">
     <span class='ocr_line' id='line_1_7' title="bbox 536 765 2119 841; baseline -0.004 -15"><span class='ocrx_word' id='word_1_33' title='bbox 536 779 744 841; x_wconf 80' lang='lat' dir='ltr'><strong>septem</strong></span> <span class='ocrx_word' id='word_1_34' title='bbox 773 770 883 825; x_wconf 90' lang='lat' dir='ltr'><strong>alo.</strong></span> <span class='ocrx_word' id='word_1_35' title='bbox 914 769 1126 825; x_wconf 85' lang='lat' dir='ltr'><strong>Vereor</strong></span> <span class='ocrx_word' id='word_1_36' title='bbox 1154 767 1224 821; x_wconf 90' lang='lat' dir='ltr'><strong>ab</strong></span> <span class='ocrx_word' id='word_1_37' title='bbox 1262 767 1433 823; x_wconf 91' lang='lat' dir='ltr'><strong>armis</strong></span> <span class='ocrx_word' id='word_1_38' title='bbox 1466 782 1535 821; x_wconf 94' lang='lat' dir='ltr'><strong>ne</strong></span> <span class='ocrx_word' id='word_1_39' title='bbox 1565 766 1928 821; x_wconf 83' lang='lat' dir='ltr'><strong>desuescatis.</strong></span> <span class='ocrx_word' id='word_1_40' title='bbox 1964 765 2119 835; x_wconf 68' lang='lat' dir='ltr'><strong>Saepe</strong></span> 
     </span>
    </p>
   </div>
   <div class='ocr_carea' id='block_1_8' title="bbox 535 856 2119 931">
    <p class='ocr_par' dir='ltr' id='par_1_8' title="bbox 535 856 2119 931">
     <span class='ocr_line' id='line_1_8' title="bbox 535 856 2119 931; baseline -0.004 -14"><span class='ocrx_word' id='word_1_41' title='bbox 535 862 667 917; x_wconf 87' lang='lat' dir='ltr'><strong>dum</strong></span> <span class='ocrx_word' id='word_1_42' title='bbox 696 862 922 917; x_wconf 81' lang='lat' dir='ltr'><strong>unicum</strong></span> <span class='ocrx_word' id='word_1_43' title='bbox 964 862 1134 931; x_wconf 85' lang='lat' dir='ltr'><strong>caput</strong></span> <span class='ocrx_word' id='word_1_44' title='bbox 1185 858 1378 923; x_wconf 84' lang='lat' dir='ltr'><strong>habui,</strong></span> <span class='ocrx_word' id='word_1_45' title='bbox 1424 857 1674 911; x_wconf 83' lang='lat' dir='ltr'><strong>victricia</strong></span> <span class='ocrx_word' id='word_1_46' title='bbox 1707 858 1868 927; x_wconf 88' lang='lat' dir='ltr'><strong>longe</strong></span> <span class='ocrx_word' id='word_1_47' title='bbox 1898 856 2119 925; x_wconf 86' lang='lat' dir='ltr'><strong>lateque</strong></span> 
     </span>
    </p>
   </div>
   <div class='ocr_carea' id='block_1_9' title="bbox 533 948 2119 1017">
    <p class='ocr_par' dir='ltr' id='par_1_9' title="bbox 533 948 2119 1017">
     <span class='ocr_line' id='line_1_9' title="bbox 533 948 2119 1017; baseline -0.004 -8"><span class='ocrx_word' id='word_1_48' title='bbox 533 954 732 1009; x_wconf 72' lang='lat' dir='ltr'><strong>vexilla</strong></span> <span class='ocrx_word' id='word_1_49' title='bbox 770 953 893 1009; x_wconf 92' lang='lat' dir='ltr'><strong>tuli.</strong></span> <span class='ocrx_word' id='word_1_50' title='bbox 934 953 1144 1009; x_wconf 79' lang='lat' dir='ltr'><strong>Vereor</strong></span> <span class='ocrx_word' id='word_1_51' title='bbox 1178 965 1249 1006; x_wconf 92' lang='lat' dir='ltr'><strong>ne</strong></span> <span class='ocrx_word' id='word_1_52' title='bbox 1298 950 1575 1013; x_wconf 76' lang='lat' dir='ltr'><strong>fortassis,</strong></span> <span class='ocrx_word' id='word_1_53' title='bbox 1628 948 1759 1003; x_wconf 90' lang='lat' dir='ltr'><strong>dum</strong></span> <span class='ocrx_word' id='word_1_54' title='bbox 1789 949 1890 1017; x_wconf 92' lang='lat' dir='ltr'><strong>ipsi</strong></span> <span class='ocrx_word' id='word_1_55' title='bbox 1931 950 2119 1004; x_wconf 90' lang='lat' dir='ltr'><strong>dome-</strong></span> 
     </span>
    </p>
   </div>
   <div class='ocr_carea' id='block_1_10' title="bbox 533 1043 2120 1115">
    <p class='ocr_par' dir='ltr' id='par_1_10' title="bbox 533 1043 2120 1115">
     <span class='ocr_line' id='line_1_10' title="bbox 533 1043 2120 1115; baseline -0.004 -12"><span class='ocrx_word' id='word_1_56' title='bbox 533 1050 735 1103; x_wconf 90' lang='lat' dir='ltr'><strong>sticum</strong></span> <span class='ocrx_word' id='word_1_57' title='bbox 771 1048 947 1102; x_wconf 90' lang='lat' dir='ltr'><strong>otium</strong></span> <span class='ocrx_word' id='word_1_58' title='bbox 984 1059 1291 1115; x_wconf 84' lang='lat' dir='ltr'><strong>pacemque</strong></span> <span class='ocrx_word' id='word_1_59' title='bbox 1324 1046 1417 1114; x_wconf 91' lang='lat' dir='ltr'><strong>(ne</strong></span> <span class='ocrx_word' id='word_1_60' title='bbox 1454 1044 1633 1099; x_wconf 90' lang='lat' dir='ltr'><strong>dicam</strong></span> <span class='ocrx_word' id='word_1_61' title='bbox 1683 1043 1997 1114; x_wconf 87' lang='lat' dir='ltr'><strong>mollitiem)</strong></span> <span class='ocrx_word' id='word_1_62' title='bbox 2031 1044 2120 1099; x_wconf 85' lang='lat' dir='ltr'><strong>ni-</strong></span> 
     </span>
    </p>
   </div>
   <div class='ocr_carea' id='block_1_11' title="bbox 534 1135 2121 1207">
    <p class='ocr_par' dir='ltr' id='par_1_11' title="bbox 534 1135 2121 1207">
     <span class='ocr_line' id='line_1_11' title="bbox 534 1135 2121 1207; baseline -0.001 -15"><span class='ocrx_word' id='word_1_63' title='bbox 534 1139 706 1193; x_wconf 91' lang='lat' dir='ltr'><strong>mium</strong></span> <span class='ocrx_word' id='word_1_64' title='bbox 738 1138 959 1201; x_wconf 84' lang='lat' dir='ltr'><strong>amatis,</strong></span> <span class='ocrx_word' id='word_1_65' title='bbox 994 1136 1323 1201; x_wconf 80' lang='lat' dir='ltr'><strong>eﬂ‘eminati,</strong></span> <span class='ocrx_word' id='word_1_66' title='bbox 1364 1136 1545 1191; x_wconf 89' lang='lat' dir='ltr'><strong>timidi</strong></span> <span class='ocrx_word' id='word_1_67' title='bbox 1588 1151 1896 1207; x_wconf 76' lang='lat' dir='ltr'><strong>segnesque</strong></span> <span class='ocrx_word' id='word_1_68' title='bbox 1930 1135 2121 1191; x_wconf 81' lang='lat' dir='ltr'><strong>videa-</strong></span> 
     </span>
    </p>
   </div>
   <div class='ocr_carea' id='block_1_12' title="bbox 535 1228 2121 1298">
    <p class='ocr_par' dir='ltr' id='par_1_12' title="bbox 535 1228 2121 1298">
     <span class='ocr_line' id='line_1_12' title="bbox 535 1228 2121 1298; baseline -0.003 -13"><span class='ocrx_word' id='word_1_69' title='bbox 535 1231 695 1285; x_wconf 87' lang='lat' dir='ltr'><strong>mini.</strong></span> <span class='ocrx_word' id='word_1_70' title='bbox 757 1230 840 1285; x_wconf 80' lang='lat' dir='ltr'><strong>Ne</strong></span> <span class='ocrx_word' id='word_1_71' title='bbox 898 1228 942 1283; x_wconf 87' lang='lat' dir='ltr'><strong>si</strong></span> <span class='ocrx_word' id='word_1_72' title='bbox 993 1228 1206 1285; x_wconf 86' lang='lat' dir='ltr'><strong>diutius</strong></span> <span class='ocrx_word' id='word_1_73' title='bbox 1256 1244 1381 1298; x_wconf 63' lang='lat' dir='ltr'><strong>quae</strong></span> <span class='ocrx_word' id='word_1_74' title='bbox 1433 1229 1667 1297; x_wconf 88' lang='lat' dir='ltr'><strong>turpiter</strong></span> <span class='ocrx_word' id='word_1_75' title='bbox 1707 1240 1838 1283; x_wconf 90' lang='lat' dir='ltr'><strong>sunt</strong></span> <span class='ocrx_word' id='word_1_76' title='bbox 1893 1229 2121 1295; x_wconf 86' lang='lat' dir='ltr'><strong>amissa,</strong></span> 
     </span>
    </p>
   </div>
   <div class='ocr_carea' id='block_1_13' title="bbox 537 1308 2123 1393">
    <p class='ocr_par' dir='ltr' id='par_1_13' title="bbox 537 1308 2123 1393">
     <span class='ocr_line' id='line_1_13' title="bbox 537 1308 2123 1393; baseline -0.001 -15"><span class='ocrx_word' id='word_1_77' title='bbox 537 1324 839 1393; x_wconf 83' lang='lat' dir='ltr'><strong>repetitum</strong></span> <span class='ocrx_word' id='word_1_78' title='bbox 898 1323 981 1378; x_wconf 89' lang='lat' dir='ltr'><strong>ire</strong></span> <span class='ocrx_word' id='word_1_79' title='bbox 1028 1321 1394 1387; x_wconf 86' lang='lat' dir='ltr'><strong>cunctamini,</strong></span> <span class='ocrx_word' id='word_1_80' title='bbox 1445 1338 1571 1392; x_wconf 71' lang='lat' dir='ltr'><strong>quae</strong></span> <span class='ocrx_word' id='word_1_81' title='bbox 1622 1308 1824 1377; x_wconf 66' lang='lat' dir='ltr'><strong>tenctis</strong></span> <span class='ocrx_word' id='word_1_82' title='bbox 1867 1322 2123 1377; x_wconf 83' lang='lat' dir='ltr'><strong>hostibus</strong></span> 
     </span>
    </p>
   </div>
   <div class='ocr_carea' id='block_1_14' title="bbox 536 1414 2121 1485">
    <p class='ocr_par' dir='ltr' id='par_1_14' title="bbox 536 1414 2121 1485">
     <span class='ocr_line' id='line_1_14' title="bbox 536 1414 2121 1485; baseline 0.001 -16"><span class='ocrx_word' id='word_1_83' title='bbox 536 1417 680 1472; x_wconf 85' lang='lat' dir='ltr'><strong>detis</strong></span> <span class='ocrx_word' id='word_1_84' title='bbox 717 1416 1007 1471; x_wconf 79' lang='lat' dir='ltr'><strong>auferendi</strong></span> <span class='ocrx_word' id='word_1_85' title='bbox 1054 1415 1369 1470; x_wconf 82' lang='lat' dir='ltr'><strong>audaciam.</strong></span> <span class='ocrx_word' id='word_1_86' title='bbox 1424 1414 1724 1485; x_wconf 85' lang='lat' dir='ltr'><strong>Majoribus</strong></span> <span class='ocrx_word' id='word_1_87' title='bbox 1766 1416 1967 1471; x_wconf 82' lang='lat' dir='ltr'><strong>vestris</strong></span> <span class='ocrx_word' id='word_1_88' title='bbox 2005 1416 2121 1471; x_wconf 85' lang='lat' dir='ltr'><strong>sive</strong></span> 
     </span>
    </p>
   </div>
   <div class='ocr_carea' id='block_1_15' title="bbox 538 1505 2119 1572">
    <p class='ocr_par' dir='ltr' id='par_1_15' title="bbox 538 1505 2119 1572">
     <span class='ocr_line' id='line_1_15' title="bbox 538 1505 2119 1572; baseline 0.001 -11"><span class='ocrx_word' id='word_1_89' title='bbox 538 1509 650 1562; x_wconf 90' lang='lat' dir='ltr'><strong>illis</strong></span> <span class='ocrx_word' id='word_1_90' title='bbox 672 1506 1014 1572; x_wconf 67' lang='lat' dir='ltr'><strong>Eaeidibus,</strong></span> <span class='ocrx_word' id='word_1_91' title='bbox 1043 1507 1161 1560; x_wconf 91' lang='lat' dir='ltr'><strong>sive</strong></span> <span class='ocrx_word' id='word_1_92' title='bbox 1187 1505 1307 1560; x_wconf 84' lang='lat' dir='ltr'><strong>istis</strong></span> <span class='ocrx_word' id='word_1_93' title='bbox 1350 1505 1689 1569; x_wconf 80' lang='lat' dir='ltr'><strong>Saxonibus,</strong></span> <span class='ocrx_word' id='word_1_94' title='bbox 1727 1507 1843 1562; x_wconf 89' lang='lat' dir='ltr'><strong>sive</strong></span> <span class='ocrx_word' id='word_1_95' title='bbox 1880 1507 1987 1562; x_wconf 88' lang='lat' dir='ltr'><strong>mei</strong></span> <span class='ocrx_word' id='word_1_96' title='bbox 2021 1508 2119 1563; x_wconf 83' lang='lat' dir='ltr'><strong>Be-</strong></span> 
     </span>
    </p>
   </div>
   <div class='ocr_carea' id='block_1_16' title="bbox 537 1576 2121 1666">
    <p class='ocr_par' dir='ltr' id='par_1_16' title="bbox 537 1576 2121 1666">
     <span class='ocr_line' id='line_1_16' title="bbox 537 1576 2121 1666; baseline 0.001 -15"><span class='ocrx_word' id='word_1_97' title='bbox 537 1596 680 1651; x_wconf 89' lang='lat' dir='ltr'><strong>roldi</strong></span> <span class='ocrx_word' id='word_1_98' title='bbox 724 1596 1141 1651; x_wconf 79' lang='lat' dir='ltr'><strong>successoribus</strong></span> <span class='ocrx_word' id='word_1_99' title='bbox 1195 1610 1265 1649; x_wconf 91' lang='lat' dir='ltr'><strong>ne</strong></span> <span class='ocrx_word' id='word_1_100' title='bbox 1306 1595 1430 1650; x_wconf 91' lang='lat' dir='ltr'><strong>sitis</strong></span> <span class='ocrx_word' id='word_1_101' title='bbox 1487 1576 1707 1650; x_wconf 70' lang='lat' dir='ltr'><strong>tandem</strong></span> <span class='ocrx_word' id='word_1_102' title='bbox 1759 1596 1955 1666; x_wconf 89' lang='lat' dir='ltr'><strong>pudori</strong></span> <span class='ocrx_word' id='word_1_103' title='bbox 2010 1614 2121 1653; x_wconf 87' lang='lat' dir='ltr'><strong>non</strong></span> 
     </span>
    </p>
   </div>
   <div class='ocr_carea' id='block_1_17' title="bbox 537 1687 2123 1760">
    <p class='ocr_par' dir='ltr' id='par_1_17' title="bbox 537 1687 2123 1760">
     <span class='ocr_line' id='line_1_17' title="bbox 537 1687 2123 1760; baseline 0.003 -19"><span class='ocrx_word' id='word_1_104' title='bbox 537 1704 733 1760; x_wconf 89' lang='lat' dir='ltr'><strong>parum</strong></span> <span class='ocrx_word' id='word_1_105' title='bbox 767 1688 991 1758; x_wconf 90' lang='lat' dir='ltr'><strong>quidem</strong></span> <span class='ocrx_word' id='word_1_106' title='bbox 1038 1689 1155 1757; x_wconf 91' lang='lat' dir='ltr'><strong>ipsa</strong></span> <span class='ocrx_word' id='word_1_107' title='bbox 1201 1702 1417 1743; x_wconf 89' lang='lat' dir='ltr'><strong>vereor.</strong></span> <span class='ocrx_word' id='word_1_108' title='bbox 1454 1687 1603 1754; x_wconf 84' lang='lat' dir='ltr'><strong>Quas</strong></span> <span class='ocrx_word' id='word_1_109' title='bbox 1655 1688 1879 1758; x_wconf 86' lang='lat' dir='ltr'><strong>quidem</strong></span> <span class='ocrx_word' id='word_1_110' title='bbox 1922 1690 1993 1744; x_wconf 93' lang='lat' dir='ltr'><strong>ob</strong></span> <span class='ocrx_word' id='word_1_111' title='bbox 2032 1706 2123 1746; x_wconf 89' lang='lat' dir='ltr'><strong>res</strong></span> 
     </span>
    </p>
   </div>
   <div class='ocr_carea' id='block_1_18' title="bbox 2225 577 3803 649">
    <p class='ocr_par' dir='ltr' id='par_1_18' title="bbox 2225 577 3803 649">
     <span class='ocr_line' id='line_1_18' title="bbox 2225 577 3803 649; baseline 0.003 -18"><span class='ocrx_word' id='word_1_112' title='bbox 2225 578 2333 632; x_wconf 92' lang='lat' dir='ltr'><strong>utri</strong></span> <span class='ocrx_word' id='word_1_113' title='bbox 2378 577 2588 634; x_wconf 74' lang='lat' dir='ltr'><strong>Grzecia</strong></span> <span class='ocrx_word' id='word_1_114' title='bbox 2634 582 2775 649; x_wconf 62' lang='lat' dir='ltr'><strong>(quae</strong></span> <span class='ocrx_word' id='word_1_115' title='bbox 2812 590 2943 636; x_wconf 91' lang='lat' dir='ltr'><strong>tunc</strong></span> <span class='ocrx_word' id='word_1_116' title='bbox 2990 585 3158 637; x_wconf 91' lang='lat' dir='ltr'><strong>armis</strong></span> <span class='ocrx_word' id='word_1_117' title='bbox 3206 584 3520 638; x_wconf 88' lang='lat' dir='ltr'><strong>libertatem</strong></span> <span class='ocrx_word' id='word_1_118' title='bbox 3567 585 3803 638; x_wconf 74' lang='lat' dir='ltr'><strong>maxime</strong></span> 
     </span>
    </p>
   </div>
   <div class='ocr_carea' id='block_1_19' title="bbox 2224 670 3803 745">
    <p class='ocr_par' dir='ltr' id='par_1_19' title="bbox 2224 670 3803 745">
     <span class='ocr_line' id='line_1_19' title="bbox 2224 670 3803 745; baseline 0.003 -20"><span class='ocrx_word' id='word_1_119' title='bbox 2224 670 2529 741; x_wconf 85' lang='lat' dir='ltr'><strong>tuebatur),</strong></span> <span class='ocrx_word' id='word_1_120' title='bbox 2572 674 2681 728; x_wconf 93' lang='lat' dir='ltr'><strong>utri</strong></span> <span class='ocrx_word' id='word_1_121' title='bbox 2713 674 2799 729; x_wconf 89' lang='lat' dir='ltr'><strong>vel</strong></span> <span class='ocrx_word' id='word_1_122' title='bbox 2841 684 3106 731; x_wconf 78' lang='lat' dir='ltr'><strong>externus</strong></span> <span class='ocrx_word' id='word_1_123' title='bbox 3154 677 3332 745; x_wconf 90' lang='lat' dir='ltr'><strong>patuit</strong></span> <span class='ocrx_word' id='word_1_124' title='bbox 3363 678 3518 731; x_wconf 89' lang='lat' dir='ltr'><strong>orbis</strong></span> <span class='ocrx_word' id='word_1_125' title='bbox 3553 693 3569 731; x_wconf 92' lang='lat'><strong>:</strong></span> <span class='ocrx_word' id='word_1_126' title='bbox 3601 679 3803 731; x_wconf 76' lang='lat' dir='ltr'><strong>vostris</strong></span> 
     </span>
    </p>
   </div>
   <div class='ocr_carea' id='block_1_20' title="bbox 2223 752 3803 837">
    <p class='ocr_par' dir='ltr' id='par_1_20' title="bbox 2223 752 3803 837">
     <span class='ocr_line' id='line_1_20' title="bbox 2223 752 3803 837; baseline 0.003 -22"><span class='ocrx_word' id='word_1_127' title='bbox 2223 752 2278 815; x_wconf 71' lang='lat' dir='ltr'><strong>ei</strong></span> <span class='ocrx_word' id='word_1_128' title='bbox 2310 762 2555 817; x_wconf 89' lang='lat' dir='ltr'><strong>omnium</strong></span> <span class='ocrx_word' id='word_1_129' title='bbox 2606 762 3045 820; x_wconf 87' lang='lat' dir='ltr'><strong>Christianorum</strong></span> <span class='ocrx_word' id='word_1_130' title='bbox 3072 768 3244 822; x_wconf 90' lang='lat' dir='ltr'><strong>armis</strong></span> <span class='ocrx_word' id='word_1_131' title='bbox 3279 768 3368 821; x_wconf 92' lang='lat' dir='ltr'><strong>illa</strong></span> <span class='ocrx_word' id='word_1_132' title='bbox 3404 767 3803 837; x_wconf 86' lang='lat' dir='ltr'><strong>pr0pcmodum</strong></span> 
     </span>
    </p>
   </div>
   <div class='ocr_carea' id='block_1_21' title="bbox 2224 853 3806 930">
    <p class='ocr_par' dir='ltr' id='par_1_21' title="bbox 2224 853 3806 930">
     <span class='ocr_line' id='line_1_21' title="bbox 2224 853 3806 930; baseline 0.004 -23"><span class='ocrx_word' id='word_1_133' title='bbox 2224 853 2454 908; x_wconf 86' lang='lat' dir='ltr'><strong>inermis</strong></span> <span class='ocrx_word' id='word_1_134' title='bbox 2492 862 2601 909; x_wconf 83' lang='lat' dir='ltr'><strong>non</strong></span> <span class='ocrx_word' id='word_1_135' title='bbox 2630 856 2846 925; x_wconf 87' lang='lat' dir='ltr'><strong>parebit</strong></span> <span class='ocrx_word' id='word_1_136' title='bbox 2873 858 2895 911; x_wconf 90' lang='lat'><strong>?</strong></span> <span class='ocrx_word' id='word_1_137' title='bbox 2924 858 3359 929; x_wconf 89' lang='lat' dir='ltr'><strong>Deprecantibus</strong></span> <span class='ocrx_word' id='word_1_138' title='bbox 3393 875 3457 914; x_wconf 88' lang='lat' dir='ltr'><strong>ac</strong></span> <span class='ocrx_word' id='word_1_139' title='bbox 3488 876 3806 930; x_wconf 83' lang='lat' dir='ltr'><strong>repugnau-</strong></span> 
     </span>
    </p>
   </div>
   <div class='ocr_carea' id='block_1_22' title="bbox 2224 945 3804 1022">
    <p class='ocr_par' dir='ltr' id='par_1_22' title="bbox 2224 945 3804 1022">
     <span class='ocr_line' id='line_1_22' title="bbox 2224 945 3804 1022; baseline 0.003 -23"><span class='ocrx_word' id='word_1_140' title='bbox 2224 945 2376 1000; x_wconf 91' lang='lat' dir='ltr'><strong>tibus</strong></span> <span class='ocrx_word' id='word_1_141' title='bbox 2416 962 2583 1017; x_wconf 88' lang='lat' dir='ltr'><strong>grave</strong></span> <span class='ocrx_word' id='word_1_142' title='bbox 2631 951 2915 1005; x_wconf 85' lang='lat' dir='ltr'><strong>servitutis</strong></span> <span class='ocrx_word' id='word_1_143' title='bbox 2954 952 3146 1022; x_wconf 87' lang='lat' dir='ltr'><strong>jugum</strong></span> <span class='ocrx_word' id='word_1_144' title='bbox 3184 953 3448 1022; x_wconf 87' lang='lat' dir='ltr'><strong>imposuit</strong></span> <span class='ocrx_word' id='word_1_145' title='bbox 3497 953 3804 1022; x_wconf 85' lang='lat' dir='ltr'><strong>Philippus,</strong></span> 
     </span>
    </p>
   </div>
   <div class='ocr_carea' id='block_1_23' title="bbox 2225 1035 3807 1113">
    <p class='ocr_par' dir='ltr' id='par_1_23' title="bbox 2225 1035 3807 1113">
     <span class='ocr_line' id='line_1_23' title="bbox 2225 1035 3807 1113; baseline 0.003 -23"><span class='ocrx_word' id='word_1_146' title='bbox 2225 1035 2487 1107; x_wconf 89' lang='lat' dir='ltr'><strong>imposuit</strong></span> <span class='ocrx_word' id='word_1_147' title='bbox 2514 1039 2847 1109; x_wconf 80' lang='lat' dir='ltr'><strong>Alexander.</strong></span> <span class='ocrx_word' id='word_1_148' title='bbox 2878 1043 3273 1112; x_wconf 76' lang='lat' dir='ltr'><strong>Expetentibus</strong></span> <span class='ocrx_word' id='word_1_149' title='bbox 3295 1055 3349 1098; x_wconf 91' lang='lat' dir='ltr'><strong>et</strong></span> <span class='ocrx_word' id='word_1_150' title='bbox 3378 1046 3807 1113; x_wconf 81' lang='lat' dir='ltr'><strong>implorantibus</strong></span> 
     </span>
    </p>
   </div>
   <div class='ocr_carea' id='block_1_24' title="bbox 2223 1130 3806 1206">
    <p class='ocr_par' dir='ltr' id='par_1_24' title="bbox 2223 1130 3806 1206">
     <span class='ocr_line' id='line_1_24' title="bbox 2223 1130 3806 1206; baseline 0.003 -24"><span class='ocrx_word' id='word_1_151' title='bbox 2223 1144 2378 1183; x_wconf 89' lang='lat' dir='ltr'><strong>suam</strong></span> <span class='ocrx_word' id='word_1_152' title='bbox 2404 1130 2829 1202; x_wconf 88' lang='lat' dir='ltr'><strong>Sabaudamque</strong></span> <span class='ocrx_word' id='word_1_153' title='bbox 2864 1135 3177 1190; x_wconf 90' lang='lat' dir='ltr'><strong>libertatem</strong></span> <span class='ocrx_word' id='word_1_154' title='bbox 3214 1137 3493 1206; x_wconf 86' lang='lat' dir='ltr'><strong>negabunt</strong></span> <span class='ocrx_word' id='word_1_155' title='bbox 3525 1136 3806 1190; x_wconf 85' lang='lat' dir='ltr'><strong>Sabaudi?</strong></span> 
     </span>
    </p>
   </div>
   <div class='ocr_carea' id='block_1_25' title="bbox 2222 1218 3805 1298">
    <p class='ocr_par' dir='ltr' id='par_1_25' title="bbox 2222 1218 3805 1298">
     <span class='ocr_line' id='line_1_25' title="bbox 2222 1218 3805 1298; baseline 0.002 -21"><span class='ocrx_word' id='word_1_156' title='bbox 2222 1218 2416 1293; x_wconf 81' lang='lat' dir='ltr'><strong>Usque</strong></span> <span class='ocrx_word' id='word_1_157' title='bbox 2461 1240 2657 1295; x_wconf 88' lang='lat' dir='ltr'><strong>nempe</strong></span> <span class='ocrx_word' id='word_1_158' title='bbox 2691 1227 2832 1281; x_wconf 91' lang='lat' dir='ltr'><strong>adeo</strong></span> <span class='ocrx_word' id='word_1_159' title='bbox 2866 1228 3067 1283; x_wconf 89' lang='lat' dir='ltr'><strong>nobilis</strong></span> <span class='ocrx_word' id='word_1_160' title='bbox 3110 1228 3199 1282; x_wconf 90' lang='lat' dir='ltr'><strong>illa</strong></span> <span class='ocrx_word' id='word_1_161' title='bbox 3247 1230 3441 1284; x_wconf 78' lang='lat' dir='ltr'><strong>Grzeca</strong></span> <span class='ocrx_word' id='word_1_162' title='bbox 3476 1230 3627 1283; x_wconf 90' lang='lat' dir='ltr'><strong>natio</strong></span> <span class='ocrx_word' id='word_1_163' title='bbox 3662 1234 3805 1298; x_wconf 85' lang='lat' dir='ltr'><strong>(qu.e</strong></span> 
     </span>
    </p>
   </div>
   <div class='ocr_carea' id='block_1_26' title="bbox 2224 1316 3807 1390">
    <p class='ocr_par' dir='ltr' id='par_1_26' title="bbox 2224 1316 3807 1390">
     <span class='ocr_line' id='line_1_26' title="bbox 2224 1316 3807 1390; baseline 0.002 -20"><span class='ocrx_word' id='word_1_164' title='bbox 2224 1331 2372 1371; x_wconf 88' lang='lat' dir='ltr'><strong>nunc</strong></span> <span class='ocrx_word' id='word_1_165' title='bbox 2394 1316 2689 1390; x_wconf 88' lang='lat' dir='ltr'><strong>delitescit)</strong></span> <span class='ocrx_word' id='word_1_166' title='bbox 2722 1321 3044 1374; x_wconf 80' lang='lat' dir='ltr'><strong>servitutem</strong></span> <span class='ocrx_word' id='word_1_167' title='bbox 3078 1335 3297 1389; x_wconf 89' lang='lat' dir='ltr'><strong>semper</strong></span> <span class='ocrx_word' id='word_1_168' title='bbox 3323 1322 3614 1375; x_wconf 80' lang='lat' dir='ltr'><strong>exhorruit</strong></span> <span class='ocrx_word' id='word_1_169' title='bbox 3642 1322 3807 1390; x_wconf 67' lang='lat' dir='ltr'><strong>(prte-</strong></span> 
     </span>
    </p>
   </div>
   <div class='ocr_carea' id='block_1_27' title="bbox 2226 1408 3806 1480">
    <p class='ocr_par' dir='ltr' id='par_1_27' title="bbox 2226 1408 3806 1480">
     <span class='ocr_line' id='line_1_27' title="bbox 2226 1408 3806 1480; baseline 0.003 -19"><span class='ocrx_word' id='word_1_170' title='bbox 2226 1408 2415 1461; x_wconf 82' lang='lat' dir='ltr'><strong>sertim</strong></span> <span class='ocrx_word' id='word_1_171' title='bbox 2450 1409 2843 1466; x_wconf 82' lang='lat' dir='ltr'><strong>abhorrentem</strong></span> <span class='ocrx_word' id='word_1_172' title='bbox 2883 1426 2913 1464; x_wconf 87' lang='lat' dir='ltr'><strong>a</strong></span> <span class='ocrx_word' id='word_1_173' title='bbox 2956 1409 3226 1480; x_wconf 89' lang='lat' dir='ltr'><strong>Christo),</strong></span> <span class='ocrx_word' id='word_1_174' title='bbox 3261 1421 3321 1465; x_wconf 93' lang='lat' dir='ltr'><strong>ut</strong></span> <span class='ocrx_word' id='word_1_175' title='bbox 3350 1427 3473 1465; x_wconf 90' lang='lat' dir='ltr'><strong>cum</strong></span> <span class='ocrx_word' id='word_1_176' title='bbox 3523 1427 3645 1465; x_wconf 82' lang='lat' dir='ltr'><strong>mox</strong></span> <span class='ocrx_word' id='word_1_177' title='bbox 3690 1412 3806 1465; x_wconf 86' lang='lat' dir='ltr'><strong>suis</strong></span> 
     </span>
    </p>
   </div>
   <div class='ocr_carea' id='block_1_28' title="bbox 2226 1499 3804 1572">
    <p class='ocr_par' dir='ltr' id='par_1_28' title="bbox 2226 1499 3804 1572">
     <span class='ocr_line' id='line_1_28' title="bbox 2226 1499 3804 1572; baseline 0.001 -20"><span class='ocrx_word' id='word_1_178' title='bbox 2226 1499 2453 1569; x_wconf 79' lang='lat' dir='ltr'><strong>perﬁdis</strong></span> <span class='ocrx_word' id='word_1_179' title='bbox 2490 1502 2736 1572; x_wconf 82' lang='lat' dir='ltr'><strong>tyrannis</strong></span> <span class='ocrx_word' id='word_1_180' title='bbox 2782 1502 2986 1557; x_wconf 86' lang='lat' dir='ltr'><strong>bellum</strong></span> <span class='ocrx_word' id='word_1_181' title='bbox 3022 1517 3051 1555; x_wconf 92' lang='lat' dir='ltr'><strong>a</strong></span> <span class='ocrx_word' id='word_1_182' title='bbox 3082 1502 3238 1557; x_wconf 83' lang='lat' dir='ltr'><strong>vobis</strong></span> <span class='ocrx_word' id='word_1_183' title='bbox 3271 1502 3503 1571; x_wconf 80' lang='lat' dir='ltr'><strong>aliisque</strong></span> <span class='ocrx_word' id='word_1_184' title='bbox 3532 1502 3804 1556; x_wconf 85' lang='lat' dir='ltr'><strong>Christia-</strong></span> 
     </span>
    </p>
   </div>
   <div class='ocr_carea' id='block_1_29' title="bbox 2227 1593 3803 1672">
    <p class='ocr_par' dir='ltr' id='par_1_29' title="bbox 2227 1593 3803 1672">
     <span class='ocr_line' id='line_1_29' title="bbox 2227 1593 3803 1672; baseline 0 -25"><span class='ocrx_word' id='word_1_185' title='bbox 2227 1593 2474 1672; x_wconf 86' lang='lat' dir='ltr'><strong>nissimis</strong></span> <span class='ocrx_word' id='word_1_186' title='bbox 2521 1595 2868 1664; x_wconf 81' lang='lat' dir='ltr'><strong>principibus</strong></span> <span class='ocrx_word' id='word_1_187' title='bbox 2917 1611 3102 1666; x_wconf 75' lang='lat' dir='ltr'><strong>parari</strong></span> <span class='ocrx_word' id='word_1_188' title='bbox 3148 1596 3469 1667; x_wconf 83' lang='lat' dir='ltr'><strong>conjectura</strong></span> <span class='ocrx_word' id='word_1_189' title='bbox 3501 1596 3705 1664; x_wconf 82' lang='lat' dir='ltr'><strong>capiet,</strong></span> <span class='ocrx_word' id='word_1_190' title='bbox 3737 1595 3803 1648; x_wconf 85' lang='lat' dir='ltr'><strong>ad</strong></span> 
     </span>
    </p>
   </div>
   <div class='ocr_carea' id='block_1_30' title="bbox 2226 1688 3808 1757">
    <p class='ocr_par' dir='ltr' id='par_1_30' title="bbox 2226 1688 3808 1757">
     <span class='ocr_line' id='line_1_30' title="bbox 2226 1688 3808 1757; baseline 0 -17"><span class='ocrx_word' id='word_1_191' title='bbox 2226 1700 2285 1740; x_wconf 87' lang='lat' dir='ltr'><strong>se</strong></span> <span class='ocrx_word' id='word_1_192' title='bbox 2318 1688 2566 1741; x_wconf 89' lang='lat' dir='ltr'><strong>venturis</strong></span> <span class='ocrx_word' id='word_1_193' title='bbox 2609 1689 2856 1757; x_wconf 63' lang='lat' dir='ltr'><strong>pristinae</strong></span> <span class='ocrx_word' id='word_1_194' title='bbox 2889 1688 3163 1743; x_wconf 90' lang='lat' dir='ltr'><strong>libertatis</strong></span> <span class='ocrx_word' id='word_1_195' title='bbox 3199 1690 3670 1743; x_wconf 85' lang='lat' dir='ltr'><strong>restauratoribus</strong></span> <span class='ocrx_word' id='word_1_196' title='bbox 3704 1689 3808 1741; x_wconf 71' lang='lat' dir='ltr'><strong>iter</strong></span> 
     </span>
    </p>
   </div>
   <div class='ocr_carea' id='block_1_31' title="bbox 538 1778 3806 1880">
    <p class='ocr_par' dir='ltr' id='par_1_31' title="bbox 538 1778 3806 1880">
     <span class='ocr_line' id='line_1_31' title="bbox 538 1778 3806 1880; baseline 0.003 -49"><span class='ocrx_word' id='word_1_197' title='bbox 538 1789 632 1836; x_wconf 86' lang='lat' dir='ltr'><strong>aut</strong></span> <span class='ocrx_word' id='word_1_198' title='bbox 677 1780 975 1849; x_wconf 85' lang='lat' dir='ltr'><strong>aliquando</strong></span> <span class='ocrx_word' id='word_1_199' title='bbox 1016 1778 1319 1849; x_wconf 89' lang='lat' dir='ltr'><strong>dispudeat</strong></span> <span class='ocrx_word' id='word_1_200' title='bbox 1358 1788 1467 1833; x_wconf 88' lang='lat' dir='ltr'><strong>tam</strong></span> <span class='ocrx_word' id='word_1_201' title='bbox 1500 1780 1647 1834; x_wconf 79' lang='lat' dir='ltr'><strong>clara</strong></span> <span class='ocrx_word' id='word_1_202' title='bbox 1693 1780 1876 1837; x_wconf 88' lang='lat' dir='ltr'><strong>sidera</strong></span> <span class='ocrx_word' id='word_1_203' title='bbox 1904 1790 2120 1837; x_wconf 86' lang='lat' dir='ltr'><strong>vestros</strong></span> <span class='ocrx_word' id='word_1_204' title='bbox 2152 1820 2198 1880; x_wconf 72' lang='grc' dir='ltr'><strong>Β</strong></span> <span class='ocrx_word' id='word_1_205' title='bbox 2230 1778 2315 1831; x_wconf 73' lang='lat' dir='ltr'><strong>vel</strong></span> <span class='ocrx_word' id='word_1_206' title='bbox 2346 1779 2497 1832; x_wconf 82' lang='lat' dir='ltr'><strong>ferro</strong></span> <span class='ocrx_word' id='word_1_207' title='bbox 2530 1780 2688 1834; x_wconf 86' lang='lat' dir='ltr'><strong>vobis</strong></span> <span class='ocrx_word' id='word_1_208' title='bbox 2721 1782 2989 1847; x_wconf 78' lang='lat' dir='ltr'><strong>recludet,</strong></span> <span class='ocrx_word' id='word_1_209' title='bbox 3037 1781 3321 1844; x_wconf 81' lang='lat' dir='ltr'><strong>alimenta,</strong></span> <span class='ocrx_word' id='word_1_210' title='bbox 3357 1796 3547 1847; x_wconf 77' lang='lat' dir='ltr'><strong>naves,</strong></span> <span class='ocrx_word' id='word_1_211' title='bbox 3586 1791 3806 1849; x_wconf 69' lang='lat' dir='ltr'><strong>parum.</strong></span> 
     </span>
    </p>
   </div>
   <div class='ocr_carea' id='block_1_32' title="bbox 538 1872 2122 1944">
    <p class='ocr_par' dir='ltr' id='par_1_32' title="bbox 538 1872 2122 1944">
     <span class='ocr_line' id='line_1_32' title="bbox 538 1872 2122 1944; baseline 0.003 -18"><span class='ocrx_word' id='word_1_212' title='bbox 538 1873 776 1944; x_wconf 87' lang='lat' dir='ltr'><strong>majores</strong></span> <span class='ocrx_word' id='word_1_213' title='bbox 807 1872 1144 1938; x_wconf 84' lang='lat' dir='ltr'><strong>meminisse,</strong></span> <span class='ocrx_word' id='word_1_214' title='bbox 1174 1881 1269 1926; x_wconf 89' lang='lat' dir='ltr'><strong>aut</strong></span> <span class='ocrx_word' id='word_1_215' title='bbox 1316 1872 1463 1943; x_wconf 90' lang='lat' dir='ltr'><strong>quod</strong></span> <span class='ocrx_word' id='word_1_216' title='bbox 1514 1873 1591 1927; x_wconf 88' lang='lat' dir='ltr'><strong>illi</strong></span> <span class='ocrx_word' id='word_1_217' title='bbox 1625 1873 1779 1929; x_wconf 83' lang='lat' dir='ltr'><strong>vobis</strong></span> <span class='ocrx_word' id='word_1_218' title='bbox 1808 1875 1910 1929; x_wconf 88' lang='lat' dir='ltr'><strong>iter</strong></span> <span class='ocrx_word' id='word_1_219' title='bbox 1933 1884 2122 1930; x_wconf 84' lang='lat' dir='ltr'><strong>osten-</strong></span> 
     </span>
    </p>
   </div>
   <div class='ocr_carea' id='block_1_33' title="bbox 538 1966 2122 2037">
    <p class='ocr_par' dir='ltr' id='par_1_33' title="bbox 538 1966 2122 2037">
     <span class='ocr_line' id='line_1_33' title="bbox 538 1966 2122 2037; baseline 0.003 -16"><span class='ocrx_word' id='word_1_220' title='bbox 538 1967 697 2031; x_wconf 90' lang='lat' dir='ltr'><strong>dunt,</strong></span> <span class='ocrx_word' id='word_1_221' title='bbox 748 1967 799 2020; x_wconf 91' lang='lat' dir='ltr'><strong>iu</strong></span> <span class='ocrx_word' id='word_1_222' title='bbox 827 1966 1093 2037; x_wconf 87' lang='lat' dir='ltr'><strong>Cyprum,</strong></span> <span class='ocrx_word' id='word_1_223' title='bbox 1144 1966 1197 2021; x_wconf 91' lang='lat' dir='ltr'><strong>in</strong></span> <span class='ocrx_word' id='word_1_224' title='bbox 1236 1966 1575 2031; x_wconf 83' lang='lat' dir='ltr'><strong>Armeniam,</strong></span> <span class='ocrx_word' id='word_1_225' title='bbox 1610 1967 1666 2022; x_wconf 90' lang='lat' dir='ltr'><strong>in</strong></span> <span class='ocrx_word' id='word_1_226' title='bbox 1718 1967 2032 2025; x_wconf 89' lang='lat' dir='ltr'><strong>Salomonis</strong></span> <span class='ocrx_word' id='word_1_227' title='bbox 2066 1979 2122 2025; x_wconf 91' lang='lat' dir='ltr'><strong>et</strong></span> 
     </span>
    </p>
   </div>
   <div class='ocr_carea' id='block_1_34' title="bbox 538 2057 2119 2131">
    <p class='ocr_par' dir='ltr' id='par_1_34' title="bbox 538 2057 2119 2131">
     <span class='ocr_line' id='line_1_34' title="bbox 538 2057 2119 2131; baseline 0.003 -17"><span class='ocrx_word' id='word_1_228' title='bbox 538 2057 743 2114; x_wconf 87' lang='lat' dir='ltr'><strong>Christi</strong></span> <span class='ocrx_word' id='word_1_229' title='bbox 788 2076 1016 2130; x_wconf 79' lang='lat' dir='ltr'><strong>regnum</strong></span> <span class='ocrx_word' id='word_1_230' title='bbox 1067 2060 1224 2115; x_wconf 88' lang='lat' dir='ltr'><strong>ocius</strong></span> <span class='ocrx_word' id='word_1_231' title='bbox 1270 2058 1568 2131; x_wconf 67' lang='lat' dir='ltr'><strong>praeripite.</strong></span> <span class='ocrx_word' id='word_1_232' title='bbox 1625 2060 1825 2116; x_wconf 86' lang='lat' dir='ltr'><strong>Ensem</strong></span> <span class='ocrx_word' id='word_1_233' title='bbox 1873 2072 2119 2118; x_wconf 90' lang='lat' dir='ltr'><strong>vestrum</strong></span> 
     </span>
    </p>
   </div>
   <div class='ocr_carea' id='block_1_35' title="bbox 540 2149 2121 2223">
    <p class='ocr_par' dir='ltr' id='par_1_35' title="bbox 540 2149 2121 2223">
     <span class='ocr_line' id='line_1_35' title="bbox 540 2149 2121 2223; baseline 0.002 -17"><span class='ocrx_word' id='word_1_234' title='bbox 540 2151 750 2207; x_wconf 71' lang='lat' dir='ltr'><strong>Grmcia</strong></span> <span class='ocrx_word' id='word_1_235' title='bbox 788 2163 1059 2216; x_wconf 83' lang='lat' dir='ltr'><strong>moratur,</strong></span> <span class='ocrx_word' id='word_1_236' title='bbox 1107 2149 1432 2220; x_wconf 69' lang='lat' dir='ltr'><strong>praedonum</strong></span> <span class='ocrx_word' id='word_1_237' title='bbox 1472 2152 1827 2223; x_wconf 87' lang='lat' dir='ltr'><strong>hostiumque</strong></span> <span class='ocrx_word' id='word_1_238' title='bbox 1874 2154 2121 2209; x_wconf 82' lang='lat' dir='ltr'><strong>thesauri</strong></span> 
     </span>
    </p>
   </div>
   <div class='ocr_carea' id='block_1_36' title="bbox 540 2242 2122 2312">
    <p class='ocr_par' dir='ltr' id='par_1_36' title="bbox 540 2242 2122 2312">
     <span class='ocr_line' id='line_1_36' title="bbox 540 2242 2122 2312; baseline 0.006 -17"><span class='ocrx_word' id='word_1_239' title='bbox 540 2243 724 2308; x_wconf 91' lang='lat' dir='ltr'><strong>opima</strong></span> <span class='ocrx_word' id='word_1_240' title='bbox 759 2242 913 2298; x_wconf 89' lang='lat' dir='ltr'><strong>vobis</strong></span> <span class='ocrx_word' id='word_1_241' title='bbox 942 2244 1116 2312; x_wconf 87' lang='lat' dir='ltr'><strong>spolia</strong></span> <span class='ocrx_word' id='word_1_242' title='bbox 1148 2242 1335 2299; x_wconf 82' lang='lat' dir='ltr'><strong>futura</strong></span> <span class='ocrx_word' id='word_1_243' title='bbox 1362 2256 1511 2299; x_wconf 91' lang='lat' dir='ltr'><strong>sunt.</strong></span> <span class='ocrx_word' id='word_1_244' title='bbox 1538 2245 1615 2299; x_wconf 89' lang='lat' dir='ltr'><strong>De</strong></span> <span class='ocrx_word' id='word_1_245' title='bbox 1645 2248 1845 2301; x_wconf 87' lang='lat' dir='ltr'><strong>vestris</strong></span> <span class='ocrx_word' id='word_1_246' title='bbox 1866 2247 2122 2304; x_wconf 87' lang='lat' dir='ltr'><strong>hostibus</strong></span> 
     </span>
    </p>
   </div>
   <div class='ocr_carea' id='block_1_37' title="bbox 541 2335 2125 2406">
    <p class='ocr_par' dir='ltr' id='par_1_37' title="bbox 541 2335 2125 2406">
     <span class='ocr_line' id='line_1_37' title="bbox 541 2335 2125 2406; baseline 0.006 -19"><span class='ocrx_word' id='word_1_247' title='bbox 541 2335 858 2403; x_wconf 77' lang='lat' dir='ltr'><strong>triamphus</strong></span> <span class='ocrx_word' id='word_1_248' title='bbox 885 2335 1212 2401; x_wconf 89' lang='lat' dir='ltr'><strong>ducendus;</strong></span> <span class='ocrx_word' id='word_1_249' title='bbox 1251 2349 1355 2391; x_wconf 91' lang='lat' dir='ltr'><strong>vos</strong></span> <span class='ocrx_word' id='word_1_250' title='bbox 1395 2340 1717 2406; x_wconf 91' lang='lat' dir='ltr'><strong>posterique</strong></span> <span class='ocrx_word' id='word_1_251' title='bbox 1753 2340 1923 2393; x_wconf 87' lang='lat' dir='ltr'><strong>vestri</strong></span> <span class='ocrx_word' id='word_1_252' title='bbox 1965 2340 2125 2396; x_wconf 87' lang='lat' dir='ltr'><strong>ditis-</strong></span> 
     </span>
    </p>
   </div>
   <div class='ocr_carea' id='block_1_38' title="bbox 542 2427 2115 2500">
    <p class='ocr_par' dir='ltr' id='par_1_38' title="bbox 542 2427 2115 2500">
     <span class='ocr_line' id='line_1_38' title="bbox 542 2427 2115 2500; baseline 0.006 -20"><span class='ocrx_word' id='word_1_253' title='bbox 542 2427 680 2481; x_wconf 90' lang='lat' dir='ltr'><strong>sima</strong></span> <span class='ocrx_word' id='word_1_254' title='bbox 712 2443 877 2498; x_wconf 88' lang='lat' dir='ltr'><strong>regna</strong></span> <span class='ocrx_word' id='word_1_255' title='bbox 902 2428 1134 2499; x_wconf 91' lang='lat' dir='ltr'><strong>perenni</strong></span> <span class='ocrx_word' id='word_1_256' title='bbox 1160 2437 1407 2500; x_wconf 91' lang='lat' dir='ltr'><strong>tempore</strong></span> <span class='ocrx_word' id='word_1_257' title='bbox 1432 2432 1742 2497; x_wconf 88' lang='lat' dir='ltr'><strong>possessuri</strong></span> <span class='ocrx_word' id='word_1_258' title='bbox 1777 2432 1934 2487; x_wconf 89' lang='lat' dir='ltr'><strong>estis.</strong></span> <span class='ocrx_word' id='word_1_259' title='bbox 1967 2433 2115 2489; x_wconf 67' lang='lat' dir='ltr'><strong>Jama</strong></span> 
     </span>
    </p>
   </div>
   <div class='ocr_carea' id='block_1_39' title="bbox 541 2518 2125 2594">
    <p class='ocr_par' dir='ltr' id='par_1_39' title="bbox 541 2518 2125 2594">
     <span class='ocr_line' id='line_1_39' title="bbox 541 2518 2125 2594; baseline 0.004 -21"><span class='ocrx_word' id='word_1_260' title='bbox 541 2518 651 2590; x_wconf 87' lang='lat' dir='ltr'><strong>jam</strong></span> <span class='ocrx_word' id='word_1_261' title='bbox 678 2534 708 2573; x_wconf 90' lang='lat' dir='ltr'><strong>a</strong></span> <span class='ocrx_word' id='word_1_262' title='bbox 738 2518 966 2575; x_wconf 88' lang='lat' dir='ltr'><strong>sedibus</strong></span> <span class='ocrx_word' id='word_1_263' title='bbox 992 2518 1197 2576; x_wconf 83' lang='lat' dir='ltr'><strong>Graecis</strong></span> <span class='ocrx_word' id='word_1_264' title='bbox 1229 2521 1418 2575; x_wconf 90' lang='lat' dir='ltr'><strong>tandiu</strong></span> <span class='ocrx_word' id='word_1_265' title='bbox 1450 2529 1700 2579; x_wconf 76' lang='lat' dir='ltr'><strong>extorres</strong></span> <span class='ocrx_word' id='word_1_266' title='bbox 1731 2522 1970 2594; x_wconf 87' lang='lat' dir='ltr'><strong>Philippi</strong></span> <span class='ocrx_word' id='word_1_267' title='bbox 1997 2525 2125 2580; x_wconf 80' lang='lat' dir='ltr'><strong>Ale-</strong></span> 
     </span>
    </p>
   </div>
   <div class='ocr_carea' id='block_1_40' title="bbox 545 2612 2124 2683">
    <p class='ocr_par' dir='ltr' id='par_1_40' title="bbox 545 2612 2124 2683">
     <span class='ocr_line' id='line_1_40' title="bbox 545 2612 2124 2683; baseline 0.003 -16"><span class='ocrx_word' id='word_1_268' title='bbox 545 2612 852 2683; x_wconf 84' lang='lat' dir='ltr'><strong>xandrique</strong></span> <span class='ocrx_word' id='word_1_269' title='bbox 896 2613 1008 2669; x_wconf 82' lang='lat' dir='ltr'><strong>lato</strong></span> <span class='ocrx_word' id='word_1_270' title='bbox 1043 2628 1146 2671; x_wconf 92' lang='lat' dir='ltr'><strong>suo</strong></span> <span class='ocrx_word' id='word_1_271' title='bbox 1178 2616 1381 2670; x_wconf 87' lang='lat' dir='ltr'><strong>reverti</strong></span> <span class='ocrx_word' id='word_1_272' title='bbox 1431 2617 1658 2671; x_wconf 92' lang='lat' dir='ltr'><strong>domum</strong></span> <span class='ocrx_word' id='word_1_273' title='bbox 1704 2632 1860 2672; x_wconf 88' lang='lat' dir='ltr'><strong>suam</strong></span> <span class='ocrx_word' id='word_1_274' title='bbox 1915 2633 2124 2673; x_wconf 88' lang='lat' dir='ltr'><strong>concu-</strong></span> 
     </span>
    </p>
   </div>
   <div class='ocr_carea' id='block_1_41' title="bbox 543 2706 2122 2781">
    <p class='ocr_par' dir='ltr' id='par_1_41' title="bbox 543 2706 2122 2781">
     <span class='ocr_line' id='line_1_41' title="bbox 543 2706 2122 2781; baseline 0.004 -22"><span class='ocrx_word' id='word_1_275' title='bbox 543 2706 782 2775; x_wconf 87' lang='lat' dir='ltr'><strong>piscant,</strong></span> <span class='ocrx_word' id='word_1_276' title='bbox 829 2707 1032 2776; x_wconf 88' lang='lat' dir='ltr'><strong>quibus</strong></span> <span class='ocrx_word' id='word_1_277' title='bbox 1074 2707 1335 2763; x_wconf 87' lang='lat' dir='ltr'><strong>nimirum</strong></span> <span class='ocrx_word' id='word_1_278' title='bbox 1372 2708 1441 2779; x_wconf 85' lang='lat' dir='ltr'><strong>(si</strong></span> <span class='ocrx_word' id='word_1_279' title='bbox 1470 2710 1594 2779; x_wconf 84' lang='lat' dir='ltr'><strong>quis</strong></span> <span class='ocrx_word' id='word_1_280' title='bbox 1639 2710 1805 2764; x_wconf 91' lang='lat' dir='ltr'><strong>modo</strong></span> <span class='ocrx_word' id='word_1_281' title='bbox 1832 2711 2122 2781; x_wconf 77' lang='lat' dir='ltr'><strong>gentilium</strong></span> 
     </span>
    </p>
   </div>
   <div class='ocr_carea' id='block_1_42' title="bbox 544 2800 2125 2873">
    <p class='ocr_par' dir='ltr' id='par_1_42' title="bbox 544 2800 2125 2873">
     <span class='ocr_line' id='line_1_42' title="bbox 544 2800 2125 2873; baseline 0.005 -22"><span class='ocrx_word' id='word_1_282' title='bbox 544 2811 771 2852; x_wconf 87' lang='lat' dir='ltr'><strong>suorum</strong></span> <span class='ocrx_word' id='word_1_283' title='bbox 808 2813 1001 2853; x_wconf 89' lang='lat' dir='ltr'><strong>sensus</strong></span> <span class='ocrx_word' id='word_1_284' title='bbox 1051 2808 1139 2853; x_wconf 91' lang='lat' dir='ltr'><strong>est</strong></span> <span class='ocrx_word' id='word_1_285' title='bbox 1178 2808 1301 2869; x_wconf 86' lang='lat' dir='ltr'><strong>post</strong></span> <span class='ocrx_word' id='word_1_286' title='bbox 1346 2800 1604 2870; x_wconf 92' lang='lat' dir='ltr'><strong>mortem)</strong></span> <span class='ocrx_word' id='word_1_287' title='bbox 1644 2817 1875 2873; x_wconf 81' lang='lat' dir='ltr'><strong>regnum</strong></span> <span class='ocrx_word' id='word_1_288' title='bbox 1906 2802 2125 2859; x_wconf 63' lang='lat' dir='ltr'><strong>Graeco-</strong></span> 
     </span>
    </p>
   </div>
   <div class='ocr_carea' id='block_1_43' title="bbox 544 2891 2126 2964">
    <p class='ocr_par' dir='ltr' id='par_1_43' title="bbox 544 2891 2126 2964">
     <span class='ocr_line' id='line_1_43' title="bbox 544 2891 2126 2964; baseline 0.004 -17"><span class='ocrx_word' id='word_1_289' title='bbox 544 2908 670 2947; x_wconf 92' lang='lat' dir='ltr'><strong>rum</strong></span> <span class='ocrx_word' id='word_1_290' title='bbox 701 2892 805 2947; x_wconf 83' lang='lat' dir='ltr'><strong>sibi</strong></span> <span class='ocrx_word' id='word_1_291' title='bbox 838 2891 1155 2947; x_wconf 91' lang='lat' dir='ltr'><strong>restitutum</strong></span> <span class='ocrx_word' id='word_1_292' title='bbox 1192 2892 1255 2946; x_wconf 91' lang='lat' dir='ltr'><strong>iri</strong></span> <span class='ocrx_word' id='word_1_293' title='bbox 1303 2892 1608 2961; x_wconf 90' lang='lat' dir='ltr'><strong>videbitur,</strong></span> <span class='ocrx_word' id='word_1_294' title='bbox 1644 2895 1864 2964; x_wconf 87' lang='lat' dir='ltr'><strong>quando</strong></span> <span class='ocrx_word' id='word_1_295' title='bbox 1898 2912 1994 2951; x_wconf 92' lang='lat' dir='ltr'><strong>vos</strong></span> <span class='ocrx_word' id='word_1_296' title='bbox 2030 2897 2126 2953; x_wconf 82' lang='lat' dir='ltr'><strong>de-</strong></span> 
     </span>
    </p>
   </div>
   <div class='ocr_carea' id='block_1_44' title="bbox 547 2984 2124 3056">
    <p class='ocr_par' dir='ltr' id='par_1_44' title="bbox 547 2984 2124 3056">
     <span class='ocr_line' id='line_1_44' title="bbox 547 2984 2124 3056; baseline 0.003 -16"><span class='ocrx_word' id='word_1_297' title='bbox 547 3000 647 3040; x_wconf 90' lang='lat' dir='ltr'><strong>cus</strong></span> <span class='ocrx_word' id='word_1_298' title='bbox 676 2984 759 3041; x_wconf 92' lang='lat' dir='ltr'><strong>sui</strong></span> <span class='ocrx_word' id='word_1_299' title='bbox 817 2986 1037 3056; x_wconf 89' lang='lat' dir='ltr'><strong>generis</strong></span> <span class='ocrx_word' id='word_1_300' title='bbox 1070 2984 1302 3056; x_wconf 79' lang='lat' dir='ltr'><strong>gloriam</strong></span> <span class='ocrx_word' id='word_1_301' title='bbox 1345 2986 1616 3055; x_wconf 87' lang='lat' dir='ltr'><strong>reliquam</strong></span> <span class='ocrx_word' id='word_1_302' title='bbox 1648 2988 1734 3043; x_wconf 92' lang='lat' dir='ltr'><strong>sui</strong></span> <span class='ocrx_word' id='word_1_303' title='bbox 1773 2989 2016 3044; x_wconf 89' lang='lat' dir='ltr'><strong>nominis</strong></span> <span class='ocrx_word' id='word_1_304' title='bbox 2056 3005 2124 3045; x_wconf 91' lang='lat' dir='ltr'><strong>eo</strong></span> 
     </span>
    </p>
   </div>
   <div class='ocr_carea' id='block_1_45' title="bbox 547 3078 2124 3150">
    <p class='ocr_par' dir='ltr' id='par_1_45' title="bbox 547 3078 2124 3150">
     <span class='ocr_line' id='line_1_45' title="bbox 547 3078 2124 3150; baseline 0.003 -17"><span class='ocrx_word' id='word_1_305' title='bbox 547 3079 787 3134; x_wconf 89' lang='lat' dir='ltr'><strong>sentient</strong></span> <span class='ocrx_word' id='word_1_306' title='bbox 816 3078 1175 3133; x_wconf 86' lang='lat' dir='ltr'><strong>adventuros.</strong></span> <span class='ocrx_word' id='word_1_307' title='bbox 1206 3078 1383 3148; x_wconf 81' lang='lat' dir='ltr'><strong>Atque</strong></span> <span class='ocrx_word' id='word_1_308' title='bbox 1412 3079 1752 3150; x_wconf 77' lang='lat' dir='ltr'><strong>ntinamjam</strong></span> <span class='ocrx_word' id='word_1_309' title='bbox 1780 3096 1927 3136; x_wconf 88' lang='lat' dir='ltr'><strong>nunc</strong></span> <span class='ocrx_word' id='word_1_310' title='bbox 1954 3082 2124 3137; x_wconf 87' lang='lat' dir='ltr'><strong>alter-</strong></span> 
     </span>
    </p>
   </div>
   <div class='ocr_carea' id='block_1_46' title="bbox 2232 1869 3809 1941">
    <p class='ocr_par' dir='ltr' id='par_1_46' title="bbox 2232 1869 3809 1941">
     <span class='ocr_line' id='line_1_46' title="bbox 2232 1869 3809 1941; baseline 0.001 -19"><span class='ocrx_word' id='word_1_311' title='bbox 2232 1869 2648 1938; x_wconf 85' lang='lat' dir='ltr'><strong>impedimenta,</strong></span> <span class='ocrx_word' id='word_1_312' title='bbox 2684 1871 2982 1940; x_wconf 87' lang='lat' dir='ltr'><strong>stipendia,</strong></span> <span class='ocrx_word' id='word_1_313' title='bbox 3030 1873 3282 1941; x_wconf 67' lang='lat' dir='ltr'><strong>praesidia</strong></span> <span class='ocrx_word' id='word_1_314' title='bbox 3331 1883 3534 1941; x_wconf 87' lang='lat' dir='ltr'><strong>sponte</strong></span> <span class='ocrx_word' id='word_1_315' title='bbox 3566 1889 3661 1927; x_wconf 86' lang='lat' dir='ltr'><strong>sua</strong></span> <span class='ocrx_word' id='word_1_316' title='bbox 3703 1873 3809 1926; x_wconf 72' lang='lat' dir='ltr'><strong>mi-</strong></span> 
     </span>
    </p>
   </div>
   <div class='ocr_carea' id='block_1_47' title="bbox 2231 1962 3813 2035">
    <p class='ocr_par' dir='ltr' id='par_1_47' title="bbox 2231 1962 3813 2035">
     <span class='ocr_line' id='line_1_47' title="bbox 2231 1962 3813 2035; baseline 0.002 -20"><span class='ocrx_word' id='word_1_317' title='bbox 2231 1962 2509 2026; x_wconf 85' lang='lat' dir='ltr'><strong>nistrabit,</strong></span> <span class='ocrx_word' id='word_1_318' title='bbox 2541 1978 2661 2017; x_wconf 88' lang='lat' dir='ltr'><strong>sese</strong></span> <span class='ocrx_word' id='word_1_319' title='bbox 2692 1978 2787 2017; x_wconf 90' lang='lat' dir='ltr'><strong>sua</strong></span> <span class='ocrx_word' id='word_1_320' title='bbox 2813 1975 3011 2034; x_wconf 78' lang='lat' dir='ltr'><strong>sponte</strong></span> <span class='ocrx_word' id='word_1_321' title='bbox 3051 1980 3471 2035; x_wconf 86' lang='lat' dir='ltr'><strong>quoquoversus</strong></span> <span class='ocrx_word' id='word_1_322' title='bbox 3504 1966 3657 2034; x_wconf 86' lang='lat' dir='ltr'><strong>signa</strong></span> <span class='ocrx_word' id='word_1_323' title='bbox 3689 1982 3813 2018; x_wconf 74' lang='lat' dir='ltr'><strong>ver-</strong></span> 
     </span>
    </p>
   </div>
   <div class='ocr_carea' id='block_1_48' title="bbox 2233 2053 3809 2127">
    <p class='ocr_par' dir='ltr' id='par_1_48' title="bbox 2233 2053 3809 2127">
     <span class='ocr_line' id='line_1_48' title="bbox 2233 2053 3809 2127; baseline 0.001 -20"><span class='ocrx_word' id='word_1_324' title='bbox 2233 2053 2434 2116; x_wconf 80' lang='lat' dir='ltr'><strong>tcriiis,</strong></span> <span class='ocrx_word' id='word_1_325' title='bbox 2462 2066 2705 2109; x_wconf 89' lang='lat' dir='ltr'><strong>vestrum</strong></span> <span class='ocrx_word' id='word_1_326' title='bbox 2730 2056 2832 2109; x_wconf 91' lang='lat' dir='ltr'><strong>sub</strong></span> <span class='ocrx_word' id='word_1_327' title='bbox 2861 2056 3154 2124; x_wconf 90' lang='lat' dir='ltr'><strong>imperium</strong></span> <span class='ocrx_word' id='word_1_328' title='bbox 3184 2059 3415 2112; x_wconf 86' lang='lat' dir='ltr'><strong>missura</strong></span> <span class='ocrx_word' id='word_1_329' title='bbox 3452 2058 3809 2127; x_wconf 85' lang='lat' dir='ltr'><strong>parituraquc</strong></span> 
     </span>
    </p>
   </div>
   <div class='ocr_carea' id='block_1_49' title="bbox 2230 2145 3810 2220">
    <p class='ocr_par' dir='ltr' id='par_1_49' title="bbox 2230 2145 3810 2220">
     <span class='ocr_line' id='line_1_49' title="bbox 2230 2145 3810 2220; baseline -0.001 -21"><span class='ocrx_word' id='word_1_330' title='bbox 2230 2145 2377 2199; x_wconf 89' lang='lat' dir='ltr'><strong>veris</strong></span> <span class='ocrx_word' id='word_1_331' title='bbox 2404 2146 2620 2216; x_wconf 88' lang='lat' dir='ltr'><strong>piisque</strong></span> <span class='ocrx_word' id='word_1_332' title='bbox 2652 2149 2911 2203; x_wconf 88' lang='lat' dir='ltr'><strong>dominis.</strong></span> <span class='ocrx_word' id='word_1_333' title='bbox 2946 2151 3010 2204; x_wconf 88' lang='lat' dir='ltr'><strong>Et</strong></span> <span class='ocrx_word' id='word_1_334' title='bbox 3030 2165 3103 2204; x_wconf 89' lang='lat' dir='ltr'><strong>eo</strong></span> <span class='ocrx_word' id='word_1_335' title='bbox 3132 2150 3356 2220; x_wconf 87' lang='lat' dir='ltr'><strong>quidem</strong></span> <span class='ocrx_word' id='word_1_336' title='bbox 3395 2150 3660 2205; x_wconf 89' lang='lat' dir='ltr'><strong>libentius</strong></span> <span class='ocrx_word' id='word_1_337' title='bbox 3697 2166 3810 2219; x_wconf 88' lang='lat' dir='ltr'><strong>quo</strong></span> 
     </span>
    </p>
   </div>
   <div class='ocr_carea' id='block_1_50' title="bbox 2234 2238 3812 2312">
    <p class='ocr_par' dir='ltr' id='par_1_50' title="bbox 2234 2238 3812 2312">
     <span class='ocr_line' id='line_1_50' title="bbox 2234 2238 3812 2312; baseline 0.001 -20"><span class='ocrx_word' id='word_1_338' title='bbox 2234 2238 2485 2309; x_wconf 86' lang='lat' dir='ltr'><strong>tyrannis</strong></span> <span class='ocrx_word' id='word_1_339' title='bbox 2528 2239 2757 2295; x_wconf 87' lang='lat' dir='ltr'><strong>invitius</strong></span> <span class='ocrx_word' id='word_1_340' title='bbox 2793 2241 3112 2312; x_wconf 89' lang='lat' dir='ltr'><strong>diutiusque</strong></span> <span class='ocrx_word' id='word_1_341' title='bbox 3163 2244 3414 2297; x_wconf 86' lang='lat' dir='ltr'><strong>servivit.</strong></span> <span class='ocrx_word' id='word_1_342' title='bbox 3466 2242 3673 2310; x_wconf 84' lang='lat' dir='ltr'><strong>Ecquid</strong></span> <span class='ocrx_word' id='word_1_343' title='bbox 3709 2256 3812 2310; x_wconf 78' lang='lat' dir='ltr'><strong>ego</strong></span> 
     </span>
    </p>
   </div>
   <div class='ocr_carea' id='block_1_51' title="bbox 2233 2330 3816 2404">
    <p class='ocr_par' dir='ltr' id='par_1_51' title="bbox 2233 2330 3816 2404">
     <span class='ocr_line' id='line_1_51' title="bbox 2233 2330 3816 2404; baseline 0.001 -22"><span class='ocrx_word' id='word_1_344' title='bbox 2233 2330 2483 2398; x_wconf 89' lang='lat' dir='ltr'><strong>privatus</strong></span> <span class='ocrx_word' id='word_1_345' title='bbox 2519 2346 2619 2401; x_wconf 92' lang='lat' dir='ltr'><strong>pro</strong></span> <span class='ocrx_word' id='word_1_346' title='bbox 2669 2342 2864 2386; x_wconf 73' lang='lat' dir='ltr'><strong>vestra:</strong></span> <span class='ocrx_word' id='word_1_347' title='bbox 2910 2334 3222 2403; x_wconf 85' lang='lat' dir='ltr'><strong>praestantis</strong></span> <span class='ocrx_word' id='word_1_348' title='bbox 3256 2335 3523 2404; x_wconf 77' lang='lat' dir='ltr'><strong>prosapia:</strong></span> <span class='ocrx_word' id='word_1_349' title='bbox 3566 2350 3816 2388; x_wconf 65' lang='lat' dir='ltr'><strong>cumino-</strong></span> 
     </span>
    </p>
   </div>
   <div class='ocr_carea' id='block_1_52' title="bbox 2233 2423 3812 2497">
    <p class='ocr_par' dir='ltr' id='par_1_52' title="bbox 2233 2423 3812 2497">
     <span class='ocr_line' id='line_1_52' title="bbox 2233 2423 3812 2497; baseline 0.002 -19"><span class='ocrx_word' id='word_1_350' title='bbox 2233 2423 2526 2487; x_wconf 86' lang='lat' dir='ltr'><strong>ditatibus,</strong></span> <span class='ocrx_word' id='word_1_351' title='bbox 2558 2440 2659 2495; x_wconf 91' lang='lat' dir='ltr'><strong>pro</strong></span> <span class='ocrx_word' id='word_1_352' title='bbox 2686 2437 2909 2481; x_wconf 85' lang='lat' dir='ltr'><strong>terreno</strong></span> <span class='ocrx_word' id='word_1_353' title='bbox 2944 2428 3280 2497; x_wconf 88' lang='lat' dir='ltr'><strong>requirendo</strong></span> <span class='ocrx_word' id='word_1_354' title='bbox 3305 2428 3563 2497; x_wconf 86' lang='lat' dir='ltr'><strong>imperio.</strong></span> <span class='ocrx_word' id='word_1_355' title='bbox 3590 2444 3689 2497; x_wconf 90' lang='lat' dir='ltr'><strong>pro</strong></span> <span class='ocrx_word' id='word_1_356' title='bbox 3722 2444 3812 2481; x_wconf 80' lang='lat' dir='ltr'><strong>rc-</strong></span> 
     </span>
    </p>
   </div>
   <div class='ocr_carea' id='block_1_53' title="bbox 2234 2516 3813 2590">
    <p class='ocr_par' dir='ltr' id='par_1_53' title="bbox 2234 2516 3813 2590">
     <span class='ocr_line' id='line_1_53' title="bbox 2234 2516 3813 2590; baseline 0 -19"><span class='ocrx_word' id='word_1_357' title='bbox 2234 2516 2488 2587; x_wconf 89' lang='lat' dir='ltr'><strong>petendis</strong></span> <span class='ocrx_word' id='word_1_358' title='bbox 2521 2534 2850 2588; x_wconf 89' lang='lat' dir='ltr'><strong>proavorum</strong></span> <span class='ocrx_word' id='word_1_359' title='bbox 2873 2520 3100 2576; x_wconf 81' lang='lat' dir='ltr'><strong>sedibus</strong></span> <span class='ocrx_word' id='word_1_360' title='bbox 3133 2536 3227 2575; x_wconf 89' lang='lat' dir='ltr'><strong>vos</strong></span> <span class='ocrx_word' id='word_1_361' title='bbox 3254 2520 3470 2589; x_wconf 82' lang='lat' dir='ltr'><strong>longius</strong></span> <span class='ocrx_word' id='word_1_362' title='bbox 3495 2521 3813 2590; x_wconf 70' lang='lat' dir='ltr'><strong>pluribusve</strong></span> 
     </span>
    </p>
   </div>
   <div class='ocr_carea' id='block_1_54' title="bbox 2233 2611 3816 2683">
    <p class='ocr_par' dir='ltr' id='par_1_54' title="bbox 2233 2611 3816 2683">
     <span class='ocr_line' id='line_1_54' title="bbox 2233 2611 3816 2683; baseline 0.002 -17"><span class='ocrx_word' id='word_1_363' title='bbox 2233 2611 2517 2679; x_wconf 87' lang='lat' dir='ltr'><strong>cohorter,</strong></span> <span class='ocrx_word' id='word_1_364' title='bbox 2549 2614 3020 2683; x_wconf 86' lang='lat' dir='ltr'><strong>quandoquidem,</strong></span> <span class='ocrx_word' id='word_1_365' title='bbox 3044 2615 3129 2668; x_wconf 85' lang='lat' dir='ltr'><strong>vel</strong></span> <span class='ocrx_word' id='word_1_366' title='bbox 3164 2614 3286 2669; x_wconf 85' lang='lat' dir='ltr'><strong>istis</strong></span> <span class='ocrx_word' id='word_1_367' title='bbox 3304 2614 3527 2683; x_wconf 89' lang='lat' dir='ltr'><strong>quidem</strong></span> <span class='ocrx_word' id='word_1_368' title='bbox 3557 2616 3816 2670; x_wconf 87' lang='lat' dir='ltr'><strong>omnibus</strong></span> 
     </span>
    </p>
   </div>
   <div class='ocr_carea' id='block_1_55' title="bbox 2212 2704 3815 2777">
    <p class='ocr_par' dir='ltr' id='par_1_55' title="bbox 2212 2704 3815 2777">
     <span class='ocr_line' id='line_1_55' title="bbox 2212 2704 3815 2777; baseline 0 -17"><span class='ocrx_word' id='word_1_369' title='bbox 2212 2704 2589 2775; x_wconf 78' lang='lat' dir='ltr'><strong>posthabitis,</strong></span> <span class='ocrx_word' id='word_1_370' title='bbox 2626 2706 2745 2775; x_wconf 89' lang='lat' dir='ltr'><strong>ipsa</strong></span> <span class='ocrx_word' id='word_1_371' title='bbox 2775 2707 2978 2776; x_wconf 87' lang='lat' dir='ltr'><strong>quippe</strong></span> <span class='ocrx_word' id='word_1_372' title='bbox 3003 2706 3327 2761; x_wconf 69' lang='lat' dir='ltr'><strong>Christiana:</strong></span> <span class='ocrx_word' id='word_1_373' title='bbox 3354 2706 3637 2777; x_wconf 85' lang='lat' dir='ltr'><strong>religionis</strong></span> <span class='ocrx_word' id='word_1_374' title='bbox 3667 2707 3815 2760; x_wconf 77' lang='lat' dir='ltr'><strong>salus</strong></span> 
     </span>
    </p>
   </div>
   <div class='ocr_carea' id='block_1_56' title="bbox 2234 2800 3815 2871">
    <p class='ocr_par' dir='ltr' id='par_1_56' title="bbox 2234 2800 3815 2871">
     <span class='ocr_line' id='line_1_56' title="bbox 2234 2800 3815 2871; baseline -0.003 -16"><span class='ocrx_word' id='word_1_375' title='bbox 2234 2812 2303 2855; x_wconf 92' lang='lat' dir='ltr'><strong>eo</strong></span> <span class='ocrx_word' id='word_1_376' title='bbox 2347 2814 2445 2855; x_wconf 91' lang='lat' dir='ltr'><strong>vos</strong></span> <span class='ocrx_word' id='word_1_377' title='bbox 2488 2815 2598 2870; x_wconf 93' lang='lat' dir='ltr'><strong>quo</strong></span> <span class='ocrx_word' id='word_1_378' title='bbox 2639 2800 2899 2869; x_wconf 88' lang='lat' dir='ltr'><strong>princeps</strong></span> <span class='ocrx_word' id='word_1_379' title='bbox 2941 2800 3189 2853; x_wconf 87' lang='lat' dir='ltr'><strong>Be&#39;ssario</strong></span> <span class='ocrx_word' id='word_1_380' title='bbox 3222 2809 3410 2854; x_wconf 91' lang='lat' dir='ltr'><strong>monet</strong></span> <span class='ocrx_word' id='word_1_381' title='bbox 3450 2802 3664 2870; x_wconf 89' lang='lat' dir='ltr'><strong>optimo</strong></span> <span class='ocrx_word' id='word_1_382' title='bbox 3691 2801 3815 2871; x_wconf 76' lang='lat' dir='ltr'><strong>jure</strong></span> 
     </span>
    </p>
   </div>
   <div class='ocr_carea' id='block_1_57' title="bbox 2236 2891 3815 2963">
    <p class='ocr_par' dir='ltr' id='par_1_57' title="bbox 2236 2891 3815 2963">
     <span class='ocr_line' id='line_1_57' title="bbox 2236 2891 3815 2963; baseline -0.003 -15"><span class='ocrx_word' id='word_1_383' title='bbox 2236 2892 2530 2948; x_wconf 88' lang='lat' dir='ltr'><strong>traducere</strong></span> <span class='ocrx_word' id='word_1_384' title='bbox 2573 2893 2758 2946; x_wconf 90' lang='lat' dir='ltr'><strong>debet.</strong></span> <span class='ocrx_word' id='word_1_385' title='bbox 2807 2891 2919 2946; x_wconf 89' lang='lat' dir='ltr'><strong>llac</strong></span> <span class='ocrx_word' id='word_1_386' title='bbox 2968 2908 3162 2962; x_wconf 92' lang='lat' dir='ltr'><strong>uempe</strong></span> <span class='ocrx_word' id='word_1_387' title='bbox 3210 2893 3265 2947; x_wconf 91' lang='lat' dir='ltr'><strong>iu</strong></span> <span class='ocrx_word' id='word_1_388' title='bbox 3304 2901 3458 2963; x_wconf 89' lang='lat' dir='ltr'><strong>parte</strong></span> <span class='ocrx_word' id='word_1_389' title='bbox 3492 2892 3631 2946; x_wconf 88' lang='lat' dir='ltr'><strong>nihil</strong></span> <span class='ocrx_word' id='word_1_390' title='bbox 3674 2907 3815 2958; x_wconf 79' lang='lat' dir='ltr'><strong>Opus</strong></span> 
     </span>
    </p>
   </div>
   <div class='ocr_carea' id='block_1_58' title="bbox 2235 2985 3819 3058">
    <p class='ocr_par' dir='ltr' id='par_1_58' title="bbox 2235 2985 3819 3058">
     <span class='ocr_line' id='line_1_58' title="bbox 2235 2985 3819 3058; baseline 0.001 -18"><span class='ocrx_word' id='word_1_391' title='bbox 2235 2986 2354 3042; x_wconf 78' lang='lat' dir='ltr'><strong>fore</strong></span> <span class='ocrx_word' id='word_1_392' title='bbox 2384 2985 2768 3040; x_wconf 90' lang='lat' dir='ltr'><strong>cohortatione</strong></span> <span class='ocrx_word' id='word_1_393' title='bbox 2790 3001 2910 3040; x_wconf 90' lang='lat' dir='ltr'><strong>mea</strong></span> <span class='ocrx_word' id='word_1_394' title='bbox 2934 2985 3089 3052; x_wconf 78' lang='lat' dir='ltr'><strong>duxi,</strong></span> <span class='ocrx_word' id='word_1_395' title='bbox 3124 3003 3193 3042; x_wconf 92' lang='lat' dir='ltr'><strong>ne</strong></span> <span class='ocrx_word' id='word_1_396' title='bbox 3220 2987 3471 3043; x_wconf 75' lang='lat' dir='ltr'><strong>fortassis</strong></span> <span class='ocrx_word' id='word_1_397' title='bbox 3498 2996 3593 3043; x_wconf 91' lang='lat' dir='ltr'><strong>aut</strong></span> <span class='ocrx_word' id='word_1_398' title='bbox 3626 3004 3819 3058; x_wconf 88' lang='lat' dir='ltr'><strong>supcr-</strong></span> 
     </span>
    </p>
   </div>
   <div class='ocr_carea' id='block_1_59' title="bbox 2234 3074 3814 3150">
    <p class='ocr_par' dir='ltr' id='par_1_59' title="bbox 2234 3074 3814 3150">
     <span class='ocr_line' id='line_1_59' title="bbox 2234 3074 3814 3150; baseline 0.004 -23"><span class='ocrx_word' id='word_1_399' title='bbox 2234 3089 2411 3130; x_wconf 91' lang='lat' dir='ltr'><strong>vacuo</strong></span> <span class='ocrx_word' id='word_1_400' title='bbox 2437 3074 2627 3130; x_wconf 88' lang='lat' dir='ltr'><strong>labore</strong></span> <span class='ocrx_word' id='word_1_401' title='bbox 2651 3091 2767 3130; x_wconf 90' lang='lat' dir='ltr'><strong>rem</strong></span> <span class='ocrx_word' id='word_1_402' title='bbox 2789 3092 2910 3146; x_wconf 64' lang='lat' dir='ltr'><strong>qua:</strong></span> <span class='ocrx_word' id='word_1_403' title='bbox 2934 3092 2993 3132; x_wconf 90' lang='lat' dir='ltr'><strong>se</strong></span> <span class='ocrx_word' id='word_1_404' title='bbox 3018 3078 3174 3133; x_wconf 90' lang='lat' dir='ltr'><strong>vobis</strong></span> <span class='ocrx_word' id='word_1_405' title='bbox 3201 3079 3425 3134; x_wconf 91' lang='lat' dir='ltr'><strong>abunde</strong></span> <span class='ocrx_word' id='word_1_406' title='bbox 3451 3082 3814 3150; x_wconf 76' lang='lat' dir='ltr'><strong>persuaserit.</strong></span> 
     </span>
    </p>
   </div>
   <div class='ocr_carea' id='block_1_60' title="bbox 548 3167 3817 3246">
    <p class='ocr_par' dir='ltr' id='par_1_60' title="bbox 548 3167 3817 3246">
     <span class='ocr_line' id='line_1_60' title="bbox 548 3167 3817 3246; baseline 0.002 -21"><span class='ocrx_word' id='word_1_407' title='bbox 548 3180 688 3246; x_wconf 72' lang='lat' dir='ltr'><strong>uter</strong></span> <span class='ocrx_word' id='word_1_408' title='bbox 732 3170 862 3225; x_wconf 92' lang='lat' dir='ltr'><strong>illuc</strong></span> <span class='ocrx_word' id='word_1_409' title='bbox 905 3168 1162 3225; x_wconf 87' lang='lat' dir='ltr'><strong>alicunde</strong></span> <span class='ocrx_word' id='word_1_410' title='bbox 1209 3182 1394 3240; x_wconf 86' lang='lat' dir='ltr'><strong>posset</strong></span> <span class='ocrx_word' id='word_1_411' title='bbox 1437 3172 1758 3243; x_wconf 90' lang='lat' dir='ltr'><strong>emergerel</strong></span> <span class='ocrx_word' id='word_1_412' title='bbox 1826 3170 2127 3245; x_wconf 87' lang='lat' dir='ltr'><strong>llaudqua-</strong></span> <span class='ocrx_word' id='word_1_413' title='bbox 2158 3188 2203 3246; x_wconf 77' lang='grc' dir='ltr'>ο</span> <span class='ocrx_word' id='word_1_414' title='bbox 2235 3182 2385 3221; x_wconf 76' lang='lat' dir='ltr'><strong>nunc</strong></span> <span class='ocrx_word' id='word_1_415' title='bbox 2420 3167 2535 3236; x_wconf 83' lang='lat' dir='ltr'><strong>ipse</strong></span> <span class='ocrx_word' id='word_1_416' title='bbox 2585 3168 2888 3233; x_wconf 70' lang='lat' dir='ltr'><strong>intendam.</strong></span> <span class='ocrx_word' id='word_1_417' title='bbox 2924 3178 3018 3225; x_wconf 74' lang='lat' dir='ltr'><strong>aut</strong></span> <span class='ocrx_word' id='word_1_418' title='bbox 3067 3187 3232 3242; x_wconf 84' lang='lat' dir='ltr'><strong>quam</strong></span> <span class='ocrx_word' id='word_1_419' title='bbox 3286 3173 3390 3229; x_wconf 86' lang='lat' dir='ltr'><strong>sibi</strong></span> <span class='ocrx_word' id='word_1_420' title='bbox 3427 3175 3647 3232; x_wconf 86' lang='lat' dir='ltr'><strong>divinus</strong></span> <span class='ocrx_word' id='word_1_421' title='bbox 3685 3176 3817 3233; x_wconf 79' lang='lat' dir='ltr'><strong>Bes—</strong></span> 
     </span>
    </p>
   </div>
   <div class='ocr_carea' id='block_1_61' title="bbox 550 3244 2130 3335">
    <p class='ocr_par' dir='ltr' id='par_1_61' title="bbox 550 3244 2130 3335">
     <span class='ocr_line' id='line_1_61' title="bbox 550 3244 2130 3335; baseline 0.004 -20"><span class='ocrx_word' id='word_1_422' title='bbox 550 3244 715 3333; x_wconf 81' lang='lat' dir='ltr'><strong>quam</strong></span> <span class='ocrx_word' id='word_1_423' title='bbox 754 3263 868 3318; x_wconf 92' lang='lat' dir='ltr'><strong>illic</strong></span> <span class='ocrx_word' id='word_1_424' title='bbox 901 3262 1155 3334; x_wconf 79' lang='lat' dir='ltr'><strong>profecto</strong></span> <span class='ocrx_word' id='word_1_425' title='bbox 1189 3263 1380 3335; x_wconf 90' lang='lat' dir='ltr'><strong>stirpis</strong></span> <span class='ocrx_word' id='word_1_426' title='bbox 1417 3279 1531 3320; x_wconf 66' lang='lat' dir='ltr'><strong>sua:</strong></span> <span class='ocrx_word' id='word_1_427' title='bbox 1563 3279 1790 3330; x_wconf 92' lang='lat' dir='ltr'><strong>nomen,</strong></span> <span class='ocrx_word' id='word_1_428' title='bbox 1825 3244 2130 3321; x_wconf 83' lang='lat' dir='ltr'><strong>auctorita-</strong></span> 
     </span>
    </p>
   </div>
   <div class='ocr_carea' id='block_1_62' title="bbox 553 3354 2133 3426">
    <p class='ocr_par' dir='ltr' id='par_1_62' title="bbox 553 3354 2133 3426">
     <span class='ocr_line' id='line_1_62' title="bbox 553 3354 2133 3426; baseline 0.003 -18"><span class='ocrx_word' id='word_1_429' title='bbox 553 3364 684 3418; x_wconf 88' lang='lat' dir='ltr'><strong>tem,</strong></span> <span class='ocrx_word' id='word_1_430' title='bbox 732 3354 1045 3409; x_wconf 87' lang='lat' dir='ltr'><strong>oblitterari</strong></span> <span class='ocrx_word' id='word_1_431' title='bbox 1095 3354 1321 3409; x_wconf 89' lang='lat' dir='ltr'><strong>silerive</strong></span> <span class='ocrx_word' id='word_1_432' title='bbox 1371 3364 1656 3426; x_wconf 90' lang='lat' dir='ltr'><strong>pateretur</strong></span> <span class='ocrx_word' id='word_1_433' title='bbox 1689 3375 1701 3408; x_wconf 91' lang='lat'><strong>:</strong></span> <span class='ocrx_word' id='word_1_434' title='bbox 1737 3355 1870 3426; x_wconf 83' lang='lat' dir='ltr'><strong>quin</strong></span> <span class='ocrx_word' id='word_1_435' title='bbox 1897 3357 1966 3412; x_wconf 89' lang='lat' dir='ltr'><strong>ad</strong></span> <span class='ocrx_word' id='word_1_436' title='bbox 2000 3358 2133 3414; x_wconf 90' lang='lat' dir='ltr'><strong>istas</strong></span> 
     </span>
    </p>
   </div>
   <div class='ocr_carea' id='block_1_63' title="bbox 552 3446 2134 3516">
    <p class='ocr_par' dir='ltr' id='par_1_63' title="bbox 552 3446 2134 3516">
     <span class='ocr_line' id='line_1_63' title="bbox 552 3446 2134 3516; baseline 0.005 -18"><span class='ocrx_word' id='word_1_437' title='bbox 552 3456 789 3501; x_wconf 87' lang='lat' dir='ltr'><strong>vestras</strong></span> <span class='ocrx_word' id='word_1_438' title='bbox 824 3462 999 3516; x_wconf 87' lang='lat' dir='ltr'><strong>usque</strong></span> <span class='ocrx_word' id='word_1_439' title='bbox 1051 3448 1219 3515; x_wconf 84' lang='lat' dir='ltr'><strong>Alpes</strong></span> <span class='ocrx_word' id='word_1_440' title='bbox 1270 3448 1377 3503; x_wconf 91' lang='lat' dir='ltr'><strong>iter</strong></span> <span class='ocrx_word' id='word_1_441' title='bbox 1424 3463 1455 3502; x_wconf 88' lang='lat' dir='ltr'><strong>a</strong></span> <span class='ocrx_word' id='word_1_442' title='bbox 1506 3446 1718 3504; x_wconf 72' lang='lat' dir='ltr'><strong>Graecia</strong></span> <span class='ocrx_word' id='word_1_443' title='bbox 1775 3448 1927 3505; x_wconf 82' lang='lat' dir='ltr'><strong>ferro</strong></span> <span class='ocrx_word' id='word_1_444' title='bbox 1973 3450 2134 3506; x_wconf 86' lang='lat' dir='ltr'><strong>vobis</strong></span> 
     </span>
    </p>
   </div>
   <div class='ocr_carea' id='block_1_64' title="bbox 554 3538 2135 3611">
    <p class='ocr_par' dir='ltr' id='par_1_64' title="bbox 554 3538 2135 3611">
     <span class='ocr_line' id='line_1_64' title="bbox 554 3538 2135 3611; baseline 0.003 -20"><span class='ocrx_word' id='word_1_445' title='bbox 554 3540 820 3607; x_wconf 88' lang='lat' dir='ltr'><strong>aperiret.</strong></span> <span class='ocrx_word' id='word_1_446' title='bbox 851 3538 1045 3609; x_wconf 80' lang='lat' dir='ltr'><strong>Neque</strong></span> <span class='ocrx_word' id='word_1_447' title='bbox 1077 3554 1177 3594; x_wconf 92' lang='lat' dir='ltr'><strong>vos</strong></span> <span class='ocrx_word' id='word_1_448' title='bbox 1209 3540 1451 3611; x_wconf 87' lang='lat' dir='ltr'><strong>Philippi</strong></span> <span class='ocrx_word' id='word_1_449' title='bbox 1489 3549 1585 3595; x_wconf 88' lang='lat' dir='ltr'><strong>aut</strong></span> <span class='ocrx_word' id='word_1_450' title='bbox 1615 3542 1919 3598; x_wconf 80' lang='lat' dir='ltr'><strong>Alexandri</strong></span> <span class='ocrx_word' id='word_1_451' title='bbox 1951 3543 2135 3598; x_wconf 90' lang='lat' dir='ltr'><strong>deter-</strong></span> 
     </span>
    </p>
   </div>
   <div class='ocr_carea' id='block_1_65' title="bbox 554 3633 2136 3706">
    <p class='ocr_par' dir='ltr' id='par_1_65' title="bbox 554 3633 2136 3706">
     <span class='ocr_line' id='line_1_65' title="bbox 554 3633 2136 3706; baseline 0.006 -22"><span class='ocrx_word' id='word_1_452' title='bbox 554 3642 675 3685; x_wconf 89' lang='lat' dir='ltr'><strong>reat</strong></span> <span class='ocrx_word' id='word_1_453' title='bbox 703 3633 1046 3702; x_wconf 85' lang='lat' dir='ltr'><strong>magnitudo,</strong></span> <span class='ocrx_word' id='word_1_454' title='bbox 1086 3642 1345 3704; x_wconf 85' lang='lat' dir='ltr'><strong>tanquam</strong></span> <span class='ocrx_word' id='word_1_455' title='bbox 1398 3636 1771 3706; x_wconf 82' lang='lat' dir='ltr'><strong>nequidquam</strong></span> <span class='ocrx_word' id='word_1_456' title='bbox 1806 3637 1999 3693; x_wconf 90' lang='lat' dir='ltr'><strong>conari</strong></span> <span class='ocrx_word' id='word_1_457' title='bbox 2040 3638 2136 3693; x_wconf 55' lang='lat' dir='ltr'><strong>de.</strong></span> 
     </span>
    </p>
   </div>
   <div class='ocr_carea' id='block_1_66' title="bbox 558 3721 2137 3791">
    <p class='ocr_par' dir='ltr' id='par_1_66' title="bbox 558 3721 2137 3791">
     <span class='ocr_line' id='line_1_66' title="bbox 558 3721 2137 3791; baseline 0.006 -16"><span class='ocrx_word' id='word_1_458' title='bbox 558 3721 760 3787; x_wconf 90' lang='lat' dir='ltr'><strong>beatis,</strong></span> <span class='ocrx_word' id='word_1_459' title='bbox 800 3725 948 3791; x_wconf 90' lang='lat' dir='ltr'><strong>quod</strong></span> <span class='ocrx_word' id='word_1_460' title='bbox 997 3724 1078 3778; x_wconf 89' lang='lat' dir='ltr'><strong>illi</strong></span> <span class='ocrx_word' id='word_1_461' title='bbox 1124 3726 1489 3782; x_wconf 75' lang='lat' dir='ltr'><strong>confecerint.</strong></span> <span class='ocrx_word' id='word_1_462' title='bbox 1538 3729 1655 3783; x_wconf 86' lang='lat' dir='ltr'><strong>imo</strong></span> <span class='ocrx_word' id='word_1_463' title='bbox 1699 3744 1832 3784; x_wconf 88' lang='lat' dir='ltr'><strong>vero</strong></span> <span class='ocrx_word' id='word_1_464' title='bbox 1870 3745 1994 3784; x_wconf 91' lang='lat' dir='ltr'><strong>cum</strong></span> <span class='ocrx_word' id='word_1_465' title='bbox 2025 3730 2137 3785; x_wconf 90' lang='lat' dir='ltr'><strong>illis</strong></span> 
     </span>
    </p>
   </div>
   <div class='ocr_carea' id='block_1_67' title="bbox 557 3813 2128 3894">
    <p class='ocr_par' dir='ltr' id='par_1_67' title="bbox 557 3813 2128 3894">
     <span class='ocr_line' id='line_1_67' title="bbox 557 3813 2128 3894; baseline 0.008 -28"><span class='ocrx_word' id='word_1_466' title='bbox 557 3813 717 3883; x_wconf 88' lang='lat' dir='ltr'><strong>longe</strong></span> <span class='ocrx_word' id='word_1_467' title='bbox 744 3815 902 3871; x_wconf 85' lang='lat' dir='ltr'><strong>vobis</strong></span> <span class='ocrx_word' id='word_1_468' title='bbox 928 3818 1276 3872; x_wconf 87' lang='lat' dir='ltr'><strong>commodior</strong></span> <span class='ocrx_word' id='word_1_469' title='bbox 1303 3818 1701 3891; x_wconf 87' lang='lat' dir='ltr'><strong>honestiorque</strong></span> <span class='ocrx_word' id='word_1_470' title='bbox 1729 3822 1860 3877; x_wconf 89' lang='lat' dir='ltr'><strong>belli</strong></span> <span class='ocrx_word' id='word_1_471' title='bbox 1899 3823 2128 3894; x_wconf 89' lang='lat' dir='ltr'><strong>gerendi</strong></span> 
     </span>
    </p>
   </div>
   <div class='ocr_carea' id='block_1_68' title="bbox 556 3907 2132 3983">
    <p class='ocr_par' dir='ltr' id='par_1_68' title="bbox 556 3907 2132 3983">
     <span class='ocr_line' id='line_1_68' title="bbox 556 3907 2132 3983; baseline 0.008 -24"><span class='ocrx_word' id='word_1_472' title='bbox 556 3907 697 3961; x_wconf 73' lang='lat' dir='ltr'><strong>ratio</strong></span> <span class='ocrx_word' id='word_1_473' title='bbox 744 3915 851 3962; x_wconf 89' lang='lat' dir='ltr'><strong>est.</strong></span> <span class='ocrx_word' id='word_1_474' title='bbox 906 3908 1062 3964; x_wconf 90' lang='lat' dir='ltr'><strong>Unus</strong></span> <span class='ocrx_word' id='word_1_475' title='bbox 1109 3908 1400 3981; x_wconf 85' lang='lat' dir='ltr'><strong>Philippus</strong></span> <span class='ocrx_word' id='word_1_476' title='bbox 1457 3925 1714 3983; x_wconf 86' lang='lat' dir='ltr'><strong>unusque</strong></span> <span class='ocrx_word' id='word_1_477' title='bbox 1774 3914 2132 3971; x_wconf 78' lang='lat' dir='ltr'><strong>Alexander:</strong></span> 
     </span>
    </p>
   </div>
   <div class='ocr_carea' id='block_1_69' title="bbox 554 3998 2136 4079">
    <p class='ocr_par' dir='ltr' id='par_1_69' title="bbox 554 3998 2136 4079">
     <span class='ocr_line' id='line_1_69' title="bbox 554 3998 2136 4079; baseline 0.008 -28"><span class='ocrx_word' id='word_1_478' title='bbox 554 3999 695 4053; x_wconf 88' lang='lat' dir='ltr'><strong>alter</strong></span> <span class='ocrx_word' id='word_1_479' title='bbox 719 3998 968 4066; x_wconf 70' lang='lat' dir='ltr'><strong>Graeciae,</strong></span> <span class='ocrx_word' id='word_1_480' title='bbox 1004 4001 1147 4057; x_wconf 87' lang='lat' dir='ltr'><strong>alter</strong></span> <span class='ocrx_word' id='word_1_481' title='bbox 1180 4002 1332 4059; x_wconf 90' lang='lat' dir='ltr'><strong>orbis</strong></span> <span class='ocrx_word' id='word_1_482' title='bbox 1358 4003 1613 4060; x_wconf 84' lang='lat' dir='ltr'><strong>civitates</strong></span> <span class='ocrx_word' id='word_1_483' title='bbox 1643 4021 1836 4061; x_wconf 90' lang='lat' dir='ltr'><strong>omnes</strong></span> <span class='ocrx_word' id='word_1_484' title='bbox 1870 4022 2136 4079; x_wconf 86' lang='lat' dir='ltr'><strong>armaque</strong></span> 
     </span>
    </p>
   </div>
   <div class='ocr_carea' id='block_1_70' title="bbox 552 4093 2135 4167">
    <p class='ocr_par' dir='ltr' id='par_1_70' title="bbox 552 4093 2135 4167">
     <span class='ocr_line' id='line_1_70' title="bbox 552 4093 2135 4167; baseline 0.008 -22"><span class='ocrx_word' id='word_1_485' title='bbox 552 4093 901 4158; x_wconf 74' lang='lat' dir='ltr'><strong>conStravit;</strong></span> <span class='ocrx_word' id='word_1_486' title='bbox 950 4109 1049 4149; x_wconf 90' lang='lat' dir='ltr'><strong>vos</strong></span> <span class='ocrx_word' id='word_1_487' title='bbox 1092 4105 1328 4165; x_wconf 87' lang='lat' dir='ltr'><strong>septem,</strong></span> <span class='ocrx_word' id='word_1_488' title='bbox 1380 4112 1549 4152; x_wconf 88' lang='lat' dir='ltr'><strong>unum</strong></span> <span class='ocrx_word' id='word_1_489' title='bbox 1587 4107 1683 4153; x_wconf 88' lang='lat' dir='ltr'><strong>aut</strong></span> <span class='ocrx_word' id='word_1_490' title='bbox 1729 4100 1988 4167; x_wconf 85' lang='lat' dir='ltr'><strong>alterum,</strong></span> <span class='ocrx_word' id='word_1_491' title='bbox 2038 4112 2135 4156; x_wconf 90' lang='lat' dir='ltr'><strong>aut</strong></span> 
     </span>
    </p>
   </div>
   <div class='ocr_carea' id='block_1_71' title="bbox 556 4187 2135 4264">
    <p class='ocr_par' dir='ltr' id='par_1_71' title="bbox 556 4187 2135 4264">
     <span class='ocr_line' id='line_1_71' title="bbox 556 4187 2135 4264; baseline 0.008 -27"><span class='ocrx_word' id='word_1_492' title='bbox 556 4192 668 4240; x_wconf 87' lang='lat' dir='ltr'><strong>tres</strong></span> <span class='ocrx_word' id='word_1_493' title='bbox 693 4187 760 4240; x_wconf 78' lang='lat' dir='ltr'><strong>ad</strong></span> <span class='ocrx_word' id='word_1_494' title='bbox 800 4202 1074 4243; x_wconf 88' lang='lat' dir='ltr'><strong>summum</strong></span> <span class='ocrx_word' id='word_1_495' title='bbox 1118 4189 1407 4259; x_wconf 67' lang='lat' dir='ltr'><strong>praedones</strong></span> <span class='ocrx_word' id='word_1_496' title='bbox 1462 4206 1568 4246; x_wconf 88' lang='lat' dir='ltr'><strong>non</strong></span> <span class='ocrx_word' id='word_1_497' title='bbox 1616 4194 2135 4264; x_wconf 69' lang='lat' dir='ltr'><strong>exstinguetisiAb</strong></span> 
     </span>
    </p>
   </div>
   <div class='ocr_carea' id='block_1_72' title="bbox 554 4279 2132 4357">
    <p class='ocr_par' dir='ltr' id='par_1_72' title="bbox 554 4279 2132 4357">
     <span class='ocr_line' id='line_1_72' title="bbox 554 4279 2132 4357; baseline 0.007 -26"><span class='ocrx_word' id='word_1_498' title='bbox 554 4293 664 4333; x_wconf 87' lang='lat' dir='ltr'><strong>uno</strong></span> <span class='ocrx_word' id='word_1_499' title='bbox 720 4279 978 4351; x_wconf 81' lang='lat' dir='ltr'><strong>Philippo</strong></span> <span class='ocrx_word' id='word_1_500' title='bbox 1041 4296 1264 4352; x_wconf 91' lang='lat' dir='ltr'><strong>unoque</strong></span> <span class='ocrx_word' id='word_1_501' title='bbox 1312 4283 1632 4339; x_wconf 83' lang='lat' dir='ltr'><strong>Alexandro</strong></span> <span class='ocrx_word' id='word_1_502' title='bbox 1693 4302 1862 4355; x_wconf 85' lang='lat' dir='ltr'><strong>regna</strong></span> <span class='ocrx_word' id='word_1_503' title='bbox 1909 4288 2132 4357; x_wconf 89' lang='lat' dir='ltr'><strong>quidem</strong></span> 
     </span>
    </p>
   </div>
   <div class='ocr_carea' id='block_1_73' title="bbox 550 4370 2135 4445">
    <p class='ocr_par' dir='ltr' id='par_1_73' title="bbox 550 4370 2135 4445">
     <span class='ocr_line' id='line_1_73' title="bbox 550 4370 2135 4445; baseline 0.007 -20"><span class='ocrx_word' id='word_1_504' title='bbox 550 4370 757 4436; x_wconf 88' lang='lat' dir='ltr'><strong>aliena,</strong></span> <span class='ocrx_word' id='word_1_505' title='bbox 800 4372 910 4428; x_wconf 89' lang='lat' dir='ltr'><strong>imo</strong></span> <span class='ocrx_word' id='word_1_506' title='bbox 963 4373 1033 4429; x_wconf 88' lang='lat' dir='ltr'><strong>ab</strong></span> <span class='ocrx_word' id='word_1_507' title='bbox 1073 4374 1167 4429; x_wconf 89' lang='lat' dir='ltr'><strong>illo</strong></span> <span class='ocrx_word' id='word_1_508' title='bbox 1218 4391 1316 4445; x_wconf 90' lang='lat' dir='ltr'><strong>per</strong></span> <span class='ocrx_word' id='word_1_509' title='bbox 1367 4376 1657 4442; x_wconf 65' lang='lat' dir='ltr'><strong>Graeciam,</strong></span> <span class='ocrx_word' id='word_1_510' title='bbox 1704 4394 1854 4434; x_wconf 89' lang='lat' dir='ltr'><strong>nunc</strong></span> <span class='ocrx_word' id='word_1_511' title='bbox 1907 4380 1976 4433; x_wconf 91' lang='lat' dir='ltr'><strong>ab</strong></span> <span class='ocrx_word' id='word_1_512' title='bbox 2026 4382 2135 4437; x_wconf 91' lang='lat' dir='ltr'><strong>hoc</strong></span> 
     </span>
    </p>
   </div>
   <div class='ocr_carea' id='block_1_74' title="bbox 553 4464 2133 4541">
    <p class='ocr_par' dir='ltr' id='par_1_74' title="bbox 553 4464 2133 4541">
     <span class='ocr_line' id='line_1_74' title="bbox 553 4464 2133 4541; baseline 0.01 -25"><span class='ocrx_word' id='word_1_513' title='bbox 553 4464 713 4536; x_wconf 87' lang='lat' dir='ltr'><strong>longe</strong></span> <span class='ocrx_word' id='word_1_514' title='bbox 743 4482 841 4538; x_wconf 91' lang='lat' dir='ltr'><strong>per</strong></span> <span class='ocrx_word' id='word_1_515' title='bbox 872 4468 1063 4525; x_wconf 89' lang='lat' dir='ltr'><strong>orbem</strong></span> <span class='ocrx_word' id='word_1_516' title='bbox 1088 4471 1315 4541; x_wconf 59' lang='lat' dir='ltr'><strong>qua&#39;sita</strong></span> <span class='ocrx_word' id='word_1_517' title='bbox 1348 4480 1501 4527; x_wconf 88' lang='lat' dir='ltr'><strong>sunt.</strong></span> <span class='ocrx_word' id='word_1_518' title='bbox 1536 4472 1579 4527; x_wconf 88' lang='lat' dir='ltr'><strong>A</strong></span> <span class='ocrx_word' id='word_1_519' title='bbox 1609 4474 1767 4528; x_wconf 90' lang='lat' dir='ltr'><strong>vobis</strong></span> <span class='ocrx_word' id='word_1_520' title='bbox 1795 4484 1976 4530; x_wconf 90' lang='lat' dir='ltr'><strong>vestra</strong></span> <span class='ocrx_word' id='word_1_521' title='bbox 2012 4478 2133 4532; x_wconf 85' lang='lat' dir='ltr'><strong>sine</strong></span> 
     </span>
    </p>
   </div>
   <div class='ocr_carea' id='block_1_75' title="bbox 2235 3256 3815 3339">
    <p class='ocr_par' dir='ltr' id='par_1_75' title="bbox 2235 3256 3815 3339">
     <span class='ocr_line' id='line_1_75' title="bbox 2235 3256 3815 3339; baseline 0.008 -26"><span class='ocrx_word' id='word_1_522' title='bbox 2235 3256 2383 3313; x_wconf 90' lang='lat' dir='ltr'><strong>sario</strong></span> <span class='ocrx_word' id='word_1_523' title='bbox 2428 3260 2773 3327; x_wconf 86' lang='lat' dir='ltr'><strong>provinciam</strong></span> <span class='ocrx_word' id='word_1_524' title='bbox 2837 3264 3144 3336; x_wconf 82' lang='lat' dir='ltr'><strong>delegerit,</strong></span> <span class='ocrx_word' id='word_1_525' title='bbox 3194 3266 3516 3339; x_wconf 85' lang='lat' dir='ltr'><strong>optimeque</strong></span> <span class='ocrx_word' id='word_1_526' title='bbox 3560 3274 3815 3339; x_wconf 83' lang='lat' dir='ltr'><strong>gesserit,</strong></span> 
     </span>
    </p>
   </div>
   <div class='ocr_carea' id='block_1_76' title="bbox 2233 3350 3813 3438">
    <p class='ocr_par' dir='ltr' id='par_1_76' title="bbox 2233 3350 3813 3438">
     <span class='ocr_line' id='line_1_76' title="bbox 2233 3350 3813 3438; baseline 0.011 -32"><span class='ocrx_word' id='word_1_527' title='bbox 2233 3350 2464 3409; x_wconf 84' lang='lat' dir='ltr'><strong>inermis</strong></span> <span class='ocrx_word' id='word_1_528' title='bbox 2507 3369 2609 3425; x_wconf 81' lang='lat' dir='ltr'><strong>ego</strong></span> <span class='ocrx_word' id='word_1_529' title='bbox 2665 3365 2787 3426; x_wconf 92' lang='lat' dir='ltr'><strong>post</strong></span> <span class='ocrx_word' id='word_1_530' title='bbox 2826 3356 2977 3414; x_wconf 87' lang='lat' dir='ltr'><strong>hunc</strong></span> <span class='ocrx_word' id='word_1_531' title='bbox 3014 3375 3209 3429; x_wconf 89' lang='lat' dir='ltr'><strong>gerere</strong></span> <span class='ocrx_word' id='word_1_532' title='bbox 3261 3364 3515 3435; x_wconf 89' lang='lat' dir='ltr'><strong>tuerique</strong></span> <span class='ocrx_word' id='word_1_533' title='bbox 3568 3382 3813 3438; x_wconf 82' lang='lat' dir='ltr'><strong>pergam.</strong></span> 
     </span>
    </p>
   </div>
   <div class='ocr_carea' id='block_1_77' title="bbox 2232 3445 3816 3531">
    <p class='ocr_par' dir='ltr' id='par_1_77' title="bbox 2232 3445 3816 3531">
     <span class='ocr_line' id='line_1_77' title="bbox 2232 3445 3816 3531; baseline 0.012 -31"><span class='ocrx_word' id='word_1_534' title='bbox 2232 3445 2370 3501; x_wconf 87' lang='lat' dir='ltr'><strong>Nam</strong></span> <span class='ocrx_word' id='word_1_535' title='bbox 2406 3446 2497 3518; x_wconf 78' lang='lat' dir='ltr'><strong>(ad</strong></span> <span class='ocrx_word' id='word_1_536' title='bbox 2553 3464 2651 3504; x_wconf 91' lang='lat' dir='ltr'><strong>vos</strong></span> <span class='ocrx_word' id='word_1_537' title='bbox 2699 3465 3036 3522; x_wconf 86' lang='lat' dir='ltr'><strong>causamque</strong></span> <span class='ocrx_word' id='word_1_538' title='bbox 3085 3455 3235 3523; x_wconf 90' lang='lat' dir='ltr'><strong>quod</strong></span> <span class='ocrx_word' id='word_1_539' title='bbox 3283 3457 3504 3531; x_wconf 86' lang='lat' dir='ltr'><strong>attinet)</strong></span> <span class='ocrx_word' id='word_1_540' title='bbox 3553 3463 3816 3519; x_wconf 90' lang='lat' dir='ltr'><strong>militaria</strong></span> 
     </span>
    </p>
   </div>
   <div class='ocr_carea' id='block_1_78' title="bbox 2234 3540 3819 3628">
    <p class='ocr_par' dir='ltr' id='par_1_78' title="bbox 2234 3540 3819 3628">
     <span class='ocr_line' id='line_1_78' title="bbox 2234 3540 3819 3628; baseline 0.011 -36"><span class='ocrx_word' id='word_1_541' title='bbox 2234 3540 2464 3610; x_wconf 86' lang='lat' dir='ltr'><strong>quidem</strong></span> <span class='ocrx_word' id='word_1_542' title='bbox 2514 3541 2754 3612; x_wconf 69' lang='lat' dir='ltr'><strong>insignia</strong></span> <span class='ocrx_word' id='word_1_543' title='bbox 2802 3546 3008 3613; x_wconf 88' lang='lat' dir='ltr'><strong>quibus</strong></span> <span class='ocrx_word' id='word_1_544' title='bbox 3041 3561 3227 3616; x_wconf 87' lang='lat' dir='ltr'><strong>enses,</strong></span> <span class='ocrx_word' id='word_1_545' title='bbox 3259 3551 3461 3622; x_wconf 85' lang='lat' dir='ltr'><strong>clypei,</strong></span> <span class='ocrx_word' id='word_1_546' title='bbox 3510 3556 3819 3628; x_wconf 80' lang='lat' dir='ltr'><strong>vexillaque.</strong></span> 
     </span>
    </p>
   </div>
   <div class='ocr_carea' id='block_1_79' title="bbox 2232 3637 3816 3719">
    <p class='ocr_par' dir='ltr' id='par_1_79' title="bbox 2232 3637 3816 3719">
     <span class='ocr_line' id='line_1_79' title="bbox 2232 3637 3816 3719; baseline 0.011 -34"><span class='ocrx_word' id='word_1_547' title='bbox 2232 3642 2421 3688; x_wconf 89' lang='lat' dir='ltr'><strong>vestra</strong></span> <span class='ocrx_word' id='word_1_548' title='bbox 2470 3637 2647 3691; x_wconf 91' lang='lat' dir='ltr'><strong>multo</strong></span> <span class='ocrx_word' id='word_1_549' title='bbox 2696 3640 2870 3707; x_wconf 78' lang='lat' dir='ltr'><strong>magis</strong></span> <span class='ocrx_word' id='word_1_550' title='bbox 2918 3639 3215 3709; x_wconf 80' lang='lat' dir='ltr'><strong>refulgent,</strong></span> <span class='ocrx_word' id='word_1_551' title='bbox 3266 3645 3441 3711; x_wconf 90' lang='lat' dir='ltr'><strong>spolia</strong></span> <span class='ocrx_word' id='word_1_552' title='bbox 3493 3657 3647 3712; x_wconf 90' lang='lat' dir='ltr'><strong>sunt,</strong></span> <span class='ocrx_word' id='word_1_553' title='bbox 3696 3665 3816 3719; x_wconf 82' lang='lat' dir='ltr'><strong>qua:</strong></span> 
     </span>
    </p>
   </div>
   <div class='ocr_carea' id='block_1_80' title="bbox 2232 3724 3819 3805">
    <p class='ocr_par' dir='ltr' id='par_1_80' title="bbox 2232 3724 3819 3805">
     <span class='ocr_line' id='line_1_80' title="bbox 2232 3724 3819 3805; baseline 0.008 -23"><span class='ocrx_word' id='word_1_554' title='bbox 2232 3724 2609 3783; x_wconf 84' lang='lat' dir='ltr'><strong>Christianam</strong></span> <span class='ocrx_word' id='word_1_555' title='bbox 2646 3745 2869 3785; x_wconf 89' lang='lat' dir='ltr'><strong>causam</strong></span> <span class='ocrx_word' id='word_1_556' title='bbox 2896 3734 3053 3788; x_wconf 89' lang='lat' dir='ltr'><strong>vobis</strong></span> <span class='ocrx_word' id='word_1_557' title='bbox 3086 3737 3427 3805; x_wconf 87' lang='lat' dir='ltr'><strong>persuadere</strong></span> <span class='ocrx_word' id='word_1_558' title='bbox 3462 3739 3646 3793; x_wconf 90' lang='lat' dir='ltr'><strong>verbis</strong></span> <span class='ocrx_word' id='word_1_559' title='bbox 3680 3741 3819 3797; x_wconf 81' lang='lat' dir='ltr'><strong>faci-</strong></span> 
     </span>
    </p>
   </div>
   <div class='ocr_carea' id='block_1_81' title="bbox 2234 3817 3822 3897">
    <p class='ocr_par' dir='ltr' id='par_1_81' title="bbox 2234 3817 3822 3897">
     <span class='ocr_line' id='line_1_81' title="bbox 2234 3817 3822 3897; baseline 0.008 -24"><span class='ocrx_word' id='word_1_560' title='bbox 2234 3817 2345 3873; x_wconf 91' lang='lat' dir='ltr'><strong>lius</strong></span> <span class='ocrx_word' id='word_1_561' title='bbox 2375 3819 2636 3875; x_wconf 90' lang='lat' dir='ltr'><strong>omnibus</strong></span> <span class='ocrx_word' id='word_1_562' title='bbox 2671 3829 2944 3890; x_wconf 87' lang='lat' dir='ltr'><strong>possunt,</strong></span> <span class='ocrx_word' id='word_1_563' title='bbox 2979 3824 3184 3894; x_wconf 88' lang='lat' dir='ltr'><strong>quippe</strong></span> <span class='ocrx_word' id='word_1_564' title='bbox 3215 3842 3341 3896; x_wconf 71' lang='lat' dir='ltr'><strong>quae</strong></span> <span class='ocrx_word' id='word_1_565' title='bbox 3370 3840 3602 3897; x_wconf 89' lang='lat' dir='ltr'><strong>quartus</strong></span> <span class='ocrx_word' id='word_1_566' title='bbox 3649 3846 3678 3884; x_wconf 90' lang='lat' dir='ltr'><strong>a</strong></span> <span class='ocrx_word' id='word_1_567' title='bbox 3718 3834 3822 3886; x_wconf 85' lang='lat' dir='ltr'><strong>Be-</strong></span> 
     </span>
    </p>
   </div>
   <div class='ocr_carea' id='block_1_82' title="bbox 2236 3911 3821 3985">
    <p class='ocr_par' dir='ltr' id='par_1_82' title="bbox 2236 3911 3821 3985">
     <span class='ocr_line' id='line_1_82' title="bbox 2236 3911 3821 3985; baseline 0.009 -21"><span class='ocrx_word' id='word_1_568' title='bbox 2236 3911 2396 3967; x_wconf 82' lang='lat' dir='ltr'><strong>roldo</strong></span> <span class='ocrx_word' id='word_1_569' title='bbox 2420 3923 2618 3967; x_wconf 73' lang='lat' dir='ltr'><strong>vestra:</strong></span> <span class='ocrx_word' id='word_1_570' title='bbox 2637 3913 2836 3969; x_wconf 90' lang='lat' dir='ltr'><strong>domus</strong></span> <span class='ocrx_word' id='word_1_571' title='bbox 2857 3915 3117 3985; x_wconf 88' lang='lat' dir='ltr'><strong>princeps</strong></span> <span class='ocrx_word' id='word_1_572' title='bbox 3136 3917 3413 3974; x_wconf 87' lang='lat' dir='ltr'><strong>Amadeus</strong></span> <span class='ocrx_word' id='word_1_573' title='bbox 3434 3920 3639 3977; x_wconf 91' lang='lat' dir='ltr'><strong>Christi</strong></span> <span class='ocrx_word' id='word_1_574' title='bbox 3662 3925 3821 3979; x_wconf 72' lang='lat' dir='ltr'><strong>victis</strong></span> 
     </span>
    </p>
   </div>
   <div class='ocr_carea' id='block_1_83' title="bbox 2236 4005 3823 4084">
    <p class='ocr_par' dir='ltr' id='par_1_83' title="bbox 2236 4005 3823 4084">
     <span class='ocr_line' id='line_1_83' title="bbox 2236 4005 3823 4084; baseline 0.008 -26"><span class='ocrx_word' id='word_1_575' title='bbox 2236 4005 2305 4061; x_wconf 90' lang='lat' dir='ltr'><strong>ab</strong></span> <span class='ocrx_word' id='word_1_576' title='bbox 2338 4006 2599 4062; x_wconf 89' lang='lat' dir='ltr'><strong>hostibus</strong></span> <span class='ocrx_word' id='word_1_577' title='bbox 2639 4009 2861 4062; x_wconf 90' lang='lat' dir='ltr'><strong>domum</strong></span> <span class='ocrx_word' id='word_1_578' title='bbox 2910 4012 3234 4081; x_wconf 88' lang='lat' dir='ltr'><strong>reportavit.</strong></span> <span class='ocrx_word' id='word_1_579' title='bbox 3271 4012 3427 4068; x_wconf 89' lang='lat' dir='ltr'><strong>Unde</strong></span> <span class='ocrx_word' id='word_1_580' title='bbox 3473 4020 3823 4084; x_wconf 87' lang='lat' dir='ltr'><strong>reportavit?</strong></span> 
     </span>
    </p>
   </div>
   <div class='ocr_carea' id='block_1_84' title="bbox 2236 4096 3819 4170">
    <p class='ocr_par' dir='ltr' id='par_1_84' title="bbox 2236 4096 3819 4170">
     <span class='ocr_line' id='line_1_84' title="bbox 2236 4096 3819 4170; baseline 0.006 -15"><span class='ocrx_word' id='word_1_581' title='bbox 2236 4096 2441 4169; x_wconf 90' lang='lat' dir='ltr'><strong>Utique</strong></span> <span class='ocrx_word' id='word_1_582' title='bbox 2473 4100 2778 4170; x_wconf 89' lang='lat' dir='ltr'><strong>reportavit</strong></span> <span class='ocrx_word' id='word_1_583' title='bbox 2809 4116 2839 4155; x_wconf 93' lang='lat' dir='ltr'><strong>e</strong></span> <span class='ocrx_word' id='word_1_584' title='bbox 2881 4100 3114 4157; x_wconf 85' lang='lat' dir='ltr'><strong>Graecia.</strong></span> <span class='ocrx_word' id='word_1_585' title='bbox 3146 4103 3303 4169; x_wconf 85' lang='lat' dir='ltr'><strong>Quod</strong></span> <span class='ocrx_word' id='word_1_586' title='bbox 3340 4106 3383 4159; x_wconf 92' lang='lat' dir='ltr'><strong>si</strong></span> <span class='ocrx_word' id='word_1_587' title='bbox 3418 4122 3565 4161; x_wconf 91' lang='lat' dir='ltr'><strong>nunc</strong></span> <span class='ocrx_word' id='word_1_588' title='bbox 3602 4125 3697 4164; x_wconf 86' lang='lat' dir='ltr'><strong>ore</strong></span> <span class='ocrx_word' id='word_1_589' title='bbox 3728 4127 3819 4165; x_wconf 85' lang='lat' dir='ltr'><strong>ro-</strong></span> 
     </span>
    </p>
   </div>
   <div class='ocr_carea' id='block_1_85' title="bbox 2239 4193 3818 4265">
    <p class='ocr_par' dir='ltr' id='par_1_85' title="bbox 2239 4193 3818 4265">
     <span class='ocr_line' id='line_1_85' title="bbox 2239 4193 3818 4265; baseline 0.006 -17"><span class='ocrx_word' id='word_1_590' title='bbox 2239 4194 2411 4248; x_wconf 82' lang='lat' dir='ltr'><strong>tundo</strong></span> <span class='ocrx_word' id='word_1_591' title='bbox 2444 4209 2749 4265; x_wconf 89' lang='lat' dir='ltr'><strong>magnaque</strong></span> <span class='ocrx_word' id='word_1_592' title='bbox 2778 4193 2969 4250; x_wconf 68' lang='lat' dir='ltr'><strong>Graeco</strong></span> <span class='ocrx_word' id='word_1_593' title='bbox 3001 4212 3151 4251; x_wconf 89' lang='lat' dir='ltr'><strong>more</strong></span> <span class='ocrx_word' id='word_1_594' title='bbox 3175 4208 3501 4256; x_wconf 90' lang='lat' dir='ltr'><strong>sonaturum</strong></span> <span class='ocrx_word' id='word_1_595' title='bbox 3535 4200 3818 4258; x_wconf 86' lang='lat' dir='ltr'><strong>Bessario-</strong></span> 
     </span>
    </p>
   </div>
   <div class='ocr_carea' id='block_1_86' title="bbox 2237 4290 3820 4361">
    <p class='ocr_par' dir='ltr' id='par_1_86' title="bbox 2237 4290 3820 4361">
     <span class='ocr_line' id='line_1_86' title="bbox 2237 4290 3820 4361; baseline 0.004 -16"><span class='ocrx_word' id='word_1_596' title='bbox 2237 4305 2363 4345; x_wconf 87' lang='lat' dir='ltr'><strong>nem</strong></span> <span class='ocrx_word' id='word_1_597' title='bbox 2406 4297 2617 4344; x_wconf 90' lang='lat' dir='ltr'><strong>attente</strong></span> <span class='ocrx_word' id='word_1_598' title='bbox 2664 4290 2846 4359; x_wconf 88' lang='lat' dir='ltr'><strong>placet</strong></span> <span class='ocrx_word' id='word_1_599' title='bbox 2884 4290 3290 4361; x_wconf 72' lang='lat' dir='ltr'><strong>audire,-ibitis</strong></span> <span class='ocrx_word' id='word_1_600' title='bbox 3321 4294 3554 4361; x_wconf 88' lang='lat' dir='ltr'><strong>alacres,</strong></span> <span class='ocrx_word' id='word_1_601' title='bbox 3582 4297 3820 4352; x_wconf 86' lang='lat' dir='ltr'><strong>victores</strong></span> 
     </span>
    </p>
   </div>
   <div class='ocr_carea' id='block_1_87' title="bbox 2239 4383 3817 4453">
    <p class='ocr_par' dir='ltr' id='par_1_87' title="bbox 2239 4383 3817 4453">
     <span class='ocr_line' id='line_1_87' title="bbox 2239 4383 3817 4453; baseline 0.003 -16"><span class='ocrx_word' id='word_1_602' title='bbox 2239 4384 2439 4438; x_wconf 90' lang='lat' dir='ltr'><strong>iterum</strong></span> <span class='ocrx_word' id='word_1_603' title='bbox 2467 4384 2765 4437; x_wconf 86' lang='lat' dir='ltr'><strong>reversuri.</strong></span> <span class='ocrx_word' id='word_1_604' title='bbox 2798 4383 2905 4438; x_wconf 88' lang='lat' dir='ltr'><strong>Sed</strong></span> <span class='ocrx_word' id='word_1_605' title='bbox 2932 4399 3069 4453; x_wconf 90' lang='lat' dir='ltr'><strong>quas</strong></span> <span class='ocrx_word' id='word_1_606' title='bbox 3101 4384 3232 4439; x_wconf 92' lang='lat' dir='ltr'><strong>huic</strong></span> <span class='ocrx_word' id='word_1_607' title='bbox 3263 4386 3605 4443; x_wconf 87' lang='lat' dir='ltr'><strong>homunculo</strong></span> <span class='ocrx_word' id='word_1_608' title='bbox 3630 4400 3817 4443; x_wconf 87' lang='lat' dir='ltr'><strong>vestro</strong></span> 
     </span>
    </p>
   </div>
   <div class='ocr_carea' id='block_1_88' title="bbox 2239 4467 3816 4553">
    <p class='ocr_par' dir='ltr' id='par_1_88' title="bbox 2239 4467 3816 4553">
     <span class='ocr_line' id='line_1_88' title="bbox 2239 4467 3816 4553; baseline 0.003 -21"><span class='ocrx_word' id='word_1_609' title='bbox 2239 4491 2451 4548; x_wconf 91' lang='lat' dir='ltr'><strong>suoque</strong></span> <span class='ocrx_word' id='word_1_610' title='bbox 2477 4476 2814 4546; x_wconf 83' lang='lat' dir='ltr'><strong>mancipiolo</strong></span> <span class='ocrx_word' id='word_1_611' title='bbox 2854 4467 3069 4531; x_wconf 86' lang='lat' dir='ltr'><strong>litteras</strong></span> <span class='ocrx_word' id='word_1_612' title='bbox 3097 4476 3189 4531; x_wconf 90' lang='lat' dir='ltr'><strong>ille</strong></span> <span class='ocrx_word' id='word_1_613' title='bbox 3222 4478 3376 4532; x_wconf 89' lang='lat' dir='ltr'><strong>reddi</strong></span> <span class='ocrx_word' id='word_1_614' title='bbox 3405 4480 3655 4550; x_wconf 77' lang='lat' dir='ltr'><strong>jusserit,</strong></span> <span class='ocrx_word' id='word_1_615' title='bbox 3683 4484 3816 4553; x_wconf 84' lang='lat' dir='ltr'><strong>quid</strong></span> 
     </span>
    </p>
   </div>
   <div class='ocr_carea' id='block_1_89' title="bbox 551 4551 3816 4645">
    <p class='ocr_par' dir='ltr' id='par_1_89' title="bbox 551 4551 3816 4645">
     <span class='ocr_line' id='line_1_89' title="bbox 551 4551 3816 4645; baseline 0.006 -34"><span class='ocrx_word' id='word_1_616' title='bbox 551 4561 843 4628; x_wconf 83' lang='lat' dir='ltr'><strong>sanguine,</strong></span> <span class='ocrx_word' id='word_1_617' title='bbox 900 4563 1024 4617; x_wconf 88' lang='lat' dir='ltr'><strong>sine</strong></span> <span class='ocrx_word' id='word_1_618' title='bbox 1059 4562 1285 4631; x_wconf 89' lang='lat' dir='ltr'><strong>sudore,</strong></span> <span class='ocrx_word' id='word_1_619' title='bbox 1327 4565 1447 4620; x_wconf 88' lang='lat' dir='ltr'><strong>sine</strong></span> <span class='ocrx_word' id='word_1_620' title='bbox 1502 4568 1894 4624; x_wconf 81' lang='lat' dir='ltr'><strong>reclamatione</strong></span> <span class='ocrx_word' id='word_1_621' title='bbox 1936 4562 2127 4627; x_wconf 60' lang='lat' dir='ltr'><strong>~dctra-</strong></span> <span class='ocrx_word' id='word_1_622' title='bbox 2168 4551 2211 4607; x_wconf 72' lang='grc' dir='ltr'>υ</span> <span class='ocrx_word' id='word_1_623' title='bbox 2239 4580 2295 4625; x_wconf 84' lang='lat' dir='ltr'><strong>et</strong></span> <span class='ocrx_word' id='word_1_624' title='bbox 2324 4570 2529 4640; x_wconf 85' lang='lat' dir='ltr'><strong>negotii</strong></span> <span class='ocrx_word' id='word_1_625' title='bbox 2562 4570 2861 4636; x_wconf 89' lang='lat' dir='ltr'><strong>mandarit,</strong></span> <span class='ocrx_word' id='word_1_626' title='bbox 2896 4571 3121 4643; x_wconf 85' lang='lat' dir='ltr'><strong>jamjam</strong></span> <span class='ocrx_word' id='word_1_627' title='bbox 3158 4573 3344 4628; x_wconf 91' lang='lat' dir='ltr'><strong>animo</strong></span> <span class='ocrx_word' id='word_1_628' title='bbox 3374 4574 3615 4645; x_wconf 84' lang='lat' dir='ltr'><strong>propitio</strong></span> <span class='ocrx_word' id='word_1_629' title='bbox 3650 4551 3816 4631; x_wconf 79' lang='lat' dir='ltr'><strong>benc-</strong></span> 
     </span>
    </p>
   </div>
   <div class='ocr_carea' id='block_1_90' title="bbox 553 4651 2131 4727">
    <p class='ocr_par' dir='ltr' id='par_1_90' title="bbox 553 4651 2131 4727">
     <span class='ocr_line' id='line_1_90' title="bbox 553 4651 2131 4727; baseline 0.01 -23"><span class='ocrx_word' id='word_1_630' title='bbox 553 4651 802 4707; x_wconf 83' lang='lat' dir='ltr'><strong>bentur?</strong></span> <span class='ocrx_word' id='word_1_631' title='bbox 855 4654 960 4711; x_wconf 88' lang='lat' dir='ltr'><strong>Uni</strong></span> <span class='ocrx_word' id='word_1_632' title='bbox 1006 4654 1261 4727; x_wconf 87' lang='lat' dir='ltr'><strong>Philippo</strong></span> <span class='ocrx_word' id='word_1_633' title='bbox 1318 4658 1523 4727; x_wconf 90' lang='lat' dir='ltr'><strong>unique</strong></span> <span class='ocrx_word' id='word_1_634' title='bbox 1570 4659 1901 4727; x_wconf 75' lang='lat' dir='ltr'><strong>Alexandro,</strong></span> <span class='ocrx_word' id='word_1_635' title='bbox 1956 4664 2131 4720; x_wconf 90' lang='lat' dir='ltr'><strong>milite</strong></span> 
     </span>
    </p>
   </div>
   <div class='ocr_carea' id='block_1_91' title="bbox 2241 4663 2799 4735">
    <p class='ocr_par' dir='ltr' id='par_1_91' title="bbox 2241 4663 2799 4735">
     <span class='ocr_line' id='line_1_91' title="bbox 2241 4663 2799 4735; baseline 0.002 -17"><span class='ocrx_word' id='word_1_636' title='bbox 2241 4664 2477 4734; x_wconf 88' lang='lat' dir='ltr'><strong>voloqne</strong></span> <span class='ocrx_word' id='word_1_637' title='bbox 2506 4663 2799 4735; x_wconf 86' lang='lat' dir='ltr'><strong>percipitc.</strong></span> 
     </span>
    </p>
   </div>
  </div>
