4136 6428
355 345 462 408 ΕΗ

1318 348 1835 415 BESSARIONIS
1873 352 1933 414 S.
1980 352 2050 415 Β.
2097 352 2171 414 Ε.
2206 351 2686 416 CARDINALIS

3513 357 3631 424 648

2243 512 3633 535 ww

1211 656 1479 719 BEVER
1497 657 1895 722 ENDlSSlMi
1940 657 2038 721 CA
2053 661 2301 723 RDINA
2316 662 2436 723 LlS
2485 661 2781 726 ΝΙΟᾹΞΝΙ

1390 823 2605 969 nnssmuoms

830 1023 943 1084 AD
986 1017 1685 1084 ILLUSTRISSIMOS
1716 1019 2314 1099 INCLYTOSQUE
2352 1025 2676 1091 ιΤΑιιιΕ
2709 1027 3166 1097 PRINCIPES

902 1136 905 1139 ’
1041 1171 1520 1263 CONTRA
1597 1172 2050 1261 TUBCAS
2127 1174 2989 1274 EXHORTATIO.

361 1336 562 1393 (tinnire
609 1349 685 1396 ap.
735 1329 1007 1383 Antonium
1046 1329 1276 1380 l‘dadium
1309 1323 1617 1396 thXXXi'Il
1657 1325 1787 1395 ιηοι.
1822 1322 2060 1396 Biblioth.
2085 1326 2310 1396 Μελίη-ιιιἶ
2339 1330 2620 1396 _n.12,560.
2666 1333 2837 1384 Insunt
2878 1328 3032 1385 etiam
3073 1338 3324 1387 orationes
3349 1337 3455 1386 alize
3490 1340 3618 1387 anti-

839 1405 850 1416 -
1542 1388 1743 1436 turcicae
1773 1388 1953 1436 eodem
1981 1393 2208 1451 tempore
2239 1388 2493 1456 habitae);

354 1729 638 1795 ilussan'o.
674 1739 945 1808 episcopus
986 1733 1236 1808 Sabinus.
1271 1731 1567 1808 cardinalis
1597 1731 1846 1808 _Niijwuus
1871 1730 1941 1785 il-

428 1803 764 1866 ttts'rissituis
817 1803 973 1878 atque
1028 1805 1242 1875 inclytis
1282 1803 1464 1858 italia:
1522 1804 1869 1874 principibus.

421 1927 560 1979 Cum
605 1924 777 1979 Nonis
821 1921 1122 1977 Sextilibus
1152 1960 1166 1983 ,
1222 1917 1581 1973 illustrissimi
1641 1916 1937 1986 principes,

354 2020 797 2074 infelicissimum
829 2015 960 2069 illud
1011 2028 1211 2067 novum
1242 2012 1501 2066 Euboica:
1536 2010 1843 2064 eversionis
1872 2010 1939 2065 ad

354 2128 453 2165 nos
496 2110 735 2181 primum
772 2108 840 2162 all
863 2117 999 2160 itum
1032 2107 1230 2160 inisset
1266 2103 1369 2176 (l),
1405 2118 1721 2172 eSsemque,
1772 2117 1938 2171 supra

350 2220 516 2272 otium
540 2202 654 2255 dici
691 2209 889 2269 potest,
919 2201 1105 2253 animo
1133 2198 1330 2251 anxius
1359 2208 1523 2265 atque
1553 2196 1844 2262 sollicitus,
1881 2206 1941 2251 ιιι

351 2297 441 2350 \iX
464 2293 777 2363 respirandi
827 2308 1053 2347 causam
1111 2291 1328 2345 viderer
1384 2289 1696 2353 habiturus,
1741 2287 1940 2342 accidit

349 2393 492 2444 torte
530 2390 747 2442 fortuna
779 2396 838 2441 ut
866 2400 934 2441 eo
981 2387 1103 2455 ipso
1136 2383 1250 2447 die,
1287 2383 1421 2437 dum
1453 2397 1633 2437 essem
1673 2381 1749 2435 ita
1801 2383 1940 2435 atie-

349 2493 494 2546 ctus,
530 2480 743 2535 abbatis
778 2476 1065 2548 cujusdam
1097 2476 1201 2530 viri
1234 2475 1430 2547 optimi
1477 2475 1823 2530 Bessarionis
1848 2476 1931 2553 lito

352 2588 501 2630 teras
526 2591 555 2627 a
598 2572 844 2642 Neapoli,
882 2570 975 2625 ubi
1009 2584 1156 2625 nunc
1192 2568 1529 2624 monasterio
1555 2566 1742 2623 Sancti
1768 2567 1939 2625 Seve-

348 2667 481 2726 tiui,
518 2679 585 2718 ex
621 2660 906 2716 consortio
944 2660 1118 2714 beatae
1146 2659 1403 2726 Justinae,
1438 2658 1754 2728 prtel'ectus,
1787 2673 1943 2713 acce-

350 2759 547 2828 Ieriut.
581 2756 783 2826 quibus
815 2752 881 2808 ad
924 2768 1009 2806 me
1041 2748 1322 2806 scribebat
1350 2752 1694 2822 majestateln
1735 2751 1938 2820 regiam

351 2850 493 2904 miro
553 2847 796 2919 qucdam
839 2845 1010 2899 animi
1072 2844 1258 2899 studio
1316 2841 1385 2897 ad
1446 2844 1940 2913 propugnationem

346 2942 680 2997 Christiana:
734 2940 858 2993 fidei
890 2949 947 2993 et
987 2937 1372 2992 immanissimi
1425 2935 1600 2991 hostis
1640 2937 1813 2991 nostri
1857 2936 1941 2989 in-

351 3037 575 3089 teritum
633 3034 917 3087 ardentem
979 3042 1145 3100 atque
1198 3029 1597 3085 inﬂammatum
1644 3046 1786 3085 esse.
1833 3028 1949 3085 illis

349 3145 474 3181 nuis
507 3125 792 3196 respondi,
828 3137 881 3180 et
918 3137 975 3178 ιιι
1005 3125 1217 3178 litteras
1249 3139 1398 3178 meas
1423 3123 1750 3180 Celsitndini
1778 3126 1943 3195 regia:

351 3221 705 3284 ostenderet,
752 3218 963 3273 monui.
1028 3218 1170 3272 Duas
1224 3226 1488 3287 praeterea
1525 3218 1803 3273 orationes
1848 3234 1947 3287 pro

353 3298 515 3367 tanze
540 3315 620 3367 rei
656 3310 1039 3381 magnitudine
1067 3326 1131 3365 ac
1158 3311 1420 3379 periculis
1467 3308 1799 3366 Christiana:
1837 3310 1945 3371 rei-

355 3406 588 3475 publicae
644 3403 1070 3459 imminentibus
1124 3404 1268 3457 edidi
1315 3419 1329 3456 :
1374 3403 1546 3457 altera
1600 3403 1949 3465 demonstra-

354 3513 471 3556 tum
506 3508 589 3555 est
642 3498 917 3561 fortunam
957 3497 1312 3567 periculaque
1350 3497 1453 3551 ista
1496 3497 1561 3549 ad
1601 3512 1796 3551 omnes
1823 3512 1947 3566 per-

355 3596 563 3660 linere;
598 3593 769 3647 altera
807 3607 923 3656 vos,
960 3591 1126 3645 italiae
1156 3591 1459 3663 principes,
1491 3591 1556 3644 ad
1588 3591 1943 3644 concordiam

356 3686 672 3753 bellumque
695 3683 748 3735 in
776 3682 963 3736 hostes
990 3681 1405 3736 decernendum
1436 3680 1764 3735 adhortatus
1795 3696 1941 3734 sum.

353 3775 412 3829 id
441 3775 585 3844 enim
621 3788 745 3827 meo
773 3773 1075 3827 convenire
1108 3772 1288 3827 cilicio
1317 3772 1527 3843 putavi.
1553 3772 1624 3826 At
1653 3788 1779 3828 eum
1812 3772 1949 3827 faci-

352 3868 461 3921 lius
484 3867 769 3922 auditores
798 3866 1119 3937 persuaderi
1143 3866 1359 3921 soleant
1385 3882 1496 3936 quo
1517 3867 1735 3936 gravior
1759 3878 1945 3921 aucto-

356 3960 490 4012 ritas
521 3969 576 4012 et
617 3958 754 4013 tich
783 3959 989 4014 dicenti
1025 3958 1313 4022 tribuitur,
1369 3958 1780 4023 Demosthenis,
1819 3959 1943 4029 phi-

354 4050 571 4119 losophi
603 4049 933 4104 nobilissimi
977 4050 1295 4118 snnnnique
1330 4048 1594 4111 oratoris,
1631 4050 1941 4102 orationem

355 4154 520 4208 quam
552 4140 604 4194 in
642 4140 763 4210 ejus
795 4139 1021 4210 generis
1048 4153 1212 4194 causa
1260 4138 1451 4193 habuit
1478 4154 1508 4194 e
1540 4137 1726 4194 Cra-ca
1758 4139 1943 4209 lingua

353 4235 410 4285 in
449 4231 694 4291 Latinam
734 4230 983 4285 converti
1016 4272 1029 4296 ,
1087 4230 1250 4300 plane
1296 4238 1355 4283 ut
1395 4244 1588 4283 omnes
1639 4229 1944 4299 intelligant

354 4508 518 4564 lt'iida
553 4508 742 4562 censui
774 4550 789 4574 ,
832 4518 888 4561 ut
921 4516 1015 4560 aut
1044 4507 1146 4576 ipsi
1177 4506 1391 4575 legans,
1440 4520 1566 4559 cum
1593 4521 1693 4576 per
1728 4507 1949 4575 publica

352 4605 595 4668 negotia,
619 4616 742 4669 quae
772 4601 941 4653 multa
970 4600 1197 4669 quidem
1221 4607 1277 4652 et
1303 4598 1491 4669 gravia
1521 4607 1674 4663 sunt,
1702 4597 1947 4665 licuerit,

353 4710 447 4747 aut
489 4694 615 4747 aliis
676 4694 903 4763 legenda
958 4701 1125 4760 atque
1174 4690 1471 4745 referenda
1512 4691 1764 4746 tradatis.
1809 4692 1947 4746 Sunt

353 4787 499 4840 enim
541 4786 758 4840 eunetis
800 4786 955 4839 vobis
999 4785 1342 4854 principibus
1381 4773 1696 4840 com-munia
1731 4830 1745 4851 ,
1801 4788 1895 4857 qui
1927 4831 1941 4853 ,

360 4891 417 4932 nt
462 4879 697 4932 feliciter
735 4878 867 4933 huic
921 4880 1277 4932 nobiliSsinne
1317 4880 1615 4947 provincia:
1668 4881 1941 4949 praeestis,

355 4972 427 5025 ita
470 4973 523 5024 in
565 4980 849 5040 posterum
894 4970 1108 5025 felicius
1141 4986 1263 5024 eam
1297 4972 1522 5041 rogatis,
1580 4984 1631 5025 et
1663 4988 1764 5026 nos
1790 4983 1949 5043 opta-

353 5080 495 5131 tuus,
534 5072 589 5118 ct
626 5079 721 5119 vos
757 5065 947 5118 conari
995 5064 1233 5119 debetis.

353 5268 614 5326 13585.“th
638 5272 931 5326 cardinals
956 5270 1272 5327 BESSARIONI
1304 5272 1558 5326 monacho
1583 5283 1743 5343 atque
1766 5275 1946 5329 abbati

1027 5360 1082 5396 S‘u
1093 5348 1276 5397 lulem.

431 5432 747 5504 lleploranti
799 5451 974 5506 nuper
1004 5435 1143 5489 mihi
1181 5434 1626 5490 Christianorum
1660 5435 1945 5490 hominum

354 5528 704 5585 calatnitates
761 5540 818 5585 et
873 5530 1290 5585 acerbissimam
1336 5528 1634 5585 ‘Chalcidis
1689 5531 1949 5586 Euboicae

427 5663 504 5735 (l)
543 5664 754 5719 Annon
817 5665 1027 5722 mundo
1084 5666 1313 5721 condito
1354 5665 1496 5720 6978
1557 5665 1708 5735 (Chr.
1774 5666 1942 5735 H70)

357 5734 607 5788 Sultanus
648 5736 849 5793 bellutn
902 5737 1126 5791 Venetis
1167 5740 1318 5799 iecit,
1359 5746 1503 5789 terra
1560 5740 1809 5803 Inarique
1847 5734 1946 5806 ag.

358 5818 599 5873 gressus.
638 5806 983 5875 iixpnguavit
1010 5808 1329 5862 Chalcidem
1367 5807 1612 5870 Euboan,
1646 5806 1737 5859 ubi
1779 5807 1948 5876 ψιά-

1981 1640 2024 1699 Α
2056 1640 2425 1711 eversionem,
2464 1644 2661 1701 littera:
2689 1646 2788 1702 abs
2821 1656 2874 1703 te
2902 1647 3127 1705 reddite
3175 1659 3304 1705 sunt
3347 1650 3399 1704 in
3439 1651 3642 1721 qu'bvs

1979 2996 2020 3053 Β

2050 1747 2175 1786 cum
2210 1748 2274 1788 ea
2324 1734 2579 1805 legissent
2630 1751 2765 1807 quae.
2791 1738 2859 1794 de
2915 1741 3079 1811 regis:
3119 1740 3422 1810 maiestatis
3456 1741 3644 1794 animo

2046 1825 2343 1895 stmlioque
2374 1842 2483 1882 non
2517 1829 2786 1883 mediocri
2816 1830 2881 1884 ad
2912 1830 3100 1886 sedem
3126 1830 3335 1888 Christi
3358 1832 3639 1887 tutandum

2044 1918 2441 1988 perscripsisti,
2466 1921 2661 1991 collegi
2689 1921 2972 1991 paululum
3000 1932 3243 1978 mentem
3270 1932 3326 1978 et
3347 1925 3638 1993 respiravi,

2044 2011 2299 2081 cmpique
2324 2022 2519 2083 optare
2540 2014 2906 2071 vehementer
2934 2025 2993 2071 ut
3017 2032 3075 2071 re
3100 2025 3321 2086 praestet
3348 2018 3494 2087 quod
3518 2035 3643 2072 ver-

2043 2103 2127 2159 bis
2159 2105 2336 2175 ipsum
2370 2107 2696 2177 promisisse
2764 2110 3027 2167 allirmas.
3061 2111 3189 2177 Sed,
3218 2127 3321 2166 nos
3353 2111 3638 2179 infelices!

2042 2212 2239 2251 vereor
2268 2212 2335 2252 ne
2366 2198 2690 2254 criminibus
2740 2201 2942 2256 nostris
2984 2201 3052 2257 ab
3082 2202 3378 2257 immortali
3410 2204 3523 2259 Deo
3546 2203 3642 2258 dco

2042 2291 2197 2356 serti,
2253 2291 2568 2346 crudeliora
2617 2300 2888 2362 prarterea
2943 2301 3000 2347 et
3034 2294 3283 2364 graviora
3319 2293 3637 2364 patiamur;

2049 2382 2297 2447 demum,
2329 2384 2765 2453 percunctando,
2809 2385 2948 2439 alter
2977 2388 3214 2441 alterum
3246 2388 3639 2457 exspectando.

2049 2471 2276 2540 culpam
2328 2473 2382 2526 in
2423 2474 2563 2528 alios
2621 2475 2944 2545 rejiciendo,
2990 2479 3056 2532 ad
3096 2478 3340 2533 ultimam
3392 2480 3643 2534 labamur

2043 2563 2369 2633 perniciem.
2395 2562 2439 2618 Ο
2477 2567 2711 2621 misi-ros
2741 2565 3127 2623 Cbristianosl
3163 2583 3195 2623 0
3230 2584 3406 2624 cwcos
3436 2569 3637 2625 italos!

2044 2657 2500 2725 Aeeelerandum,
2527 2658 2804 2727 Bessario,
2846 2671 2905 2716 ut
2930 2662 3012 2717 vel
3046 2678 3111 2715 ex
3141 2662 3247 2717 hoc
3278 2663 3482 2717 satculo
3529 2661 3640 2717 Deo

2043 2751 2261 2805 volente
2319 2752 2619 2822 tnigreinus
2673 2752 2726 2806 in
2779 2769 2956 2809 arvum
3014 2755 3146 2810 illud
3214 2757 3637 2825 sempiternum,

2045 2844 2129 2897 vel
2178 2845 2232 2898 in
2283 2845 2445 2899 aliam
2483 2846 2724 2915 aliquam
2776 2847 3056 2916 regionem
3114 2850 3459 2903 advolemus.
3518 2850 3638 2903 Non

2048 2944 2433 3006 exspectemus
2487 2946 2639 2992 certe
2689 2937 2933 2992 Turcum
2992 2938 3204 2993 italiam
3262 2941 3638 3017 invadentem.

2053 3028 2168 3083 iiue
2204 3039 2433 3099 Spectat,
2466 3030 2629 3085 crede
2662 3031 2818 3098 mihi,
2856 3031 2958 3087 hoc
2987 3033 3119 3103 agit,
3158 3032 3225 3087 ad
3261 3033 3367 3089 hoc
3395 3048 3453 3089 se
3485 3049 3641 3088 com-

2051 3131 2227 3192 parat,
2264 3122 2367 3175 hoc
2403 3131 2604 3177 conatu
2633 3123 2780 3177 omni
2813 3134 2866 3178 et
2896 3123 3081 3179 studio
3111 3126 3417 3180 contendit.
3457 3125 3519 3179 Et
3550 3126 3641 3181 di-

2052 3231 2211 3284 cam,
2251 3218 2429 3270 dicant
2481 3217 2673 3286 plane,
2716 3216 2853 3286 proh
2902 3216 3092 3272 dolor!
3135 3218 3451 3287 assequitur
3487 3221 3637 3288 quod

2051 3312 2224 3380 cupit,
2266 3310 2370 3364 nisi
2400 3328 2428 3364 a
2464 3325 2661 3364 somno
2696 3309 2952 3379 capitali,
2988 3324 3098 3380 quo
3141 3310 3402 3381 paulatim
3436 3314 3642 3365 exstin-

2052 3406 2282 3476 guitur,
2334 3405 2750 3474 expergiscatur
2797 3403 2903 3477 ise.
2941 3402 3119 3475 italia]
3153 3447 3169 3472 ,
3242 3405 3348 3460 nisi
3406 3420 3640 3461 concors

2053 3506 2220 3566 atque
2256 3511 2365 3550 uno
2396 3510 2668 3549 consensu
2705 3495 2925 3550 fortiter
2964 3495 3209 3565 telisque
3235 3496 3450 3550 viribus
3482 3506 3636 3549 tmzo

2057 3590 2226 3645 furori
2263 3589 2503 3654 resistat,
2545 3588 2657 3643 nisi
2688 3589 2910 3643 omissis
2966 3587 3263 3658 ﬁgmentis,
3293 3592 3478 3643 causis
3503 3603 3639 3659 quas

2049 3686 2259 3755 jaCtare
2311 3684 2470 3749 solet,
2531 3691 2589 3736 ut
2632 3682 2790 3750 iusta:
2823 3683 3134 3747 videantur,
3165 3683 3311 3738 inani
3343 3683 3639 3736 verbormn

2053 3778 2202 3843 l'uco,
2230 3792 2289 3831 re
2307 3777 2444 3846 ipsa,
2465 3792 2652 3846 opera,
2678 3776 2869 3842 armis,
2895 3776 3080 3832 crucis
3110 3776 3297 3830 hostes
3329 3776 3640 3834 adoriatur.

2050 3868 2387 3927 Versabatur
2419 3867 2548 3921 olim
2602 3868 2657 3922 in
2727 3867 3051 3923 discrimine
3100 3868 3447 3940 Byzantium.
3482 3869 3637 3922 Nulla

2052 3965 2223 4020 italia:
2252 3978 2376 4033 pars
2418 3962 2567 4017 misit
2618 3962 2888 4027 subsidia,
2930 3977 3046 4018 rem
3080 3963 3321 4019 alienam
3375 3965 3643 4033 putabant

2053 4075 2276 4125 omnes;
2305 4057 2611 4128 periculum
2641 4057 2705 4110 ad
2738 4071 2796 4111 se
2829 4072 2938 4112 non
2971 4058 3251 4128 pertinere
3281 4058 3420 4112 falso
3452 4058 3645 4113 crede-

2053 4151 2207 4205 bant.
2233 4150 2395 4218 Atqui
2415 4156 2602 4218 postea
2622 4159 2917 4204 senserunt
2936 4158 3071 4218 quot
3089 4150 3228 4203 mala
3248 4150 3458 4219 experti
3487 4162 3635 4217 sunt,

2011 4306 2017 4311 ν
2054 4253 2189 4313 quot
2214 4241 2653 4307 Christianorum
2687 4239 2943 4306 fortunae,
2980 4256 3133 4311 opes,
3156 4242 3385 4311 imperia
3416 4243 3468 4299 in
3504 4244 3642 4299 Tur-

354 4340 442 4379 mc
476 4339 660 4394 neque
692 4322 935 4391 inutilia,
972 4336 1153 4391 neque
1199 4321 1666 4391 amplissimorum
1702 4320 1945 4377 virorum
1975 4353 2244 4409 acorum
2297 4334 2736 4389 dominationem
2780 4333 3035 4399 redacta;
3103 4334 3635 4405 Τηῳεηυηιίοι-ιιιη⁹

288 4448 289 4451 η
352 4417 710 4486 opinionibus
740 4417 919 4471 aliena
954 4414 1267 4470 consulere.
1312 4415 1384 4468 lia
1416 4414 1601 4468 ontnia
1641 4414 1800 4468 vobis
1827 4415 1950 4467 Init-

2059 4428 2471 4497 S'nopensium,
2510 4425 2917 4498 Mitylenorum,
2952 4425 3515 4498 Peloponnesiorum,
3542 4430 3643 4486 Ca-

2059 4522 2173 4587 riae,
2212 4518 2441 4583 Cilicige,
2481 4515 2665 4597 Mysiae
2697 4559 2712 4583 ,
2755 4514 3053 4572 Pannonia:
3104 4518 3405 4587 inferioris,
3455 4523 3644 4592 Epito~

2060 4623 2259 4677 tarum,
2299 4610 2647 4681 lllyricorutn
2682 4622 2875 4678 magna
2906 4624 2972 4663 ex
3008 4618 3187 4678 parte,
3215 4623 3496 4681 postremo
3527 4615 3636 4669 Eu-

1996 4768 2002 4775 ἱ
2058 4705 2366 4758 1ι‹)“οοι-ιιιιι.
2400 4699 2543 4765 Quid
2578 4697 2691 4752 ita?
2724 4698 2863 4764 Quia
2911 4700 3211 4754 noluerunt
3247 4704 3643 4774 quinquaginta

2057 4795 2289 4848 millium
2332 4804 2632 4845 aureorum
2685 4798 2910 4856 sumptu
2969 4788 3023 4842 in
3079 4799 3324 4861 tempore
3387 4796 3641 4863 opitulari

2055 4884 2315 4957 Byzantio
2351 4890 2408 4936 et
2448 4881 2517 4936 ab
2553 4896 2615 4935 ea
2653 4894 3008 4934 conununem
3048 4880 3267 4938 hostem
3298 4887 3643 4955 propulsare.

2056 4979 2188 5032 lude
2231 4978 2491 5029 nimirum
2535 4974 2652 5028 haec
2692 4974 2877 5027 omnia
2937 4974 3086 5030 ivere
3155 4977 3429 5045 perdtum
3474 5016 3490 5040 .
3563 4990 3639 5048 et,

2058 5081 2315 5136 tanquam
2359 5065 2522 5118 ovilis
2576 5064 2792 5119 foribus
2832 5067 3169 5134 confractis,
3213 5068 3376 5138 lupus
3418 5058 3468 5123 in
3512 5086 3644 5127 oves

2060 5164 2324 5229 impetum
2380 5157 2551 5221 fecit;
2597 5161 2737 5211 intra
2779 5174 2971 5211 earnm
3013 5160 3180 5214 latera
3222 5172 3510 5229 vers:~tur,
3558 5166 3643 5217 in-

2057 5256 2262 5319 sultat,
2305 5252 2553 5307 caulibus
2595 5253 2748 5319 furit,
2794 5264 2851 5307 et
2908 5263 3021 5307 tum
3064 5270 3255 5309 eorum
3296 5273 3418 5327 qua:
3456 5259 3642 5311 amisi-

2010 5364 2019 5371 ‘
2057 5362 2179 5401 mus
2221 5345 2659 5414 unumquodque
2710 5347 2921 5401 centies
2972 5348 3209 5403 millenis
3249 5350 3490 5403 millibus
3531 5366 3639 5404 non

2057 5440 2437 5508 imprudenter
2472 5448 2777 5506 emeretur,
2823 5441 2933 5495 imo
2976 5458 3105 5496 vero
3147 5458 3380 5497 numero
3425 5444 3640 5500 inlinito

2057 5532 2460 5603 quinquaginta
2495 5530 2663 5585 tnillia
2697 5544 2943 5603 superat.
2977 5534 3116 5601 Quid
3154 5535 3313 5591 nobis
3338 5552 3463 5592 cum
3493 5539 3643 5594 Grae-

2056 5667 2187 5735 quit
2215 5666 2505 5721 masculini
2561 5683 2728 5722 sexus
2783 5669 3173 5724 duodecimum
3215 5675 3392 5729 artatis
3434 5691 3640 5733 annum

2054 5738 2332 5810 esi-edens
2357 5739 2807 5810 erat,_interl'ccit
2842 5752 3067 5810 propter
3092 5743 3431 5801 deditionem
3483 5764 3643 5805 recu-

2058 5818 2255 5861 satum.
2288 5806 2714 5876 Turro-Cra'tia,
2748 5825 2805 5879 p.
2837 5810 2927 5865 25.
