4136 6394
481 396 516 458 6
539 397 637 461 ,9κλ

1531 399 1968 461 ORATIONES
2009 401 2310 465 CONTRA
2348 405 2664 467 .TUIICAS.
2746 412 2749 415 ’

3631 384 3742 472 δῖιο

481 514 583 578 eis,
622 510 754 580 quid
807 526 928 565 cum
972 511 1179 583 Mysiis,
1229 512 1480 582 Illyricis,
1524 514 1917 571 Pannonibus?
1963 516 2061 572 Pc-
2092 522 2137 580 Α
2168 521 2331 577 nibus
2360 523 2454 592 qui
2508 523 2738 592 privatis
2771 523 2970 578 studiis
3005 532 3059 577 et
3114 522 3407 579 aﬂectiims
3466 526 3621 579 vacui
3658 537 3749 581 es.

483 614 664 669 reant,
708 603 996 672 inquiunt,
1042 604 1173 674 quid
1216 606 1416 660 nobis?
1472 606 1642 661 Nobis
1678 609 1817 662 bene
1850 609 1942 674 sit,
1979 610 2064 662 in-

486 704 701 752 tereant
733 695 849 750 alii.
894 696 1010 749 IIuc
1041 696 1193 762 ades,
1230 696 1377 751 bone
1432 698 1537 763 vir,
1577 698 1649 751 ita
1688 698 1968 769 siquidem
2005 699 2072 752 li-

484 790 673 844 bertas
710 795 803 841 tua
842 788 1057 843 servari
1110 788 1336 856 poterit.
1399 788 1469 842 At
1508 804 1617 842 non
1658 788 1925 858 intelligis
1962 790 2071 845 tuis

484 880 690 933 viribus
721 879 851 947 (tum
878 878 1022 932 enim
1054 878 1495 933 Christianorum
1531 881 1679 935 vires
1713 883 1891 949 sunt),
1939 883 2070 950 tuis,

488 972 735 1038 inquam,
773 969 1059 1024 exhaustis
1108 970 1322 1025 viribus
1370 979 1524 1025 tanto
1558 980 1608 1025 te
1652 971 2070 1027 imbecilliorem

481 1072 536 1118 et
562 1061 880 1117 inferiorem
918 1060 1055 1122 fore,
1084 1069 1292 1130 quanto
1324 1061 1498 1117 hostis
1528 1070 1656 1117 tuus
1711 1064 1969 1130 superior
2006 1081 2072 1120 ac

481 1155 759 1227 potentior
795 1154 1009 1219 evadet,
1034 1169 1297 1223 cumquo
1335 1155 1671 1211 tandemtibi
1697 1156 2070 1212 dimicandum

484 1258 586 1302 est.
633 1247 780 1302 Satis
817 1247 963 1300 enim
1007 1246 1288 1301 videberis
1329 1247 1399 1301 ab
1426 1234 1607 1302 'hoste
1648 1248 1999 1318 impetrasse,
2028 1251 2072 1305 si

486 1340 633 1410 quod
690 1339 1064 1408 Polyphemus
1105 1337 1305 1409 Ulyssi,
1332 1347 1391 1391 ut
1431 1339 1484 1393 in
1526 1340 1729 1398 fabulis
1750 1340 1986 1406 dederit,
2017 1351 2076 1395 ut

487 1432 715 1486 ultimus
753 1429 1202 1484 conficiam/Tibi
1253 1431 1333 1485 vel
1359 1431 1533 1486 invito
1564 1432 1863 1486 cedendum
1890 1433 1996 1488 erit
2020 1440 2076 1488 et

490 1523 729 1578 servitus
795 1521 1102 1586 subeunda,
1143 1538 1268 1591 qua:
1324 1538 1445 1577 cum
1501 1539 1601 1593 per
1636 1538 1694 1576 se
1734 1524 1910 1593 turpis
1967 1524 2071 1591 sit,

494 1602 609 1667 tum
663 1612 984 1666 tonditione
1024 1612 1229 1665 domini
1269 1613 1875 1681 turpissima.‘.'0bsessa
1913 1613 2077 1669 Chal-

492 1706 572 1759 cis
615 1706 665 1757 in
714 1704 941 1769 Eultea,
986 1704 1121 1756 urbs
1159 1705 1435 1773 quondam
1477 1704 1886 1772 ﬂorentissima,
1934 1707 2076 1759 unde

491 1797 693 1849 Cumas
757 1796 809 1848 in
874 1794 1167 1863 Campania
1223 1796 1455 1849 deducta
1497 1805 1580 1851 est
1635 1797 1874 1861 colonia,
1920 1798 2065 1851 unde

492 1890 741 1942 homines
784 1896 1077 1941 manarunt
1117 1889 1209 1955 qui
1253 1888 1534 1958 Neapolim
1574 1888 1959 1953 incoluerunt,
2010 1888 2059 1941 vi
2098 1864 2141 1918 Β

493 1991 670 2047 rapta,
716 1995 909 2035 eversa
938 2021 951 2043 ,
996 1981 1143 2037 ferro
1185 1982 1411 2052 ignique
1478 1991 1825 2050 consumpta.
1872 1980 2078 2035 Classis

495 2070 798 2125 Turcorum
854 2073 1185 2141 amplissima
1247 2089 1341 2141 per
1412 2082 1586 2126 totum
1656 2070 2073 2141 Hellespontum

491 2172 771 2227 Vtatur;
865 2164 1082 2234 fugatus
1154 2166 1359 2218 navalis
1402 2164 1734 2218 VenetOrum
1796 2165 2079 2218 exercitus

492 2254 699 2323 aufugit
732 2296 747 2318 ,
806 2256 952 2310 celit
1019 2256 1141 2310 loco
1179 2298 1193 2321 ,
1262 2258 1457 2311 latitat.
1501 2257 1665 2311 Turci
1716 2258 1957 2313 victoria:
1999 2259 2080 2311 fu-

496 2361 677 2398 rorem
720 2348 1179 2416 superbissimum
1238 2349 1293 2403 in
1348 2363 1546 2403 otnnes
1594 2350 1802 2404 insulas
1840 2350 1960 2404 illas
1992 2351 2081 2404 de-

497 2438 871 2504 bacchantur,
925 2449 1177 2494 avertunt
1240 2455 1460 2494 onmem
1518 2440 1791 2509 ordinem,
1838 2449 2076 2507 aetatem,

499 2542 689 2581 sexum
748 2528 801 2582 in
844 2530 1114 2598 praedam;
1154 2540 1369 2585 vastant
1416 2546 1611 2602 agros,
1649 2531 2078 2602 depopulantur.

498 2619 640 2686 Quid
687 2620 755 2673 ad
814 2622 952 2674 nos?
1003 2622 1225 2676 Veni-tis
1283 2638 1431 2677 curm
1480 2625 1572 2679 sit.
1626 2623 1795 2679 Recte
1836 2639 1961 2683 cum
2012 2626 2083 2681 iis

497 2721 704 2766 actum.
730 2712 871 2768 Utile
891 2715 1036 2767 enim
1065 2724 1232 2778 esset,
1272 2716 1316 2771 si
1344 2716 1694 2785 gravioribus
1719 2716 2082 2774 incommodis

498 2802 952 2858 conﬂictarentur
988 2824 1000 2859 :
1036 2806 1282 2875 quietius
1324 2807 1510 2861 caueri
1541 2816 1597 2863 et
1644 2808 1895 2864 securius
1932 2812 2083 2864 vivo—

499 2911 709 2952 remus.
742 2897 977 2954 Tantum
1020 2902 1134 2957 otio
1168 2912 1357 2957 nostro
1403 2905 1618 2959 accedit
1665 2916 1937 2975 quantum
1971 2906 2083 2961 illis

498 2986 715 3053 imperii
766 2991 1050 3059 demitur;
1091 2996 1134 3049 si
1196 2996 1317 3066 quis
1347 2997 1440 3067 qui
1489 2998 1653 3054 malis
1676 2998 1795 3054 istis
1850 2998 2084 3071 ingemi-

500 3093 637 3137 scat.
672 3081 720 3136 is
754 3084 1022 3151 Venetus,
1074 3088 1408 3145 Venetorum
1443 3091 1694 3160 partibus
1749 3091 1916 3157 favet,
1974 3108 2081 3148 non

2182 624 2330 680 sent,
2365 631 2427 670 ea
2463 618 2647 671 omnia
2688 618 2866 687 palam
2905 627 3068 671 erant
3099 627 3156 671 et
3209 619 3261 671 in
3294 630 3570 688 promptu.
3606 619 3745 672 Tum

2171 704 2350 763 sibilis
2379 706 2545 777 vulgi,
2585 708 2942 763 honestorum
2978 709 3227 765 moribus
3254 709 3615 778 explodebar.
3651 709 3746 764 Ju-

2172 794 2430 851 dicabant
2466 798 2805 864 dementem,
2853 801 3086 855 somniis
3113 800 3379 855 deditum.
3448 801 3614 855 Risus
3672 801 3763 859 de.

2173 902 2260 942 me
2323 905 2433 942 non
2487 905 2708 957 parvus,
2743 903 2804 944 ut
2865 892 2995 958 scis,
3044 893 3336 947 excitatus.
3372 892 3477 946 Sed
3521 903 3744 958 tamen,

2172 974 2310 1042 proh
2347 975 2532 1028 dolor!
2583 981 3118 1043 eveneruntomnia,
3138 991 3189 1033 ul
3211 981 3455 1049 pra-dixi.
3476 982 3746 1046 Caveant,

2175 1064 2269 1132 qui
2308 1066 2423 1121 haec
2453 1068 2708 1132 audiunt,
2745 1085 2812 1125 ne
2844 1071 2988 1125 idem
3042 1073 3259 1128 accidat
3321 1074 3374 1127 in
3437 1085 3744 1143 posterum.

2175 1156 2293 1213 Non
2327 1157 2551 1213 timidus
2586 1161 2839 1215 Bessario
2868 1161 2923 1215 in
2956 1163 3259 1218 subeundis
3303 1165 3565 1233 periculis
3616 1183 3631 1221 :
3684 1169 3753 1220 ti-

2175 1247 2357 1305 midus
2394 1250 2446 1302 in
2478 1250 2898 1319 prospiciendis.
2934 1252 3124 1307 Posset
3155 1254 3335 1307 adhuc
3367 1254 3612 1316 inermis.
3638 1272 3756 1309 mo-

2178 1338 2393 1392 nachus
2419 1354 2610 1404 senex,
2642 1342 2907 1412 majorem
2939 1345 3187 1399 animum
3214 1353 3267 1399 et
3296 1361 3408 1415 pra:
3432 1361 3491 1401 se
3525 1346 3670 1401 ferre
3696 1355 3755 1402 et

2178 1441 2465 1498 prastare,
2519 1449 2687 1501 quam
2732 1434 2823 1490 isti
2882 1451 3210 1504 persuasum
3271 1437 3533 1502 habeant,
3588 1439 3754 1492 modo

2176 1521 2479 1578 Christiani
2514 1525 2798 1596 principes
2827 1527 3034 1583 vellent
3088 1528 3268 1583 facere
3316 1529 3461 1595 quod
3497 1541 3752 1599 possunt,

2178 1614 2323 1683 quod
2374 1615 2594 1671 debrnt.
2636 1617 2743 1673 Iret
2788 1619 2903 1687 ipse
2937 1621 2988 1673 in
3048 1620 3259 1675 hostem
3312 1637 3436 1676 cum
3468 1622 3757 1685 militibus,

2181 1722 2307 1760 cum
2366 1709 2692 1765 cohortibus
2754 1712 3008 1777 armatis,
3062 1729 3188 1768 cum
3252 1714 3759 1785 propugnatoribus

2181 1799 2368 1856 crucis
2402 1801 2477 1855 ita
2507 1802 2732 1870 quidem
2766 1804 3087 1866 instructis,-
3115 1815 3170 1859 ut
3202 1806 3347 1861 vires
3377 1817 3432 1861 et
3464 1806 3663 1875 copize.
3699 1813 3760 1858 ut

2184 1895 2429 1964 legiones
2459 1895 2695 1950 hostiles
2720 1898 3023 1965 postulant.
3074 1897 3215 1963 Quid
3241 1898 3628 1967 l'agitamusne
3652 1897 3755 1952 ista

2183 1985 2368 2039 animo
2408 1986 2629 2041 cunctis
2658 1987 2721 2040 ad
2754 1988 2857 2044 hoc
2889 1988 3317 2053 dormientibus,
3349 1988 3759 2045 dissidentibus

2183 2076 2327 2129 inter
2358 2091 2505 2137 sese,
2558 2078 2731 2131 altero
2768 2079 3003 2133 alterius
3075 2080 3375 2147 perniciem
3440 2082 3760 2149 optantibus

2181 2178 2237 2220 et
2269 2168 2667 2227 molientibus?
2744 2169 2970 2225 Undeue
3006 2171 3257 2225 Bessario
3288 2187 3411 2226 cum
3449 2172 3642 2232 altero.
3668 2188 3760 2226 se—

2182 2274 2282 2313 nes
2311 2262 2511 2325 ambo,
2539 2263 2746 2315 incerta
2782 2262 3122 2326 valetudine,
3159 2264 3374 2319 viribus
3429 2264 3611 2325 fracti,
3665 2280 3757 2318 ar—

2182 2352 2391 2406 cebunt
2425 2362 2636 2407 tantum
2679 2352 2851 2410 ῬωὊὶ
2890 2355 3153 2424 impetum
3192 2355 3587 2424 potentissimi,
3619 2372 3752 2411 san-

2184 2443 2408 2515 guinem
2440 2442 2820 2500 Christianum
2881 2447 3237 2502 anhelantis?
3288 2447 3564 2517 Ineptum,
3622 2448 3761 2501 stul-

2186 2552 2321 2606 tum,
2357 2538 2574 2594 inutile.
2607 2539 2769 2602 Veni,
2818 2539 3118 2607 migrcmus
3170 2540 3300 2593 alio.
3361 2540 3762 2608 Relinquamus

2184 2628 2531 2699 principibus
2581 2629 2749 2683 Italia:
2787 2645 2974 2683 curam
3006 2631 3186 2685 istam.
3225 2632 3356 2685 Nam
3386 2640 3443 2686 et
3495 2631 3572 2686 illi
3638 2647 3740 2685 nos

2185 2721 2559 2791 reliquerunt,
2590 2732 2754 2791 atque
2784 2722 3089 2777 obaudiunt
3121 2722 3355 2792 jamdiu,
3401 2737 3661 2792 tanquam
3726 2739 3760 2778 θ
3792 2731 3799 2735 “

2184 2814 2413 2881 speculo
2444 2814 2776 2877 clamantes,
2812 2814 3199 2883 praniicentes,
3230 2823 3542 2884 proponent
3577 2828 3603 2868 s
3631 2824 3765 2868 ante

2187 2903 2378 2958 oculos
2409 2919 2606 2959 eorum
2642 2904 2915 2974 pericula.
2951 2904 3219 2974 Optemus
3261 2915 3440 2959 tmnen
3482 2903 3664 2957 adhuc
3694 2904 3765 2958 ab

2186 2996 2484 3051 immortali
2547 2997 2659 3052 Deo
2712 2996 2998 3053 Salvatore
3055 3006 3266 3057 nostro,
3323 3005 3383 3048 ut
3429 2994 3767 3051 criminibus

2189 3090 2402 3143 nostris
2435 3089 2715 3159 ignoscat;
2749 3097 2804 3144 et
2842 3089 3027 3151 fidem,
3059 3091 3217 3159 cujus
3274 3099 3331 3143 et
3388 3090 3532 3143 lator
3566 3086 3670 3141 fuit
3706 3096 3765 3141 et

501 3175 840 3241 audiendus,
878 3182 1346 3239 contemnendus.
1410 3180 1454 3237 Ο
1516 3192 1732 3254 turpem
1788 3185 2078 3242 hominum
2108 3214 2150 3270 ε
2184 3190 2400 3247 auctor,
2429 3194 2593 3250 quam
2626 3182 2692 3235 ad
2722 3181 3051 3238 saeculorum
3102 3181 3265 3236 tinem
3298 3196 3577 3251 nunquam
3608 3194 3770 3233 occa-

502 3266 893 3337 ignorantiam,
937 3287 971 3327 o
1025 3274 1365 3341 vecordiam,
1396 3290 1427 3329 ο
1451 3275 1765 3332 insanabile
1798 3277 2011 3341 odium.
2045 3294 2078 3333 ο

503 3368 830 3426 inimicitias
884 3372 1080 3428 stultas
1116 3383 1171 3428 et
1205 3374 1484 3429 inauditas
1548 3391 1672 3442 qua:
1699 3376 1751 3429 in
1787 3386 2078 3431 auctorum

501 3458 713 3514 viscera
739 3463 992 3527 sazvinnt,
1020 3470 1276 3531 quamvis
1304 3464 1355 3517 in
1384 3465 1522 3519 alios
1552 3476 1824 3533 suscepta:
1856 3466 2083 3521 videan-

504 3550 630 3604 tttrl
672 3549 827 3615 Veni,
859 3551 1132 3619 Bessatio,
1167 3555 1445 3625 fugiamus
1472 3556 1657 3610 simul.
1690 3556 1980 3612 Proximus
2026 3570 2079 3614 tu

511 3654 571 3694 es
603 3639 848 3708 periculo
881 3658 893 3695 :
928 3658 1029 3712 ego
1062 3648 1368 3714 proximus.
1402 3648 1573 3703 Paulo
1604 3650 1751 3704 enim
1790 3662 1911 3721 post
1942 3669 2079 3721 prd:-

509 3739 595 3783 sto
629 3729 737 3784 erit
781 3732 1079 3789 Brundusii
1138 3738 1351 3792 navalis
1408 3739 1717 3795 Turcorum
1779 3748 2083 3810 exercitus,

512 3828 711 3887 praesto
746 3821 997 3891 Neapoli,
1034 3836 1233 3893 prmsto
1285 3827 1488 3883 Romae.
1524 3830 1643 3885 Jant
1703 3833 1773 3887 ita
1816 3834 1952 3887 mari
1989 3836 2086 3890 do-

511 3911 775 3976 minatur,
812 3912 1035 3970 Venetis
1062 3919 1408 3986 cedentibus,
1450 3923 1925 3991 quemadmodum
1977 3937 2087 3982 ter-

513 4021 595 4060 ra.
626 4005 703 4060 Ita
757 4006 878 4062 istis
906 4009 1364 4076 consultantibus,
1423 4014 1696 4085 trajicient
1733 4020 1787 4071 in
1828 4019 2085 4088 Apuliam

511 4099 684 4154 multa
744 4099 984 4155 militum
1023 4104 1217 4170 millia,
1256 4106 1461 4176 quibus
1513 4106 1839 4175 abundant;
1901 4110 1973 4166 ab
2023 4112 2093 4168 iis

516 4193 768 4262 quotidie
788 4195 921 4250 fient
951 4196 1302 4255 incursiones
1333 4198 1387 4254 in
1416 4215 1609 4271 agrum
1638 4200 2088 4273 Neapolitanum,

514 4286 571 4347 in
599 4289 929 4345 Romanum.
964 4288 1260 4359 Cedamus,
1292 4294 1544 4363 inquam,
1580 4304 1735 4350 tanto
1757 4296 1990 4363 turbini,
2021 4312 2093 4353 ne

513 4395 618 4436 nos
653 4382 860 4452 pariter
890 4380 983 4438 hic
1017 4387 1329 4452 opprimat;
1368 4385 1569 4441 infensi
1598 4387 1675 4443 illi
1703 4389 1931 4458 quidem
1963 4398 2095 4445 sunt

517 4474 735 4528 nomini
762 4489 915 4538 meo,
946 4483 1001 4530 et
1034 4475 1130 4530 tibi
1162 4488 1389 4545 prepter
1424 4493 1534 4540 me,
1567 4482 1783 4537 tametsi
1815 4482 1971 4538 nullo
1995 4496 2095 4538 eos

2189 3290 2375 3330 suram
2412 3275 2694 3344 pollicitus
2732 3276 2789 3331 in
2843 3277 3008 3332 tantis
3058 3278 3387 3347 malis,quae
3447 3276 3607 3331 nobis
3665 3276 3772 3331 im-

2189 3367 2451 3435 pendent,
2490 3377 2605 3422 tum
2643 3379 2864 3437 urgent,
2897 3378 3139 3425 tueatur.
3186 3370 3303 3425 Non
3338 3370 3770 3425 intermittamus

2189 3458 2398 3515 hortari
2424 3469 2480 3514 et
2510 3476 2701 3531 rogare
2727 3460 3001 3531 principes
3021 3470 3260 3525 nostros,
3284 3470 3341 3515 ut
3367 3460 3433 3514 ad
3460 3476 3770 3522 sacrorum,

2190 3549 2670 3614 cmrcmoniarum,
2705 3553 2875 3607 totius
2913 3552 3253 3621 principatus
3286 3551 3649 3607 ecclesiaszici
3685 3569 3773 3606 sa-

2198 3640 2396 3705 lutem,
2429 3643 2661 3698 consilia
2717 3644 2901 3699 omnia
2944 3643 3251 3709 conferant,
3290 3643 3557 3708 laborem,
3610 3643 3776 3698 indu—

2202 3733 2417 3798 striam,
2457 3734 2871 3805 cogitationem,
2903 3744 3075 3790 totnm
3133 3734 3376 3789 animum
3407 3742 3572 3803 atque
3626 3734 3780 3803 inge-

2194 3823 2371 3878 nium.
2430 3826 2784 3894 Appellamus
2816 3824 3018 3881 Sieilim
3066 3841 3248 3895 regem
3300 3824 3774 3886 ﬂorentissimum,

2196 3920 2457 3987 rogemus
2485 3927 2566 3982 ut,
2597 3918 2813 3989 imperii
2845 3920 2927 3973 sui
3006 3917 3231 3973 finibus.
3273 3917 3539 3981 tutandis,
3599 3934 3779 3984 neque

2196 4028 2350 4078 cura,
2385 4029 2571 4084 neque
2603 4013 2804 4082 opibus
2832 4014 2994 4067 desit.
3048 4012 3155 4067 Iles
3190 4013 3292 4082 ipsi
3327 4011 3433 4066 erit
3462 4028 3587 4067 cum
3620 4012 3780 4066 hoste

2197 4106 2386 4161 vicino
2413 4115 2469 4160 et
2529 4104 2940 4175 potentissimo.
2972 4104 3276 4160 Gonsulant
3315 4103 3482 4159 rebus
3512 4104 3628 4159 suis
3668 4103 3782 4158 Tu-

2200 4196 2302 4261 sci,
2333 4195 2585 4267 Ligures,
2608 4196 2893 4259 Insubres,
2924 4193 3159 4250 Venetia:
3192 4196 3437 4265 cogitent
3467 4210 3577 4265 quo
3620 4205 3784 4264 pacto

2201 4289 2270 4345 ab
2295 4288 2480 4343 hostili
2513 4287 2721 4343 szevitia
2750 4287 2854 4342 tuti
2889 4276 3021 4342 sint.
3056 4287 3218 4343 Nulla
3258 4289 3410 4344 inter
3435 4302 3569 4343 oves
3594 4297 3652 4343 et
3692 4288 3782 4341 Iu-

2202 4395 2302 4451 pos
2329 4375 2525 4452 gratia'.
2546 4380 2770 4436 Nttllum
2802 4381 2947 4435 inter
2970 4381 3229 4451 profanos
3262 4380 3517 4437 homines
3541 4392 3599 4436 et
3618 4381 3785 4435 Chri-

2203 4472 2415 4529 stianos
2441 4473 2537 4543 jus
2566 4474 2847 4528 amicitias.
2881 4472 2999 4532 Non
3049 4473 3236 4536 donis,
3278 4489 3388 4526 non
3449 4473 3781 4528 muneribus

517 4560 757 4637 unquam
793 4565 952 4622 afl'eci
988 4567 1344 4624 incommodo
1376 4580 1472 4625 aut
1500 4572 1775 4638 lacessivi,
1806 4590 1915 4630 non
1961 4590 2096 4631 sane
2123 4564 2437 4638 Dpacatur
2465 4566 2641 4621 hostis
2695 4564 2970 4628 immanis,
3007 4566 3297 4621 barbarus.
3340 4565 3501 4620 Nulla
3558 4564 3787 4620 hederis

518 4662 649 4730 quia
692 4657 993 4724 noluerim,
1024 4660 1117 4715 sed
1151 4662 1298 4730 quod
1335 4678 1443 4716 non
1476 4666 1651 4734 potui.
1690 4665 1936 4722 Locutus
1974 4683 2097 4723 sum

517 4753 711 4812 multa.
751 4769 876 4809 cum
912 4752 1068 4819 alibi,
1107 4761 1222 4807 tum
1263 4753 1316 4808 in
1341 4766 1559 4813 senatu.
1583 4755 1879 4826 Nunquam
1905 4759 2099 4816 destiti

519 4845 778 4910 suadere,
808 4862 1059 4908 monere,
1089 4844 1412 4915 praedicere,
1474 4864 1691 4919 rogare.
1731 4851 1858 4907 Non
1919 4852 2102 4910 defuit

522 4938 801 5001 voluntas,
839 4954 963 5006 quae
1001 4937 1387 4993 inimicissima
1422 4940 1573 5004 illis;
1610 4940 1751 4996 hanc
1781 4942 1988 4999 acriter
2017 4946 2103 5000 ul-

524 5029 822 5084 ciscentur.
857 5030 1018 5089 Veni.
1050 5029 1249 5084 demus
1280 5032 1462 5085 locum
1520 5033 1635 5087 iraa.

600 5122 809 5176 Delirat
842 5121 1125 5186 Bessario,
1155 5122 1386 5187 insanit,
1416 5138 1607 5185 senex,
1641 5124 1901 5195 frigidus,
1955 5127 2106 5182 timi-

524 5214 651 5269 dus.
686 5213 959 5280 Profecto,
994 5215 1063 5268 mi
1099 5215 1368 5280 Bessario,
1426 5232 1533 5269 non
1569 5217 1775 5271 insanit
1826 5218 2101 5275 Bessario.

525 5305 607 5360 Tu
641 5320 702 5359 es
738 5306 871 5359 mihi
901 5307 1076 5366 testis.
1099 5321 1223 5360 cum
1252 5305 1511 5361 Bononim
1541 5322 1815 5369 essemus,
1846 5317 1902 5361 et
1925 5310 2107 5364 adhuc

526 5397 810 5454 Paschal's
842 5400 1266 5463 nuncupareris,
1301 5408 1467 5468 atque
1518 5399 1715 5452 allatus
1745 5410 1894 5455 esset
1929 5401 2109 5457 infeli-

526 5488 788 5543 cissimus
817 5489 908 5543 ille
933 5488 1002 5543 de
1027 5488 1181 5543 urbis
1218 5489 1537 5555 Byzantina:
1567 5488 1790 5543 excidio
1850 5492 2103 5559 nuntius,

526 5595 589 5635 ea
619 5580 829 5647 omnia,
872 5597 996 5652 quas
1024 5590 1211 5651 postea
1247 5592 1546 5636 consecuta
1579 5591 1734 5645 sunt,
1772 5596 1860 5636 me
1920 5582 2107 5639 futura

529 5674 871 5744 prmdixisse,
903 5690 1011 5727 non
1039 5690 1104 5728 ea
1141 5689 1273 5728 sane
1303 5675 1369 5727 de
1399 5689 1585 5743 causa,
1619 5673 1770 5743 quod
1841 5675 1923 5730 vel
1978 5692 2110 5745 pruo

529 5768 715 5822 dentia
747 5768 1067 5832 excellenti,
1124 5768 1212 5822 vel
1255 5768 1622 5823 divinationis
1678 5767 1869 5823 furore
1921 5769 2110 5838 aliquo

532 5863 876 5934 tit‘Spicel'Cltt
907 5877 1026 5932 quae
1056 5861 1145 5916 alii
1181 5878 1292 5916 non
1317 5871 1608 5919 cernerent
1636 5878 1650 5928 ;
1690 5863 1784 5916 sed
1814 5862 1963 5931 quod
1991 5878 2110 5917 um-

2202 4659 2468 4729 religione
2503 4666 2721 4713 tenetur
2753 4658 3019 4728 pertid-us,
3053 4673 3161 4711 non
3187 4668 3437 4711 movetur
3462 4658 3789 4712 misericor-

2204 4749 2297 4805 dia
2328 4749 2774 4805 crudelissimns.
2836 4749 3139 4813 Dominari,
3195 4764 3456 4818 praeesse,
3509 4750 3787 4818 imperare

2204 4840 2397 4911 cupit;
2434 4856 2637 4895 cruore
2665 4849 2721 4895 et
2757 4840 2975 4895 flamma
3008 4850 3208 4895 cuncta
3253 4840 3437 4895 delere
3473 4841 3610 4896 vult.
3647 4840 3787 4895 Sub-

2200 4934 2392 5004 jugare
2416 4933 2525 4989 sibi
2548 4941 2778 4988 cunctos
2804 4932 3010 4988 studet.
3060 4931 3198 4998 Quis
3223 4932 3376 4986 illum
3417 4947 3451 4985 a
3484 4942 3636 4986 tanto
3699 4933 3787 4985 νίς

2205 5030 2396 5083 οισι-ξω
2424 5043 2588 5082 cursu
2623 5027 2965 5082 retardabit?
2998 5026 3312 5095 Peragrabit
3355 5035 3528 5079 totum
3585 5025 3787 5081 Sicilia:

2205 5136 2458 5190 regnum.
2492 5121 2723 5175 Romam
2758 5135 2933 5189 usque
2969 5118 3293 5188 perveniet.
3321 5118 3457 5183 Quis
3484 5117 3589 5170 erit
3619 5118 3792 5183 impe-

2209 5212 2503 5266 tlimento?
2542 5210 2954 5282 lIyperlioreine
3008 5209 3231 5279 populi,
3286 5216 3343 5262 et
3370 5217 3565 5277 gentes
3600 5222 3788 5262 remo-

2210 5303 2477 5357 tissimae?
2509 5304 2577 5357 At
2613 5303 2724 5356 illis
2756 5312 2865 5356 tam
2891 5301 3076 5356 nullus
3113 5300 3309 5355 harum
3347 5314 3530 5354 rerum
3569 5313 3788 5361 sensus,

2210 5411 2373 5464 quam
2407 5395 2587 5449 ollich
2627 5394 2870 5449 alienum
2904 5402 3099 5462 putant
3124 5408 3224 5462 pro
3258 5393 3436 5445 aliena
3465 5390 3643 5443 salute
3671 5403 3794 5442 sese

2210 5487 2263 5541 iu
2300 5486 2601 5540 discrimen
2640 5485 2868 5539 olferre.
2902 5484 3137 5549 Galliae,
3202 5482 3473 5546 Britanni,
3509 5480 3791 5544 Germani,

2209 5590 2413 5634 extera:
2438 5577 2734 5631 nationes?
2759 5576 2829 5630 At
2875 5576 3068 5645 procul
3106 5585 3237 5630 sunt
3272 5589 3301 5628 a
3338 5573 3627 5643 periculo:
3666 5587 3780 5626 non

2210 5682 2410 5745 putant
2442 5673 2652 5727 Italiam
2687 5671 2739 5726 in
2786 5670 2969 5725 medio
3027 5670 3297 5740 periculo,
3365 5683 3562 5738 magna
3610 5680 3794 5720 rerum

2212 5765 2631 5836 perturbatione
2669 5774 2982 5818 versantem
3019 5776 3258 5825 cessare,
3282 5768 3386 5814 aut
3422 5760 3659 5828 supitam
3708 5771 3799 5813 es-

2215 5875 2295 5928 se,
2323 5873 2487 5929 quam
2523 5856 2754 5912 infinitis
2784 5870 2924 5927 pcnc
2961 5855 3256 5928 triumphis
3306 5866 3358 5912 et
3392 5854 3633 5911 hostium
3661 5862 3791 5921 spes
