4136 6446
374 372 474 433 i751

369 488 407 539 li
440 503 459 527 ιε
495 486 816 547 decoratam
874 508 995 550 esse
1048 498 1253 554 sciunt.
1287 502 1503 569 ltaline,

368 580 640 648 imminet,
677 585 878 652 quibus
906 588 1135 651 cmdem,
1165 591 1393 663 ferrum,
1421 599 1771 667 servitutem,
1801 604 1949 659 exsl-

370 677 442 730 lia
474 677 759 733 denuntiat
791 690 845 735 et
873 687 1154 740 Ostentat?
1181 689 1478 757 Atnolunt,
1505 690 1809 766 negligunt,
1833 706 1945 758 non

376 781 608 835 possunt
638 770 837 826 adduci
894 782 953 828 ut
982 776 1206 831 credant
1240 796 1363 836 sese
1402 783 1541 837 adeo
1599 784 1946 859 propinquos

369 875 490 914 esse
532 863 819 930 periculo;
849 866 965 921 suis
996 868 1209 926 viribus
1245 874 1533 932 conﬁdunt
1584 879 1841 947 nimium,
1885 892 1948 938 ut

371 951 533 1045 plane
569 957 870 1011 verendum
925 961 1019 1025 sit,
1077 979 1146 1019 ue
1178 965 1232 1020 in
1264 969 1382 1023 suis
1430 972 1631 1041 petius,
1672 986 1833 1045 quam
1890 977 1947 1032 in

370 1044 547 1100 hostis
583 1046 783 1104 ﬁnibus
812 1058 1187 1111 castrametari
1245 1070 1413 1130 atque
1462 1067 1765 1120 exercitum
1801 1072 1949 1125 alere

369 1147 660 1207 cogantur.
684 1141 818 1197 Veni
849 1144 985 1214 jam,
1010 1146 1259 1205 Bessario
1285 1169 1300 1219 ;
1324 1162 1575 1222 petamus
1593 1158 1948 1216 solitudinem

369 1240 423 1282 et
457 1230 672 1321 deserta
702 1233 841 1288 loca.
876 1234 1021 1291 Satis
1060 1256 1123 1293 ex
1159 1257 1340 1296 rerum
1369 1245 1611 1301 civilium
1647 1258 1794 1305 statu
1825 1266 1952 1321 per-

371 1316 644 1389 cepimus.
670 1322 873 1381 Parum
903 1330 1067 1393 nobis
1098 1333 1231 1387 vita:
1249 1347 1526 1405 superest,
1565 1349 1621 1394 et
1652 1343 1787 1396 mihi
1825 1316 1947 1414 -qui

372 1413 560 1467 senior
590 1429 734 1481 sum,
765 1427 820 1470 et
853 1419 950 1473 tibi
977 1422 1068 1490 qui
1098 1423 1446 1483 imbecillior.
1481 1430 1536 1485 Si
1580 1432 1763 1502 aliqua
1802 1413 1951 1492 iure

374 1506 730 1592 cons'liorum
762 1518 1098 1578 nostrorum,
1126 1515 1293 1578 vocis,
1325 1521 1597 1587 corporis,
1633 1524 1950 1592 reipublicae

372 1591 700 1650 Christiana:
732 1613 863 1654 usus
888 1610 1057 1662 esset,
1085 1605 1417 1661 manendum
1450 1624 1582 1664 sane
1613 1591 1792 1667 adhuc
1825 1629 1952 1668 cen-

376 1703 578 1755 serem,
611 1689 794 1745 adhuc
826 1692 1209 1749 laborandum.
1250 1698 1362 1766 Ego
1393 1716 1522 1754 vero
1544 1702 1656 1772 jam
1685 1713 1764 1758 tot
1794 1703 1953 1761 annis

378 1790 613 1835 conatus
640 1784 820 1851 quoad
857 1787 1033 1854 potui,
1073 1788 1212 1846 nihil
1241 1790 1585 1859 profes~ioue
1635 1809 1779 1859 mea,
1812 1796 1949 1850 nihil

1340 388 1846 456 BESSARIONIS
1887 399 1941 462 S.
1988 403 2059 465 R.
2101 405 2164 469 Ε.
2194 409 2661 471 CARDINALIS

3522 403 3632 468 63?

1539 510 1740 576 ειυὶιηιε
1780 512 1959 569 hOSliS
1989 528 2026 580 Α
2063 525 2158 579 Dei
2198 527 2527 582 immortalis
2556 528 2781 596 templa,
2807 538 3023 593 domos,
3053 524 3234 584 sedes,
3281 538 3426 586 aras,
3459 522 3633 586 focos,

2053 617 2305 684 sepulcra
2356 612 2647 687 majorum,
2702 617 2873 686 leges,
2905 615 3242 679 libertatem,
3270 614 3494 680 liberos,
3533 629 3632 683 pa-

2050 709 2209 762 triam
2245 710 2297 763 in
2346 710 2593 778 periculo
2643 709 2880 770 versari,
2916 720 3025 760 non
3056 705 3335 761 excitetur
3365 705 3629 776 adversus

2050 798 2291 864 hostem,
2316 808 2371 853 et
2392 815 2501 853 non
2525 799 2685 853 modo
2705 799 2952 852 fortunas
2969 811 3183 862 omnes,
3207 810 3342 863 quas
3361 808 3455 850 aut
3473 793 3639 849 habet

2051 901 2148 946 aut
2180 891 2473 946 habiturus
2500 898 2604 950 est,
2627 890 2721 945 sed
2747 889 2911 944 vitam
2941 889 3110 957 ipsam
3140 888 3193 941 in
3226 886 3522 942 discrimen
3546 885 3635 939 of-

2051 981 2215 1046 ferat,
2248 990 2461 1035 etcum
2512 980 2775 1050 dignitate
2813 977 3014 1034 cadere
3064 975 3239 1043 malit,
3288 980 3452 1047 quam
3507 991 3634 1031 cum

2054 1073 2355 1146 ignominia
2385 1074 2634 1129 servire?
2668 1074 2853 1143 Itaque
2889 1081 3152 1143 perpetua
3191 1071 3439 1124 oratione
3478 1069 3639 1125 nobis

2050 1166 2374 1222 enitendum
2411 1174 2517 1228 est,
2542 1181 2653 1221 non
2688 1174 2750 1220 ut
2784 1164 2939 1218 vobis
2968 1163 3312 1234 principibus
3340 1160 3635 1231 sapientiso'

2054 1260 2229 1324 simis,
2281 1259 2485 1323 quibus
2541 1256 2659 1312 haec
2724 1266 2855 1312 sunt
2900 1255 3071 1325 magis
3113 1254 3415 1323 explorata,
3470 1267 3633 1321 quam

2054 1352 2235 1417 nobis,
2281 1334 2397 1404 ista
2438 1349 2894 1419 persuadeamus,
2950 1347 3044 1402 sed
3096 1355 3155 1401 ut
3184 1354 3311 1400 ante
3348 1346 3538 1399 oculos
3570 1343 3637 1399 iis

2053 1440 2360 1509 periculum
2388 1455 2783 1510 proponamus,
2811 1438 2931 1509 qui,
2958 1438 3088 1493 dum
3118 1436 3310 1508 procul
3338 1434 3636 1490 admodum

2053 1545 2083 1583 a
2115 1529 2363 1598 periculo
2400 1544 2458 1583 se
2493 1528 2686 1584 abesse
2715 1537 2932 1599 putant,
2969 1528 3153 1582 futura
3189 1526 3507 1596 prospicere
3537 1540 3637 1578 ue-

2053 1627 2284 1689 quemtt.
2332 1619 2496 1675 Invat
2533 1619 2699 1689 igitur
2740 1620 2979 1690 primum
3016 1619 3264 1673 omnium
3315 1616 3384 1672 de
3426 1616 3637 1684 origine

2053 1721 2110 1767 et
2150 1696 2467 1781 genere'ac
2518 1711 2734 1765 viribus
2788 1711 3097 1765 Turcorum
3151 1710 3395 1764 breviter
3429 1708 3638 1777 aliquid

2057 1816 2514 1865 commemorare,
2566 1802 2731 1871 plane
2767 1811 2825 1857 ut
2872 1817 3065 1857 omnes
3096 1800 3453 1869 intelligant.
3510 1798 3638 1855 Ilaec

382 1873 482 1925 hac
508 1874 773 1943 dignitate
806 1877 1036 1945 profeci.
1076 1878 1180 1944 Tu,
1213 1883 1465 1953 quamvis
1499 1886 1578 1938 illi
1614 1886 1823 1940 ordinis
1855 1886 1955 1939 ilO-
1986 1893 2027 1948 Β
2058 1894 2495 1949 Atllumanorum
2556 1892 2785 1957 familia,
2849 1892 3076 1947 minima
3125 1891 3433 1946 Turcorum
3482 1904 3637 1960 pars,

383 1964 623 2020 minibus
673 1968 867 2037 prosis,
902 1970 1027 2038 plus
1063 1978 1245 2025 tamen
1300 1974 1556 2043 proﬁcies
1618 1991 1835 2033 mecum
1898 1978 1953 2032 iu

381 2060 548 2113 rebus
578 2062 1036 2132 contemplandis,
1069 2065 1182 2129 ubi,
1217 2067 1260 2120 si
1288 2068 1342 2122 in
1367 2068 1579 2125 desidia
1638 2071 1746 2126 ista
1780 2070 1957 2141 persi-

380 2160 533 2204 stant
562 2151 884 2216 Christiani,
927 2156 1028 2210 soli
1062 2157 1169 2215 Deo
1200 2158 1471 2224 vivamus,
1520 2168 1575 2214 et
1608 2161 1767 2215 nobis
1798 2161 1952 2230 ipsis.

379 2243 502 2297 Mat
546 2259 666 2307 nos,
727 2246 819 2314 qui
875 2247 999 2301 cadi
1030 2248 1269 2303 volatilia
1322 2257 1379 2304 et
1446 2250 1653 2307 bestias
1704 2254 1819 2323 agri
1856 2269 1955 2310 sua

379 2335 681 2390 clementia
705 2337 888 2391 satiat.
922 2339 1111 2409 Neque
1138 2356 1301 2411 grave
1341 2354 1436 2395 aut
1468 2341 1687 2398 diﬁicile
1715 2344 1833 2399 fore
1862 2360 1955 2415 arf

380 2428 558 2481 bitror
592 2428 789 2484 divinze
818 2430 1137 2487 liberalitati
1179 2433 1318 2488 duos
1351 2434 1770 2496 homunciones.
1826 2450 1955 2507 per.

381 2535 544 2588 quam
600 2522 750 2577 brevi
813 2532 1076 2591 tempore,
1110 2524 1256 2596 quod
1313 2527 1472 2583 nobis
1526 2524 1799 2597 reliquum
1852 2538 1957 2596 ut,

382 2612 497 2667 suis
529 2611 729 2682 Opibus
764 2625 1108 2683 sustentare.

383 2815 762 2891 Besstmoxts,
797 2820 1045 2889 episwpi,
1075 2822 1277 2891 Sabini,
1312 2823 1602 2879 cardinalis
1633 2822 1856 2891 Nicami,
1893 2824 1963 2877 ad

458 2888 845 2965 ilmatrissiutos
877 2888 1232 2965 Δἱηιὲιμιοδιγιιε
1263 2888 1473 2961 Italia:
1537 2896 1800 2965 principes
1821 2888 1851 2961 ,⁷
1899 2895 1964 2947 de

457 2959 708 3026 periculis
739 2959 1357 3020 imminentibusoratio.

467 3069 633 3137 Multa
675 3082 806 3127 sunt
835 3072 1105 3143 profecto,
1142 3074 1499 3137 illustrissimi
1535 3075 1831 3146 inclytique
1860 3076 1965 3137 lta-

389 3164 478 3218 liae
510 3164 808 3233 principes,
842 3180 963 3234 qua:
993 3165 1061 3220 ad
1090 3180 1228 3232 rem,
1258 3167 1326 3222 de
1358 3170 1463 3237 qua
1503 3166 1846 3222 consulimur
1876 3182 1966 3223 eo-

389 3257 638 3328 gitaudo,
696 3257 952 3322 dicenda,
1001 3267 1062 3313 ut
1109 3258 1361 3315 facienda
1396 3275 1426 3315 a
1475 3260 1638 3316 nobis
1689 3270 1839 3317 sunt.
1887 3259 1965 3314 Ea

391 3350 579 3415 omnia
625 3349 670 3407 si
713 3350 970 3420 persequi
1016 3349 1071 3413 in
1118 3351 1408 3420 praesentia
1441 3352 1700 3419 velimus,
1732 3366 1836 3407 nec
1864 3365 1967 3406 nos

395 3459 616 3497 servare
660 3443 884 3505 modum
920 3443 977 3498 in
1008 3442 1267 3510 dicenda,
1301 3461 1402 3504 nec
1450 3461 1548 3501 vos
1586 3447 1639 3501 iu
1690 3445 1968 3501 audiendo

396 3534 650 3591 molestia
685 3550 874 3590 carere
917 3537 1196 3605 poteritis.
1232 3537 1480 3608 Reliquis
1515 3538 1685 3609 igitur
1716 3538 1772 3592 in
1818 3538 1968 3593 aliud

398 3635 617 3695 tempus
651 3626 966 3691 reservatis,
995 3626 1067 3682 de
1102 3642 1208 3683 una
1249 3637 1459 3683 tantum
1492 3627 1761 3698 particula
1801 3626 1974 3683 diSSe-

400 3733 610 3782 remus,
644 3727 699 3774 et
728 3733 793 3773 ea
823 3718 1044 3789 quidem
1072 3720 1510 3792 pernecessaria,
1547 3736 1671 3792 qua
1700 3721 1744 3776 si
1775 3721 1908 3777 Satis
1941 3736 1973 3775 a

398 3808 563 3863 nobis
615 3809 878 3879 explicari
915 3811 1108 3880 possit,
1140 3812 1215 3869 ita
1244 3821 1303 3866 ut
1335 3812 1391 3867 in
1421 3812 1622 3867 animis
1657 3814 1858 3869 vestris
1891 3814 1975 3868 in-

400 3902 630 3966 haereat,
658 3916 723 3956 ac
750 3901 1035 3956 veritatem
1066 3901 1401 3973 cogitatione
1430 3903 1703 3973 attingere
1728 3903 1972 3969 valeatis,

400 3991 583 4067 facilis
609 3991 679 4047 ad
714 3992 925 4062 reliqua
959 3994 1141 4048 futura
1186 4001 1275 4049 est
1305 3993 1415 4058 via,
1448 4000 1509 4047 ut
1551 3992 1691 4048 nihil
1740 3993 1976 4063 amplius

402 4088 638 4153 arduum
688 4087 863 4144 videri
898 4098 1087 4159 queat.
1120 4087 1176 4143 id
1210 4103 1341 4149 vero
1384 4088 1543 4153 facile
1574 4103 1675 4144 nos
1711 4102 1980 4142 consecu-

405 4184 559 4229 turos
606 4175 965 4243 arbitramur,
1012 4178 1060 4232 si
1090 4176 1477 4246 probabilibus
1530 4175 1878 4231 documentis
1921 4184 1979 4230 et

380 4269 717 4333 rationibus
749 4271 1041 4335 ostendere
1071 4263 1385 4340 poterimus,
1412 4270 1643 4327 maxima
1682 4271 1817 4333 haec,
1858 4282 1980 4337 quae

406 4359 729 4429 impendere
763 4362 1043 4425 cernimus
1065 4363 1331 4434 pericula,
1357 4371 1413 4415 et
1435 4360 1791 4431 gravissimos
1816 4367 1980 4427 atque

406 4451 799 4520 acerbissimos
849 4469 1032 4519 casus,
1076 4470 1182 4510 nou
1221 4455 1387 4509 unius
1430 4461 1526 4507 aut
1568 4451 1821 4517 alterius,
1868 4466 1980 4504 non

2059 2003 2088 2041 a
2136 2002 2301 2056 quam
2339 2000 2510 2057 parvo
2559 1986 2866 2055 humilique
2920 1984 3217 2054 principio,
3269 1998 3433 2053 quam
3478 1979 3637 2037 brevi

2064 2086 2361 2147 tempore,
2427 2077 2694 2143 selertia,
2749 2076 3034 2145 diligentia
3089 2090 3153 2130 ac
3216 2072 3497 2145 vigilantia
3543 2085 3642 2128 sua

2061 2170 2115 2223 in
2177 2178 2385 2226 tantum
2437 2169 2712 2238 fastigium
2768 2167 3020 2234 venerit,
3058 2176 3118 2221 ut
3154 2166 3265 2235 jam
3313 2172 3425 2220 u‘on
3476 2162 3644 2219 modo

2063 2260 2294 2331 reliquis
2343 2259 2709 2323 nationibus,
2777 2260 2872 2313 sed
2925 2258 3027 2328 ipsi
3073 2258 3482 2329 provinciarum
3542 2271 3643 2311 no-

2060 2353 2342 2409 bilissimae.
2408 2351 2917 2422 potentissimaeque
2973 2349 3181 2413 Italiae,
3243 2355 3300 2405 et
3367 2348 3643 2417 imperare

2059 2456 2320 2509 assuetae,
2341 2446 2555 2514 stupori
2592 2460 2656 2499 ac
2689 2440 2973 2498 formidini
3003 2442 3092 2497 Sit.
3127 2441 3432 2497 Turcorum
3462 2441 3640 2505 natio,

2060 2554 2185 2593 cum
2234 2536 2556 2606 aliquandiu
2607 2535 2887 2599 Persium,
2947 2522 3207 2594 Mediam,
3261 2530 3639 2603 Babyloniam,

2060 2624 2337 2690 Arabiam,
2369 2626 2581 2698 Syriam
2605 2636 2660 2681 et
2688 2624 2983 2679 nonnullas
3003 2622 3138 2679 alias
3166 2621 3469 2692 superioris
3493 2619 3637 2677 Asia:

2060 2730 2245 2794 partes
2293 2718 2581 2781 tenuisset,
2629 2717 2851 2772 tandem
2890 2730 3015 2771 cum
3064 2715 3133 2769 ab
3176 2713 3371 2769 incolis
3413 2727 3533 2768 sese
3579 2709 3638 2766 id

2063 2814 2376 2870 libertatem
2415 2808 2847 2874 vindicantibus,
2879 2816 2995 2863 tum
3029 2808 3097 2862 ab
3126 2805 3249 2861 aliis
3281 2800 3636 2875 hyperboreis

2064 2905 2283 2977 populis
2314 2892 2463 2959 inde
2504 2902 2753 2973 expulsa,
2809 2902 2874 2955 ad
2927 2899 3218 2955 tuferiores
3264 2898 3405 2954 Asiae
3451 2894 3643 2968 partes

2064 2997 2374 3061 conﬂuxit;
2431 3005 2597 3063 atque
2649 2994 2724 3048 ibi
2760 2993 2950 3047 multis
3000 2991 3277 3060 variisque
3320 2989 3482 3067 bellis
3513 2988 3638 3071 cum

2066 3089 2382 3155 Gyrmcorum
2429 3080 2664 3156 imperio
2713 3082 2885 3148 Marte
2937 3082 3159 3150 ancipiti
3210 3080 3398 3149 gestis,
3446 3078 3520 3132 ita
3568 3076 3638 3132 ad

2072 3190 2385 3236 estremum
2438 3178 2692 3249 superior
2730 3175 2925 3240 evasit,
2975 3184 3032 3229 ut
3081 3172 3476 3242 Pamphyliam,
3512 3170 3646 3227 Cili-

2071 3273 2234 3339 ciam,
2263 3266 2505 3343 Lyciam,
2534 3265 2954 3338 Paphlagoniam
2988 3264 3309 3332 reliquaque
3339 3260 3522 3314 omnia
3556 3260 3645 3313 illa

2073 3367 2193 3421 loca
2239 3364 2294 3418 in
2324 3363 2587 3418 ditionem
2626 3357 2919 3428 redegerit.
2964 3353 3070 3410 Sed
3121 3368 3253 3424 pace
3293 3351 3425 3405 foris
3463 3360 3642 3420 parta,

2072 3459 2267 3516 seditio
2294 3456 2441 3511 domi
2472 3464 2591 3509 orta
2616 3451 2872 3521 est..Nam
2898 3448 2964 3503 de
2993 3444 3224 3518 imperio
3250 3444 3393 3497 inter
3415 3454 3473 3496 se
3503 3436 3647 3494 [erro

2075 3548 2339 3602 dimicare
2363 3553 2675 3615 cmperuut.
2710 3540 2879 3597 Erant
2927 3541 3071 3595 inter
3115 3551 3211 3592 eos
3252 3540 3460 3603 septem
3492 3529 3651 3585 nobi-

2076 3642 2246 3697 liores
2289 3638 2530 3700 familiaa,
2575 3635 2643 3690 ad
2682 3648 2820 3704 quas
2863 3631 3166 3688 factionum
3201 3638 3502 3693 rerumque
3529 3638 3685 3675 (πη-ι

2064 3728 2229 3787 'nium
2263 3745 2477 3784 summa
2514 3726 2894 3783 deferebatur.
2926 3721 3040 3786 ibe,
3070 3720 3343 3783 bellorum
3372 3711 3652 3769 diuturni-

2081 3835 2190 3880 tate
2245 3821 2424 3883 fessae,
2474 3834 2588 3883 eas,
2636 3831 2774 3886 quas
2828 3813 3090 3876 diximus,
3136 3806 3453 3880 provincias,
3506 3808 3653 3861 sorte

2079 3915 2265 3987 potius
2320 3926 2483 3982 quam
2534 3908 2702 3964 armis
2737 3904 3008 3969 dividere,
3059 3916 3123 3956 ac
3172 3896 3364 3969 partiri
3418 3898 3654 3987 intersis

2079 3981 2410 4061 statuerunt.
2446 4001 2522 4056 lta
2567 3997 2715 4069 quod
2764 3992 3118 4067 perexiguum
3152 3998 3208 4043 et
3250 3998 3414 4042 tenue
3462 3981 3645 4038 admor

2080 4097 2210 4152 dum
2255 4104 2377 4149 erat
2430 4091 2747 4162 imperium,
2804 4088 2861 4142 in
2910 4094 3121 4154 septem
3166 4091 3359 4151 partes.
3390 4074 3653 4130 divisum.

2080 4188 2518 4243 Athumanorum
2557 4181 2798 4243 familiae.
2831 4193 2893 4231 ex
2934 4189 3041 4245 qua
3077 4178 3305 4226 octavus
3329 4167 3439 4236 jam
3470 4167 3659 4233 regnat

2081 4276 2273 4336 nostro
2295 4288 2538 4347 tempore
2559 4272 2866 4327 Turcorum
2891 4268 3172 4336 princeps,
3218 4257 3660 4347 Cilicialocaqqe

2084 4372 2314 4427 ﬁnitima
2364 4342 2732 4423 obvenerunt.
2777 4361 2905 4415 “rec
2937 4357 3244 4423 Turcorum
3279 4361 3387 4409 res,
3418 4347 3524 4400 hoc
3556 4342 3663 4397 iui-

2084 4463 2250 4528 tium,
2287 4460 2416 4516 imle
2462 4457 2602 4513 tanti
2636 4454 2867 4511 terroris
2910 4450 3088 4518 origo.
3134 4442 3430 4509 Iuterjecto
3460 4433 3663 4496 deinde

410 4542 576 4596 trium
624 4558 770 4609 esse,
824 4545 918 4599 sed
957 4545 1126 4600 totius
1172 4544 1501 4601 Christianae
1544 4542 1883 4612 reipublicae.
1923 4549 1981 4594 et
2012 4544 2063 4613 Ds
2090 4565 2334 4621 tempore
2385 4549 2569 4618 huius,
2620 4545 2713 4613 qui
2746 4556 2893 4597 nunc
2937 4544 3148 4608 regnat,
3181 4530 3350 4589 Turci
3385 4536 3596 4588 atavis,
3632 4537 3663 4577 ει

408 4637 463 4688 in
499 4637 692 4705 primis
722 4637 888 4697 Italia:
915 4638 1250 4693 communia.
1283 4638 1400 4692 Etsi
1430 4637 1577 4692 enim
1606 4635 1727 4701 aliis
1760 4634 1980 4704 quidem

410 4727 584 4791 prius.
611 4728 737 4783 aliis
763 4744 894 4784 vero
921 4730 1195 4798 posterius
1219 4736 1370 4783 tanta
1391 4726 1677 4783 calamitas
1707 4725 1982 4785 imminet.

410 4821 477 4873 ad
512 4831 820 4874 extremum
853 4832 1040 4885 tamen
1066 4836 1173 4874 una
1202 4818 1452 4874 omnium
1479 4818 1668 4873 futura
1698 4826 1781 4872 est
1802 4816 1987 4887 perni-

410 4914 545 4973 cies,
586 4929 649 4968 ac
697 4913 867 4984 hujus
897 4914 1079 4979 hostis
1107 4912 1283 4977 nostri
1333 4919 1483 4967 tanta
1538 4910 1710 4966 animi
1754 4909 1986 4965 vastitas

414 5009 645 5066 (utinam
674 5008 794 5062 falsi
826 5018 984 5063 vates
1017 5006 1247 5077 simus!)
1280 5006 1540 5061 omnibus
1573 5005 1794 5060 tandem
1824 5003 1988 5058 mise-

417 5115 535 5151 rmn
595 5109 761 5168 atque
816 5099 1242 5169 ignominiosum
1290 5098 1499 5155 exitum
1558 5098 1828 5162 allatura,
1883 5092 1995 5155 nisi,

419 5191 635 5244 fortiter
664 5206 859 5260 magno
898 5193 1091 5248 animo.
1113 5191 1241 5246 totis
1274 5190 1485 5247 viribus
1512 5190 1827 5247 resistatur.
1868 5187 1987 5253 Qua

422 5290 471 5335 tu
508 5299 586 5345 re,
628 5281 672 5337 si
718 5299 910 5339 omnes
957 5284 1009 5337 iu
1050 5299 1225 5337 meam
1272 5283 1603 5337 sententiam
1648 5281 1990 5352 persuadere

420 5387 671 5443 potuero,
719 5386 776 5429 ut
810 5393 915 5431 non
952 5377 1113 5431 aliter
1145 5385 1309 5445 atque
1340 5390 1440 5445 ego
1471 5374 1650 5437 sentio
1695 5382 1751 5429 et
1796 5388 1987 5427 vermu

420 5480 526 5531 est,
580 5470 681 5538 ipsi
737 5485 959 5539 quoque
1004 5470 1267 5533 sentiant,
1307 5484 1558 5538 magnam
1594 5467 1843 5537 profecto
1874 5480 1989 5519 rem

424 5562 642 5623 iecisse,
682 5576 784 5615 nec
832 5560 1122 5615 dimidium
1175 5559 1369 5625 totius,
1412 5568 1473 5613 ut
1519 5558 1611 5613 ille
1650 5557 1851 5625 inquit,
1880 5555 1990 5612 ‘sed

423 5672 566 5725 opus
598 5658 869 5724 integrum
896 5671 983 5711 me
1002 5655 1302 5711 absolvisse
1325 5652 1654 5709 arbitrabor.
1682 5651 1816 5716 Quis
1845 5650 1991 5705 enim

428 5751 564 5803 adeo
609 5748 808 5801 i.tiil‘ttli
854 5759 1013 5817 atque
1051 5747 1313 5801 imbecilli
1364 5746 1533 5799 animi
1581 5754 1687 5807 est,
1739 5743 1876 5795 adeo
1908 5742 1994 5795 sui

434 5838 709 5916 negligens
738 5848 790 5891 ct
828 5841 1060 5908 propria:
1088 5839 1281 5891 salutis
1310 5838 1535 5899 oblitus,
1574 5836 1687 5902 qui,
1717 5835 1759 5887 si
1798 5833 1992 5887 viderit

2085 4643 2327 4716 quobic
2351 4649 2540 4696 sextus
2572 4636 2766 4691 ordine
2794 4632 2946 4702 regni
2981 4636 3256 4697 sceptrum
3291 4620 3522 4691 accepit,

2086 4737 2324 4798 viribus,
2356 4748 2464 4787 non
2490 4729 2717 4793 divitiis,
2747 4740 2855 4779 non
2884 4722 3118 4777 militum
3148 4728 3411 4779 numero,
3432 4724 3539 4766 non
3562 4723 3665 4798 tm-

2088 4827 2237 4899 perii
2264 4822 2647 4895 magnitudine
2683 4820 2878 4877 fretus.
2908 4811 3003 4868 sed
3031 4810 3104 4866 ob
3138 4806 3326 4863 civiles
3360 4797 3666 4899 discordias

2090 4895 2392 4976 accersitus
2444 4931 2473 4970 a
2519 4911 2724 4970 Grzecis
2768 4910 2822 4963 in
2874 4906 3148 4972 Europam
3197 4895 3430 4967 trajecit,
3483 4903 3663 4948 annus

2089 5023 2238 5063 nunc
2284 5006 2458 5061 ferme
2509 5003 2687 5072 agitur
2728 4994 3064 5052 centesimus
3096 4998 3152 5043 et
3182 4984 3513 5043 tricesimus,
3556 4992 3667 5072 non

2094 5110 2204 5159 tam
2241 5099 2307 5153 iis
2339 5066 2605 5150 adversus
2635 5105 2776 5160 quos
2808 5090 3140 5157 provocatus
3173 5078 3374 5137 fuerat,
3404 5084 3580 5142 quam.
3600 5066 3669 5127 iis

2093 5193 2188 5263 qui
2226 5188 2636 5245 accersiveraut
2681 5180 3027 5252 perniciosus
3058 5184 3112 5227 et
3166 5161 3667 5263 pestilentissimus.

2096 5254 2365 5340 ﬁaulatitu
2395 5280 2542 5333 enim
2591 5290 2842 5344 serpens,
2879 5285 2943 5323 ac
2974 5266 3102 5328 sibi,
3136 5278 3243 5317 non
3287 5256 3481 5313 amicis
3503 5254 3670 5344 impe-

2097 5375 2238 5428 rium
2263 5383 2608 5439 comparans,
2634 5378 2805 5432 usque
2831 5360 2967 5413 adeo
2999 5354 3152 5409 auxit
3182 5352 3351 5412 vires,
3382 5352 3442 5400 ut
3484 5343 3672 5439 volen-

2099 5475 2180 5517 tes
2229 5435 2415 5531 postea
2473 5474 2598 5512 eum
2646 5457 2849 5523 ejicere
2912 5465 3019 5504 non
3068 5441 3369 5515 potuerint,
3412 5435 3545 5490 satis
3613 5446 3673 5488 se

2097 5554 2349 5608 etl‘ecissc
2400 5548 2687 5615 arbitrati,
2731 5546 2774 5597 si
2826 5542 3030 5597 fmdere
3082 5540 3189 5590 icto
3240 5543 3413 5599 aequis
3443 5541 3567 5581 cum
3610 5539 3674 5577 co

2099 5647 2316 5715 legibus
2347 5647 2531 5697 vivere
2561 5642 2941 5704 impetrarent.
2980 5630 3142 5697 Atqui
3182 5642 3268 5680 res
3304 5624 3483 5684 aliter,
3512 5634 3675 5688 quam

2101 5738 2308 5806 opinati
2344 5736 2584 5797 fuerant,
2610 5728 2815 5782 evenit.
2844 5724 3063 5778 ‘Iiteuim
3097 5735 3230 5787 gens
3258 5716 3485 5768 barbara
3515 5722 3676 5775 atque

2105 5834 2283 5899 inope,
2322 5826 2484 5887 simul
2527 5838 2585 5875 ac
2622 5818 2970 5885 dulcedinem
3006 5813 3219 5882 irugum
3253 5819 3305 5863 ct
3350 5808 3675 5861 suavitatem
