4136 6418
469 392 578 455 i553

1520 391 1957 482 ORATIONES
1998 392 2244 451 CONTli
2260 393 2302 451 Α
2342 393 2388 452 Τ
2402 392 2445 451 υ
2458 394 2599 486 llCA
2611 393 2682 471 S.

3629 389 3735 451 654

473 506 796 559 divitiarum
841 516 1059 575 gustare
1109 506 1294 575 caspit,
1349 505 1556 558 nullum
1589 506 1909 573 cupiditatis
1948 515 2053 559 ter-
2080 504 2419 568 AGrteciam
2454 505 2720 570 diximus,
2765 504 3018 571 quamvis
3063 518 3362 572 paucorum
3406 502 3735 571 oppidorum

474 597 683 651 minuat
720 597 932 651 statuit.
982 595 1059 649 Ex
1108 611 1277 664 parvo
1321 596 1505 663 itaque
1553 610 1616 649 ac
1667 594 1835 650 debili
1894 596 2053 651 initio

475 704 651 759 usque
696 688 834 742 adeo
876 702 1068 742 eorum
1110 690 1254 742 vires
1283 696 1501 740 centum
1530 695 1585 740 et
1617 686 1844 756 triginta
1875 702 2053 740 anno-

458 778 597 835 rum
646 775 823 851 spatio
853 786 1170 843 creverunt,
1203 788 1263 834 ut
1308 780 1421 850 jam
1460 794 1571 833 non
1621 794 1789 849 parva
1824 777 2055 849 Europae

476 882 627 942 parte
648 880 937 940 occupata,
972 885 1073 925 nec
1103 870 1334 924 Danubii
1356 869 1821 939 profundissimus
1850 871 2051 937 amnis,

462 976 575 1031 .nec
609 960 810 1032 lllyrici
845 960 1131 1030 asperrimi
1168 970 1384 1015 montes
1422 973 1617 1014 eorum
1658 959 1922 1028 impetum
1962 975 2051 1014 re-

477 1051 693 1104 tardare
722 1050 935 1120 possint
966 1051 1123 1119 quin,
1163 1047 1389 1104 flumine
1424 1050 1768 1113 transmisso,
1805 1059 1861 1104 et
1903 1046 2056 1104 loco—

478 1159 598 1197 rum
654 1142 1070 1197 dillicultatihus
1117 1142 1417 1211 superatis,
1472 1142 1625 1195 illinc
1684 1157 1782 1210 per
1835 1156 2054 1196 omnem

476 1233 815 1299 Pannoniam
873 1242 1228 1303 grassentur,
1290 1234 1420 1288 hinc
1471 1234 1525 1288 in
1587 1232 1822 1288 mediam
1884 1248 2056 1302 usque

454 1308 849 1389 \Germaniam,
897 1335 951 1380 et
987 1326 1178 1387 lstros,
1220 1335 1276 1380 et
1317 1324 1518 1380 Forum
1555 1325 1685 1382 Julii
1735 1332 2053 1393 penetrent,

478 1411 875 1481 depopulantes
897 1428 960 1467 ac
989 1411 1254 1469 foedantes
1270 1414 1474 1481 omnia,
1500 1431 1564 1471 ac
1586 1413 1750 1471 liores
1777 1417 1901 1471 illos
1930 1430 2056 1484 pro-

478 1503 784 1556 vinciarmn
840 1504 984 1557 ferro
1021 1505 1256 1575 igneque
1288 1515 1584 1562 vastantes.
1622 1504 1741 1573 Quo
1770 1507 1891 1562 loco
1920 1506 2054 1562 illud

481 1595 535 1648 in
570 1594 761 1664 primis
794 1610 823 1649 a
856 1596 1015 1652 nobis
1038 1597 1586 1653 animadvertendum
1615 1615 1836 1665 censeo,
1865 1614 2057 1665 quam-

482 1684 564 1738 vis
596 1684 712 1740 haec
757 1686 939 1741 omnia
986 1701 1077 1752 eo,
1117 1702 1227 1758 quo
1261 1688 1526 1754 diximus,
1571 1689 1835 1759 temporis
1877 1689 2057 1759 spatio

482 1777 739 1843 fecerint,
786 1777 945 1847 plura
992 1787 1106 1833 tum
1155 1781 1452 1851 postremis
1481 1781 1841 1852 quadraginta
1875 1781 2055 1843 annis,

483 1882 648 1936 quam
675 1867 971 1939 nonaginta
1007 1868 1118 1925 illis
1145 1843 1528 1941 superioribus
1555 1843 1767 1927 fecisse.
1800 1870 1880 1925 lta
1908 1871 2056 1925 enim
2085 1843 2132 1904 Β

482 1970 679 2014 natura
724 1970 1100 2030 comparatum
1145 1972 1252 2027 est,
1290 1970 1352 2017 ut
1400 1963 1669 2033 principia
1704 1964 1907 2018 virtute
1936 1962 2059 2033 qui-

481 2048 608 2105 dem
670 2065 735 2105 ac
786 2050 999 2106 viribus
1053 2050 1263 2121 majora
1309 2052 1457 2118 sint,
1507 2051 1881 2122 magnitudine
1927 2068 2061 2107 vero

483 2143 750 2213 copiaque
784 2144 1096 2202 vincantur.
1126 2145 1204 2199 Ex
1235 2144 1321 2200 his
1347 2146 1476 2202 item
1508 2145 1869 2216 quadraginta
1899 2145 2062 2201 annis

485 2235 646 2306 longe
692 2238 846 2304 plura
889 2236 975 2294 his
1009 2239 1199 2294 decem
1246 2248 1303 2296 et
1331 2250 1540 2309 septem
1589 2250 1857 2310 patrasse,
1894 2254 2059 2309 quam

491 2328 669 2382 tribus
693 2339 746 2383 ct
774 2329 968 2400 viginti
1003 2330 1296 2400 prioribus.
1332 2331 1492 2387 Plura
1527 2331 1784 2387 immanis
1810 2332 1910 2386 ista
1943 2330 2063 2385 bel-

488 2420 580 2475 lua
625 2422 1069 2478 Christianorum
1122 2425 1447 2495 sanguinem
1496 2439 1715 2495 semper
1767 2423 2058 2490 anhelans,

486 2523 611 2583 post
632 2510 986 2584 Byzantinum
1010 2514 1284 2570 excidium
1308 2515 1459 2570 solus
1496 2514 1684 2586 gessit,
1710 2530 1872 2584 quam
1906 2523 2063 2585 pater
2102 2534 2105 2537 λ

486 2606 607 2676 ejus
632 2617 797 2677 atque
826 2622 962 2661 avus
1008 2622 1106 2677 per
1134 2604 1369 2663 omnem
1394 2606 1562 2669 vitam
1606 2607 1807 2673 fecere,
1843 2606 2063 2674 decem,

489 2706 549 2749 ut
576 2710 719 2765 sape
749 2710 779 2749 a
822 2694 978 2752 nobis
1009 2696 1341 2766 explicatum
1367 2706 1473 2763 est,
1514 2697 1725 2751 interea
1762 2696 1942 2767 regnis
1969 2710 2065 2751 oc-

488 2786 724 2855 cupatis,
749 2794 807 2839 ut
833 2786 1008 2856 palam
1036 2787 1292 2841 omnibus
1320 2787 1386 2841 sit
1421 2802 1530 2857 quo
1559 2788 1734 2856 magis
1754 2786 1877 2858 ejus
1911 2786 2063 2843 vires

488 2886 781 2948 augentur,
835 2894 903 2933 eo
946 2877 1151 2934 deinde
1185 2880 1400 2935 minore
1434 2880 1675 2950 negotio,
1707 2894 2065 2950 quoscunque

487 2970 712 3041 aggredi
762 2970 1021 3037 voluerit,
1070 2986 1228 3042 posse
1275 2987 1557 3041 superare.
1590 2970 2066 3039 Quemadmodum

488 3068 633 3123 enim
668 3068 720 3122 in
757 3066 1071 3133 disciplinis
1109 3076 1274 3139 atque
1305 3066 1519 3125 artibus
1552 3076 1608 3123 et
1646 3068 1803 3124 omni
1831 3066 2066 3123 actionis

2161 595 2434 663 regulum,
2480 595 2681 649 divinis
2728 594 2918 649 colunt
2980 593 3320 653 honoribus,
3363 600 3420 645 ct
3474 602 3737 661 perpetua

2158 683 2298 739 fama
2348 701 2412 740 ac
2436 686 2772 755 sempiterna
2804 684 2977 755 gloria
3005 685 3305 745 celebrant.
3330 684 3590 737 Sanctum
3609 698 3737 737 eum

2156 792 2219 832 ac
2251 777 2468 833 beatum
2522 778 2830 842 nominant,
2865 777 3193 833 cmlestihus
3240 777 3547 846 pr.rdicant
3587 775 3738 828 loca-

2159 880 2273 925 tum
2298 871 2545 936 sedibus,
2567 886 2691 926 cum
2718 870 2971 941 princeps
2999 869 3204 925 bellum
3255 869 3524 923 adversus
3572 864 3738 922 Chri-

2166 964 2375 1039 stianos
2404 964 2663 1034 gesserit,
2696 971 2753 1018 et
2795 962 2989 1032 paucis
3033 960 3361 1031 quibusdam
3412 959 3737 1029 subjugatis,

2158 1069 2257 1107 eos
2295 1054 2475 1123 impiae
2505 1052 2903 1107 Mahnmetanae
2935 1065 3103 1106 sectae
3136 1051 3423 1106 dicaverit.
3462 1050 3600 1117 Quid
3642 1064 3740 1103 eos

2160 1144 2379 1198 tandem
2414 1160 2540 1213 erga
2572 1158 2630 1199 se
2660 1144 2904 1199 facturos
2938 1143 3234 1209 existimet,
3268 1142 3311 1197 si
3346 1157 3472 1195 cum
3507 1150 3586 1195 tot
3617 1140 3741 1194 aliis

2159 1232 2486 1289 Christianis
2521 1233 2759 1303 populis,
2795 1231 2960 1287 ltalos
2991 1246 3215 1301 quoque
3250 1230 3421 1300 (quod
3450 1230 3618 1284 etiam
3649 1245 3741 1282 eu-

2159 1327 2334 1397 gitare
2378 1327 2572 1381 horret
2605 1325 2843 1394 animus)
2877 1323 3228 1395 sulijugarit?
3274 1323 3356 1377 An
3389 1338 3521 1378 vero
3552 1322 3741 1392 gloriae

2157 1417 2381 1473 avidum
2416 1419 2669 1473 dubitare
2703 1418 3030 1488 poterimus,
3071 1432 3195 1469 cum
3236 1416 3341 1469 hoc
3380 1421 3576 1468 natura
3621 1429 3741 1467 om-

2158 1510 2323 1565 nibus
2375 1508 2530 1574 insit,
2564 1508 2869 1580 praesertim
2931 1506 3296 1578 principibus,
3345 1513 3403 1560 et
3462 1503 3551 1561 hic
3602 1508 3742 1560 Sciat

2158 1603 2372 1658 nullum
2417 1601 2522 1656 sibi
2566 1601 2632 1655 ad
2672 1601 3138 1655 immortalitatem
3182 1598 3510 1667 ampliorem
3553 1605 3742 1667 patere

2158 1695 2456 1766 campum?
2487 1694 2619 1748 Nam
2647 1693 2715 1749 de
2739 1693 2977 1749 utilitate
3001 1692 3303 1762 ambigere.
3335 1705 3737 1760 supervacuum

2161 1796 2310 1843 certe
2331 1784 2721 1847 videtur.Cum
2747 1785 2893 1838 enim
2927 1782 3071 1837 ratio
3096 1782 3209 1836 Inec
3243 1782 3493 1837 bifariam
3524 1781 3741 1838 divida~

2163 1888 2346 1948 tur,et
2377 1878 2508 1934 hinc
2538 1874 2817 1949 quomodo
2840 1873 3045 1931 servari
3071 1888 3192 1943 quas
3218 1881 3371 1943 parta
3399 1882 3548 1937 sunt,
3589 1872 3740 1926 illinc

2163 1988 2277 2043 quo
2296 1979 2460 2042 pacto.
2487 1969 2673 2042 augeri
2708 1975 2932 2038 queant,
2951 1966 3354 2029 ‘consideretur,
3382 1979 3493 2035 qua
3519 1963 3737 2019 tandem

2163 2065 2374 2122 ratione
2396 2080 2517 2135 quae
2541 2062 2705 2119 habet
2747 2061 2963 2116 facilius
3010 2075 3073 2115 ac
3100 2060 3308 2115 certius
3341 2072 3561 2112 scrvare.
3590 2065 3742 2125 pote-

2168 2159 2259 2221 rit,
2288 2170 2453 2225 quam
2501 2150 2756 2221 augendo
2805 2148 3201 2220 principatum,
3230 2157 3287 2201 et
3334 2147 3470 2201 lines
3523 2142 3736 2214 imperii

2166 2241 2558 2315 propagando?
2585 2241 2775 2296 Solent
2805 2239 3002 2295 medici
3037 2239 3093 2292 in
3128 2234 3455 2307 corporibus
3477 2232 3740 2289 curandis

2164 2353 2227 2391 ea
2258 2335 2500 2391 remedia
2544 2333 2826 2399 adhibere,
2872 2347 2992 2403 quae
3031 2329 3325 2399 aliquando
3368 2327 3563 2382 iisdem
3594 2341 3738 2381 mor-

2168 2429 2365 2485 borum
2417 2425 2715 2499 generibus
2767 2424 2922 2479 utilia
2968 2422 3179 2492 expcrti
3231 2428 3404 2474 sunt:
3439 2419 3542 2473 hoc
3593 2417 3737 2471 idem

2166 2520 2473 2576 Turcorum
2526 2518 2825 2588 imperator
2871 2515 3023 2579 facit,
3059 2521 3112 2567 et
3160 2512 3265 2568 hoc
3310 2509 3466 2582 quasi
3504 2508 3743 2564 medica-

2167 2621 2415 2669 mentum
2450 2610 2725 2682 quoddam
2759 2608 2825 2664 ad
2859 2621 2945 2673 ea,
2988 2620 3111 2675 quae
3155 2612 3310 2675 parta
3340 2611 3491 2667 sunt,
3515 2614 3743 2657 conser-

2166 2707 2342 2762 vanda
2367 2706 2791 2763 saluberrimum
2818 2711 3000 2767 ratus;
3032 2715 3099 2756 eo
3129 2714 3348 2769 semper
3374 2697 3571 2760 utitur,
3609 2693 3743 2749 huic

2167 2798 2362 2862 hzeret,
2399 2796 2503 2852 hoc
2529 2794 2866 2864 frequentat.
2904 2790 3113 2845 Mutare
3142 2789 3271 2851 hoc,
3306 2799 3362 2842 ut
3396 2782 3545 2841 aliud
3577 2799 3744 2853 expe-

2168 2890 2367 2953 riatur,
2399 2904 2509 2941 non
2543 2894 2697 2958 putat
2730 2893 2929 2941 tutum.
2964 2882 3130 2951 Cupit
3160 2885 3243 2950 (ut
3280 2896 3379 2951 par
3411 2879 3519 2948 est)
3564 2878 3745 2933 omni-

2168 2997 2276 3053 que
2323 2991 2525 3036 conatu
2565 2978 2759 3034 nititur
2800 2991 3133 3033 conservare
3166 2974 3480 3043 imperium.
3524 2971 3743 3027 Nullam

2168 3073 2237 3129 ad
2294 3072 2349 3127 id
2407 3057 2837 3129 ttttiorem’esse
2883 3068 3030 3123 viam
3086 3066 3364 3136 intelligit,
3415 3078 3578 3136 quam
3616 3078 3740 3117 cum

489 3175 689 3229 genere
736 3158 851 3215 lieri
883 3159 1159 3225 videmus,
1194 3168 1253 3215 ut
1298 3161 1469 3231 major
1515 3159 1587 3215 sit
1622 3169 1902 3229 postremo
1931 3175 2067 3229 quo-
2092 3182 2134 3240 ο
2167 3166 2344 3221 aliena
2376 3165 2594 3237 jactura
2632 3164 2778 3218 vires
2812 3176 2941 3217 suas
2976 3174 3200 3229 augere.
3245 3157 3401 3226 Quod
3443 3157 3487 3211 si
3522 3156 3742 3225 assequi

490 3266 597 3321 que
632 3267 797 3316 anno,
846 3266 1008 3321 quam
1042 3250 1301 3307 omnibus
1345 3252 1724 3321 superioribus
1757 3250 2058 3321 profectus.

492 3341 651 3397 Unde
683 3342 817 3396 illud
866 3354 1084 3413 quoque
1119 3343 1279 3411 vulgo
1314 3343 1421 3396 dici
1461 3342 1620 3407 solet,
1658 3342 1929 3397 ditescere
1964 3343 2066 3396 ho-

491 3433 627 3487 mini
675 3433 894 3487 difficile
941 3449 1102 3496 csse,
1157 3433 1213 3487 in
1276 3433 1605 3505 immensum
1657 3448 1786 3486 vero
1847 3433 2066 3491 divitias

490 3539 690 3593 augere
717 3524 1060 3578 facillimum.
1093 3522 1168 3577 lta
1202 3524 1253 3576 in
1294 3523 1459 3591 rebps
1490 3538 1710 3593 quoque
1736 3522 2066 3577 militaribus

452 3608 455 3611 ’
493 3615 713 3679 accidit,
761 3622 821 3667 ut
866 3614 1086 3668 vincere
1122 3611 1341 3670 difficile
1388 3613 1686 3669 admodum
1723 3616 1812 3680 sit,
1845 3613 2065 3684 evagari

456 3780 461 3785 η
495 3714 682 3772 postea
713 3721 808 3773 per
843 3706 1105 3760 victorias
1132 3707 1339 3760 nullius
1372 3704 1599 3760 laboris.
1628 3702 1807 3771 Quare
1840 3720 2069 3775 persua-

495 3798 627 3851 dere
672 3798 776 3851 sibi
827 3798 1063 3867 quisque
1118 3797 1277 3853 facile
1332 3806 1535 3868 potest,
1581 3797 1712 3867 quid
1766 3800 2069 3854 sceleratus

499 3890 695 3957 hostis,
730 3907 839 3960 quo
872 3887 1011 3944 nihil
1046 3890 1153 3945 dici
1190 3890 1463 3958 deterius,
1491 3890 1626 3944 nihil
1658 3892 1939 3946 crudelius
1972 3907 2070 3961 po-

506 3992 635 4045 test,
679 3983 930 4053 proximo
962 3984 1065 4038 hoc
1103 3983 1484 4053 quinquennio
1520 3983 1766 4038 [acturus
1791 3984 1882 4047 sit,
1919 3993 2070 4036 tanta

491 4078 602 4149 jam
633 4076 820 4133 decem
850 4085 905 4131 et
937 4086 1147 4146 septem
1176 4078 1335 4131 anuis
1372 4077 1612 4146 potentia
1644 4086 1983 4145 comparata,
2013 4085 2070 4131 et

498 4169 668 4237 priori
712 4170 832 4238 ejus
871 4170 1128 4238 potentia:
1175 4169 1383 4224 addita.
1427 4168 1630 4239 Magna:
1670 4167 2073 4239 incomparabi-

499 4261 691 4331 lcsque
722 4271 851 4316 sunt
890 4264 1011 4333 ejus
1056 4263 1220 4327 vires,
1268 4262 1595 4317 inexhausta
1636 4262 1931 4329 cupiditas,
1970 4260 2072 4315 im-

501 4370 690 4409 mensa
738 4354 1056 4409 dominandi
1116 4355 1311 4419 libido,
1363 4354 1594 4409 scientia
1654 4354 1732 4408 rei
1792 4353 2069 4416 militaris,

501 4458 632 4502 astas
672 4446 883 4511 ﬂorida,
919 4463 1119 4517 corpus
1142 4449 1425 4503 laboribus
1456 4456 1756 4502 assuetum.
1790 4448 1873 4507 An
1907 4445 2074 4515 igitur

2165 3275 2274 3315 non
2322 3267 2525 3330 posset,
2572 3255 2724 3311 nulla
2758 3256 2919 3310 nobis
2950 3254 3165 3308 timoris
3214 3251 3356 3305 ratio
3394 3259 3562 3312 esset,
3597 3247 3744 3303 nulla

2167 3351 2235 3406 de
2266 3351 2431 3406 rebus
2456 3350 2662 3405 nostris
2689 3346 2961 3403 dubitatio
2987 3362 3000 3400 :
3025 3344 3143 3408 sed,
3168 3358 3255 3398 me
3274 3341 3535 3397 miserum
3558 3341 3572 3394 ι
3595 3356 3746 3394 incn-

2170 3444 2261 3499 tiri
2307 3444 2361 3498 in
2394 3443 2497 3497 hac
2542 3452 2700 3511 parte
2730 3441 2898 3494 etiam
2933 3438 3126 3493 volens
3168 3451 3279 3490 non
3324 3438 3565 3503 possunt.
3598 3431 3747 3489 Nihil

2170 3549 2413 3605 unquam
2466 3532 2702 3604 alicujus
2753 3531 2977 3586 facilius
3028 3529 3154 3584 fuit.
3206 3527 3288 3586 Ad
3343 3526 3459 3581 haec
3499 3523 3749 3594 pecunias

2142 3639 2436 3683 numerus
2481 3624 2813 3688 immensus,
2867 3618 3168 3687 multitudo
3208 3617 3445 3671 militum
3478 3615 3747 3677 inaudita,

2172 3727 2233 3773 ut
2268 3720 2425 3789 cujus
2460 3718 2765 3771 exercitum
2788 3728 2955 3783 supra
2990 3712 3226 3773 ducenta
3258 3708 3543 3762 hominum
3576 3706 3748 3760 millia

2171 3821 2502 3882 sequuntur.
2536 3810 2787 3873 Classem,
2811 3807 2997 3870 habet,
3031 3817 3195 3875 quam
3226 3797 3606 3871 superioribus
3631 3794 3750 3850 die-

2174 3904 2279 3958 bus
2296 3902 2349 3958 in
2372 3899 2775 3971 expugnatione
2792 3894 3073 3953 Chalcidis
3091 3908 3199 3948 non
3220 3892 3337 3945 sine
3356 3900 3578 3959 stupore
3599 3887 3751 3941 audi-

2174 3994 2277 4049 stis
2298 4003 2571 4063 quantam,
2586 3989 2858 4043 instruere
2879 3985 2966 4040 vix
2986 3985 3165 4039 omnis
3182 3980 3346 4037 simul
3367 3978 3515 4035 italia
3537 3986 3746 4048 posset.

2173 4087 2305 4142 Erat
2326 4095 2449 4149 ante
2469 4084 2615 4149 hunc
2638 4081 2783 4135 diem
2811 4078 3076 4133 duntaxat
3094 4072 3342 4131 terrestri
3371 4071 3619 4127 exercitu
3649 4085 3745 4139 po-

2172 4187 2315 4237 tens.
2342 4175 2502 4235 Maris
2528 4172 2817 4242 imperium
2835 4151 3014 4224 adhuc
3040 4166 3244 4220 nostris
3264 4169 3569 4234 supererat.
3592 4162 3750 4217 Nune

2174 4284 2306 4331 vero
2360 4269 2414 4338 (ο
2470 4264 2855 4335 cogitationem
2910 4272 3130 4331 quoque
3168 4264 3330 4311 tanta:
3371 4252 3548 4309 cladis
3598 4267 3752 4307 acer-

2177 4361 2302 4417 bam
2337 4358 2376 4429 !)
2409 4373 2561 4412 mare
2594 4368 2814 4425 quoque
2843 4349 3172 4408 Christianis
3217 4346 3459 4402 ablatum
3496 4343 3607 4400 illis
3647 4342 3751 4397 ad-

2180 4455 2356 4511 ditum
2409 4462 2513 4508 est.
2546 4449 2699 4505 Licet
2730 4447 2781 4502 ei
2828 4445 2943 4516 jam
2992 4443 3164 4498 libere
3205 4440 3390 4510 vagari
3448 4452 3559 4509 quo
3594 4437 3750 4500 libet,

502 4555 628 4593 cum
653 4541 800 4599 velit.
821 4548 875 4594 et
898 4541 1087 4609 possit,
1116 4552 1171 4594 et
1189 4540 1345 4607 sciat,
1375 4538 1632 4593 dubitare
1661 4538 1859 4609 aliquis
1891 4545 2071 4607 potest
2107 4531 2149 4583 ὓ
2185 4562 2379 4602 omnes
2410 4555 2623 4616 ponus,
2651 4555 2842 4595 omnes
2892 4535 3197 4593 maritimas
3228 4531 3491 4587 Stationes
3549 4530 3754 4584 liberas

503 4631 636 4699 quin
675 4640 785 4683 toto
816 4631 1001 4684 animo
1031 4645 1094 4684 ac
1128 4639 1241 4684 tota
1271 4640 1451 4684 mente
1485 4630 1539 4684 in
1576 4644 1676 4685 nos
1714 4630 1837 4684 dies
1864 4637 2077 4684 noctes-

502 4740 610 4791 que
646 4724 900 4778 feratur?
934 4725 1015 4777 An
1054 4739 1182 4777 vero
1209 4734 1483 4783 armatum
1514 4722 1891 4792 praestolamur
1924 4720 2075 4775 domi

504 4817 823 4876 oscitantes,
878 4824 938 4867 ut
981 4823 1094 4866 tum
1142 4814 1361 4867 demum
1407 4813 1716 4876 credamus,
1774 4828 1898 4865 cum
1949 4827 2077 4866 eum

448 4970 451 4971 ν
502 4916 627 4959 ante
670 4906 858 4960 oculos
902 4916 1118 4961 nostros
1151 4908 1297 4960 virus
1342 4904 1686 4965 exhalantem
1719 4902 2077 4957 videbimus?
2131 4888 2137 4901 ³

503 4995 620 5049 Non
662 4998 821 5053 decet
858 4999 1130 5067 profecto,
1167 5014 1269 5054 nec
1306 4997 1561 5051 Italorum
1597 4995 1855 5065 potentire
1888 4996 1967 5049 fas
1992 5002 2078 5049 cst

408 5094 421 5103 ‘
504 5088 687 5143 dicere
732 5106 747 5143 :
784 5091 902 5144 Non
944 5101 1217 5159 putaram.
1257 5089 1482 5157 Pmpria
1518 5088 1635 5143 ltali
1679 5084 1961 5156 sanguinis
1992 5094 2079 5140 est

506 5180 820 5248 prudentia,
883 5183 1104 5256 propria
1152 5182 1399 5245 libertas,
1446 5180 1725 5251 prpprium
1760 5179 2077 5249 imperium.

440 5316 443 5321 .
506 5274 588 5326 An
634 5273 971 5342 degenerare
1020 5275 1401 5329 nobilissimus
1445 5274 1664 5326 animus
1697 5288 1739 5326 a~
1778 5270 2078 5341 majoribus

504 5363 642 5423 suis,
675 5372 750 5421 et,
784 5380 946 5434 q-tcm
986 5365 1129 5419 Deus
1158 5364 1329 5418 voluit
1369 5363 1583 5418 caeteris
1612 5363 1913 5433 imperare,
1959 5378 2077 5415 ser-

502 5456 621 5509 vire
681 5458 829 5527 genti
895 5458 1208 5513 tardissima:
1256 5456 1671 5512 sustinebitur?
1720 5457 1866 5511 Nihil
1924 5464 2080 5524 putat

502 5548 716 5602 Turcus
760 5565 819 5602 se
853 5549 1035 5604 facere
1070 5550 1291 5619 dignius
1330 5564 1512 5618 posse,
1546 5548 1684 5603 nihil
1734 5549 1943 5602 nomini
1978 5561 2079 5601 suo

500 5641 822 5709 gloriosius,
881 5658 1047 5711 quant
1096 5642 1142 5695 si
1184 5641 1238 5695 in
1290 5640 1494 5694 Italiam
1542 5639 1845 5693 exercitum
1891 5638 2076 5703 ducat,

442 5798 445 5801 ν
501 5743 556 5785 ct
592 5734 863 5801 imperare
890 5736 1104 5788 solitam
1140 5733 1475 5801 provinciam
1501 5747 1600 5791 suo
1627 5731 1790 5785 addat
1822 5731 2074 5801 imperio.

490 5825 658 5893 ,Διπί
710 5827 825 5897 ejus
880 5838 1183 5897 parentem,
1217 5841 1375 5895 quem
1426 5823 1662 5893 primum
1709 5822 1984 5892 trajecissc
2022 5821 2077 5877 in

2180 4640 2345 4695 habet
2374 4656 2388 4692 :
2421 4634 2767 4690 Ambracium
2791 4632 2973 4688 sinum
2996 4669 3011 4694 ,
3042 4635 3261 4698 portum
3296 4624 3447 4680 illum
3480 4622 3756 4678 nobilissi.

2178 4747 2328 4787 mum
2360 4728 2720 4800 Apolloniam,
2756 4725 2874 4780 loca
2898 4721 3119 4792 quidem
3158 4718 3323 4772 Italia!
3346 4718 3753 4785 finitima;qum

2178 4822 2309 4876 olim
2349 4819 2614 4874 Romanis
2644 4816 2698 4870 in
2736 4813 3021 4876 Graeciam,
3051 4809 3096 4864 si
3129 4807 3320 4864 eadem
3358 4820 3507 4860 nune
3552 4805 3628 4858 illi
3665 4806 3751 4857 via

2179 4914 2233 4967 in
2273 4912 2485 4967 Italiam
2513 4910 2637 4967 erit.
2665 4921 2928 4977 perquam
2969 4903 3136 4965 breve
3168 4903 3394 4963 fretum,
3425 4897 3749 4952 brevissima

2178 5004 2450 5073 navigatio
2500 5010 2603 5055 est.
2663 5000 2950 5053 Terrestre
2994 5004 3258 5066 praeterea
3315 4993 3422 5047 iter
3454 5004 3625 5058 usque
3684 4987 3752 5041 ad

2180 5096 2380 5150 Forum
2408 5095 2535 5149 Julii
2565 5102 2759 5164 patens
2796 5100 2961 5160 atque
3004 5096 3277 5159 apertum.
3311 5083 3443 5143 Mari
3495 5092 3753 5147 terraque

2178 5187 2397 5257 cingere
2420 5186 2629 5249 Italiam
2656 5192 2852 5252 petest.
2885 5179 3028 5247 Quid
3062 5188 3166 5243 est,
3197 5175 3345 5246 quod
3373 5187 3498 5229 eum
3530 5170 3612 5235 vel
3646 5185 3754 5221 non

2179 5275 2388 5332 hortari
2417 5286 2581 5343 atque
2611 5273 2894 5343 impellere
2941 5271 3147 5335 debeat
3171 5268 3238 5322 ad
3282 5281 3368 5329 ea,
3406 5277 3529 5334 qua:
3564 5260 3754 5315 tandiu

2178 5371 2365 5426 animo
2400 5367 2727 5438 proposuit,
2763 5362 3120 5435 perficienda,
3149 5359 3234 5413 vel
3269 5359 3337 5412 ab
3363 5357 3431 5411 iis
3470 5355 3752 5408 deterrere

2179 5461 2352 5534 possit
2386 5469 2548 5528 atque
2571 5455 2875 5512 avertere?
2910 5452 3157 5508 Audistis
3188 5449 3421 5511 multos,
3456 5444 3550 5515 qui
3598 5442 3753 5534 ill-unt

2180 5531 2376 5622 saepius
2410 5551 2617 5605 Italiam
2667 5557 2969 5608 outantem,
3001 5544 3212 5599 Italiam
3258 5547 3596 5609 sperantem,
3652 5531 3755 5591 Ita-

2179 5644 2308 5705 liam
2354 5657 2418 5697 ac
2449 5641 2674 5695 Romam
2705 5636 3095 5692 vociferantem
3146 5632 3535 5687 intellexerunt
3566 5645 3583 5695 ;
3623 5627 3669 5682 si
3703 5638 3758 5683 et

2182 5730 2357 5800 cupit,
2409 5737 2465 5783 et.
2498 5742 2653 5796 posse
2705 5740 2763 5779 se
2813 5735 3016 5790 sperat.
3042 5720 3191 5797 Nihil
3240 5729 3391 5775 certe
3441 5727 3569 5783 est,
3606 5716 3755 5787 q-nud

2184 5837 2309 5876 cum
2337 5819 2508 5893 possit
2543 5817 2609 5873 ab
2643 5816 2744 5877 hoc
2798 5814 3079 5888 preposito
3115 5811 3373 5869 remorari
3402 5850 3414 5876 ,
3452 5809 3763 5886 praasertint
