4136 6434
444 392 479 452 6
496 378 554 453 εδ

1370 396 1887 459 BESSARIONIS
1924 398 1987 461 S.
2030 397 2101 461 R.
2150 400 2217 463 E.
2268 402 2737 467 CARDINALlS

3586 405 3693 470 63,6

445 508 577 559 dum
627 507 789 562 italos
829 506 1061 564 confidit
1087 522 1371 581 nunquam
1412 526 1524 566 uno
1556 524 1826 568 consensu
1865 511 1918 566 in
1960 526 2019 566 se
2048 513 2097 572 Α
2125 520 2405 576 montibus
2452 522 2791 592 asperrimis,
2850 538 2947 593 pro
2976 522 3219 595 Illyrium
3277 519 3505 593 penuria
3561 535 3689 576 eum

447 597 883 666 cortspiraturos,
917 615 1198 670 nunquam
1221 602 1488 658 adversus
1513 618 1572 659 se
1599 619 1751 659 arma
1767 615 2017 675 sumptu-

446 706 560 745 ros.
592 690 689 745 llis
732 690 821 747 ille
852 692 1297 750 contentionibus
1325 710 1476 767 spem
1520 711 1672 750 suam
1708 697 2016 766 confirmat,

443 789 501 835 et
524 796 865 851 qumrunquc
888 790 1040 852 optat
1064 782 1167 838 sibi
1196 783 1356 840 facile
1395 786 1704 855 pollicetur.
1740 786 2018 854 Referam,

441 874 692 942 quamvis
716 881 843 929 nota
883 875 954 930 sit
990 876 1176 945 vulgo,
1205 876 1481 941 fabellam,
1514 893 1624 948 qua
1666 894 1841 947 nuper
1883 894 2021 935 usus

441 962 664 1029 dicitur,
701 978 825 1018 cum
858 979 925 1019 ex
954 966 1072 1019 suis
1098 966 1324 1036 quidam
1372 966 1695 1024 dissuadere
1737 969 1788 1024 ei
1814 970 2018 1026 bellum

440 1054 705 1109 adversus
760 1055 1104 1113 Christianos
1156 1068 1473 1116 conaretur.
1543 1059 1677 1116 Nam
1738 1076 1864 1117 cum
1926 1062 2023 1120 ille

441 1148 850 1203 formidandum
887 1165 1006 1205 esse
1039 1150 1249 1208 diceret
1282 1168 1351 1209 ne
1380 1153 1683 1211 Christiani
1721 1156 1863 1213 bello
1894 1158 2022 1213 irri-

442 1238 536 1290 tati
576 1240 792 1292 tandem
824 1237 877 1292 in
911 1254 1083 1295 unum
1122 1243 1528 1310 convenirent,
1554 1246 1872 1315 bellumque
1922 1249 2019 1303 ad-

439 1342 632 1382 versus
661 1344 787 1382 eum
818 1332 1097 1387 communi
1132 1334 1366 1389 consilio
1399 1342 1455 1391 et
1501 1351 1605 1407 ope
1635 1348 1929 1408 gererent;
1964 1348 2019 1395 at

440 1418 648 1485 ridens,
676 1421 1008 1489 Meminisse,
1061 1434 1327 1496 tyrannus
1379 1429 1774 1498 inquit,-illius
1824 1429 2023 1489 fabula:

442 1514 720 1568 convenit.
748 1513 883 1569 Cum
910 1516 1022 1586 lupi
1050 1518 1353 1587 aliquando
1379 1534 1633 1591 magnam
1659 1536 1859 1576 canum
1886 1523 2023 1577 mul-

442 1605 732 1660 titudinem
784 1608 1082 1665 adventare
1136 1610 1404 1667 adversus
1450 1627 1509 1668 se
1537 1613 1677 1669 forte
1722 1614 2023 1671 intellexis-

441 1707 584 1758 sent,
634 1698 935 1770 ingensque
984 1712 1271 1779 propterea
1331 1712 1513 1761 terror
1540 1720 1638 1761 eos
1675 1711 2020 1775 occupasset,

445 1804 588 1844 unus
610 1806 677 1845 ex
713 1791 801 1859 iis,
832 1796 927 1861 qui
971 1795 1116 1847 inter
1147 1809 1243 1850 eos
1271 1795 1459 1851 senior
1491 1805 1633 1860 erat,
1686 1797 1743 1852 in
1795 1796 2022 1867 pr0pin-

442 1896 612 1948 quum
658 1893 897 1938 montem
930 1884 1229 1953 profectus,
1257 1901 1523 1947 cacumen
1556 1889 1695 1960 ejus,
1736 1898 1796 1944 ut
1820 1902 2017 1944 canum

441 1974 819 2039 specularetur
870 1975 1190 2043 adventum,
1244 1980 1587 2035 conscendit.
1635 1977 1839 2036 Verum
1890 1996 2016 2036 cum

441 2078 537 2120 cos
567 2066 768 2121 multos
794 2067 1039 2137 quidem,
1090 2068 1185 2124 sed
1219 2069 1565 2125 diversorum
1603 2070 1850 2125 colorum
1897 2085 2019 2127 esse

440 2156 835 2224 conspexisset,
880 2156 1037 2213 lrelus
1068 2158 1417 2229 gestiensque
1451 2159 1517 2213 ad
1557 2175 1687 2215 suos
1740 2175 2017 2228 reversus,

447 2267 464 2298 ι
498 2248 670 2313 Bono,
709 2267 727 2300 ι
771 2250 969 2318 inquit,
1003 2268 1021 2301 α
1068 2260 1184 2306 este
1214 2252 1419 2307 animo.
1454 2254 1625 2309 Tanta
1660 2254 1808 2308 enim
1843 2267 1926 2311 est
1961 2257 2017 2311 in

441 2341 691 2398 hostibus
739 2343 946 2399 nostris
988 2343 1262 2411 colorum,
1317 2362 1531 2401 morum
1594 2348 2019 2418 studiorumque

440 2431 752 2499 diversitas,
784 2444 845 2490 ut
871 2434 1184 2491 consentire
1221 2452 1328 2493 una
1362 2453 1426 2494 ac
1466 2440 1788 2509 conspirare
1820 2439 1875 2493 in
1915 2439 2018 2494 alio

440 2525 586 2592 quod
644 2525 808 2581 simul
839 2542 1032 2583 omnes
1067 2543 1174 2584 non
1200 2530 1452 2599 possint;
1497 2532 1746 2600 singulos
1784 2546 1940 2597 vero,
1971 2531 2016 2587 si

437 2621 716 2689 venerint,
766 2621 1061 2679 absorbere
1106 2622 1227 2679 sine
1272 2623 1590 2681 ditIicultate
1634 2626 1959 2696 poterimus.
1994 2645 2014 2681 ι

440 2711 567 2767 llaec
606 2721 691 2769 est
741 2714 958 2784 tyranni
994 2730 1140 2784 spes,
1194 2715 1310 2771 htec
1356 2716 1637 2786 cogitatio,
1672 2717 1792 2772 hoc
1841 2721 2023 2776 consi-

438 2805 597 2870 lium,
626 2805 728 2859 nisi
763 2820 858 2875 spe
897 2820 996 2861 sua
1032 2806 1355 2862 frustretur.
1409 2807 1790 2863 FruStrabitur
1837 2819 2019 2866 autem

438 2897 483 2951 si
519 2897 827 2953 volueritis.
860 2897 1154 2969 Nunquam
1188 2897 1427 2954 ferocem
1457 2899 1610 2954 illum
1641 2901 1887 2956 animum
1920 2905 2024 2959 mi-

443 2990 639 3043 tiorem
666 2989 898 3044 reddere
925 2990 1200 3060 poteritis.
1226 2989 1403 3046 liabet
1429 2992 1576 3046 enim
1602 2992 1654 3046 in
1675 2994 1846 3049 armis
1873 2996 2021 3050 mili—

445 3092 553 3134 tem
601 3080 840 3135 decretis
879 3082 1270 3162 perpetulsque
1322 3083 1616 3152 stipendiis
1664 3086 2021 3159 conductum,

438 3172 558 3241 qui,
592 3171 707 3227 sive
727 3171 876 3237 domi
906 3173 1172 3242 quiescat,
1203 3173 1318 3243 sive
1343 3172 1475 3230 foris
1496 3175 1632 3230 bella
1659 3188 1832 3248 gerat,
1863 3177 2006 3236 idem
2052 3209 2095 3268 ο

439 3262 639 3332 accipit
668 3263 737 3326 ab
775 3263 971 3325 aerario
1018 3263 1255 3319 militare
1292 3265 1647 3337 stipendium,
1682 3269 1831 3323 nullo
1863 3273 2020 3340 prin-

441 3352 578 3421 cipis
600 3354 683 3420 sui
724 3363 969 3424 sumptu,
1001 3365 1165 3424 atque
1196 3371 1264 3410 eo
1311 3356 1534 3412 nomine
1581 3358 1813 3429 singulis
1857 3361 2019 3425 anuis

440 3447 510 3500 ad
560 3446 944 3525 imperatorem
975 3434 1135 3513 suum
1175 3448 1440 3516 accedere
1480 3449 1838 3522 jurejurando
1886 3454 2021 3507 ada-

442 3547 585 3604 ctus,
626 3547 682 3603 ct
732 3539 782 3593 ei
842 3553 1065 3610 operam
1124 3550 1180 3603 et
1232 3540 1477 3607 laborem
1518 3542 1789 3611 polliceri.
1849 3542 2023 3603 liabet

442 3640 705 3701 pra'tcrea
741 3631 903 3703 longo
949 3646 1136 3687 rerum
1202 3647 1299 3687 usu
1347 3632 1508 3709 plane
1559 3645 1905 3705 perspectum
1964 3647 2023 3692 et

443 3726 787 3795 exploratum
824 3741 934 3780 non
968 3726 1073 3780 alia
1105 3726 1173 3781 de
1203 3740 1369 3793 causa
1407 3736 1609 3793 tantam
1666 3729 1875 3800 gloriae,
1913 3732 2024 3784 for-

445 3832 726 3882 tunarum,
783 3816 1001 3889 imperii
1048 3817 1423 3874 accessionem
1470 3818 1573 3875 sibi
1640 3819 1837 3875 fat-tam
1872 3835 2020 3886 esse,

443 3928 608 3983 quam
676 3912 822 3984 quod
872 3911 1152 3981 perpetuis
1209 3910 1481 3966 bellorum
1551 3912 1834 3969 laboribus
1892 3929 2023 3968 suos

438 4005 711 4070 exercuit,
744 4004 932 4071 hostes
968 4001 1309 4073 proﬂigavit:
1358 4018 1388 4057 a
1437 4018 1552 4074 quo
1598 4004 1851 4059 instituto
1889 4019 2020 4060 nus-

442 4116 607 4169 quam
662 4097 929 4161 discedet,
982 4094 1088 4151 nisi
1123 4096 1268 4174 quod
1303 4086 1641 4166 utile,quod
1696 4097 2019 4168 gloriosum,

442 4190 588 4257 quod
616 4188 987 4253 necessarium
1020 4184 1124 4243 sibi
1147 4199 1265 4241 esse
1292 4185 1565 4257 intelligit,
1589 4188 1755 4243 stulte
1774 4188 2018 4243 omittat.

444 4280 566 4346 Quo
602 4290 784 4351 pacto,
816 4278 957 4337 bone
987 4276 1153 4344 Jcsui
1197 4291 1417 4347 sperare
1450 4293 1740 4347 possumus
1780 4288 1877 4333 aut
1932 4295 2023 4334 su-

448 4372 644 4442 spicari
677 4370 829 4435 illum
882 4384 990 4435 non
1031 4368 1352 4435 moliturum
1405 4367 1729 4423 servitutem
1752 4410 1766 4432 ,
1796 4370 2022 4435 caedem,

452 4464 576 4518 tidei
610 4471 810 4517 nostra}
841 4459 1169 4515 interitum?
1194 4460 1385 4527 Nonne
1416 4460 1489 4516 ita
1516 4471 1712 4517 natura
1740 4478 2024 4534 compara-

2121 609 2432 679 suscepisse
2475 612 2728 680 putatis?
2761 628 2862 683 pro
2906 613 3073 669 Italiae
3115 623 3298 669 autem
3343 611 3560 683 opibus,
3592 625 3691 677 pro

2122 714 2379 768 agrorum
2412 699 2717 763 feracitate.
2750 718 2850 772 pro
2876 704 3146 762 suavitate
3173 706 3413 774 frugum,
3446 718 3547 773 pro
3589 702 3694 757 hac

2122 788 2240 857 ipsa
2291 789 2417 845 luce
2451 790 2505 845 in
2545 806 2655 861 qua
2697 792 2906 847 versari
2938 793 3110 863 cupit,
3138 808 3249 848 non
3286 794 3488 864 majora
3517 792 3696 846 factu—

2121 880 2286 935 rum?
2316 880 2415 937 Hic
2448 896 2630 937 arcem
2664 896 2889 952 ponere,
2924 882 3015 939 hic
3049 882 3299 953 praesidia
3329 881 3596 938 collocare
3627 880 3693 936 ad

2121 972 2395 1042 reliquum
2452 972 2640 1029 orbem
2683 973 3082 1046 subjugandum
3131 974 3369 1045 cogitat;
3416 984 3581 1043 atque
3618 973 3692 1029 ita

2122 1064 2345 1133 cogitat,
2386 1073 2447 1120 ut
2470 1080 2569 1135 per
2600 1066 2840 1121 hostium
2872 1081 3097 1120 suorum
3119 1065 3519 1122 dissensionem
3556 1064 3607 1120 id
3633 1079 3693 1121 se

2120 1155 2279 1211 facile
2303 1167 2730 1213 consecuturum
2763 1166 2967 1227 speret.
2995 1158 3200 1213 Eadem
3228 1158 3412 1213 animo
3426 1156 3693 1226 concipit,

2120 1264 2241 1319 qua:
2271 1247 2514 1321 Pyrrhus
2545 1249 2937 1305 meditabatur.
2968 1246 3067 1305 ille
3103 1250 3279 1313 enim,
3330 1247 3453 1304 fuso
3492 1249 3697 1304 Roma-

2122 1355 2318 1394 norum
2348 1341 2616 1404 exercitu,
2649 1350 2823 1396 totum
2873 1342 2976 1397 sibi
3031 1349 3300 1397 terrarum
3334 1340 3487 1396 orbis
3517 1342 3695 1412 impe-

2122 1433 2264 1490 rium
2308 1433 2468 1503 plane
2500 1434 2881 1505 pollicebatur,
2905 1449 3069 1504 quem
3092 1449 3217 1489 cum
3240 1432 3439 1490 Cineas
3462 1433 3698 1489 Thessa-

2121 1527 2228 1590 lus.
2293 1539 2480 1585 orator
2528 1543 2797 1592 summus,
2850 1530 3044 1590 virque
3105 1524 3567 1595 sapientissimus,
3625 1523 3696 1579 ab

2122 1620 2292 1675 italiae
2351 1618 2677 1674 invadendae
2730 1616 2965 1673 consilio
3039 1615 3318 1672 abducere
3375 1624 3692 1680 conaretur,

2122 1708 2362 1781 Egregii,
2410 1708 2610 1778 inquit,
2644 1708 2789 1766 bello
2838 1705 3069 1763 Romani
3110 1720 3233 1764 esse
3263 1701 3548 1768 di'cuntur,
3586 1718 3701 1757 ma-

2124 1816 2346 1872 gnoque
2380 1802 2629 1855 virorum
2661 1800 2886 1855 fortium
2913 1810 2968 1855 et
2999 1798 3231 1853 militum
3271 1810 3501 1851 numero
3529 1795 3703 1866 impe-

2128 1908 2274 1947 rare.
2331 1891 2488 1959 Quod
2533 1893 2577 1947 si
2625 1906 2720 1948 eos
2769 1905 3031 1960 superare
3079 1888 3241 1944 nobis
3287 1887 3364 1943 dii
3420 1885 3698 1951 dederint,

2128 1984 2395 2055 quidnam
2429 1999 2676 2055 agemus.
2708 1982 2913 2055 Pyrrhe
2940 1982 2962 2035 ?
2987 1980 3129 2049 Quid
3158 1980 3284 2046 erit,
3316 1981 3562 2050 inquam,
3600 1993 3702 2034 nec

2127 2078 2213 2134 his
2239 2077 2262 2132 ?
2288 2078 2446 2134 Nulla
2474 2086 2741 2147 praeterea
2788 2075 3010 2141 mmnia,
3054 2088 3235 2144 neque
3285 2072 3497 2136 Graeca,
3521 2086 3703 2142 neque

2127 2167 2343 2233 Latina,
2408 2166 2671 2222 Romanis
2714 2165 3007 2236 superatis,
3063 2171 3377 2221 nostrorum
3436 2162 3700 2233 impetum

2128 2260 2404 2315 sustinere
2433 2257 2709 2313 valebunt.
2742 2257 2934 2312 Totam
2985 2271 3015 2311 e
3048 2256 3277 2327 vestigio
3306 2256 3514 2311 Italiam
3539 2270 3704 2311 occu-

2128 2349 2424 2419 pabimus:
2468 2348 2627 2419 cujus
2662 2364 2786 2404 cum
2819 2347 3270 2417 amplitudinem,
3302 2354 3414 2399 tum
3442 2345 3700 2405 virtutem

2129 2442 2359 2505 minime
2406 2441 2648 2511 ignoras.
2683 2439 2962 2510 Occupata
3004 2453 3135 2494 vero
3167 2437 3344 2503 italia,
3378 2435 3507 2507 quid
3564 2443 3700 2499 tum,

2130 2535 2333 2605 inquit,
2388 2549 2509 2598 rex,
2563 2530 2868 2598 faciemus?
2918 2530 3195 2597 Proxima,
3238 2529 3439 2600 inquit,
3493 2525 3701 2591 Sicilia,

2131 2628 2310 2685 insula
2360 2625 2491 2681 felix
2537 2633 2593 2680 et
2634 2623 2919 2680 hominum
2975 2621 3325 2677 multitudine
3377 2617 3705 2688 frequentis-

2130 2719 2292 2786 sima,
2326 2734 2447 2775 sese
2469 2718 2628 2779 nobis
2653 2715 2931 2777 dedet.Ea
2953 2726 3137 2773 autem
3168 2713 3325 2775 facile
3354 2714 3473 2784 capi
3502 2720 3701 2787 potest,

2132 2827 2257 2867 nam
2299 2810 2700 2873 seditionibus,
2735 2806 2893 2864 bellis
2948 2806 3240 2879 civilibus,
3285 2819 3484 2875 magno
3520 2819 3703 2858 rerum

2133 2902 2372 2957 tumultu
2404 2900 2651 2955 ﬂuctuat.
2688 2898 2829 2953 Tum
2866 2896 3104 2959 Cineas:
3139 2895 3221 2949 An
3261 2895 3359 2950 tibi
3407 2895 3535 2963 erit,
3583 2910 3703 2956 rex,

2133 2992 2403 3047 bellorum
2439 2990 2562 3044 finis
2588 2987 2817 3045 Sicilia?
2859 2989 2966 3050 Dii,
2994 2988 3194 3059 inquit,
3241 2986 3479 3051 faveant.
3510 2986 3703 3041 Cinea.

2132 3083 2269 3139 Nam
2318 3082 2546 3154 Libyam
2608 3082 2994 3152 proximasque
3036 3077 3345 3149 provincias
3393 3077 3617 3144 adoriri,
3650 3084 3707 3132 ct

2133 3175 2520 3247 Carthaginem
2563 3188 2824 3244 superare
2853 3172 3170 3226 facillimum
3198 3170 3324 3236 erit,
3359 3184 3523 3239 quam
3565 3169 3705 3239 Aga-

2130 3267 2359 3334 thocles,
2393 3267 2589 3337 exigua
2618 3268 2790 3319 classe
2816 3261 3118 3334 profectus,
3156 3276 3348 3332 parum
3374 3260 3543 3314 abfuit
3567 3260 3699 3329 quin

2127 3368 2371 3429 caperet.
2406 3357 2619 3423 Quibus
2647 3356 2846 3421 victis,
2884 3354 3069 3408 nullus
3116 3366 3218 3407 nos
3274 3350 3507 3420 amplius
3557 3349 3703 3403 bello

2129 3449 2306 3505 hostis
2356 3448 2631 3503 lacessere
2674 3447 2932 3512 audebit;
2975 3444 3071 3499 sed
3112 3442 3294 3497 cuncti
3328 3442 3382 3496 in
3435 3440 3700 3495 ditionem

2128 3540 2373 3594 venient.
2426 3538 2503 3593 ita
2536 3545 2642 3603 est,
2684 3536 2862 3605 inquit
2900 3534 3122 3590 Cineas.
3173 3532 3403 3588 Constat
3448 3529 3595 3583 enim
3651 3536 3705 3581 te

2132 3628 2507 3689 Macedoniam
2537 3636 2820 3697 totamque
2847 3625 3112 3681 Grmciam
3165 3621 3218 3676 in
3256 3628 3521 3692 potestate
3550 3615 3705 3672 habi-

2131 3732 2354 3785 turum;
2394 3720 2512 3785 sed,
2548 3719 2719 3790 partis
2748 3716 3027 3780 omnibus,
3046 3708 3177 3785 quid
3202 3711 3417 3767 tandem
3447 3705 3708 3778 agemus?

2130 3816 2199 3881 At
2249 3815 2341 3873 ille
2384 3806 2569 3880 ridens
2598 3857 2613 3879 ,
2655 3812 2782 3869 Otio
2826 3819 3082 3874 utemur,
3139 3805 3337 3875 inquit,
3387 3799 3704 3865 conviviis,

2131 3906 2533 3977 voluptatibus,
2566 3903 2855 3971 litterariis
2884 3895 3439 3958 confabulationibus.
3472 3894 3542 3947 At
3574 3889 3706 3961 quid

2132 4000 2413 4069 prohibet,
2444 3998 2641 4068 inquit,
2663 4011 2810 4050 nunc
2827 4006 3046 4064 quoque
3067 3985 3587 4061 voluptatibus,otio
3604 3983 3710 4039 isto

2133 4091 2213 4145 uti
2247 4100 2303 4145 et
2332 4086 2839 4160 disputationibus?
2877 4084 3016 4152 Quid
3049 4084 3217 4139 tantis
3245 4079 3550 4143 laboribus,
3588 4089 3709 4129 mo-

2132 4182 2327 4249 lestiis,
2376 4181 2637 4252 periculis
2680 4178 3001 4246 quaerimus.
3047 4190 3202 4245 quze,
3244 4188 3371 4237 cum
3418 4170 3704 4233 volumus,

2132 4277 2348 4331 efﬁcere
2379 4274 2705 4345 possumus?
2734 4272 2829 4329 His
2860 4269 3042 4324 verbis
3069 4268 3269 4327 Cineas
3302 4278 3486 4335 regem
3517 4261 3707 4332 potius

2134 4366 2385 4429 olfendit,
2419 4379 2582 4435 quam
2617 4378 2648 4418 a
2679 4377 2775 4430 spe
2803 4369 2861 4417 et
2886 4358 3116 4414 consilio
3139 4354 3394 4412 instituto
3418 4351 3706 4406 deterruit.

2134 4454 2259 4510 Haec
2296 4453 2457 4508 vobis
2515 4449 2793 4518 recensui,
2822 4457 2882 4505 ut
2929 4462 3039 4502 non
3086 4443 3326 4505 defuisse
3370 4439 3710 4512 cognoscatis

448 4568 565 4611 tum
598 4570 720 4610 esse
750 4553 1027 4630 intelligit,
1056 4561 1117 4607 ut
1151 4552 1290 4606 nihil
1316 4554 1509 4609 eodem
1543 4555 1649 4611 situ
1684 4532 2025 4625 permaneat,
2059 4565 2106 4621 ι)
2135 4548 2228 4617 qui
2278 4546 2470 4601 eadem
2516 4544 2818 4615 cupiditate
2868 4539 3298 4596 incenderentur
3341 4549 3447 4604 qua
3496 4532 3711 4630 Turcus

449 4650 541 4703 sed
577 4655 774 4701 cuncta
806 4644 947 4715 jugi,
973 4643 1159 4709 vario,
1190 4659 1335 4699 novo
1370 4654 1520 4709 motu
1575 4647 1849 4717 agantur?
1874 4646 2029 4714 Quod

450 4742 494 4793 si
535 4738 775 4805 amplum
809 4735 975 4789 habet
1004 4734 1318 4805 imperium,
1362 4736 1527 4806 idque
1560 4722 1743 4792 rerum
1782 4726 2029 4801 omnium

452 4832 569 4897 lege
606 4828 812 4881 moveri
845 4836 1085 4895 oportet,
1122 4842 1307 4883 nonne
1358 4828 1737 4895 imminuetur,
1780 4829 1887 4883 nisi
1938 4846 2035 4883 au-

451 4920 677 4991 geatur?
710 4920 787 4974 Nc
828 4919 1103 4988 putaveris
1128 4919 1367 4974 Turcum
1392 4922 1625 4991 augendi
1664 4921 1881 4993 imperii
1918 4930 2035 4983 stu-

452 5016 666 5069 diosum
723 5022 781 5067 et
842 5011 1143 5080 cupidum;
1200 5019 1255 5065 at
1310 5021 1460 5067 certe
1512 5024 1600 5067 est
1648 5012 2036 5068 conservandi.

452 5106 795 5161 Conscrvare
838 5118 970 5157 vero
1006 5118 1114 5157 non
1147 5102 1375 5172 poterit,
1411 5102 1517 5157 nisi
1571 5112 1807 5171 augeat:
1863 5102 2037 5172 siqui-

454 5199 575 5249 dem
632 5207 1012 5262 regressurum
1068 5202 1151 5247 est
1224 5192 1372 5261 quod
1429 5208 1533 5245 non
1610 5193 2035 5263 progrediatur,

454 5289 733 5356 lapsorum
784 5284 930 5356 quod
964 5299 1074 5338 non
1131 5292 1339 5353 surgat,
1394 5285 1671 5337 ruiturum
1721 5286 1865 5354 quod
1926 5300 2034 5338 non

456 5381 628 5451 najus
658 5379 949 5433 efﬁciatur.
994 5377 1111 5442 Qua
1151 5377 1507 5431 conlirmatus
1546 5377 1806 5446 opinione
1833 5376 2041 5431 exerci-

459 5485 571 5526 tum
609 5486 769 5525 suum
800 5478 964 5541 auget
986 5470 1039 5523 in
1060 5468 1202 5529 dies,
1227 5483 1390 5538 quem
1427 5467 1585 5522 habet
1612 5467 2034 5537 amplissimum.

456 5566 647 5617 Aliena
681 5562 908 5627 invadit,
949 5574 1016 5615 nc
1062 5576 1160 5617 sua
1197 5560 1463 5615 amittat.’
1488 5558 1568 5613 An
1608 5574 1740 5613 vero
1786 5568 2040 5627 sumptus

460 5657 729 5723 ingentes,
768 5661 845 5706 tul.
892 5652 1126 5707 militum
1161 5650 1404 5721 pericula
1448 5663 1504 5704 et
1535 5650 1758 5703 vulnera
1785 5690 1800 5713 ,
1838 5657 1917 5702 tot
1943 5665 2039 5702 cx-

462 5742 771 5810 pchtioncs
802 5742 1150 5810 gravissimas
1189 5750 1355 5812 atque
1410 5739 1745 5796 alienissimo
1797 5750 2042 5809 tempore

466 5848 564 5912 pro
616 5831 907 5907 .‘lysiotum
961 5834 1156 5899 exiguo
1212 5833 1465 5907 irrprrio,
1515 5847 1615 5900 pro
1672 5831 2040 5887 Triballorum

2136 4641 2506 4695 inﬂammatus
2526 4647 2630 4692 est.
2661 4636 2728 4690 At
2761 4634 3004 4706 Pyrrhus
3032 4647 3139 4686 non
3169 4630 3353 4685 Cinea:
3381 4624 3710 4680 auctoritate

2138 4740 2196 4784 ct
2245 4728 2456 4792 verbis,
2499 4743 2610 4795 quo
2639 4725 2945 4781 chariorcm
2978 4722 3215 4776 habebat
3262 4718 3559 4780 neminem,
3602 4728 3709 4766 non

2136 4823 2411 4892 paucitate
2443 4818 2696 4884 militum,
2719 4831 2828 4871 non
2853 4814 3081 4869 Romani
3100 4810 3339 4867 nominis
3356 4809 3495 4862 fama
3514 4804 3714 4859 eximia

2137 4915 2205 4968 ab
2238 4913 2388 4968 Italia
2418 4910 2689 4965 deterreri
2722 4908 2941 4979 potuit;
2977 4914 3034 4961 et
3065 4904 3282 4959 'l‘urcus
3313 4917 3422 4955 non
3452 4897 3709 4961 audebit,

2137 5009 2231 5077 qui
2286 5005 2496 5077 Pyrrho
2526 5002 2765 5057 militum
2822 4999 3045 5061 robore,
3091 4996 3282 5050 finium
3334 4989 3715 5061 magnitudine

2137 5101 2299 5169 longe
2322 5096 2648 5165 locupletior
2675 5101 2797 5158 est;
2828 5092 2921 5162 qui
2956 5090 3167 5145 italiam
3192 5086 3404 5141 viribus
3426 5095 3484 5139 et
3512 5083 3716 5137 studiis

2137 5192 2458 5261 dissipatam
2496 5203 2602 5242 non
2646 5187 2896 5256 ignorat;
2932 5184 3021 5252 qui
3058 5180 3254 5252 Pyrrhi
3290 5185 3439 5247 gesta
3482 5174 3718 5229 irridere

2120 5284 2300 5359 'solct,
2358 5278 2667 5337 Alexandro
2725 5291 2880 5332 suam
2933 5287 3153 5344 arquare
3219 5267 3524 5323 virtutem?
3579 5265 3717 5320 Nam

2140 5374 2507 5430 Alexandrum
2555 5370 2907 5425 Macedonum
2944 5381 3123 5435 regem
3174 5362 3238 5416 ad
3288 5376 3376 5415 res
3427 5357 3715 5429 gerendas,

2144 5470 2210 5522 ad
2241 5464 2647 5520 aemulationem
2679 5460 2865 5530 glorite
2916 5457 3019 5511 sibi
3048 5454 3372 5510 imitandum
3408 5446 3717 5520 pr0posuit,

2142 5556 2297 5611 illum
2347 5555 2525 5624 ipsum
2587 5549 2959 5607 Alexandrum
3009 5547 3124 5628 qui,
3158 5558 3284 5599 cum
3342 5542 3722 5608 Anaxagoram

2142 5650 2329 5719 plures
2382 5642 2619 5698 mundos
2646 5656 2769 5696 esse
2800 5640 3174 5708 disputantem
3232 5633 3516 5696 audiissct,
3573 5630 3724 5699 inge-

2145 5739 2347 5794 muisse
2377 5737 2602 5799 dicitur,
2647 5744 2703 5788 et
2740 5734 3009 5800 lacrymas
3055 5729 3327 5788 emisisse,
3357 5726 3501 5794 quod
3548 5737 3719 5777 unum

2147 5830 2440 5884 saltem~cx
2474 5828 2538 5882 iis
2571 5835 2743 5879 totum
2802 5824 2855 5877 in
2905 5822 3169 5877 ditionem
3224 5819 3467 5890 redigere
3523 5815 3722 5887 ncqui-
