4136 6434
420 443 525 507 65⁸1

1458 440 1557 500 Oit
1570 442 1796 504 ATION
1807 443 1898 505 ES
1936 447 2185 511 CONTB
2198 451 2240 508 A
2288 452 2534 511 ’I‘L'RCA
2548 451 2608 513 S.

3568 451 3678 517 658

421 559 608 613 ‘issel-
655 556 806 611 "1'09
859 567 1009 627 ςεειει
1069 555 1237 625 legit;
1287 553 1341 609 ίιι
1390 555 1481 610 ilio
1537 565 1679 611 totus
1720 569 1999 624 versatur;
2034 567 2077 621 Α
2109 572 2167 616 ut
2229 563 2450 619 Asianis
2509 564 2762 619 hostibus
2824 565 3236 619 formidulosum
3291 563 3507 626 eflieiat,
3567 568 3679 634 (ιιιο

423 663 603 719 neque
641 663 770 702 sane
799 663 857 702 se
889 648 1207 702 inferiorem
1258 654 1432 717 putat,
1474 663 1601 703 cum
1640 648 1850 717 jactare
1883 651 1998 718 plc-

425 754 659 808 rumque
732 739 907 793 soleat
960 747 1018 793 et
1096 752 1293 793 vocem
1363 738 1505 791 illam
1558 738 1998 805 frequentissime

426 845 716 898 usurpare,
751 845 810 884 se
841 830 1055 884 decima
1086 828 1326 896 amplius
1370 837 1524 896 parte
1571 828 1881 882 Alexandro
1908 845 2002 883 su—

430 919 697 988 perierem
723 934 846 973 esse
874 934 889 972 :
921 918 1075 971 ilium
1104 919 1253 972 enim
1305 932 1433 971 cum
1464 917 1683 985 triginta
1720 917 2001 972 hominum

334 1050 347 1061 .
429 1009 668 1065 millibus
698 1008 967 1062 duntaxat
998 1017 1053 1063 et
1090 1008 1435 1077 septuaginta
1469 1008 1691 1063 talentis
1724 1026 1871 1064 arma
1907 1026 2006 1079 per

429 1113 701 1156 terrarum
764 1103 958 1157 orbem
1014 1102 1455 1167 circumtulisse;
1512 1117 1571 1156 se
1623 1117 1755 1155 vero
1795 1111 2003 1170 quanto

428 1192 782 1260 paratiorem,
824 1192 1102 1257 ditiorem,
1145 1192 1309 1246 rebus
1346 1191 1604 1246 omnibus
1647 1192 2006 1246 abundantio-

429 1282 585 1335 reml
646 1282 836 1336 Solent
896 1284 976 1337 Ιιει³
1025 1283 1411 1351 cogitationes,
1470 1284 1586 1338 lucc
1641 1283 2007 1338 aemulationis

430 1376 631 1438 studia,
659 1376 836 1429 solent
867 1377 1186 1445 plerumque
1226 1391 1314 1430 res
1345 1391 1565 1446 magnas
1592 1392 1802 1444 parere,
1840 1384 1895 1429 et
1939 1392 2008 1430 eo

432 1467 720 1536 pervenire
775 1482 885 1536 quo
943 1466 1261 1533 intendunt,
1316 1467 1622 1537 praesertim
1675 1467 1723 1521 si
1773 1466 2006 1521 facultas

434 1558 596 1610 adsit.
636 1558 703 1612 At
740 1573 804 1612 ea
845 1557 1089 1626 profecto
1121 1556 1303 1611 Turco
1337 1573 1445 1611 non
1498 1559 1673 1622 deest,
1716 1558 1809 1626 qui
1853 1574 1911 1613 se
1943 1573 2007 1612 eo

434 1666 594 1719 quem
645 1650 887 1703 imitatur
918 1650 1330 1718 locupletiorem
1373 1651 1673 1704 existimat.
1724 1650 1815 1704 Sic
1865 1650 2006 1705 The-

436 1758 563 1795 seus
598 1741 863 1807 llcrculis,
913 1742 993 1797 sic
1028 1742 1423 1797 Themistocles
1472 1742 1728 1797 Miltiadis
1760 1740 2010 1810 exemplo

435 1821 609 1899 dtuli,
645 1834 879 1887 maxima
914 1833 1157 1887 facinora
1204 1834 1519 1888 ediderunt.
1558 1833 1733 1888 Habet
1769 1832 2010 1901 profecto

2102 657 2318 710 tandem
2350 658 2723 712 transmittere
2749 660 2993 728 cogitat?
3022 656 3120 712 Ubi
3151 657 3234 711 sui
3263 658 3473 711 consilii
3498 656 3677 710 alendi

2100 753 2336 808 segetem
2382 742 2691 799 uberiorem
2748 746 2942 801 videt?
2997 746 3089 800 ubi
3149 744 3318 815 magis
3360 744 3679 799 admiranda

2103 834 2294 886 conari
2345 836 2562 903 potest?
2619 837 2739 891 Non
2792 838 3048 892 excident
3086 837 3291 906 gladii;
3349 853 3455 889 non
3510 836 3682 888 fluent

2106 938 2256 977 arma
2289 925 2357 980 de
2408 928 2687 983 manibus.
2732 929 2867 983 Nam
2914 931 3093 983 socios
3150 929 3202 981 in
3260 927 3435 981 ollicio
3472 943 3534 980 ac
3576 927 3681 978 fide

2106 1016 2389 1070 continere
2453 1019 2658 1081 studet,
2712 1031 2769 1073 et
2798 1036 2896 1074 eos
2946 1020 3094 1089 ipsos
3148 1021 3368 1087 quicum
3436 1017 3681 1086 quotidie

2106 1109 2261 1163 vivit.
2296 1110 2525 1165 Maxime
2558 1122 2639 1166 est
2688 1113 2803 1165 suis
2847 1113 3105 1166 omnibus
3155 1113 3397 1169 invisus;
3445 1111 3683 1163 oderunt

2107 1202 2283 1266 socii;
2322 1221 2429 1256 non
2476 1215 2658 1258 amant
2703 1203 3035 1268 familiares;
3092 1220 3259 1273 parvo
3305 1214 3581 1256 momento
3613 1202 3677 1253 ad

2110 1295 2281 1364 ipsius
2311 1297 2583 1350 excidium
2612 1313 2674 1350 ac
2711 1312 2897 1350 necem
2926 1312 3117 1350 omnes
3149 1297 3583 1365 impellerentur.
3627 1294 3682 1346 Id

2108 1390 2363 1456 quoniam
2408 1390 2749 1457 e\ploratum
2806 1388 2973 1442 habet
3024 1396 3077 1440 et
3122 1398 3463 1455 compertum
3492 1427 3506 1447 ,
3538 1386 3681 1439 bella

2110 1481 2394 1550 peregrina
2447 1482 2747 1549 suscipere.
2799 1496 3012 1550 gerere,
3050 1480 3320 1533 conficere
3367 1478 3578 1537 statuit,
3618 1492 3684 1527 nc

2110 1570 2466 1625 domesticam
2521 1571 2847 1640 civilemque
2887 1570 3286 1624 dissensionem
3346 1572 3684 1636 experiatur.

2114 1662 2365 1730 Ususque
2423 1661 2696 1730 Scipionis
2728 1661 2958 1714 consilio
3006 1660 3139 1714 foris
3191 1674 3438 1729 pugnare
3498 1658 3688 1710 utilius

2112 1756 2435 1817 arbitratur,
2471 1771 2633 1825 quam
2676 1756 2839 1809 domo
2868 1755 3035 1809 vinci.
3085 1756 3164 1808 An
3219 1762 3369 1807 extra
3411 1752 3545 1806 fines
3591 1750 3690 1804 du-

2116 1830 2307 1903 cturus
2347 1847 2416 1902 sit
2461 1844 2761 1901 exercitum
2801 1847 2981 1901 adhuc
3027 1844 3286 1899 dubitas?
3330 1843 3444 1897 Non
3495 1843 3687 1902 sentis,

436 1927 621 1980 nescio
639 1927 766 1994 quid
791 1924 951 1979 fatale
976 1923 1272 1979 Alexandri
1314 1924 1567 1987 imitatio,
1590 1939 1714 1978 eum
1744 1940 1805 1977 ea
1837 1923 2013 1979 Julius
2042 1900 2088 1959 Β
2118 1956 2225 1993 mm
2255 1939 2410 2008 plane
2448 1938 2758 2007 perspicis?
2812 1938 3008 1993 Nonne
3039 1939 3171 1992 satis
3219 1936 3473 1990 ηογῖηιηε
3506 1935 3690 2002 imp..-

436 2018 615 2072 Csesar
641 2021 920 2080 incensus,
955 2026 1077 2087 post
1118 2032 1213 2095 res
1254 2018 1673 2085 prmclarissime
1708 2026 1911 2087 gestas,
1956 2016 2009 2068 in

440 2112 668 2179 patriam
701 2111 865 2164 etiam
898 2110 1116 2164 civilem
1150 2110 1496 2180 sanguinem,
1531 2125 1681 2163 arma
1722 2118 2012 2165 converte-

441 2203 527 2255 riL
559 2202 711 2267 Quod
736 2202 781 2257 si
815 2203 961 2255 illius
986 2202 1239 2270 excu‘iplo
1265 2202 1375 2271 agit
1399 2201 1491 2269 qui
1520 2201 1768 2272 Libyam,
1803 2201 2012 2267 Asiam,

444 2304 612 2348 totum
647 2292 817 2347 ferme
855 2292 1043 2347 orbem
1081 2293 1428 2363 subjugavit;
1469 2294 1513 2347 si
1549 2292 1694 2346 illius
1730 2291 2015 2361 persequi-

444 2396 534 2440 tur
556 2386 811 2454 vestigia;
845 2385 889 2439 si
919 2384 1281 2455 propagandis
1315 2385 1530 2454 imperii
1568 2385 1767 2440 finibus
1797 2385 2012 2440 Iaudem

447 2493 556 2532 non
586 2479 747 2532 modo
778 2487 1121 2548 aequaturum
1144 2518 1160 2544 ,
1198 2479 1291 2533 sed
1329 2487 1483 2532 tanto
1518 2478 1691 2548 magis
1724 2488 2015 2547 superatu-

449 2588 566 2626 rum
597 2571 845 2634 conﬁdit,
876 2580 1082 2641 quanto
1126 2573 1362 2640 majores
1408 2572 1595 2641 copias
1648 2572 1867 2642 triginta
1918 2571 2018 2625 ho-

444 2664 656 2717 minum
688 2662 952 2725 millibus,
976 2660 1326 2733 grandiorem
1355 2663 1645 2732 pecuniam
1669 2663 2018 2732 septuaginta

445 2759 668 2812 talentis
700 2758 886 2819 habet,
915 2774 1026 2826 quo
1063 2759 1277 2812 tandem
1307 2774 1432 2812 eum
1468 2765 1716 2841 spectare
1744 2764 1800 2809 et
1829 2755 2019 2811 conari

442 2853 860 2908 existimamus?
886 2853 1025 2920 Quid
1063 2853 1163 2908 sibi
1194 2851 1430 2922 postulat
1462 2851 1733 2919 cupiditas
1756 2849 1845 2902 illa
1870 2847 2022 2917 pacis

442 2961 566 3002 cum
618 2944 991 2998 illustrissimo
1026 2942 1381 3011 piissimoque
1413 2939 1614 2995 Siciliae
1639 2952 1765 3008 rege
1793 2952 2021 3006 compo-

445 3035 675 3091 nenda?
703 3033 844 3101 Quid
888 3033 1040 3088 missi
1089 3032 1251 3101 legati
1277 3031 1300 3084 ?
1324 3031 1458 3085 Nam
1488 3031 1581 3096 qui
1634 3043 1833 3084 nomen
1863 3026 2022 3082 Chri—

445 3128 684 3183 stianum
725 3125 855 3180 odio
904 3123 1093 3183 habet,
1145 3121 1406 3192 omnique
1449 3120 1798 3176 crudelitatis
1823 3132 2021 3189 genere

2116 2032 2385 2086 rissizuam
2428 2030 2573 2085 illius
2621 2040 2894 2093 naturam,
2933 2031 3301 2098 turpissimam
3342 2032 3533 2091 vitam,
3571 2043 3693 2081 sce-

2112 2129 2340 2180 leratam
2371 2124 2822 2180 Consuetudinem
2852 2124 3073 2188 ?Quam
3108 2123 3304 2185 facem,
3345 2121 3483 2174 hone
3514 2119 3688 2173 Deus!

2115 2214 2261 2283 quod
2310 2214 2544 2273 facinus.
2587 2228 2747 2281 quam
2793 2212 3155 2279 superbiam?
3218 2208 3362 2264 Nihil
3421 2220 3501 2264 est
3547 2209 3692 2278 quod

2116 2304 2301 2357 animo
2330 2318 2437 2357 non
2474 2303 2717 2368 sorbent,
2761 2303 2899 2355 nihil
2928 2303 3073 2370 quod
3110 2318 3215 2354 non
3248 2301 3463 2354 hauriat
3494 2301 3696 2381 cogita-

2117 2396 2285 2452 tione.
2323 2394 2516 2450 Etnon
2553 2408 2807 2463 pu'amus
2844 2396 2994 2449 illum
3053 2394 3106 2447 in
3142 2405 3384 2447 nostram
3415 2393 3697 2445 calamita-

2118 2496 2227 2542 tem
2277 2486 2617 2549 incumbere,
2668 2487 2719 2539 in
2761 2502 2993 2554 quorum
3028 2486 3281 2538 fortunas
3340 2484 3695 2538 fidelissimos

2117 2579 2320 2642 socios,
2351 2578 2794 2647 antiquissimam
2836 2576 3191 2645 religionem,
3233 2575 3365 2636 vim.
3403 2582 3694 2638 tormenta,

2117 2686 2332 2733 cruces,
2393 2684 2510 2737 spe,
2568 2680 2812 2735 sumptu,
2869 2669 3056 2722 Iahore
3117 2667 3328 2722 defixit.
3390 2668 3466 2721 Ne
3535 2666 3697 2726 illud,

2119 2777 2328 2831 quzeso,
2381 2759 2512 2814 mihi
2548 2760 2795 2826 obiicias.
2825 2758 2980 2827 quod
3021 2760 3264 2813 nonnulli
3325 2758 3475 2812 nullo
3516 2773 3699 2811 rerum

2126 2868 2225 2907 usu
2252 2852 2487 2922 pnediti,
2506 2852 2655 2905 nulla
2677 2852 2971 2906 vetustatis
2993 2866 3255 2906 memoria
3274 2831 3701 2921 eruditijactare

2122 2945 2320 3005 solent,
2352 2944 2667 3013 peregrinas
2702 2945 2954 2997 nationes
3017 2958 3295 3011 nunquam
3353 2942 3563 2997 Italiam
3624 2953 3705 2996 te.-

2123 3036 2333 3100 nuisse,
2379 3050 2500 3090 eam
2556 3051 2934 3106 saepenumero
2971 3045 3208 3091 tentasse
3249 3035 3559 3089 infeliciter.
3614 3036 3703 3089 Et-

2125 3128 2274 3184 enim
2334 3127 2465 3182 dum
2497 3128 2718 3199 antiqua
2788 3129 3052 3184 memoria
3104 3139 3331 3196 reputo,
3365 3128 3491 3181 dum
3522 3144 3704 3181 rerum

447 3221 751 3275 insectatur
780 3226 836 3272 et
857 3216 1111 3288 despicit,
1144 3216 1297 3271 nullo
1325 3214 1548 3284 quidem
1579 3212 2020 3267 Christianorum
2052 3253 2096 3313 ο
2128 3228 2405 3288 gestarum
2430 3219 2628 3273 seriem
2665 3216 2733 3273 ad
2761 3230 2943 3273 nostra
2974 3233 3145 3288 usque
3187 3228 3429 3287 tempora
3471 3217 3703 3278 deduco,

447 3324 619 3373 metu,
653 3311 798 3365 nulla
848 3312 1020 3380 gratia
1052 3306 1353 3365 Christiani
1412 3308 1555 3377 regis
1599 3305 1779 3361 fmdus
1808 3303 2025 3360 deside-

416 3404 554 3466 'rat.
585 3404 681 3460 sed
718 3413 776 3457 ut
798 3443 813 3467 ,
848 3402 1132 3473 oppressis
1177 3416 1318 3472 quos
1353 3400 1645 3455 universos
1677 3398 1875 3454 eodem
1924 3398 2026 3452 im-

448 3512 484 3565 p
504 3507 575 3549 -tu
601 3511 707 3548 non
737 3495 911 3549 everti
945 3508 1108 3563 posse
1144 3492 1428 3561 intelligit,
1458 3491 1678 3545 tandem
1711 3490 1855 3560 quod
1875 3489 2029 3557 cupit

452 3595 795 3655 assequatur.
820 3586 891 3640 At
920 3600 1050 3640 vero
1074 3586 1349 3640 infelicem
1393 3585 1545 3638 illum
1590 3597 1685 3638 sua
1730 3582 1869 3637 fallit
1901 3596 2028 3651 spes

453 3685 510 3731 et
530 3678 736 3746 opinio,
760 3692 884 3731 cum
915 3676 1292 3747 superioribus
1322 3675 1517 3730 diebus
1548 3674 1836 3744 magnifice
1878 3688 2032 3743 rege-

454 3784 562 3839 que
599 3769 913 3825 Christiano
962 3771 1126 3841 digne
1177 3769 1413 3841 inclytus
1445 3784 1538 3826 cex
1584 3768 1821 3841 legatum
1870 3766 2031 3823 (Limi-

456 3862 585 3916 serit
621 3877 689 3917 eo
720 3878 1007 3932 responso,
1037 3874 1097 3917 ut
1127 3878 1235 3918 non
1269 3862 1446 3918 solum
1478 3861 1844 3932 perniciosam
1869 3861 2033 3916 bouis

458 3955 715 4010 omnibus
741 3955 1061 4011 societatem
1091 3966 1416 4024 aspernatus
1448 3970 1590 4021 esse,
1623 3955 1717 4011 sed
1746 3965 1801 4009 et
1825 3954 2029 4008 bellum

457 4048 600 4102 Iit)in
642 4047 902 4102 indixisse
930 4063 1027 4117 pro
1048 4047 1255 4104 Christi
1282 4047 1543 4114 religione
1572 4046 1733 4101 facile
1757 4046 2027 4102 videatur.

458 4142 525 4195 Et
551 4155 619 4196 ne
655 4138 763 4193 ulla
796 4138 1024 4194 omnino
1055 4155 1120 4194 ex
1156 4150 1309 4210 parte
1354 4137 1486 4207 quid
1519 4136 1815 4191 meditetur
1835 4138 2034 4191 obscu-

446 4248 580 4284 rum
625 4230 719 4295 sit,
762 4231 995 4299 cogitate
1028 4244 1323 4299 parumper
1374 4225 1508 4296 quid
1569 4226 1659 4281 illa
1707 4224 2032 4280 humanitas

404 4368 407 4371 .
460 4323 560 4376 sibi
603 4323 736 4385 vult,
773 4335 895 4390 qua
945 4320 1202 4376 immanis
1248 4319 1552 4383 barbarus,
1584 4323 1642 4371 et
1661 4313 1727 4367 ad
1769 4313 2033 4368 saevitiam

456 4425 646 4481 natus,
677 4426 802 4485 erga
838 4413 1079 4469 nominis
1109 4412 1284 4467 nostri
1314 4414 1686 4483 negotiatores
1720 4407 1865 4460 intra
1902 4422 2034 4465 suos

461 4509 599 4561 flues
643 4506 838 4561 utitur.
888 4504 1187 4561 Portendit-
1208 4505 1456 4575 profecto
1486 4503 1633 4558 aliud
1660 4546 1674 4570 ,
1705 4512 1760 4558 et
1809 4504 2036 4557 omnino

2130 3320 2351 3365 exteras
2402 3320 2596 3380 gentes
2645 3310 2699 3365 in
2752 3310 2960 3365 Italiam
3015 3310 3171 3380 prius
3224 3327 3374 3364 arma
3432 3310 3706 3372 intulisse,

2133 3400 2491 3472 ingentesque
2527 3401 2801 3455 invexisse
2857 3401 3196 3456 calamitates
3250 3416 3411 3469 quam
3441 3400 3508 3453 ah
3559 3399 3709 3453 Italia

2133 3494 2432 3560 accepisse,
2462 3492 2618 3562 plane
2640 3494 2939 3561 comperio.
2960 3492 3118 3554 Nam,
3142 3503 3202 3546 ut
3226 3492 3409 3546 Gallos
3438 3490 3709 3551 omittam,

2134 3587 2225 3654 qui
2256 3587 2337 3640 vel
2365 3601 2432 3639 eo
2461 3595 2728 3655 tempore,
2759 3602 2870 3655 quo
2894 3586 2960 3640 ad
2994 3586 3241 3640 Clusium
3276 3594 3573 3655 pugnatum
3599 3595 3708 3646 est,

2138 3687 2197 3732 ut
2266 3677 2591 3733 Plutarchus
2643 3687 2832 3731 noster
2893 3677 3082 3740 tradit,
3146 3677 3233 3731 vel
3271 3676 3523 3730 ducentis
3583 3686 3712 3727 ante

2137 3770 2329 3836 anuis:
2358 3779 2436 3828 ut.
2466 3769 2626 3829 Livio
2666 3769 2914 3824 Romano
2944 3769 3146 3839 placet,
3184 3770 3237 3823 in
3284 3769 3487 3828 Italiam
3540 3767 3711 3823 duxe-

2138 3875 2267 3919 runt
2288 3864 2614 3929 exercitum,
2636 3880 2798 3933 parva
2818 3850 3366 3925 matiu's‘i'iothurum,
3385 3878 3451 3918 ex
3472 3862 3713 3917 Thracia

2138 3958 2530 4026 Pannoniaque
2584 3972 2882 4027 erumpens
2951 3958 3203 4011 exercitu
3270 3956 3590 4019 collectitio,
3655 3955 3712 4007 in

2140 4050 2345 4103 Italiam
2390 4049 2562 4113 venit,
2617 4049 2956 4119 vastatisque
3014 4048 3181 4103 Italiae
3244 4051 3412 4118 agris,
3473 4046 3714 4101 incensis

2139 4139 2395 4202 urbibus,
2456 4141 2571 4194 haec
2636 4139 2753 4209 ipsa
2811 4139 3015 4195 muenia
3067 4149 3377 4209 ceperunt,
3433 4137 3716 4201 in‘cendio,

2138 4228 2306 4295 ferro,
2360 4230 2508 4286 (unde
2555 4231 2738 4285 omnia
2779 4231 3137 4300 complentes.
3189 4230 3270 4285 Illi
3331 4245 3495 4300 parva
3549 4245 3715 4284 manu

2142 4325 2429 4393 instructi,
2487 4324 2785 4380 stoliditate
2845 4325 3078 4395 quadam
3135 4323 3716 4394 gestientes,asseqni

2141 4426 2437 4487 potuerunt
2464 4417 2608 4487 quod
2643 4416 2853 4472 'I‘urcus
2890 4416 3144 4471 maximis
3175 4415 3367 4485 copiis,
3410 4423 3563 4470 certo
3594 4431 3719 4483 pcr-

2143 4508 2419 4579 tiuacique
2465 4508 2715 4574 consilio,
2769 4507 3048 4576 suscipere
3095 4522 3158 4562 ac
3199 4516 3409 4561 tentare
3461 4522 3569 4560 non
3623 4522 3721 4560 au-

460 4598 769 4668 prodigium
805 4606 892 4653 est
918 4596 1149 4652 eﬂ‘erum
1197 4606 1503 4651 monstrum
1543 4598 1596 4651 in
1629 4606 1849 4652 nostros
1875 4638 1890 4662 ,
1937 4612 2036 4666 po.
2072 4608 2115 4664 ι)
2144 4602 2316 4658 deat?
2366 4602 2441 4657 Illi
2496 4618 2609 4679 per
2650 4603 2846 4658 itinera
2899 4602 3143 4657 omnium
3198 4600 3511 4656 difficillima
3548 4611 3723 4656 trans-

461 4693 732 4747 tissimum
787 4702 1136 4746 mansuetum
1191 4690 1307 4744 illic
1365 4689 1524 4755 ﬁeri,
1585 4706 1614 4743 a
1656 4690 2039 4745 crudelissimo

459 4784 615 4838 hoste
644 4783 963 4847 amicitiam,
1006 4797 1036 4836 a
1070 4781 1548 4836 truculentissime
1578 4782 1837 4851 pietatem
1870 4782 2042 4836 simu-

455 4873 577 4926 lari.
607 4871 726 4925 Non
751 4872 842 4925 diu
877 4881 1232 4940 perseverat,
1264 4872 1411 4941 quod
1449 4872 1518 4925 ab
1571 4872 1744 4925 invito
1774 4870 2043 4941 exprimi-

442 4977 564 5020 tur.
614 4964 799 5020 Servit
847 4966 1209 5035 temporibus,
1252 4968 1383 5018 dum
1439 4964 1504 5019 ad
1569 4975 1817 5035 optatum
1875 4964 2040 5019 finem

457 5054 761 5125 perveniat.
809 5056 878 5110 Et
931 5058 1062 5126 quid
1111 5065 1235 5125 agat
1272 5057 1453 5110 adhuc
1509 5056 1867 5125 ignoramus?
1913 5071 2040 5110 cum

440 5148 768 5219 ‘prmsertim
806 5148 877 5202 ita
920 5159 1064 5221 agat,
1114 5159 1174 5203 ut
1224 5165 1325 5204 nos
1373 5150 1658 5218 ambigere
1714 5150 1871 5204 nolit.
1920 5149 2041 5203 Non

461 5240 940 5315 contiuehitAdomi
992 5253 1202 5297 tantum
1246 5247 1593 5312 exercitum;
1649 5259 1757 5298 non
1804 5245 2044 5315 patietur

459 5348 686 5387 suorum
716 5302 951 5389 mﬂitum
984 5336 1201 5390 animos
1234 5336 1564 5399 effeminari,
1595 5352 1735 5405 quos
1788 5336 1840 5390 in
1876 5336 2045 5390 armis

461 5427 667 5481 habere
703 5427 803 5495 ipsi
849 5443 1076 5482 necesse
1110 5437 1216 5483 est.
1270 5428 1446 5482 llabet
1490 5434 1638 5484 enim
1692 5446 1801 5483 non
1841 5445 2045 5498 paucos

460 5518 691 5571 Asianos
750 5520 983 5589 populos
1044 5519 1385 5587 infensoset
1434 5520 1683 5575 insuam
1742 5524 2041 5591 perniciem

463 5608 854 5676 imminentes;
887 5626 1028 5680 quos
1068 5611 1119 5665 in
1153 5626 1212 5666 se
1251 5611 1512 5681 impetum
1566 5611 1807 5668 facturos
1857 5625 2044 5682 aperte

466 5701 744 5771 intelligit,
799 5703 845 5756 si
904 5711 998 5757 aut
1046 5719 1198 5758 arma
1250 5704 1588 5772 deposuerit,
1623 5714 1718 5759 aut
1770 5707 2047 5761 exercitus

466 5798 663 5848 famam
699 5796 754 5849 in
798 5807 1173 5866 contemptum
1214 5798 1623 5868 ludibriumque
1673 5799 1872 5852 adduci
1928 5816 2046 5865 pcr-

468 5888 682 5943 tniserit
712 5905 725 5944 :
761 5905 924 5960 quem
970 5901 1025 5945 ut
1074 5891 1331 5947 laudibus
1363 5891 1773 5947 ornatissimum
1833 5894 2044 5958 rcdlat,

2142 4693 2314 4763 gressi
2348 4700 2477 4748 sunt
2509 4709 2523 4747 :
2553 4702 2609 4748 at
2637 4693 2851 4748 Turcus
2880 4693 3159 4747 maritimo
3190 4700 3245 4746 et
3271 4691 3527 4760 expedito
3557 4706 3722 4749 cursu

2140 4782 2385 4851 legiones
2440 4795 2569 4837 suas
2604 4782 2853 4853 trajicere
2904 4782 3215 4838 dubitabit?
3266 4780 3341 4836 ll‘.i
3389 4784 3443 4835 in
3494 4782 3725 4845 Italiam,

2142 4890 2263 4943 qua:
2307 4874 2448 4929 alter
2496 4874 2651 4929 orbis
2706 4876 2930 4939 dicitur,
2988 4876 3349 4946 irruperunt:
3400 4875 3615 4931 Turcus
3654 4875 3727 4930 ita

2142 4967 2311 5023 Italize
2344 4969 2486 5022 vires
2521 4967 2769 5029 tentasit,
2799 4976 2857 5025 ut
2880 4976 3214 5030 contemnat,
3236 4976 3290 5020 et
3319 4982 3424 5021 non
3466 4966 3729 5021 audebit?

2138 5059 2304 5125 Quid,
2337 5058 2383 5114 si
2414 5058 2641 5128 antiqua
2669 5059 2973 5113 consectari
3006 5060 3160 5125 libet,
3192 5060 3379 5129 Pyrrhi
3413 5061 3725 5114 luctuosum

2143 5151 2437 5229 adventum
2466 5152 2935 5206 commemorem?
2969 5151 3108 5218 Quid
3143 5152 3433 5206 Alexandri
3468 5152 3730 5206 Molossi?

2146 5245 2275 5316 quid
2304 5243 2628 5299 Archidami
2666 5242 2899 5313 Agesilai
2930 5243 3206 5313 filiiiquid
3240 5242 3734 5299 Anuibalishusta?

2145 5336 2317 5392 Nimis
2343 5351 2555 5405 magna,
2589 5335 2753 5389 nimis
2772 5345 2954 5389 vetera
2989 5337 3210 5389 nomina
3246 5346 3456 5403 repeto.
3484 5333 3624 5399 Quid
3665 5334 3735 5386 ah

2144 5429 2331 5492 Attila,
2388 5427 2587 5491 Totila,
2641 5426 2925 5481 Saracenis
2990 5426 3167 5481 illatas
3238 5426 3420 5479 clades
3486 5427 3734 5479 oratione

2148 5536 2270 5574 mea
2330 5519 2728 5574 refriccm?At
2781 5520 3049 5590 Pyrrhus,
3109 5518 3295 5581 credo,
3352 5524 3529 5586 potuit
3588 5518 3734 5587 quod

2149 5612 2365 5665 Turcus
2389 5620 2643 5680 nequeat.
2682 5610 2799 5673 Ille,
2841 5611 3003 5664 salvis
3037 5619 3115 5663 tot
3165 5610 3422 5675 ducibus,
3462 5619 3541 5664 tot
3572 5626 3732 5663 exer-

2148 5704 2372 5765 citibus,
2437 5718 2576 5771 quos
2634 5703 2938 5757 secundum
2974 5712 3159 5772 postea
3199 5704 3465 5760 Punicum
3533 5705 3736 5758 bellum

2149 5795 2478 5865 absumpsit,
2509 5795 2574 5847 ad
2637 5796 2802 5852 Urbis
2834 5812 3003 5864 prope
3037 5796 3234 5852 mantia
3260 5799 3465 5853 victore
3495 5800 3738 5852 exercitu

2151 5889 2433 5944 contendit
2470 5905 2484 5957 ί
2519 5888 2765 5955 'i'urcus,
2796 5890 2888 5958 (μή
2948 5891 3195 5957 Epirum,
3231 5890 3598 5948 Macedoniam
3662 5902 3741 5946 to-
