  <div class='ocr_page' id='page_1' title='image "/cluster/home/n/w/nwhite01/storage/ocr_20150623/161/coo.31924054870666/419.png"; bbox 0 0 4136 6414; ppageno 0'>
   <div class='ocr_carea' id='block_1_1' title="bbox 434 391 543 454">
    <p class='ocr_par' dir='ltr' id='par_1_1' title="bbox 434 391 543 454">
     <span class='ocr_line' id='line_1_1' title="bbox 434 391 543 454; baseline 0.046 -5"><span class='ocrx_word' id='word_1_1' title='bbox 434 391 543 454; x_wconf 72' lang='grc' dir='ltr'><strong>’[ζ5.)</strong></span> 
     </span>
    </p>
   </div>
   <div class='ocr_carea' id='block_1_2' title="bbox 1363 397 2745 475">
    <p class='ocr_par' dir='ltr' id='par_1_2' title="bbox 1363 397 2745 475">
     <span class='ocr_line' id='line_1_2' title="bbox 1363 397 2745 475; baseline 0.011 -19"><span class='ocrx_word' id='word_1_2' title='bbox 1363 397 1880 463; x_wconf 73' lang='lat' dir='ltr'><strong>BESSARIONIS</strong></span> <span class='ocrx_word' id='word_1_3' title='bbox 1924 401 1993 463; x_wconf 90' lang='lat' dir='ltr'><strong>S.</strong></span> <span class='ocrx_word' id='word_1_4' title='bbox 2037 405 2110 466; x_wconf 76' lang='grc' dir='ltr'><strong>Β.</strong></span> <span class='ocrx_word' id='word_1_5' title='bbox 2151 405 2221 468; x_wconf 79' lang='grc' dir='ltr'><strong>Ε.</strong></span> <span class='ocrx_word' id='word_1_6' title='bbox 2264 407 2745 475; x_wconf 75' lang='lat' dir='ltr'><strong>CARDINALIS</strong></span> 
     </span>
    </p>
   </div>
   <div class='ocr_carea' id='block_1_3' title="bbox 3609 416 3720 482">
    <p class='ocr_par' dir='ltr' id='par_1_3' title="bbox 3609 416 3720 482">
     <span class='ocr_line' id='line_1_3' title="bbox 3609 416 3720 482; baseline 0.018 -2"><span class='ocrx_word' id='word_1_7' title='bbox 3609 416 3720 482; x_wconf 74' lang='lat'><strong>£60</strong></span> 
     </span>
    </p>
   </div>
   <div class='ocr_carea' id='block_1_4' title="bbox 441 503 3721 600">
    <p class='ocr_par' dir='ltr' id='par_1_4' title="bbox 441 503 3721 600">
     <span class='ocr_line' id='line_1_4' title="bbox 441 503 3721 600; baseline 0.008 -40"><span class='ocrx_word' id='word_1_8' title='bbox 441 516 664 575; x_wconf 89' lang='lat' dir='ltr'><strong>tamque</strong></span> <span class='ocrx_word' id='word_1_9' title='bbox 711 503 997 569; x_wconf 74' lang='lat' dir='ltr'><strong>Graeciam,</strong></span> <span class='ocrx_word' id='word_1_10' title='bbox 1044 514 1123 561; x_wconf 90' lang='lat' dir='ltr'><strong>tot</strong></span> <span class='ocrx_word' id='word_1_11' title='bbox 1175 505 1401 575; x_wconf 80' lang='lat' dir='ltr'><strong>imperia</strong></span> <span class='ocrx_word' id='word_1_12' title='bbox 1443 509 1685 579; x_wconf 78' lang='lat' dir='ltr'><strong>subegit,</strong></span> <span class='ocrx_word' id='word_1_13' title='bbox 1726 510 1937 565; x_wconf 93' lang='lat' dir='ltr'><strong>ltaliam</strong></span> <span class='ocrx_word' id='word_1_14' title='bbox 1973 511 2027 566; x_wconf 94' lang='lat' dir='ltr'><strong>in</strong></span> <span class='ocrx_word' id='word_1_15' title='bbox 2055 515 2105 574; x_wconf 74' lang='grc' dir='ltr'><strong>Α</strong></span> <span class='ocrx_word' id='word_1_16' title='bbox 2135 514 2321 579; x_wconf 88' lang='lat' dir='ltr'><strong>video,</strong></span> <span class='ocrx_word' id='word_1_17' title='bbox 2356 527 2417 572; x_wconf 90' lang='lat' dir='ltr'><strong>ut</strong></span> <span class='ocrx_word' id='word_1_18' title='bbox 2451 519 2602 573; x_wconf 89' lang='lat' dir='ltr'><strong>omni</strong></span> <span class='ocrx_word' id='word_1_19' title='bbox 2628 532 2829 576; x_wconf 85' lang='lat' dir='ltr'><strong>conatu</strong></span> <span class='ocrx_word' id='word_1_20' title='bbox 2861 523 3257 597; x_wconf 89' lang='lat' dir='ltr'><strong>communique</strong></span> <span class='ocrx_word' id='word_1_21' title='bbox 3275 525 3511 583; x_wconf 86' lang='lat' dir='ltr'><strong>consilio</strong></span> <span class='ocrx_word' id='word_1_22' title='bbox 3535 539 3591 584; x_wconf 89' lang='lat' dir='ltr'><strong>et</strong></span> <span class='ocrx_word' id='word_1_23' title='bbox 3614 545 3721 600; x_wconf 87' lang='lat' dir='ltr'><strong>ope</strong></span> 
     </span>
    </p>
   </div>
   <div class='ocr_carea' id='block_1_5' title="bbox 441 596 2025 667">
    <p class='ocr_par' dir='ltr' id='par_1_5' title="bbox 441 596 2025 667">
     <span class='ocr_line' id='line_1_5' title="bbox 441 596 2025 667; baseline 0.004 -16"><span class='ocrx_word' id='word_1_24' title='bbox 441 605 523 653; x_wconf 87' lang='lat' dir='ltr'><strong>tot</strong></span> <span class='ocrx_word' id='word_1_25' title='bbox 552 597 891 667; x_wconf 85' lang='lat' dir='ltr'><strong>principatus</strong></span> <span class='ocrx_word' id='word_1_26' title='bbox 922 605 977 651; x_wconf 92' lang='lat' dir='ltr'><strong>et</strong></span> <span class='ocrx_word' id='word_1_27' title='bbox 1005 596 1185 651; x_wconf 86' lang='lat' dir='ltr'><strong>studia</strong></span> <span class='ocrx_word' id='word_1_28' title='bbox 1219 596 1535 667; x_wconf 76' lang='lat' dir='ltr'><strong>dissipatam</strong></span> <span class='ocrx_word' id='word_1_29' title='bbox 1585 616 1650 655; x_wconf 86' lang='lat' dir='ltr'><strong>ac</strong></span> <span class='ocrx_word' id='word_1_30' title='bbox 1687 601 2025 658; x_wconf 87' lang='lat' dir='ltr'><strong>dissentien-</strong></span> 
     </span>
    </p>
   </div>
   <div class='ocr_carea' id='block_1_6' title="bbox 443 686 2030 750">
    <p class='ocr_par' dir='ltr' id='par_1_6' title="bbox 443 686 2030 750">
     <span class='ocr_line' id='line_1_6' title="bbox 443 686 2030 750; baseline 0.006 -10"><span class='ocrx_word' id='word_1_31' title='bbox 443 696 551 744; x_wconf 90' lang='lat' dir='ltr'><strong>tem</strong></span> <span class='ocrx_word' id='word_1_32' title='bbox 583 686 832 741; x_wconf 86' lang='lat' dir='ltr'><strong>timebit?</strong></span> <span class='ocrx_word' id='word_1_33' title='bbox 857 703 963 742; x_wconf 90' lang='lat' dir='ltr'><strong>non</strong></span> <span class='ocrx_word' id='word_1_34' title='bbox 994 687 1321 744; x_wconf 75' lang='lat' dir='ltr'><strong>adoriatur?</strong></span> <span class='ocrx_word' id='word_1_35' title='bbox 1346 705 1454 745; x_wconf 93' lang='lat' dir='ltr'><strong>non</strong></span> <span class='ocrx_word' id='word_1_36' title='bbox 1472 691 1563 746; x_wconf 87' lang='lat'><strong>?...</strong></span> <span class='ocrx_word' id='word_1_37' title='bbox 1590 691 1706 747; x_wconf 79' lang='lat' dir='ltr'><strong>ilco</strong></span> <span class='ocrx_word' id='word_1_38' title='bbox 1744 710 1833 749; x_wconf 89' lang='lat' dir='ltr'><strong>me</strong></span> <span class='ocrx_word' id='word_1_39' title='bbox 1864 696 2030 750; x_wconf 88' lang='lat' dir='ltr'><strong>misc-</strong></span> 
     </span>
    </p>
   </div>
   <div class='ocr_carea' id='block_1_7' title="bbox 442 775 2026 855">
    <p class='ocr_par' dir='ltr' id='par_1_7' title="bbox 442 775 2026 855">
     <span class='ocr_line' id='line_1_7' title="bbox 442 775 2026 855; baseline 0.007 -25"><span class='ocrx_word' id='word_1_40' title='bbox 442 792 562 830; x_wconf 90' lang='lat' dir='ltr'><strong>rum</strong></span> <span class='ocrx_word' id='word_1_41' title='bbox 590 777 602 830; x_wconf 89' lang='lat' dir='ltr'><strong>l</strong></span> <span class='ocrx_word' id='word_1_42' title='bbox 636 775 834 831; x_wconf 87' lang='lat' dir='ltr'><strong>Nescio</strong></span> <span class='ocrx_word' id='word_1_43' title='bbox 856 792 965 846; x_wconf 86' lang='lat' dir='ltr'><strong>quo</strong></span> <span class='ocrx_word' id='word_1_44' title='bbox 999 778 1267 835; x_wconf 84' lang='lat' dir='ltr'><strong>orationis</strong></span> <span class='ocrx_word' id='word_1_45' title='bbox 1292 796 1456 837; x_wconf 89' lang='lat' dir='ltr'><strong>cursu</strong></span> <span class='ocrx_word' id='word_1_46' title='bbox 1481 797 1548 837; x_wconf 92' lang='lat' dir='ltr'><strong>co</strong></span> <span class='ocrx_word' id='word_1_47' title='bbox 1572 782 1842 843; x_wconf 88' lang='lat' dir='ltr'><strong>deducor.</strong></span> <span class='ocrx_word' id='word_1_48' title='bbox 1878 785 2026 855; x_wconf 91' lang='lat' dir='ltr'><strong>quod</strong></span> 
     </span>
    </p>
   </div>
   <div class='ocr_carea' id='block_1_8' title="bbox 441 868 2027 933">
    <p class='ocr_par' dir='ltr' id='par_1_8' title="bbox 441 868 2027 933">
     <span class='ocr_line' id='line_1_8' title="bbox 441 868 2027 933; baseline 0.012 -19"><span class='ocrx_word' id='word_1_49' title='bbox 441 868 598 918; x_wconf 68' lang='lat' dir='ltr'><strong>i&#39;olor</strong></span> <span class='ocrx_word' id='word_1_50' title='bbox 626 868 938 932; x_wconf 74' lang='lat' dir='ltr'><strong>exprimere</strong></span> <span class='ocrx_word' id='word_1_51' title='bbox 970 884 1076 922; x_wconf 91' lang='lat' dir='ltr'><strong>non</strong></span> <span class='ocrx_word' id='word_1_52' title='bbox 1116 870 1271 926; x_wconf 87' lang='lat' dir='ltr'><strong>sinit.</strong></span> <span class='ocrx_word' id='word_1_53' title='bbox 1305 874 1375 925; x_wconf 82' lang='lat' dir='ltr'><strong>At</strong></span> <span class='ocrx_word' id='word_1_54' title='bbox 1403 888 1472 926; x_wconf 85' lang='lat' dir='ltr'><strong>ne</strong></span> <span class='ocrx_word' id='word_1_55' title='bbox 1519 873 1574 927; x_wconf 91' lang='lat' dir='ltr'><strong>in</strong></span> <span class='ocrx_word' id='word_1_56' title='bbox 1600 876 1879 932; x_wconf 89' lang='lat' dir='ltr'><strong>veteribus</strong></span> <span class='ocrx_word' id='word_1_57' title='bbox 1910 886 2027 933; x_wconf 84' lang='lat' dir='ltr'><strong>tan-</strong></span> 
     </span>
    </p>
   </div>
   <div class='ocr_carea' id='block_1_9' title="bbox 444 958 2027 1039">
    <p class='ocr_par' dir='ltr' id='par_1_9' title="bbox 444 958 2027 1039">
     <span class='ocr_line' id='line_1_9' title="bbox 444 958 2027 1039; baseline 0.01 -31"><span class='ocrx_word' id='word_1_58' title='bbox 444 966 555 1009; x_wconf 90' lang='lat' dir='ltr'><strong>tum</strong></span> <span class='ocrx_word' id='word_1_59' title='bbox 614 958 819 1012; x_wconf 54' lang='lat' dir='ltr'><strong>versari</strong></span> <span class='ocrx_word' id='word_1_60' title='bbox 874 960 1085 1022; x_wconf 84' lang='lat' dir='ltr'><strong>videar,</strong></span> <span class='ocrx_word' id='word_1_61' title='bbox 1130 961 1183 1015; x_wconf 93' lang='lat' dir='ltr'><strong>in</strong></span> <span class='ocrx_word' id='word_1_62' title='bbox 1227 964 1429 1032; x_wconf 86' lang='lat' dir='ltr'><strong>quibus</strong></span> <span class='ocrx_word' id='word_1_63' title='bbox 1475 966 1742 1035; x_wconf 87' lang='lat' dir='ltr'><strong>quadrata</strong></span> <span class='ocrx_word' id='word_1_64' title='bbox 1785 968 2027 1039; x_wconf 76' lang='lat' dir='ltr'><strong>agmina,</strong></span> 
     </span>
    </p>
   </div>
   <div class='ocr_carea' id='block_1_10' title="bbox 436 1049 2029 1127">
    <p class='ocr_par' dir='ltr' id='par_1_10' title="bbox 436 1049 2029 1127">
     <span class='ocr_line' id='line_1_10' title="bbox 436 1049 2029 1127; baseline 0.013 -30"><span class='ocrx_word' id='word_1_65' title='bbox 436 1049 604 1115; x_wconf 84' lang='lat' dir='ltr'><strong>jnrati</strong></span> <span class='ocrx_word' id='word_1_66' title='bbox 666 1051 893 1113; x_wconf 90' lang='lat' dir='ltr'><strong>milites,</strong></span> <span class='ocrx_word' id='word_1_67' title='bbox 945 1061 1096 1108; x_wconf 88' lang='lat' dir='ltr'><strong>tanta</strong></span> <span class='ocrx_word' id='word_1_68' title='bbox 1156 1054 1553 1125; x_wconf 72' lang='lat' dir='ltr'><strong>imperatorum</strong></span> <span class='ocrx_word' id='word_1_69' title='bbox 1614 1060 1815 1127; x_wconf 87' lang='lat' dir='ltr'><strong>virtus,</strong></span> <span class='ocrx_word' id='word_1_70' title='bbox 1880 1070 2029 1117; x_wconf 86' lang='lat' dir='ltr'><strong>tanta</strong></span> 
     </span>
    </p>
   </div>
   <div class='ocr_carea' id='block_1_11' title="bbox 442 1139 2025 1214">
    <p class='ocr_par' dir='ltr' id='par_1_11' title="bbox 442 1139 2025 1214">
     <span class='ocr_line' id='line_1_11' title="bbox 442 1139 2025 1214; baseline 0.011 -25"><span class='ocrx_word' id='word_1_71' title='bbox 442 1139 718 1207; x_wconf 76' lang='lat' dir='ltr'><strong>legionum</strong></span> <span class='ocrx_word' id='word_1_72' title='bbox 764 1140 1026 1210; x_wconf 81' lang='lat' dir='ltr'><strong>patientia</strong></span> <span class='ocrx_word' id='word_1_73' title='bbox 1067 1156 1131 1198; x_wconf 90' lang='lat' dir='ltr'><strong>ac</strong></span> <span class='ocrx_word' id='word_1_74' title='bbox 1168 1144 1456 1214; x_wconf 83' lang='lat' dir='ltr'><strong>disciplina</strong></span> <span class='ocrx_word' id='word_1_75' title='bbox 1503 1149 1809 1211; x_wconf 85' lang='lat' dir='ltr'><strong>constabat,</strong></span> <span class='ocrx_word' id='word_1_76' title='bbox 1845 1161 1905 1205; x_wconf 87' lang='lat' dir='ltr'><strong>ut</strong></span> <span class='ocrx_word' id='word_1_77' title='bbox 1956 1151 2025 1207; x_wconf 88' lang='lat' dir='ltr'><strong>ad</strong></span> 
     </span>
    </p>
   </div>
   <div class='ocr_carea' id='block_1_12' title="bbox 444 1230 2031 1309">
    <p class='ocr_par' dir='ltr' id='par_1_12' title="bbox 444 1230 2031 1309">
     <span class='ocr_line' id='line_1_12' title="bbox 444 1230 2031 1309; baseline 0.011 -29"><span class='ocrx_word' id='word_1_78' title='bbox 444 1230 752 1284; x_wconf 88' lang='lat' dir='ltr'><strong>reccntiura</strong></span> <span class='ocrx_word' id='word_1_79' title='bbox 809 1242 994 1287; x_wconf 90' lang='lat' dir='ltr'><strong>nostra</strong></span> <span class='ocrx_word' id='word_1_80' title='bbox 1038 1243 1351 1290; x_wconf 70' lang='lat' dir='ltr'><strong>revertatur</strong></span> <span class='ocrx_word' id='word_1_81' title='bbox 1383 1238 1581 1302; x_wconf 88' lang='lat' dir='ltr'><strong>oratio,</strong></span> <span class='ocrx_word' id='word_1_82' title='bbox 1631 1240 1763 1309; x_wconf 87' lang='lat' dir='ltr'><strong>quid</strong></span> <span class='ocrx_word' id='word_1_83' title='bbox 1803 1242 2031 1298; x_wconf 89' lang='lat' dir='ltr'><strong>Hunno-</strong></span> 
     </span>
    </p>
   </div>
   <div class='ocr_carea' id='block_1_13' title="bbox 444 1314 2029 1401">
    <p class='ocr_par' dir='ltr' id='par_1_13' title="bbox 444 1314 2029 1401">
     <span class='ocr_line' id='line_1_13' title="bbox 444 1314 2029 1401; baseline 0.013 -31"><span class='ocrx_word' id='word_1_84' title='bbox 444 1335 567 1373; x_wconf 83' lang='lat' dir='ltr'><strong>rum</strong></span> <span class='ocrx_word' id='word_1_85' title='bbox 592 1336 655 1374; x_wconf 87' lang='lat' dir='ltr'><strong>ac</strong></span> <span class='ocrx_word' id='word_1_86' title='bbox 687 1321 1052 1377; x_wconf 75' lang='lat' dir='ltr'><strong>Vandalorum</strong></span> <span class='ocrx_word' id='word_1_87' title='bbox 1088 1340 1279 1380; x_wconf 89' lang='lat' dir='ltr'><strong>manus</strong></span> <span class='ocrx_word' id='word_1_88' title='bbox 1302 1314 1580 1384; x_wconf 77' lang='lat' dir='ltr'><strong>incondita</strong></span> <span class='ocrx_word' id='word_1_89' title='bbox 1608 1330 1633 1384; x_wconf 82' lang='lat'><strong>?</strong></span> <span class='ocrx_word' id='word_1_90' title='bbox 1666 1332 1847 1389; x_wconf 88' lang='lat' dir='ltr'><strong>lnusta</strong></span> <span class='ocrx_word' id='word_1_91' title='bbox 1876 1343 2029 1401; x_wconf 84' lang='lat' dir='ltr'><strong>sunt,</strong></span> 
     </span>
    </p>
   </div>
   <div class='ocr_carea' id='block_1_14' title="bbox 443 1411 2028 1491">
    <p class='ocr_par' dir='ltr' id='par_1_14' title="bbox 443 1411 2028 1491">
     <span class='ocr_line' id='line_1_14' title="bbox 443 1411 2028 1491; baseline 0.012 -27"><span class='ocrx_word' id='word_1_92' title='bbox 443 1411 625 1465; x_wconf 82' lang='lat' dir='ltr'><strong>inusta</strong></span> <span class='ocrx_word' id='word_1_93' title='bbox 664 1422 789 1467; x_wconf 87' lang='lat' dir='ltr'><strong>sunt</strong></span> <span class='ocrx_word' id='word_1_94' title='bbox 825 1414 959 1483; x_wconf 89' lang='lat' dir='ltr'><strong>ipsis</strong></span> <span class='ocrx_word' id='word_1_95' title='bbox 1001 1415 1277 1473; x_wconf 68' lang='lat' dir='ltr'><strong>moenibus</strong></span> <span class='ocrx_word' id='word_1_96' title='bbox 1321 1423 1651 1491; x_wconf 89' lang='lat' dir='ltr'><strong>sempiterna</strong></span> <span class='ocrx_word' id='word_1_97' title='bbox 1693 1424 1914 1481; x_wconf 85' lang='lat' dir='ltr'><strong>illorum</strong></span> <span class='ocrx_word' id='word_1_98' title='bbox 1941 1427 2028 1482; x_wconf 80' lang='lat' dir='ltr'><strong>in-</strong></span> 
     </span>
    </p>
   </div>
   <div class='ocr_carea' id='block_1_15' title="bbox 439 1500 2031 1579">
    <p class='ocr_par' dir='ltr' id='par_1_15' title="bbox 439 1500 2031 1579">
     <span class='ocr_line' id='line_1_15' title="bbox 439 1500 2031 1579; baseline 0.018 -32"><span class='ocrx_word' id='word_1_99' title='bbox 439 1500 600 1569; x_wconf 80' lang='lat' dir='ltr'><strong>juria:</strong></span> <span class='ocrx_word' id='word_1_100' title='bbox 628 1513 1000 1563; x_wconf 76' lang='lat' dir='ltr'><strong>titonumenta.</strong></span> <span class='ocrx_word' id='word_1_101' title='bbox 1034 1507 1105 1561; x_wconf 84' lang='lat' dir='ltr'><strong>At</strong></span> <span class='ocrx_word' id='word_1_102' title='bbox 1132 1507 1178 1562; x_wconf 89' lang='lat' dir='ltr'><strong>si</strong></span> <span class='ocrx_word' id='word_1_103' title='bbox 1226 1517 1350 1579; x_wconf 90' lang='lat' dir='ltr'><strong>post</strong></span> <span class='ocrx_word' id='word_1_104' title='bbox 1374 1511 1565 1565; x_wconf 88' lang='lat' dir='ltr'><strong>urbem</strong></span> <span class='ocrx_word' id='word_1_105' title='bbox 1587 1513 1905 1572; x_wconf 79' lang='lat' dir='ltr'><strong>Christiano</strong></span> <span class='ocrx_word' id='word_1_106' title='bbox 1933 1535 2031 1574; x_wconf 92' lang='lat' dir='ltr'><strong>no-</strong></span> 
     </span>
    </p>
   </div>
   <div class='ocr_carea' id='block_1_16' title="bbox 449 1594 2032 1671">
    <p class='ocr_par' dir='ltr' id='par_1_16' title="bbox 449 1594 2032 1671">
     <span class='ocr_line' id='line_1_16' title="bbox 449 1594 2032 1671; baseline 0.017 -27"><span class='ocrx_word' id='word_1_107' title='bbox 449 1594 594 1649; x_wconf 83' lang='lat' dir='ltr'><strong>mine</strong></span> <span class='ocrx_word' id='word_1_108' title='bbox 612 1595 887 1650; x_wconf 79' lang='lat' dir='ltr'><strong>conditam</strong></span> <span class='ocrx_word' id='word_1_109' title='bbox 917 1601 1166 1671; x_wconf 60' lang='lat' dir='ltr'><strong>exempla</strong></span> <span class='ocrx_word' id='word_1_110' title='bbox 1188 1612 1238 1657; x_wconf 89' lang='lat' dir='ltr'><strong>te</strong></span> <span class='ocrx_word' id='word_1_111' title='bbox 1258 1616 1498 1671; x_wconf 82' lang='lat' dir='ltr'><strong>movent,</strong></span> <span class='ocrx_word' id='word_1_112' title='bbox 1523 1606 1725 1665; x_wconf 87' lang='lat' dir='ltr'><strong>Leonis</strong></span> <span class='ocrx_word' id='word_1_113' title='bbox 1750 1609 2032 1671; x_wconf 86' lang='lat' dir='ltr'><strong>Pontificis</strong></span> 
     </span>
    </p>
   </div>
   <div class='ocr_carea' id='block_1_17' title="bbox 445 1684 2031 1773">
    <p class='ocr_par' dir='ltr' id='par_1_17' title="bbox 445 1684 2031 1773">
     <span class='ocr_line' id='line_1_17' title="bbox 445 1684 2031 1773; baseline 0.015 -34"><span class='ocrx_word' id='word_1_114' title='bbox 445 1684 662 1741; x_wconf 59' lang='lat' dir='ltr'><strong>Maximi</strong></span> <span class='ocrx_word' id='word_1_115' title='bbox 717 1691 1082 1760; x_wconf 87' lang='lat' dir='ltr'><strong>temporibus,</strong></span> <span class='ocrx_word' id='word_1_116' title='bbox 1132 1691 1351 1761; x_wconf 80' lang='lat' dir='ltr'><strong>Attilas,</strong></span> <span class='ocrx_word' id='word_1_117' title='bbox 1404 1697 1473 1752; x_wconf 90' lang='lat' dir='ltr'><strong>de</strong></span> <span class='ocrx_word' id='word_1_118' title='bbox 1525 1715 1636 1770; x_wconf 88' lang='lat' dir='ltr'><strong>quo</strong></span> <span class='ocrx_word' id='word_1_119' title='bbox 1688 1705 1853 1773; x_wconf 83' lang='lat' dir='ltr'><strong>paulo</strong></span> <span class='ocrx_word' id='word_1_120' title='bbox 1901 1714 2031 1763; x_wconf 89' lang='lat' dir='ltr'><strong>ante</strong></span> 
     </span>
    </p>
   </div>
   <div class='ocr_carea' id='block_1_18' title="bbox 2128 608 3721 677">
    <p class='ocr_par' dir='ltr' id='par_1_18' title="bbox 2128 608 3721 677">
     <span class='ocr_line' id='line_1_18' title="bbox 2128 608 3721 677; baseline 0.011 -17"><span class='ocrx_word' id='word_1_121' title='bbox 2128 621 2192 660; x_wconf 87' lang='lat' dir='ltr'><strong>ea</strong></span> <span class='ocrx_word' id='word_1_122' title='bbox 2229 608 2649 676; x_wconf 82' lang='lat' dir='ltr'><strong>propulsemus,</strong></span> <span class='ocrx_word' id='word_1_123' title='bbox 2678 619 2846 677; x_wconf 81' lang='lat' dir='ltr'><strong>atque</strong></span> <span class='ocrx_word' id='word_1_124' title='bbox 2878 613 2935 667; x_wconf 91' lang='lat' dir='ltr'><strong>in</strong></span> <span class='ocrx_word' id='word_1_125' title='bbox 2970 613 3216 672; x_wconf 88' lang='lat' dir='ltr'><strong>hostium</strong></span> <span class='ocrx_word' id='word_1_126' title='bbox 3276 627 3601 674; x_wconf 78' lang='lat' dir='ltr'><strong>nostrorum</strong></span> <span class='ocrx_word' id='word_1_127' title='bbox 3628 636 3721 676; x_wconf 51' lang='lat' dir='ltr'><strong>ca.</strong></span> 
     </span>
    </p>
   </div>
   <div class='ocr_carea' id='block_1_19' title="bbox 2126 698 3717 779">
    <p class='ocr_par' dir='ltr' id='par_1_19' title="bbox 2126 698 3717 779">
     <span class='ocr_line' id='line_1_19' title="bbox 2126 698 3717 779; baseline 0.013 -31"><span class='ocrx_word' id='word_1_128' title='bbox 2126 698 2263 768; x_wconf 88' lang='lat' dir='ltr'><strong>pita.</strong></span> <span class='ocrx_word' id='word_1_129' title='bbox 2299 698 2431 753; x_wconf 91' lang='lat' dir='ltr'><strong>dum</strong></span> <span class='ocrx_word' id='word_1_130' title='bbox 2467 700 2620 765; x_wconf 85' lang='lat' dir='ltr'><strong>licet,</strong></span> <span class='ocrx_word' id='word_1_131' title='bbox 2649 700 2782 757; x_wconf 86' lang='lat' dir='ltr'><strong>dum</strong></span> <span class='ocrx_word' id='word_1_132' title='bbox 2816 703 3094 776; x_wconf 75' lang='lat' dir='ltr'><strong>integrum</strong></span> <span class='ocrx_word' id='word_1_133' title='bbox 3130 718 3237 775; x_wconf 88' lang='lat' dir='ltr'><strong>est,</strong></span> <span class='ocrx_word' id='word_1_134' title='bbox 3268 717 3717 779; x_wconf 70' lang='lat' dir='ltr'><strong>retorqueamus.</strong></span> 
     </span>
    </p>
   </div>
   <div class='ocr_carea' id='block_1_20' title="bbox 2130 790 3716 868">
    <p class='ocr_par' dir='ltr' id='par_1_20' title="bbox 2130 790 3716 868">
     <span class='ocr_line' id='line_1_20' title="bbox 2130 790 3716 868; baseline 0.009 -23"><span class='ocrx_word' id='word_1_135' title='bbox 2130 790 2270 845; x_wconf 77' lang='lat' dir='ltr'><strong>Cum</strong></span> <span class='ocrx_word' id='word_1_136' title='bbox 2337 805 2475 847; x_wconf 87' lang='lat' dir='ltr'><strong>vero</strong></span> <span class='ocrx_word' id='word_1_137' title='bbox 2505 792 2560 848; x_wconf 90' lang='lat' dir='ltr'><strong>id</strong></span> <span class='ocrx_word' id='word_1_138' title='bbox 2603 805 2757 850; x_wconf 83' lang='lat' dir='ltr'><strong>recte</strong></span> <span class='ocrx_word' id='word_1_139' title='bbox 2789 796 2907 851; x_wconf 91' lang='lat' dir='ltr'><strong>fieri</strong></span> <span class='ocrx_word' id='word_1_140' title='bbox 2946 814 3057 851; x_wconf 91' lang='lat' dir='ltr'><strong>non</strong></span> <span class='ocrx_word' id='word_1_141' title='bbox 3089 800 3285 868; x_wconf 71' lang='lat' dir='ltr'><strong>possit,</strong></span> <span class='ocrx_word' id='word_1_142' title='bbox 3315 802 3421 857; x_wconf 85' lang='lat' dir='ltr'><strong>nisi</strong></span> <span class='ocrx_word' id='word_1_143' title='bbox 3452 803 3716 860; x_wconf 80' lang='lat' dir='ltr'><strong>omnibus</strong></span> 
     </span>
    </p>
   </div>
   <div class='ocr_carea' id='block_1_21' title="bbox 2128 882 3717 961">
    <p class='ocr_par' dir='ltr' id='par_1_21' title="bbox 2128 882 3717 961">
     <span class='ocr_line' id='line_1_21' title="bbox 2128 882 3717 961; baseline 0.008 -23"><span class='ocrx_word' id='word_1_144' title='bbox 2128 882 2336 938; x_wconf 79' lang='lat' dir='ltr'><strong>sedatis</strong></span> <span class='ocrx_word' id='word_1_145' title='bbox 2384 883 2716 953; x_wconf 80' lang='lat' dir='ltr'><strong>discordiis,</strong></span> <span class='ocrx_word' id='word_1_146' title='bbox 2779 887 3186 952; x_wconf 84' lang='lat' dir='ltr'><strong>simultatibus,</strong></span> <span class='ocrx_word' id='word_1_147' title='bbox 3235 892 3419 958; x_wconf 89' lang='lat' dir='ltr'><strong>odiis,</strong></span> <span class='ocrx_word' id='word_1_148' title='bbox 3472 893 3717 961; x_wconf 81' lang='lat' dir='ltr'><strong>denique</strong></span> 
     </span>
    </p>
   </div>
   <div class='ocr_carea' id='block_1_22' title="bbox 2128 976 3720 1049">
    <p class='ocr_par' dir='ltr' id='par_1_22' title="bbox 2128 976 3720 1049">
     <span class='ocr_line' id='line_1_22' title="bbox 2128 976 3720 1049; baseline 0.005 -20"><span class='ocrx_word' id='word_1_149' title='bbox 2128 976 2346 1032; x_wconf 88' lang='lat' dir='ltr'><strong>cunctis</strong></span> <span class='ocrx_word' id='word_1_150' title='bbox 2368 977 2781 1046; x_wconf 81' lang='lat' dir='ltr'><strong>suspicionibus</strong></span> <span class='ocrx_word' id='word_1_151' title='bbox 2800 979 2871 1036; x_wconf 87' lang='lat' dir='ltr'><strong>de</strong></span> <span class='ocrx_word' id='word_1_152' title='bbox 2901 981 3086 1037; x_wconf 84' lang='lat' dir='ltr'><strong>medio</strong></span> <span class='ocrx_word' id='word_1_153' title='bbox 3112 984 3368 1049; x_wconf 75' lang='lat' dir='ltr'><strong>sublatis,</strong></span> <span class='ocrx_word' id='word_1_154' title='bbox 3394 985 3569 1041; x_wconf 82' lang='lat' dir='ltr'><strong>libero</strong></span> <span class='ocrx_word' id='word_1_155' title='bbox 3589 999 3720 1038; x_wconf 81' lang='lat' dir='ltr'><strong>rou-</strong></span> 
     </span>
    </p>
   </div>
   <div class='ocr_carea' id='block_1_23' title="bbox 2130 1065 3718 1147">
    <p class='ocr_par' dir='ltr' id='par_1_23' title="bbox 2130 1065 3718 1147">
     <span class='ocr_line' id='line_1_23' title="bbox 2130 1065 3718 1147; baseline 0.008 -29"><span class='ocrx_word' id='word_1_156' title='bbox 2130 1065 2297 1120; x_wconf 82' lang='lat' dir='ltr'><strong>sensu</strong></span> <span class='ocrx_word' id='word_1_157' title='bbox 2332 1067 2552 1131; x_wconf 80' lang='lat' dir='ltr'><strong>hostem</strong></span> <span class='ocrx_word' id='word_1_158' title='bbox 2601 1071 2946 1139; x_wconf 83' lang='lat' dir='ltr'><strong>adoriamur,</strong></span> <span class='ocrx_word' id='word_1_159' title='bbox 2981 1073 3161 1129; x_wconf 86' lang='lat' dir='ltr'><strong>danda</strong></span> <span class='ocrx_word' id='word_1_160' title='bbox 3224 1076 3277 1131; x_wconf 88' lang='lat' dir='ltr'><strong>in</strong></span> <span class='ocrx_word' id='word_1_161' title='bbox 3318 1078 3512 1146; x_wconf 80' lang='lat' dir='ltr'><strong>primis</strong></span> <span class='ocrx_word' id='word_1_162' title='bbox 3548 1086 3718 1147; x_wconf 79' lang='lat' dir='ltr'><strong>opera</strong></span> 
     </span>
    </p>
   </div>
   <div class='ocr_carea' id='block_1_24' title="bbox 2133 1160 3719 1234">
    <p class='ocr_par' dir='ltr' id='par_1_24' title="bbox 2133 1160 3719 1234">
     <span class='ocr_line' id='line_1_24' title="bbox 2133 1160 3719 1234; baseline 0.003 -18"><span class='ocrx_word' id='word_1_163' title='bbox 2133 1169 2240 1224; x_wconf 86' lang='lat' dir='ltr'><strong>est,</strong></span> <span class='ocrx_word' id='word_1_164' title='bbox 2277 1169 2336 1214; x_wconf 94' lang='lat' dir='ltr'><strong>ot</strong></span> <span class='ocrx_word' id='word_1_165' title='bbox 2358 1160 2529 1217; x_wconf 78' lang='lat' dir='ltr'><strong>italiae</strong></span> <span class='ocrx_word' id='word_1_166' title='bbox 2551 1164 2832 1220; x_wconf 86' lang='lat' dir='ltr'><strong>communi</strong></span> <span class='ocrx_word' id='word_1_167' title='bbox 2865 1180 3131 1234; x_wconf 82' lang='lat' dir='ltr'><strong>percusso</strong></span> <span class='ocrx_word' id='word_1_168' title='bbox 3154 1167 3385 1231; x_wconf 87' lang='lat' dir='ltr'><strong>foedere,</strong></span> <span class='ocrx_word' id='word_1_169' title='bbox 3420 1169 3562 1224; x_wconf 91' lang='lat' dir='ltr'><strong>idem</strong></span> <span class='ocrx_word' id='word_1_170' title='bbox 3593 1183 3719 1223; x_wconf 75' lang='lat' dir='ltr'><strong>son-</strong></span> 
     </span>
    </p>
   </div>
   <div class='ocr_carea' id='block_1_25' title="bbox 2134 1253 3716 1332">
    <p class='ocr_par' dir='ltr' id='par_1_25' title="bbox 2134 1253 3716 1332">
     <span class='ocr_line' id='line_1_25' title="bbox 2134 1253 3716 1332; baseline 0.006 -26"><span class='ocrx_word' id='word_1_171' title='bbox 2134 1253 2338 1309; x_wconf 90' lang='lat' dir='ltr'><strong>tiamus</strong></span> <span class='ocrx_word' id='word_1_172' title='bbox 2360 1269 2575 1320; x_wconf 88' lang='lat' dir='ltr'><strong>omnes,</strong></span> <span class='ocrx_word' id='word_1_173' title='bbox 2604 1255 2751 1313; x_wconf 81' lang='lat' dir='ltr'><strong>idem</strong></span> <span class='ocrx_word' id='word_1_174' title='bbox 2781 1257 3019 1314; x_wconf 81' lang='lat' dir='ltr'><strong>velimus</strong></span> <span class='ocrx_word' id='word_1_175' title='bbox 3051 1269 3218 1330; x_wconf 78' lang='lat' dir='ltr'><strong>atque</strong></span> <span class='ocrx_word' id='word_1_176' title='bbox 3247 1272 3525 1332; x_wconf 80' lang='lat' dir='ltr'><strong>optemus.</strong></span> <span class='ocrx_word' id='word_1_177' title='bbox 3557 1260 3716 1327; x_wconf 90' lang='lat' dir='ltr'><strong>Quod</strong></span> 
     </span>
    </p>
   </div>
   <div class='ocr_carea' id='block_1_26' title="bbox 2133 1344 3714 1423">
    <p class='ocr_par' dir='ltr' id='par_1_26' title="bbox 2133 1344 3714 1423">
     <span class='ocr_line' id='line_1_26' title="bbox 2133 1344 3714 1423; baseline 0.004 -23"><span class='ocrx_word' id='word_1_178' title='bbox 2133 1344 2178 1401; x_wconf 89' lang='lat' dir='ltr'><strong>si</strong></span> <span class='ocrx_word' id='word_1_179' title='bbox 2211 1347 2266 1400; x_wconf 90' lang='lat' dir='ltr'><strong>in</strong></span> <span class='ocrx_word' id='word_1_180' title='bbox 2300 1362 2371 1403; x_wconf 90' lang='lat' dir='ltr'><strong>eo</strong></span> <span class='ocrx_word' id='word_1_181' title='bbox 2409 1348 2739 1419; x_wconf 73' lang='lat' dir='ltr'><strong>exponendo</strong></span> <span class='ocrx_word' id='word_1_182' title='bbox 2782 1350 2993 1405; x_wconf 87' lang='lat' dir='ltr'><strong>versari</strong></span> <span class='ocrx_word' id='word_1_183' title='bbox 3035 1352 3285 1414; x_wconf 89' lang='lat' dir='ltr'><strong>voluero.</strong></span> <span class='ocrx_word' id='word_1_184' title='bbox 3314 1353 3461 1423; x_wconf 85' lang='lat' dir='ltr'><strong>quod</strong></span> <span class='ocrx_word' id='word_1_185' title='bbox 3497 1354 3564 1407; x_wconf 86' lang='lat' dir='ltr'><strong>ad</strong></span> <span class='ocrx_word' id='word_1_186' title='bbox 3598 1366 3714 1408; x_wconf 83' lang='lat' dir='ltr'><strong>rem</strong></span> 
     </span>
    </p>
   </div>
   <div class='ocr_carea' id='block_1_27' title="bbox 2132 1440 3712 1513">
    <p class='ocr_par' dir='ltr' id='par_1_27' title="bbox 2132 1440 3712 1513">
     <span class='ocr_line' id='line_1_27' title="bbox 2132 1440 3712 1513; baseline 0.003 -19"><span class='ocrx_word' id='word_1_187' title='bbox 2132 1449 2380 1495; x_wconf 88' lang='lat' dir='ltr'><strong>nostram</strong></span> <span class='ocrx_word' id='word_1_188' title='bbox 2412 1440 2649 1497; x_wconf 77' lang='lat' dir='ltr'><strong>maxime</strong></span> <span class='ocrx_word' id='word_1_189' title='bbox 2694 1440 2937 1498; x_wconf 79' lang='lat' dir='ltr'><strong>attinere</strong></span> <span class='ocrx_word' id='word_1_190' title='bbox 2964 1443 3203 1508; x_wconf 84' lang='lat' dir='ltr'><strong>videtur,</strong></span> <span class='ocrx_word' id='word_1_191' title='bbox 3230 1454 3367 1513; x_wconf 62' lang='lat' dir='ltr'><strong>quot</strong></span> <span class='ocrx_word' id='word_1_192' title='bbox 3400 1445 3712 1508; x_wconf 82' lang='lat' dir='ltr'><strong>commoda,</strong></span> 
     </span>
    </p>
   </div>
   <div class='ocr_carea' id='block_1_28' title="bbox 2137 1532 3718 1605">
    <p class='ocr_par' dir='ltr' id='par_1_28' title="bbox 2137 1532 3718 1605">
     <span class='ocr_line' id='line_1_28' title="bbox 2137 1532 3718 1605; baseline 0.005 -23"><span class='ocrx_word' id='word_1_193' title='bbox 2137 1545 2303 1601; x_wconf 89' lang='lat' dir='ltr'><strong>quam</strong></span> <span class='ocrx_word' id='word_1_194' title='bbox 2325 1532 2646 1598; x_wconf 84' lang='lat' dir='ltr'><strong>utilitatem,</strong></span> <span class='ocrx_word' id='word_1_195' title='bbox 2671 1549 2836 1600; x_wconf 85' lang='lat' dir='ltr'><strong>quam</strong></span> <span class='ocrx_word' id='word_1_196' title='bbox 2865 1532 3111 1605; x_wconf 86' lang='lat' dir='ltr'><strong>denique</strong></span> <span class='ocrx_word' id='word_1_197' title='bbox 3138 1535 3461 1591; x_wconf 89' lang='lat' dir='ltr'><strong>felicitatem</strong></span> <span class='ocrx_word' id='word_1_198' title='bbox 3487 1550 3718 1590; x_wconf 87' lang='lat' dir='ltr'><strong>concor-</strong></span> 
     </span>
    </p>
   </div>
   <div class='ocr_carea' id='block_1_29' title="bbox 2136 1622 3720 1697">
    <p class='ocr_par' dir='ltr' id='par_1_29' title="bbox 2136 1622 3720 1697">
     <span class='ocr_line' id='line_1_29' title="bbox 2136 1622 3720 1697; baseline 0.003 -21"><span class='ocrx_word' id='word_1_199' title='bbox 2136 1622 2229 1677; x_wconf 88' lang='lat' dir='ltr'><strong>dia</strong></span> <span class='ocrx_word' id='word_1_200' title='bbox 2256 1632 2314 1679; x_wconf 93' lang='lat' dir='ltr'><strong>ct</strong></span> <span class='ocrx_word' id='word_1_201' title='bbox 2350 1623 2665 1679; x_wconf 84' lang='lat' dir='ltr'><strong>animorum</strong></span> <span class='ocrx_word' id='word_1_202' title='bbox 2698 1623 2752 1678; x_wconf 89' lang='lat' dir='ltr'><strong>in</strong></span> <span class='ocrx_word' id='word_1_203' title='bbox 2791 1624 2939 1681; x_wconf 89' lang='lat' dir='ltr'><strong>idem</strong></span> <span class='ocrx_word' id='word_1_204' title='bbox 2969 1627 3315 1697; x_wconf 81' lang='lat' dir='ltr'><strong>conspiratio</strong></span> <span class='ocrx_word' id='word_1_205' title='bbox 3344 1641 3472 1682; x_wconf 89' lang='lat' dir='ltr'><strong>cum</strong></span> <span class='ocrx_word' id='word_1_206' title='bbox 3523 1626 3720 1682; x_wconf 86' lang='lat' dir='ltr'><strong>civita-</strong></span> 
     </span>
    </p>
   </div>
   <div class='ocr_carea' id='block_1_30' title="bbox 2135 1713 3717 1787">
    <p class='ocr_par' dir='ltr' id='par_1_30' title="bbox 2135 1713 3717 1787">
     <span class='ocr_line' id='line_1_30' title="bbox 2135 1713 3717 1787; baseline 0.003 -18"><span class='ocrx_word' id='word_1_207' title='bbox 2135 1713 2308 1778; x_wconf 89' lang='lat' dir='ltr'><strong>tibus.</strong></span> <span class='ocrx_word' id='word_1_208' title='bbox 2359 1725 2474 1772; x_wconf 91' lang='lat' dir='ltr'><strong>tum</strong></span> <span class='ocrx_word' id='word_1_209' title='bbox 2516 1716 2822 1787; x_wconf 80' lang='lat' dir='ltr'><strong>provinciis</strong></span> <span class='ocrx_word' id='word_1_210' title='bbox 2855 1717 3071 1784; x_wconf 76' lang='lat' dir='ltr'><strong>afferat,</strong></span> <span class='ocrx_word' id='word_1_211' title='bbox 3120 1719 3236 1775; x_wconf 90' lang='lat' dir='ltr'><strong>scio</strong></span> <span class='ocrx_word' id='word_1_212' title='bbox 3293 1719 3591 1775; x_wconf 86' lang='lat' dir='ltr'><strong>nonnullos</strong></span> <span class='ocrx_word' id='word_1_213' title='bbox 3641 1719 3717 1773; x_wconf 85' lang='lat' dir='ltr'><strong>ita</strong></span> 
     </span>
    </p>
   </div>
   <div class='ocr_carea' id='block_1_31' title="bbox 444 1779 3718 1883">
    <p class='ocr_par' dir='ltr' id='par_1_31' title="bbox 444 1779 3718 1883">
     <span class='ocr_line' id='line_1_31' title="bbox 444 1779 3718 1883; baseline 0.012 -55"><span class='ocrx_word' id='word_1_214' title='bbox 444 1779 611 1834; x_wconf 82' lang='lat' dir='ltr'><strong>verba</strong></span> <span class='ocrx_word' id='word_1_215' title='bbox 643 1779 768 1883; x_wconf 77' lang='lat' dir='ltr'><strong>feci,</strong></span> <span class='ocrx_word' id='word_1_216' title='bbox 800 1782 1024 1883; x_wconf 78' lang='lat' dir='ltr'><strong>subacta</strong></span> <span class='ocrx_word' id='word_1_217' title='bbox 1051 1793 1162 1840; x_wconf 90' lang='lat' dir='ltr'><strong>tota</strong></span> <span class='ocrx_word' id='word_1_218' title='bbox 1193 1785 1373 1883; x_wconf 50' lang='grc' dir='ltr'><strong>(ξιιιιίξιΔ</strong></span> <span class='ocrx_word' id='word_1_219' title='bbox 1394 1788 1693 1861; x_wconf 83' lang='lat' dir='ltr'><strong>Cisalpina,</strong></span> <span class='ocrx_word' id='word_1_220' title='bbox 1723 1795 1790 1849; x_wconf 89' lang='lat' dir='ltr'><strong>ad</strong></span> <span class='ocrx_word' id='word_1_221' title='bbox 1822 1795 2026 1853; x_wconf 83' lang='lat' dir='ltr'><strong>Urbem</strong></span> <span class='ocrx_word' id='word_1_222' title='bbox 2066 1872 2103 1883; x_wconf 85' lang='lat'><strong>__</strong></span> <span class='ocrx_word' id='word_1_223' title='bbox 2135 1814 2225 1864; x_wconf 78' lang='lat' dir='ltr'><strong>ine</strong></span> <span class='ocrx_word' id='word_1_224' title='bbox 2263 1779 2577 1872; x_wconf 71' lang='lat' dir='ltr'><strong>audituros,</strong></span> <span class='ocrx_word' id='word_1_225' title='bbox 2610 1818 2671 1865; x_wconf 91' lang='lat' dir='ltr'><strong>ut</strong></span> <span class='ocrx_word' id='word_1_226' title='bbox 2705 1809 2846 1865; x_wconf 84' lang='lat' dir='ltr'><strong>nihil</strong></span> <span class='ocrx_word' id='word_1_227' title='bbox 2899 1779 3124 1881; x_wconf 65' lang='lat' dir='ltr'><strong>quidam</strong></span> <span class='ocrx_word' id='word_1_228' title='bbox 3188 1811 3342 1879; x_wconf 79' lang='lat' dir='ltr'><strong>novi,</strong></span> <span class='ocrx_word' id='word_1_229' title='bbox 3392 1810 3489 1868; x_wconf 84' lang='lat' dir='ltr'><strong>sed</strong></span> <span class='ocrx_word' id='word_1_230' title='bbox 3554 1811 3718 1883; x_wconf 85' lang='lat' dir='ltr'><strong>plane</strong></span> 
     </span>
    </p>
   </div>
   <div class='ocr_carea' id='block_1_32' title="bbox 445 1872 3703 1974">
    <p class='ocr_par' dir='ltr' id='par_1_32' title="bbox 445 1872 3703 1974">
     <span class='ocr_line' id='line_1_32' title="bbox 445 1872 3703 1974; baseline 0.007 -52"><span class='ocrx_word' id='word_1_231' title='bbox 445 1872 800 1974; x_wconf 68' lang='lat' dir='ltr'><strong>evertendam</strong></span> <span class='ocrx_word' id='word_1_232' title='bbox 827 1874 1128 1974; x_wconf 56' lang='lat' dir='ltr'><strong>exercitum</strong></span> <span class='ocrx_word' id='word_1_233' title='bbox 1158 1876 1422 1974; x_wconf 77' lang='lat' dir='ltr'><strong>admovit.</strong></span> <span class='ocrx_word' id='word_1_234' title='bbox 1441 1881 1610 1951; x_wconf 81' lang='lat' dir='ltr'><strong>Cujus</strong></span> <span class='ocrx_word' id='word_1_235' title='bbox 1632 1884 1873 1941; x_wconf 83' lang='lat' dir='ltr'><strong>furorem</strong></span> <span class='ocrx_word' id='word_1_236' title='bbox 1900 1887 2030 1943; x_wconf 88' lang='lat' dir='ltr'><strong>bar-</strong></span> <span class='ocrx_word' id='word_1_237' title='bbox 2066 1872 2106 1928; x_wconf 66' lang='grc' dir='ltr'><strong>Β</strong></span> <span class='ocrx_word' id='word_1_238' title='bbox 2135 1900 2352 1972; x_wconf 56' lang='lat' dir='ltr'><strong>cognita</strong></span> <span class='ocrx_word' id='word_1_239' title='bbox 2378 1911 2438 1956; x_wconf 68' lang='grc' dir='ltr'><strong>ει</strong></span> <span class='ocrx_word' id='word_1_240' title='bbox 2459 1902 2781 1974; x_wconf 54' lang='lat' dir='ltr'><strong>pervulgata</strong></span> <span class='ocrx_word' id='word_1_241' title='bbox 2812 1872 3000 1959; x_wconf 51' lang='lat' dir='ltr'><strong>ornt-“3</strong></span> <span class='ocrx_word' id='word_1_242' title='bbox 3037 1917 3125 1959; x_wconf 73' lang='lat' dir='ltr'><strong>me</strong></span> <span class='ocrx_word' id='word_1_243' title='bbox 3157 1872 3388 1961; x_wconf 37' lang='lat' dir='ltr'><strong>narrare</strong></span> <span class='ocrx_word' id='word_1_244' title='bbox 3421 1872 3703 1961; x_wconf 56' lang='lat' dir='ltr'><strong>aput-re“-</strong></span> 
     </span>
    </p>
   </div>
   <div class='ocr_carea' id='block_1_33' title="bbox 445 1960 2026 2042">
    <p class='ocr_par' dir='ltr' id='par_1_33' title="bbox 445 1960 2026 2042">
     <span class='ocr_line' id='line_1_33' title="bbox 445 1960 2026 2042; baseline 0.013 -29"><span class='ocrx_word' id='word_1_245' title='bbox 445 1960 642 2015; x_wconf 87' lang='lat' dir='ltr'><strong>barum</strong></span> <span class='ocrx_word' id='word_1_246' title='bbox 667 1972 731 2018; x_wconf 82' lang='lat' dir='ltr'><strong>et</strong></span> <span class='ocrx_word' id='word_1_247' title='bbox 763 1973 1031 2033; x_wconf 78' lang='lat' dir='ltr'><strong>agrestem</strong></span> <span class='ocrx_word' id='word_1_248' title='bbox 1063 1965 1345 2023; x_wconf 78' lang='lat' dir='ltr'><strong>Pontificis</strong></span> <span class='ocrx_word' id='word_1_249' title='bbox 1374 1971 1685 2042; x_wconf 87' lang='lat' dir='ltr'><strong>eloquentia</strong></span> <span class='ocrx_word' id='word_1_250' title='bbox 1708 1977 2026 2033; x_wconf 81' lang='lat' dir='ltr'><strong>retardavit.</strong></span> 
     </span>
    </p>
   </div>
   <div class='ocr_carea' id='block_1_34' title="bbox 445 2053 2029 2135">
    <p class='ocr_par' dir='ltr' id='par_1_34' title="bbox 445 2053 2029 2135">
     <span class='ocr_line' id='line_1_34' title="bbox 445 2053 2029 2135; baseline 0.015 -33"><span class='ocrx_word' id='word_1_251' title='bbox 445 2053 601 2118; x_wconf 80' lang='lat' dir='ltr'><strong>and</strong></span> <span class='ocrx_word' id='word_1_252' title='bbox 636 2053 679 2107; x_wconf 91' lang='lat' dir='ltr'><strong>si</strong></span> <span class='ocrx_word' id='word_1_253' title='bbox 719 2064 843 2123; x_wconf 88' lang='lat' dir='ltr'><strong>post</strong></span> <span class='ocrx_word' id='word_1_254' title='bbox 869 2053 1196 2113; x_wconf 72' lang='lat' dir='ltr'><strong>Annibalem</strong></span> <span class='ocrx_word' id='word_1_255' title='bbox 1249 2069 1305 2114; x_wconf 92' lang='lat' dir='ltr'><strong>et</strong></span> <span class='ocrx_word' id='word_1_256' title='bbox 1335 2073 1551 2118; x_wconf 89' lang='lat' dir='ltr'><strong>veteres</strong></span> <span class='ocrx_word' id='word_1_257' title='bbox 1577 2064 1695 2121; x_wconf 90' lang='lat' dir='ltr'><strong>illas</strong></span> <span class='ocrx_word' id='word_1_258' title='bbox 1747 2067 2029 2135; x_wconf 86' lang='lat' dir='ltr'><strong>victorias,</strong></span> 
     </span>
    </p>
   </div>
   <div class='ocr_carea' id='block_1_35' title="bbox 450 2142 2030 2222">
    <p class='ocr_par' dir='ltr' id='par_1_35' title="bbox 450 2142 2030 2222">
     <span class='ocr_line' id='line_1_35' title="bbox 450 2142 2030 2222; baseline 0.013 -27"><span class='ocrx_word' id='word_1_259' title='bbox 450 2142 495 2195; x_wconf 83' lang='lat' dir='ltr'><strong>si</strong></span> <span class='ocrx_word' id='word_1_260' title='bbox 533 2155 659 2212; x_wconf 80' lang='lat' dir='ltr'><strong>post</strong></span> <span class='ocrx_word' id='word_1_261' title='bbox 688 2159 885 2198; x_wconf 88' lang='lat' dir='ltr'><strong>nomen</strong></span> <span class='ocrx_word' id='word_1_262' title='bbox 920 2144 1127 2201; x_wconf 78' lang='lat' dir='ltr'><strong>Christi</strong></span> <span class='ocrx_word' id='word_1_263' title='bbox 1157 2151 1562 2222; x_wconf 80' lang='lat' dir='ltr'><strong>pervulgatum,</strong></span> <span class='ocrx_word' id='word_1_264' title='bbox 1584 2167 1898 2214; x_wconf 77' lang='lat' dir='ltr'><strong>exterarum</strong></span> <span class='ocrx_word' id='word_1_265' title='bbox 1933 2161 2030 2216; x_wconf 89' lang='lat' dir='ltr'><strong>ho-</strong></span> 
     </span>
    </p>
   </div>
   <div class='ocr_carea' id='block_1_36' title="bbox 448 2236 2027 2317">
    <p class='ocr_par' dir='ltr' id='par_1_36' title="bbox 448 2236 2027 2317">
     <span class='ocr_line' id='line_1_36' title="bbox 448 2236 2027 2317; baseline 0.014 -30"><span class='ocrx_word' id='word_1_266' title='bbox 448 2236 657 2289; x_wconf 87' lang='lat' dir='ltr'><strong>minum</strong></span> <span class='ocrx_word' id='word_1_267' title='bbox 712 2236 926 2292; x_wconf 90' lang='lat' dir='ltr'><strong>sentina</strong></span> <span class='ocrx_word' id='word_1_268' title='bbox 983 2238 1051 2293; x_wconf 89' lang='lat' dir='ltr'><strong>ad</strong></span> <span class='ocrx_word' id='word_1_269' title='bbox 1111 2239 1276 2297; x_wconf 65' lang='lat' dir='ltr'><strong>italiae</strong></span> <span class='ocrx_word' id='word_1_270' title='bbox 1325 2244 1694 2313; x_wconf 72' lang='lat' dir='ltr'><strong>gubernacula</strong></span> <span class='ocrx_word' id='word_1_271' title='bbox 1744 2250 2027 2317; x_wconf 75' lang='lat' dir='ltr'><strong>confluxit,</strong></span> 
     </span>
    </p>
   </div>
   <div class='ocr_carea' id='block_1_37' title="bbox 445 2327 2029 2413">
    <p class='ocr_par' dir='ltr' id='par_1_37' title="bbox 445 2327 2029 2413">
     <span class='ocr_line' id='line_1_37' title="bbox 445 2327 2029 2413; baseline 0.016 -35"><span class='ocrx_word' id='word_1_272' title='bbox 445 2327 580 2395; x_wconf 82' lang='lat' dir='ltr'><strong>quid</strong></span> <span class='ocrx_word' id='word_1_273' title='bbox 622 2336 840 2387; x_wconf 86' lang='lat' dir='ltr'><strong>tandem</strong></span> <span class='ocrx_word' id='word_1_274' title='bbox 890 2342 1094 2390; x_wconf 84' lang='lat' dir='ltr'><strong>tantam</strong></span> <span class='ocrx_word' id='word_1_275' title='bbox 1146 2337 1251 2393; x_wconf 93' lang='lat' dir='ltr'><strong>hoc</strong></span> <span class='ocrx_word' id='word_1_276' title='bbox 1300 2348 1547 2411; x_wconf 89' lang='lat' dir='ltr'><strong>tempore</strong></span> <span class='ocrx_word' id='word_1_277' title='bbox 1576 2346 1871 2413; x_wconf 86' lang='lat' dir='ltr'><strong>procellam</strong></span> <span class='ocrx_word' id='word_1_278' title='bbox 1922 2364 2029 2404; x_wconf 91' lang='lat' dir='ltr'><strong>non</strong></span> 
     </span>
    </p>
   </div>
   <div class='ocr_carea' id='block_1_38' title="bbox 449 2417 2027 2496">
    <p class='ocr_par' dir='ltr' id='par_1_38' title="bbox 449 2417 2027 2496">
     <span class='ocr_line' id='line_1_38' title="bbox 449 2417 2027 2496; baseline 0.015 -25"><span class='ocrx_word' id='word_1_279' title='bbox 449 2417 703 2476; x_wconf 84' lang='lat' dir='ltr'><strong>timemus</strong></span> <span class='ocrx_word' id='word_1_280' title='bbox 722 2421 745 2475; x_wconf 87' lang='lat'><strong>?</strong></span> <span class='ocrx_word' id='word_1_281' title='bbox 765 2439 887 2492; x_wconf 76' lang='lat' dir='ltr'><strong>qua:</strong></span> <span class='ocrx_word' id='word_1_282' title='bbox 922 2424 1170 2495; x_wconf 90' lang='lat' dir='ltr'><strong>profecto</strong></span> <span class='ocrx_word' id='word_1_283' title='bbox 1204 2438 1386 2486; x_wconf 85' lang='lat' dir='ltr'><strong>tantos</strong></span> <span class='ocrx_word' id='word_1_284' title='bbox 1413 2434 1786 2491; x_wconf 84' lang='lat' dir='ltr'><strong>calamitatum</strong></span> <span class='ocrx_word' id='word_1_285' title='bbox 1823 2437 2027 2496; x_wconf 87' lang='lat' dir='ltr'><strong>fluctus</strong></span> 
     </span>
    </p>
   </div>
   <div class='ocr_carea' id='block_1_39' title="bbox 445 2509 2033 2600">
    <p class='ocr_par' dir='ltr' id='par_1_39' title="bbox 445 2509 2033 2600">
     <span class='ocr_line' id='line_1_39' title="bbox 445 2509 2033 2600; baseline 0.013 -37"><span class='ocrx_word' id='word_1_286' title='bbox 445 2509 676 2566; x_wconf 87' lang='lat' dir='ltr'><strong>allatura</strong></span> <span class='ocrx_word' id='word_1_287' title='bbox 702 2523 803 2579; x_wconf 87' lang='lat' dir='ltr'><strong>est,</strong></span> <span class='ocrx_word' id='word_1_288' title='bbox 854 2515 898 2570; x_wconf 81' lang='lat' dir='ltr'><strong>si</strong></span> <span class='ocrx_word' id='word_1_289' title='bbox 931 2517 1178 2586; x_wconf 87' lang='lat' dir='ltr'><strong>eruperit</strong></span> <span class='ocrx_word' id='word_1_290' title='bbox 1199 2557 1213 2579; x_wconf 85' lang='lat'><strong>.</strong></span> <span class='ocrx_word' id='word_1_291' title='bbox 1246 2528 1308 2575; x_wconf 90' lang='lat' dir='ltr'><strong>ut</strong></span> <span class='ocrx_word' id='word_1_292' title='bbox 1337 2520 1403 2576; x_wconf 89' lang='lat' dir='ltr'><strong>ad</strong></span> <span class='ocrx_word' id='word_1_293' title='bbox 1440 2524 1650 2580; x_wconf 87' lang='lat' dir='ltr'><strong>nullout</strong></span> <span class='ocrx_word' id='word_1_294' title='bbox 1679 2526 1753 2583; x_wconf 88' lang='lat' dir='ltr'><strong>ita</strong></span> <span class='ocrx_word' id='word_1_295' title='bbox 1786 2529 1858 2583; x_wconf 88' lang='lat' dir='ltr'><strong>sit</strong></span> <span class='ocrx_word' id='word_1_296' title='bbox 1903 2546 2033 2600; x_wconf 86' lang='lat' dir='ltr'><strong>per-</strong></span> 
     </span>
    </p>
   </div>
   <div class='ocr_carea' id='block_1_40' title="bbox 445 2608 2029 2685">
    <p class='ocr_par' dir='ltr' id='par_1_40' title="bbox 445 2608 2029 2685">
     <span class='ocr_line' id='line_1_40' title="bbox 445 2608 2029 2685; baseline 0.016 -31"><span class='ocrx_word' id='word_1_297' title='bbox 445 2611 699 2670; x_wconf 87' lang='lat' dir='ltr'><strong>ventura,</strong></span> <span class='ocrx_word' id='word_1_298' title='bbox 732 2608 864 2676; x_wconf 88' lang='lat' dir='ltr'><strong>quin</strong></span> <span class='ocrx_word' id='word_1_299' title='bbox 902 2608 957 2663; x_wconf 91' lang='lat' dir='ltr'><strong>in</strong></span> <span class='ocrx_word' id='word_1_300' title='bbox 988 2620 1313 2668; x_wconf 73' lang='lat' dir='ltr'><strong>czeterorum</strong></span> <span class='ocrx_word' id='word_1_301' title='bbox 1344 2614 1523 2685; x_wconf 87' lang='lat' dir='ltr'><strong>capita</strong></span> <span class='ocrx_word' id='word_1_302' title='bbox 1571 2619 1861 2676; x_wconf 87' lang='lat' dir='ltr'><strong>redundet.</strong></span> <span class='ocrx_word' id='word_1_303' title='bbox 1891 2622 2029 2679; x_wconf 85' lang='lat' dir='ltr'><strong>Nam</strong></span> 
     </span>
    </p>
   </div>
   <div class='ocr_carea' id='block_1_41' title="bbox 447 2694 2031 2778">
    <p class='ocr_par' dir='ltr' id='par_1_41' title="bbox 447 2694 2031 2778">
     <span class='ocr_line' id='line_1_41' title="bbox 447 2694 2031 2778; baseline 0.015 -30"><span class='ocrx_word' id='word_1_304' title='bbox 447 2703 502 2748; x_wconf 91' lang='lat' dir='ltr'><strong>ut</strong></span> <span class='ocrx_word' id='word_1_305' title='bbox 540 2694 594 2750; x_wconf 88' lang='lat' dir='ltr'><strong>in</strong></span> <span class='ocrx_word' id='word_1_306' title='bbox 634 2706 957 2767; x_wconf 88' lang='lat' dir='ltr'><strong>tempestate</strong></span> <span class='ocrx_word' id='word_1_307' title='bbox 992 2700 1273 2760; x_wconf 89' lang='lat' dir='ltr'><strong>cernimus</strong></span> <span class='ocrx_word' id='word_1_308' title='bbox 1321 2709 1615 2778; x_wconf 85' lang='lat' dir='ltr'><strong>procellas,</strong></span> <span class='ocrx_word' id='word_1_309' title='bbox 1662 2726 1787 2767; x_wconf 84' lang='lat' dir='ltr'><strong>cum</strong></span> <span class='ocrx_word' id='word_1_310' title='bbox 1820 2713 1874 2769; x_wconf 92' lang='lat' dir='ltr'><strong>in</strong></span> <span class='ocrx_word' id='word_1_311' title='bbox 1911 2731 2031 2771; x_wconf 50' lang='lat' dir='ltr'><strong>sco.</strong></span> 
     </span>
    </p>
   </div>
   <div class='ocr_carea' id='block_1_42' title="bbox 448 2787 2032 2870">
    <p class='ocr_par' dir='ltr' id='par_1_42' title="bbox 448 2787 2032 2870">
     <span class='ocr_line' id='line_1_42' title="bbox 448 2787 2032 2870; baseline 0.015 -30"><span class='ocrx_word' id='word_1_312' title='bbox 448 2787 637 2858; x_wconf 89' lang='lat' dir='ltr'><strong>pulum</strong></span> <span class='ocrx_word' id='word_1_313' title='bbox 666 2789 720 2844; x_wconf 92' lang='lat' dir='ltr'><strong>in</strong></span> <span class='ocrx_word' id='word_1_314' title='bbox 751 2807 914 2860; x_wconf 88' lang='lat' dir='ltr'><strong>quem</strong></span> <span class='ocrx_word' id='word_1_315' title='bbox 947 2792 1267 2852; x_wconf 83' lang='lat' dir='ltr'><strong>ferebantur</strong></span> <span class='ocrx_word' id='word_1_316' title='bbox 1294 2800 1558 2855; x_wconf 68' lang='lat' dir='ltr'><strong>saevitiam</strong></span> <span class='ocrx_word' id='word_1_317' title='bbox 1579 2802 1857 2870; x_wconf 87' lang='lat' dir='ltr'><strong>iliiserint,</strong></span> <span class='ocrx_word' id='word_1_318' title='bbox 1879 2797 2032 2863; x_wconf 78' lang='lat' dir='ltr'><strong>tanto</strong></span> 
     </span>
    </p>
   </div>
   <div class='ocr_carea' id='block_1_43' title="bbox 448 2880 2029 2964">
    <p class='ocr_par' dir='ltr' id='par_1_43' title="bbox 448 2880 2029 2964">
     <span class='ocr_line' id='line_1_43' title="bbox 448 2880 2029 2964; baseline 0.016 -35"><span class='ocrx_word' id='word_1_319' title='bbox 448 2887 599 2932; x_wconf 90' lang='lat' dir='ltr'><strong>motu</strong></span> <span class='ocrx_word' id='word_1_320' title='bbox 634 2880 851 2943; x_wconf 86' lang='lat' dir='ltr'><strong>referri,</strong></span> <span class='ocrx_word' id='word_1_321' title='bbox 887 2891 947 2937; x_wconf 88' lang='lat' dir='ltr'><strong>ut</strong></span> <span class='ocrx_word' id='word_1_322' title='bbox 987 2898 1153 2953; x_wconf 89' lang='lat' dir='ltr'><strong>quam</strong></span> <span class='ocrx_word' id='word_1_323' title='bbox 1208 2892 1621 2960; x_wconf 79' lang='lat' dir='ltr'><strong>occupaverint,</strong></span> <span class='ocrx_word' id='word_1_324' title='bbox 1667 2910 1884 2964; x_wconf 84' lang='lat' dir='ltr'><strong>navem,</strong></span> <span class='ocrx_word' id='word_1_325' title='bbox 1920 2915 2029 2955; x_wconf 88' lang='lat' dir='ltr'><strong>non</strong></span> 
     </span>
    </p>
   </div>
   <div class='ocr_carea' id='block_1_44' title="bbox 446 2970 2033 3055">
    <p class='ocr_par' dir='ltr' id='par_1_44' title="bbox 446 2970 2033 3055">
     <span class='ocr_line' id='line_1_44' title="bbox 446 2970 2033 3055; baseline 0.017 -32"><span class='ocrx_word' id='word_1_326' title='bbox 446 2970 608 3024; x_wconf 88' lang='lat' dir='ltr'><strong>aliter</strong></span> <span class='ocrx_word' id='word_1_327' title='bbox 638 2970 894 3040; x_wconf 89' lang='lat' dir='ltr'><strong>obruant,</strong></span> <span class='ocrx_word' id='word_1_328' title='bbox 928 2991 1094 3046; x_wconf 89' lang='lat' dir='ltr'><strong>quam</strong></span> <span class='ocrx_word' id='word_1_329' title='bbox 1126 2993 1253 3033; x_wconf 92' lang='lat' dir='ltr'><strong>cum</strong></span> <span class='ocrx_word' id='word_1_330' title='bbox 1296 2981 1522 3053; x_wconf 75' lang='lat' dir='ltr'><strong>integrat</strong></span> <span class='ocrx_word' id='word_1_331' title='bbox 1548 2970 1738 3055; x_wconf 89' lang='lat' dir='ltr'><strong>erant;</strong></span> <span class='ocrx_word' id='word_1_332' title='bbox 1769 2991 1844 3044; x_wconf 88' lang='lat' dir='ltr'><strong>ita</strong></span> <span class='ocrx_word' id='word_1_333' title='bbox 1871 2993 2033 3050; x_wconf 84' lang='lat' dir='ltr'><strong>nobis</strong></span> 
     </span>
    </p>
   </div>
   <div class='ocr_carea' id='block_1_45' title="bbox 447 3066 2031 3142">
    <p class='ocr_par' dir='ltr' id='par_1_45' title="bbox 447 3066 2031 3142">
     <span class='ocr_line' id='line_1_45' title="bbox 447 3066 2031 3142; baseline 0.015 -24"><span class='ocrx_word' id='word_1_334' title='bbox 447 3066 709 3123; x_wconf 83' lang='lat' dir='ltr'><strong>Ottmibtts</strong></span> <span class='ocrx_word' id='word_1_335' title='bbox 730 3067 1099 3126; x_wconf 72' lang='lat' dir='ltr'><strong>Barbarorum</strong></span> <span class='ocrx_word' id='word_1_336' title='bbox 1128 3075 1545 3134; x_wconf 88' lang='lat' dir='ltr'><strong>inundationem</strong></span> <span class='ocrx_word' id='word_1_337' title='bbox 1570 3081 1869 3140; x_wconf 87' lang='lat' dir='ltr'><strong>timendam</strong></span> <span class='ocrx_word' id='word_1_338' title='bbox 1899 3101 2031 3142; x_wconf 91' lang='lat' dir='ltr'><strong>cen-</strong></span> 
     </span>
    </p>
   </div>
   <div class='ocr_carea' id='block_1_46' title="bbox 2134 1992 3715 2064">
    <p class='ocr_par' dir='ltr' id='par_1_46' title="bbox 2134 1992 3715 2064">
     <span class='ocr_line' id='line_1_46' title="bbox 2134 1992 3715 2064; baseline 0.002 -18"><span class='ocrx_word' id='word_1_339' title='bbox 2134 1999 2246 2058; x_wconf 86' lang='lat' dir='ltr'><strong>tnr,</strong></span> <span class='ocrx_word' id='word_1_340' title='bbox 2276 2005 2401 2046; x_wconf 90' lang='lat' dir='ltr'><strong>cum</strong></span> <span class='ocrx_word' id='word_1_341' title='bbox 2440 2007 2603 2049; x_wconf 90' lang='lat' dir='ltr'><strong>nemo</strong></span> <span class='ocrx_word' id='word_1_342' title='bbox 2639 1992 2772 2048; x_wconf 91' lang='lat' dir='ltr'><strong>illud</strong></span> <span class='ocrx_word' id='word_1_343' title='bbox 2804 1993 3039 2063; x_wconf 77' lang='lat' dir='ltr'><strong>ignoret,</strong></span> <span class='ocrx_word' id='word_1_344' title='bbox 3070 2001 3333 2064; x_wconf 80' lang='lat' dir='ltr'><strong>quantam</strong></span> <span class='ocrx_word' id='word_1_345' title='bbox 3367 1994 3475 2049; x_wconf 85' lang='lat' dir='ltr'><strong>vim</strong></span> <span class='ocrx_word' id='word_1_346' title='bbox 3511 1996 3567 2050; x_wconf 89' lang='lat' dir='ltr'><strong>in</strong></span> <span class='ocrx_word' id='word_1_347' title='bbox 3624 2009 3715 2050; x_wconf 77' lang='lat' dir='ltr'><strong>re-</strong></span> 
     </span>
    </p>
   </div>
   <div class='ocr_carea' id='block_1_47' title="bbox 2131 2083 3712 2154">
    <p class='ocr_par' dir='ltr' id='par_1_47' title="bbox 2131 2083 3712 2154">
     <span class='ocr_line' id='line_1_47' title="bbox 2131 2083 3712 2154; baseline 0.004 -17"><span class='ocrx_word' id='word_1_348' title='bbox 2131 2083 2239 2138; x_wconf 88' lang='lat' dir='ltr'><strong>bus</strong></span> <span class='ocrx_word' id='word_1_349' title='bbox 2305 2083 2393 2139; x_wconf 89' lang='lat' dir='ltr'><strong>vel</strong></span> <span class='ocrx_word' id='word_1_350' title='bbox 2431 2085 2690 2154; x_wconf 79' lang='lat' dir='ltr'><strong>parandis</strong></span> <span class='ocrx_word' id='word_1_351' title='bbox 2748 2085 2836 2140; x_wconf 86' lang='lat' dir='ltr'><strong>vel</strong></span> <span class='ocrx_word' id='word_1_352' title='bbox 2877 2086 3101 2142; x_wconf 83' lang='lat' dir='ltr'><strong>tuendis</strong></span> <span class='ocrx_word' id='word_1_353' title='bbox 3136 2086 3434 2142; x_wconf 86' lang='lat' dir='ltr'><strong>concordia</strong></span> <span class='ocrx_word' id='word_1_354' title='bbox 3491 2086 3712 2143; x_wconf 85' lang='lat' dir='ltr'><strong>habeat.</strong></span> 
     </span>
    </p>
   </div>
   <div class='ocr_carea' id='block_1_48' title="bbox 2132 2174 3715 2248">
    <p class='ocr_par' dir='ltr' id='par_1_48' title="bbox 2132 2174 3715 2248">
     <span class='ocr_line' id='line_1_48' title="bbox 2132 2174 3715 2248; baseline 0.003 -18"><span class='ocrx_word' id='word_1_355' title='bbox 2132 2174 2206 2230; x_wconf 91' lang='lat' dir='ltr'><strong>lis</strong></span> <span class='ocrx_word' id='word_1_356' title='bbox 2233 2188 2337 2246; x_wconf 79' lang='lat' dir='ltr'><strong>ego</strong></span> <span class='ocrx_word' id='word_1_357' title='bbox 2364 2190 2474 2230; x_wconf 92' lang='lat' dir='ltr'><strong>non</strong></span> <span class='ocrx_word' id='word_1_358' title='bbox 2541 2175 2822 2232; x_wconf 91' lang='lat' dir='ltr'><strong>immerito</strong></span> <span class='ocrx_word' id='word_1_359' title='bbox 2878 2178 3302 2248; x_wconf 84' lang='lat' dir='ltr'><strong>responderim:</strong></span> <span class='ocrx_word' id='word_1_360' title='bbox 3359 2177 3473 2235; x_wconf 86' lang='lat' dir='ltr'><strong>Cur</strong></span> <span class='ocrx_word' id='word_1_361' title='bbox 3533 2192 3715 2234; x_wconf 86' lang='lat' dir='ltr'><strong>meam</strong></span> 
     </span>
    </p>
   </div>
   <div class='ocr_carea' id='block_1_49' title="bbox 2133 2266 3712 2340">
    <p class='ocr_par' dir='ltr' id='par_1_49' title="bbox 2133 2266 3712 2340">
     <span class='ocr_line' id='line_1_49' title="bbox 2133 2266 3712 2340; baseline 0.003 -20"><span class='ocrx_word' id='word_1_362' title='bbox 2133 2266 2300 2337; x_wconf 71' lang='lat' dir='ltr'><strong>igitur</strong></span> <span class='ocrx_word' id='word_1_363' title='bbox 2325 2266 2659 2338; x_wconf 82' lang='lat' dir='ltr'><strong>exspectatis</strong></span> <span class='ocrx_word' id='word_1_364' title='bbox 2717 2267 3070 2325; x_wconf 74' lang='lat' dir='ltr'><strong>orationem?</strong></span> <span class='ocrx_word' id='word_1_365' title='bbox 3126 2268 3272 2336; x_wconf 89' lang='lat' dir='ltr'><strong>Quin</strong></span> <span class='ocrx_word' id='word_1_366' title='bbox 3336 2279 3538 2340; x_wconf 83' lang='lat' dir='ltr'><strong>sponte</strong></span> <span class='ocrx_word' id='word_1_367' title='bbox 3587 2282 3712 2325; x_wconf 87' lang='lat' dir='ltr'><strong>eam</strong></span> 
     </span>
    </p>
   </div>
   <div class='ocr_carea' id='block_1_50' title="bbox 2133 2357 3722 2430">
    <p class='ocr_par' dir='ltr' id='par_1_50' title="bbox 2133 2357 3722 2430">
     <span class='ocr_line' id='line_1_50' title="bbox 2133 2357 3722 2430; baseline 0.003 -18"><span class='ocrx_word' id='word_1_368' title='bbox 2133 2358 2760 2429; x_wconf 73' lang='lat' dir='ltr'><strong>amplectiminilquam</strong></span> <span class='ocrx_word' id='word_1_369' title='bbox 2799 2357 2940 2414; x_wconf 86' lang='lat' dir='ltr'><strong>adeo</strong></span> <span class='ocrx_word' id='word_1_370' title='bbox 2977 2360 3171 2415; x_wconf 85' lang='lat' dir='ltr'><strong>utilem</strong></span> <span class='ocrx_word' id='word_1_371' title='bbox 3226 2374 3352 2416; x_wconf 83' lang='lat' dir='ltr'><strong>esse</strong></span> <span class='ocrx_word' id='word_1_372' title='bbox 3402 2369 3570 2430; x_wconf 87' lang='lat' dir='ltr'><strong>atque</strong></span> <span class='ocrx_word' id='word_1_373' title='bbox 3622 2375 3722 2416; x_wconf 88' lang='lat' dir='ltr'><strong>ne-</strong></span> 
     </span>
    </p>
   </div>
   <div class='ocr_carea' id='block_1_51' title="bbox 2133 2449 3715 2521">
    <p class='ocr_par' dir='ltr' id='par_1_51' title="bbox 2133 2449 3715 2521">
     <span class='ocr_line' id='line_1_51' title="bbox 2133 2449 3715 2521; baseline 0.001 -17"><span class='ocrx_word' id='word_1_374' title='bbox 2133 2450 2430 2506; x_wconf 87' lang='lat' dir='ltr'><strong>cessariam</strong></span> <span class='ocrx_word' id='word_1_375' title='bbox 2462 2449 2794 2521; x_wconf 74' lang='lat' dir='ltr'><strong>intelligitis,</strong></span> <span class='ocrx_word' id='word_1_376' title='bbox 2830 2459 2914 2514; x_wconf 90' lang='lat' dir='ltr'><strong>ut,</strong></span> <span class='ocrx_word' id='word_1_377' title='bbox 2945 2450 3054 2506; x_wconf 90' lang='lat' dir='ltr'><strong>nisi</strong></span> <span class='ocrx_word' id='word_1_378' title='bbox 3097 2449 3265 2515; x_wconf 85' lang='lat' dir='ltr'><strong>adsit,</strong></span> <span class='ocrx_word' id='word_1_379' title='bbox 3297 2450 3438 2507; x_wconf 91' lang='lat' dir='ltr'><strong>nihil</strong></span> <span class='ocrx_word' id='word_1_380' title='bbox 3471 2466 3715 2520; x_wconf 62' lang='lat' dir='ltr'><strong>aquom,</strong></span> 
     </span>
    </p>
   </div>
   <div class='ocr_carea' id='block_1_52' title="bbox 2133 2542 3720 2614">
    <p class='ocr_par' dir='ltr' id='par_1_52' title="bbox 2133 2542 3720 2614">
     <span class='ocr_line' id='line_1_52' title="bbox 2133 2542 3720 2614; baseline 0.001 -17"><span class='ocrx_word' id='word_1_381' title='bbox 2133 2543 2274 2598; x_wconf 90' lang='lat' dir='ltr'><strong>nihil</strong></span> <span class='ocrx_word' id='word_1_382' title='bbox 2308 2542 2624 2607; x_wconf 66' lang='lat' dir='ltr'><strong>honestum,</strong></span> <span class='ocrx_word' id='word_1_383' title='bbox 2657 2542 2797 2598; x_wconf 88' lang='lat' dir='ltr'><strong>nihil</strong></span> <span class='ocrx_word' id='word_1_384' title='bbox 2829 2552 3088 2599; x_wconf 90' lang='lat' dir='ltr'><strong>sanctum</strong></span> <span class='ocrx_word' id='word_1_385' title='bbox 3130 2542 3250 2598; x_wconf 84' lang='lat' dir='ltr'><strong>fieri</strong></span> <span class='ocrx_word' id='word_1_386' title='bbox 3308 2543 3506 2614; x_wconf 86' lang='lat' dir='ltr'><strong>possit.</strong></span> <span class='ocrx_word' id='word_1_387' title='bbox 3566 2544 3720 2599; x_wconf 80' lang='lat' dir='ltr'><strong>Con-</strong></span> 
     </span>
    </p>
   </div>
   <div class='ocr_carea' id='block_1_53' title="bbox 2133 2634 3717 2707">
    <p class='ocr_par' dir='ltr' id='par_1_53' title="bbox 2133 2634 3717 2707">
     <span class='ocr_line' id='line_1_53' title="bbox 2133 2634 3717 2707; baseline 0 -17"><span class='ocrx_word' id='word_1_388' title='bbox 2133 2636 2321 2692; x_wconf 84' lang='lat' dir='ltr'><strong>cordia</strong></span> <span class='ocrx_word' id='word_1_389' title='bbox 2352 2651 2533 2707; x_wconf 71' lang='lat' dir='ltr'><strong>parm</strong></span> <span class='ocrx_word' id='word_1_390' title='bbox 2564 2651 2659 2691; x_wconf 89' lang='lat' dir='ltr'><strong>res</strong></span> <span class='ocrx_word' id='word_1_391' title='bbox 2676 2643 2955 2697; x_wconf 77' lang='lat' dir='ltr'><strong>Crescunt,</strong></span> <span class='ocrx_word' id='word_1_392' title='bbox 2988 2634 3268 2692; x_wconf 84' lang='lat' dir='ltr'><strong>discordia</strong></span> <span class='ocrx_word' id='word_1_393' title='bbox 3293 2636 3547 2692; x_wconf 66' lang='lat' dir='ltr'><strong>maxime</strong></span> <span class='ocrx_word' id='word_1_394' title='bbox 3572 2634 3717 2690; x_wconf 86' lang='lat' dir='ltr'><strong>dila-</strong></span> 
     </span>
    </p>
   </div>
   <div class='ocr_carea' id='block_1_54' title="bbox 2132 2728 3720 2800">
    <p class='ocr_par' dir='ltr' id='par_1_54' title="bbox 2132 2728 3720 2800">
     <span class='ocr_line' id='line_1_54' title="bbox 2132 2728 3720 2800; baseline -0.002 -14"><span class='ocrx_word' id='word_1_395' title='bbox 2132 2730 2364 2786; x_wconf 86' lang='lat' dir='ltr'><strong>buntur.</strong></span> <span class='ocrx_word' id='word_1_396' title='bbox 2395 2728 2674 2799; x_wconf 81' lang='lat' dir='ltr'><strong>Quidquid</strong></span> <span class='ocrx_word' id='word_1_397' title='bbox 2704 2731 2759 2785; x_wconf 88' lang='lat' dir='ltr'><strong>in</strong></span> <span class='ocrx_word' id='word_1_398' title='bbox 2795 2728 2937 2786; x_wconf 65' lang='lat' dir='ltr'><strong>calo</strong></span> <span class='ocrx_word' id='word_1_399' title='bbox 2962 2738 3131 2799; x_wconf 86' lang='lat' dir='ltr'><strong>atque</strong></span> <span class='ocrx_word' id='word_1_400' title='bbox 3160 2729 3307 2784; x_wconf 86' lang='lat' dir='ltr'><strong>inter</strong></span> <span class='ocrx_word' id='word_1_401' title='bbox 3330 2728 3595 2784; x_wconf 81' lang='lat' dir='ltr'><strong>mortales</strong></span> <span class='ocrx_word' id='word_1_402' title='bbox 3618 2737 3720 2800; x_wconf 83' lang='lat' dir='ltr'><strong>0p-</strong></span> 
     </span>
    </p>
   </div>
   <div class='ocr_carea' id='block_1_55' title="bbox 2134 2820 3795 2891">
    <p class='ocr_par' dir='ltr' id='par_1_55' title="bbox 2134 2820 3795 2891">
     <span class='ocr_line' id='line_1_55' title="bbox 2134 2820 3795 2891; baseline 0.001 -14"><span class='ocrx_word' id='word_1_403' title='bbox 2134 2822 2327 2877; x_wconf 89' lang='lat' dir='ltr'><strong>timom</strong></span> <span class='ocrx_word' id='word_1_404' title='bbox 2351 2831 2456 2882; x_wconf 87' lang='lat' dir='ltr'><strong>est.</strong></span> <span class='ocrx_word' id='word_1_405' title='bbox 2492 2820 2548 2877; x_wconf 87' lang='lat' dir='ltr'><strong>id</strong></span> <span class='ocrx_word' id='word_1_406' title='bbox 2586 2836 2753 2877; x_wconf 87' lang='lat' dir='ltr'><strong>omne</strong></span> <span class='ocrx_word' id='word_1_407' title='bbox 2780 2837 2812 2877; x_wconf 90' lang='lat' dir='ltr'><strong>a</strong></span> <span class='ocrx_word' id='word_1_408' title='bbox 2862 2820 3162 2880; x_wconf 84' lang='lat' dir='ltr'><strong>concordia</strong></span> <span class='ocrx_word' id='word_1_409' title='bbox 3226 2820 3604 2891; x_wconf 70' lang='lat' dir='ltr'><strong>proficiscitur</strong></span> <span class='ocrx_word' id='word_1_410' title='bbox 3656 2833 3717 2879; x_wconf 88' lang='lat' dir='ltr'><strong>et</strong></span> <span class='ocrx_word' id='word_1_411' title='bbox 3784 2832 3795 2841; x_wconf 91' lang='lat'><strong>&#39;</strong></span> 
     </span>
    </p>
   </div>
   <div class='ocr_carea' id='block_1_56' title="bbox 2134 2910 3719 2983">
    <p class='ocr_par' dir='ltr' id='par_1_56' title="bbox 2134 2910 3719 2983">
     <span class='ocr_line' id='line_1_56' title="bbox 2134 2910 3719 2983; baseline 0.003 -17"><span class='ocrx_word' id='word_1_412' title='bbox 2134 2912 2356 2983; x_wconf 75' lang='lat' dir='ltr'><strong>pendet.</strong></span> <span class='ocrx_word' id='word_1_413' title='bbox 2387 2910 2509 2966; x_wconf 85' lang='lat' dir='ltr'><strong>Non</strong></span> <span class='ocrx_word' id='word_1_414' title='bbox 2541 2912 2844 2981; x_wconf 78' lang='lat' dir='ltr'><strong>provinciis</strong></span> <span class='ocrx_word' id='word_1_415' title='bbox 2870 2910 3157 2974; x_wconf 76' lang='lat' dir='ltr'><strong>duntaxat,</strong></span> <span class='ocrx_word' id='word_1_416' title='bbox 3189 2913 3442 2978; x_wconf 88' lang='lat' dir='ltr'><strong>orbibus,</strong></span> <span class='ocrx_word' id='word_1_417' title='bbox 3472 2928 3719 2970; x_wconf 82' lang='lat' dir='ltr'><strong>conven-</strong></span> 
     </span>
    </p>
   </div>
   <div class='ocr_carea' id='block_1_57' title="bbox 2132 3001 3719 3074">
    <p class='ocr_par' dir='ltr' id='par_1_57' title="bbox 2132 3001 3719 3074">
     <span class='ocr_line' id='line_1_57' title="bbox 2132 3001 3719 3074; baseline 0 -13"><span class='ocrx_word' id='word_1_418' title='bbox 2132 3005 2341 3069; x_wconf 76' lang='lat' dir='ltr'><strong>ticulis,</strong></span> <span class='ocrx_word' id='word_1_419' title='bbox 2368 3003 2583 3068; x_wconf 84' lang='lat' dir='ltr'><strong>domui,</strong></span> <span class='ocrx_word' id='word_1_420' title='bbox 2613 3001 2709 3058; x_wconf 87' lang='lat' dir='ltr'><strong>sed</strong></span> <span class='ocrx_word' id='word_1_421' title='bbox 2743 3003 2957 3074; x_wconf 84' lang='lat' dir='ltr'><strong>privato</strong></span> <span class='ocrx_word' id='word_1_422' title='bbox 2984 3002 3200 3058; x_wconf 90' lang='lat' dir='ltr'><strong>homini</strong></span> <span class='ocrx_word' id='word_1_423' title='bbox 3254 3005 3494 3061; x_wconf 80' lang='lat' dir='ltr'><strong>maxime</strong></span> <span class='ocrx_word' id='word_1_424' title='bbox 3521 3018 3719 3061; x_wconf 61' lang='lat' dir='ltr'><strong>necesa-</strong></span> 
     </span>
    </p>
   </div>
   <div class='ocr_carea' id='block_1_58' title="bbox 2132 3091 3715 3164">
    <p class='ocr_par' dir='ltr' id='par_1_58' title="bbox 2132 3091 3715 3164">
     <span class='ocr_line' id='line_1_58' title="bbox 2132 3091 3715 3164; baseline -0.001 -12"><span class='ocrx_word' id='word_1_425' title='bbox 2132 3095 2276 3152; x_wconf 82' lang='lat' dir='ltr'><strong>saria</strong></span> <span class='ocrx_word' id='word_1_426' title='bbox 2306 3103 2415 3150; x_wconf 91' lang='lat' dir='ltr'><strong>est.</strong></span> <span class='ocrx_word' id='word_1_427' title='bbox 2447 3092 2591 3160; x_wconf 79' lang='lat' dir='ltr'><strong>Quid</strong></span> <span class='ocrx_word' id='word_1_428' title='bbox 2624 3093 2775 3149; x_wconf 90' lang='lat' dir='ltr'><strong>enim</strong></span> <span class='ocrx_word' id='word_1_429' title='bbox 2808 3091 3036 3148; x_wconf 87' lang='lat' dir='ltr'><strong>homine</strong></span> <span class='ocrx_word' id='word_1_430' title='bbox 3072 3091 3313 3164; x_wconf 88' lang='lat' dir='ltr'><strong>turpius,</strong></span> <span class='ocrx_word' id='word_1_431' title='bbox 3346 3093 3444 3163; x_wconf 89' lang='lat' dir='ltr'><strong>qui</strong></span> <span class='ocrx_word' id='word_1_432' title='bbox 3468 3094 3578 3150; x_wconf 85' lang='lat' dir='ltr'><strong>sibi</strong></span> <span class='ocrx_word' id='word_1_433' title='bbox 3599 3094 3715 3164; x_wconf 84' lang='lat' dir='ltr'><strong>ipse</strong></span> 
     </span>
    </p>
   </div>
   <div class='ocr_carea' id='block_1_59' title="bbox 448 3159 3718 3274">
    <p class='ocr_par' dir='ltr' id='par_1_59' title="bbox 448 3159 3718 3274">
     <span class='ocr_line' id='line_1_59' title="bbox 448 3159 3718 3274; baseline 0.01 -61"><span class='ocrx_word' id='word_1_434' title='bbox 448 3173 563 3274; x_wconf 55' lang='lat' dir='ltr'><strong>seq.</strong></span> <span class='ocrx_word' id='word_1_435' title='bbox 587 3159 705 3274; x_wconf 66' lang='lat' dir='ltr'><strong>Nqn</strong></span> <span class='ocrx_word' id='word_1_436' title='bbox 731 3161 876 3216; x_wconf 88' lang='lat' dir='ltr'><strong>enim</strong></span> <span class='ocrx_word' id='word_1_437' title='bbox 901 3161 1076 3219; x_wconf 90' lang='lat' dir='ltr'><strong>hostis</strong></span> <span class='ocrx_word' id='word_1_438' title='bbox 1102 3165 1171 3221; x_wconf 91' lang='lat' dir='ltr'><strong>de</strong></span> <span class='ocrx_word' id='word_1_439' title='bbox 1193 3184 1298 3223; x_wconf 90' lang='lat' dir='ltr'><strong>una</strong></span> <span class='ocrx_word' id='word_1_440' title='bbox 1326 3180 1423 3226; x_wconf 89' lang='lat' dir='ltr'><strong>aut</strong></span> <span class='ocrx_word' id='word_1_441' title='bbox 1445 3173 1616 3230; x_wconf 89' lang='lat' dir='ltr'><strong>altera</strong></span> <span class='ocrx_word' id='word_1_442' title='bbox 1647 3176 1785 3232; x_wconf 91' lang='lat' dir='ltr'><strong>urbe</strong></span> <span class='ocrx_word' id='word_1_443' title='bbox 1815 3187 2032 3236; x_wconf 83' lang='lat' dir='ltr'><strong>certare</strong></span> <span class='ocrx_word' id='word_1_444' title='bbox 2056 3209 2103 3274; x_wconf 67' lang='grc' dir='ltr'>ο</span> <span class='ocrx_word' id='word_1_445' title='bbox 2134 3203 2244 3243; x_wconf 70' lang='lat' dir='ltr'><strong>non</strong></span> <span class='ocrx_word' id='word_1_446' title='bbox 2279 3159 2520 3253; x_wconf 79' lang='lat' dir='ltr'><strong>constet,</strong></span> <span class='ocrx_word' id='word_1_447' title='bbox 2553 3193 2611 3242; x_wconf 84' lang='lat' dir='ltr'><strong>et</strong></span> <span class='ocrx_word' id='word_1_448' title='bbox 2642 3185 2815 3242; x_wconf 85' lang='lat' dir='ltr'><strong>variis</strong></span> <span class='ocrx_word' id='word_1_449' title='bbox 2857 3159 3409 3255; x_wconf 70' lang='lat' dir='ltr'><strong>repugnantibusqu</strong></span> <span class='ocrx_word' id='word_1_450' title='bbox 3462 3159 3718 3241; x_wconf 65' lang='lat' dir='ltr'><strong>consilii!</strong></span> 
     </span>
    </p>
   </div>
   <div class='ocr_carea' id='block_1_60' title="bbox 445 3252 2027 3330">
    <p class='ocr_par' dir='ltr' id='par_1_60' title="bbox 445 3252 2027 3330">
     <span class='ocr_line' id='line_1_60' title="bbox 445 3252 2027 3330; baseline 0.017 -28"><span class='ocrx_word' id='word_1_451' title='bbox 445 3252 603 3316; x_wconf 85' lang='lat' dir='ltr'><strong>vult;</strong></span> <span class='ocrx_word' id='word_1_452' title='bbox 641 3252 709 3308; x_wconf 89' lang='lat' dir='ltr'><strong>de</strong></span> <span class='ocrx_word' id='word_1_453' title='bbox 745 3269 926 3309; x_wconf 89' lang='lat' dir='ltr'><strong>rerum</strong></span> <span class='ocrx_word' id='word_1_454' title='bbox 950 3272 1190 3314; x_wconf 48' lang='lat' dir='ltr'><strong>’summa</strong></span> <span class='ocrx_word' id='word_1_455' title='bbox 1230 3262 1332 3317; x_wconf 86' lang='lat' dir='ltr'><strong>sibi</strong></span> <span class='ocrx_word' id='word_1_456' title='bbox 1369 3265 1775 3324; x_wconf 86' lang='lat' dir='ltr'><strong>decernendum</strong></span> <span class='ocrx_word' id='word_1_457' title='bbox 1810 3273 2027 3330; x_wconf 81' lang='lat' dir='ltr'><strong>statuit.</strong></span> 
     </span>
    </p>
   </div>
   <div class='ocr_carea' id='block_1_61' title="bbox 446 3345 2027 3434">
    <p class='ocr_par' dir='ltr' id='par_1_61' title="bbox 446 3345 2027 3434">
     <span class='ocr_line' id='line_1_61' title="bbox 446 3345 2027 3434; baseline 0.016 -38"><span class='ocrx_word' id='word_1_458' title='bbox 446 3345 551 3410; x_wconf 85' lang='lat' dir='ltr'><strong>Qui</strong></span> <span class='ocrx_word' id='word_1_459' title='bbox 570 3345 837 3401; x_wconf 88' lang='lat' dir='ltr'><strong>dominari</strong></span> <span class='ocrx_word' id='word_1_460' title='bbox 863 3349 1037 3420; x_wconf 89' lang='lat' dir='ltr'><strong>cupit,</strong></span> <span class='ocrx_word' id='word_1_461' title='bbox 1063 3366 1240 3423; x_wconf 90' lang='lat' dir='ltr'><strong>neque</strong></span> <span class='ocrx_word' id='word_1_462' title='bbox 1270 3358 1614 3427; x_wconf 82' lang='lat' dir='ltr'><strong>soperiOrem</strong></span> <span class='ocrx_word' id='word_1_463' title='bbox 1644 3360 1789 3419; x_wconf 89' lang='lat' dir='ltr'><strong>ferre</strong></span> <span class='ocrx_word' id='word_1_464' title='bbox 1824 3372 2027 3434; x_wconf 70' lang='lat' dir='ltr'><strong>potest.</strong></span> 
     </span>
    </p>
   </div>
   <div class='ocr_carea' id='block_1_62' title="bbox 449 3446 2030 3524">
    <p class='ocr_par' dir='ltr' id='par_1_62' title="bbox 449 3446 2030 3524">
     <span class='ocr_line' id='line_1_62' title="bbox 449 3446 2030 3524; baseline 0.009 -28"><span class='ocrx_word' id='word_1_465' title='bbox 449 3456 628 3511; x_wconf 86' lang='lat' dir='ltr'><strong>neque</strong></span> <span class='ocrx_word' id='word_1_466' title='bbox 660 3458 846 3513; x_wconf 87' lang='lat' dir='ltr'><strong>parem</strong></span> <span class='ocrx_word' id='word_1_467' title='bbox 880 3446 1105 3517; x_wconf 86' lang='lat' dir='ltr'><strong>patitur,</strong></span> <span class='ocrx_word' id='word_1_468' title='bbox 1140 3465 1318 3522; x_wconf 86' lang='lat' dir='ltr'><strong>neque</strong></span> <span class='ocrx_word' id='word_1_469' title='bbox 1345 3454 1611 3524; x_wconf 87' lang='lat' dir='ltr'><strong>principis</strong></span> <span class='ocrx_word' id='word_1_470' title='bbox 1637 3470 1839 3510; x_wconf 85' lang='lat' dir='ltr'><strong>nomen</strong></span> <span class='ocrx_word' id='word_1_471' title='bbox 1860 3465 2030 3511; x_wconf 76' lang='lat' dir='ltr'><strong>amat.</strong></span> 
     </span>
    </p>
   </div>
   <div class='ocr_carea' id='block_1_63' title="bbox 449 3533 2034 3619">
    <p class='ocr_par' dir='ltr' id='par_1_63' title="bbox 449 3533 2034 3619">
     <span class='ocr_line' id='line_1_63' title="bbox 449 3533 2034 3619; baseline 0.012 -33"><span class='ocrx_word' id='word_1_472' title='bbox 449 3533 628 3603; x_wconf 75' lang='lat' dir='ltr'><strong>Atque</strong></span> <span class='ocrx_word' id='word_1_473' title='bbox 670 3545 730 3591; x_wconf 92' lang='lat' dir='ltr'><strong>ut</strong></span> <span class='ocrx_word' id='word_1_474' title='bbox 773 3536 904 3594; x_wconf 88' lang='lat' dir='ltr'><strong>illud</strong></span> <span class='ocrx_word' id='word_1_475' title='bbox 956 3541 1228 3611; x_wconf 87' lang='lat' dir='ltr'><strong>omittam,</strong></span> <span class='ocrx_word' id='word_1_476' title='bbox 1252 3561 1421 3615; x_wconf 80' lang='lat' dir='ltr'><strong>grave</strong></span> <span class='ocrx_word' id='word_1_477' title='bbox 1447 3562 1571 3602; x_wconf 88' lang='lat' dir='ltr'><strong>esse</strong></span> <span class='ocrx_word' id='word_1_478' title='bbox 1598 3548 1669 3603; x_wconf 90' lang='lat' dir='ltr'><strong>ah</strong></span> <span class='ocrx_word' id='word_1_479' title='bbox 1700 3548 1886 3619; x_wconf 89' lang='lat' dir='ltr'><strong>aliquo</strong></span> <span class='ocrx_word' id='word_1_480' title='bbox 1931 3550 2034 3605; x_wconf 84' lang='lat' dir='ltr'><strong>ali-</strong></span> 
     </span>
    </p>
   </div>
   <div class='ocr_carea' id='block_1_64' title="bbox 449 3626 2039 3705">
    <p class='ocr_par' dir='ltr' id='par_1_64' title="bbox 449 3626 2039 3705">
     <span class='ocr_line' id='line_1_64' title="bbox 449 3626 2039 3705; baseline 0.011 -25"><span class='ocrx_word' id='word_1_481' title='bbox 449 3626 581 3697; x_wconf 87' lang='lat' dir='ltr'><strong>quid</strong></span> <span class='ocrx_word' id='word_1_482' title='bbox 620 3644 864 3699; x_wconf 88' lang='lat' dir='ltr'><strong>sperare,</strong></span> <span class='ocrx_word' id='word_1_483' title='bbox 900 3631 1163 3689; x_wconf 87' lang='lat' dir='ltr'><strong>miserum</strong></span> <span class='ocrx_word' id='word_1_484' title='bbox 1207 3651 1273 3690; x_wconf 78' lang='lat' dir='ltr'><strong>ex</strong></span> <span class='ocrx_word' id='word_1_485' title='bbox 1305 3637 1483 3694; x_wconf 89' lang='lat' dir='ltr'><strong>aliena</strong></span> <span class='ocrx_word' id='word_1_486' title='bbox 1532 3638 1763 3695; x_wconf 87' lang='lat' dir='ltr'><strong>libidine</strong></span> <span class='ocrx_word' id='word_1_487' title='bbox 1796 3640 2039 3705; x_wconf 83' lang='lat' dir='ltr'><strong>salutem</strong></span> 
     </span>
    </p>
   </div>
   <div class='ocr_carea' id='block_1_65' title="bbox 449 3722 2033 3797">
    <p class='ocr_par' dir='ltr' id='par_1_65' title="bbox 449 3722 2033 3797">
     <span class='ocr_line' id='line_1_65' title="bbox 449 3722 2033 3797; baseline 0.01 -23"><span class='ocrx_word' id='word_1_488' title='bbox 449 3734 775 3792; x_wconf 81' lang='lat' dir='ltr'><strong>suspensam</strong></span> <span class='ocrx_word' id='word_1_489' title='bbox 812 3722 1056 3793; x_wconf 84' lang='lat' dir='ltr'><strong>habere,</strong></span> <span class='ocrx_word' id='word_1_490' title='bbox 1094 3729 1472 3797; x_wconf 88' lang='lat' dir='ltr'><strong>turpissimum</strong></span> <span class='ocrx_word' id='word_1_491' title='bbox 1528 3741 1587 3787; x_wconf 89' lang='lat' dir='ltr'><strong>et</strong></span> <span class='ocrx_word' id='word_1_492' title='bbox 1642 3733 1951 3789; x_wconf 87' lang='lat' dir='ltr'><strong>luctuosum</strong></span> <span class='ocrx_word' id='word_1_493' title='bbox 2001 3748 2033 3790; x_wconf 88' lang='lat' dir='ltr'><strong>a</strong></span> 
     </span>
    </p>
   </div>
   <div class='ocr_carea' id='block_1_66' title="bbox 450 3815 2036 3895">
    <p class='ocr_par' dir='ltr' id='par_1_66' title="bbox 450 3815 2036 3895">
     <span class='ocr_line' id='line_1_66' title="bbox 450 3815 2036 3895; baseline 0.011 -30"><span class='ocrx_word' id='word_1_494' title='bbox 450 3815 730 3870; x_wconf 80' lang='lat' dir='ltr'><strong>communi</strong></span> <span class='ocrx_word' id='word_1_495' title='bbox 762 3817 1007 3872; x_wconf 88' lang='lat' dir='ltr'><strong>utnnium</strong></span> <span class='ocrx_word' id='word_1_496' title='bbox 1053 3817 1211 3875; x_wconf 88' lang='lat' dir='ltr'><strong>hoste</strong></span> <span class='ocrx_word' id='word_1_497' title='bbox 1257 3823 1523 3890; x_wconf 88' lang='lat' dir='ltr'><strong>privatam</strong></span> <span class='ocrx_word' id='word_1_498' title='bbox 1565 3818 1887 3895; x_wconf 79' lang='lat' dir='ltr'><strong>exspectare</strong></span> <span class='ocrx_word' id='word_1_499' title='bbox 1941 3840 2036 3882; x_wconf 45' lang='lat' dir='ltr'><strong>ve.</strong></span> 
     </span>
    </p>
   </div>
   <div class='ocr_carea' id='block_1_67' title="bbox 452 3906 2034 3991">
    <p class='ocr_par' dir='ltr' id='par_1_67' title="bbox 452 3906 2034 3991">
     <span class='ocr_line' id='line_1_67' title="bbox 452 3906 2034 3991; baseline 0.011 -33"><span class='ocrx_word' id='word_1_500' title='bbox 452 3906 622 3971; x_wconf 64' lang='lat' dir='ltr'><strong>niam,</strong></span> <span class='ocrx_word' id='word_1_501' title='bbox 682 3923 803 3977; x_wconf 73' lang='lat' dir='ltr'><strong>qua:</strong></span> <span class='ocrx_word' id='word_1_502' title='bbox 857 3924 961 3979; x_wconf 82' lang='lat' dir='ltr'><strong>pax</strong></span> <span class='ocrx_word' id='word_1_503' title='bbox 1012 3911 1108 3966; x_wconf 92' lang='lat' dir='ltr'><strong>tibi</strong></span> <span class='ocrx_word' id='word_1_504' title='bbox 1168 3928 1293 3968; x_wconf 88' lang='lat' dir='ltr'><strong>cum</strong></span> <span class='ocrx_word' id='word_1_505' title='bbox 1335 3930 1404 3970; x_wconf 90' lang='lat' dir='ltr'><strong>eo</strong></span> <span class='ocrx_word' id='word_1_506' title='bbox 1442 3930 1574 3971; x_wconf 88' lang='lat' dir='ltr'><strong>esse</strong></span> <span class='ocrx_word' id='word_1_507' title='bbox 1625 3925 1802 3987; x_wconf 83' lang='lat' dir='ltr'><strong>potest</strong></span> <span class='ocrx_word' id='word_1_508' title='bbox 1875 3920 2034 3991; x_wconf 85' lang='lat' dir='ltr'><strong>cujus</strong></span> 
     </span>
    </p>
   </div>
   <div class='ocr_carea' id='block_1_68' title="bbox 449 3998 2034 4083">
    <p class='ocr_par' dir='ltr' id='par_1_68' title="bbox 449 3998 2034 4083">
     <span class='ocr_line' id='line_1_68' title="bbox 449 3998 2034 4083; baseline 0.011 -32"><span class='ocrx_word' id='word_1_509' title='bbox 449 3998 725 4056; x_wconf 87' lang='lat' dir='ltr'><strong>acerbitas</strong></span> <span class='ocrx_word' id='word_1_510' title='bbox 773 4002 827 4057; x_wconf 91' lang='lat' dir='ltr'><strong>in</strong></span> <span class='ocrx_word' id='word_1_511' title='bbox 875 4014 1096 4061; x_wconf 86' lang='lat' dir='ltr'><strong>nostros</strong></span> <span class='ocrx_word' id='word_1_512' title='bbox 1144 4004 1399 4063; x_wconf 87' lang='lat' dir='ltr'><strong>homines</strong></span> <span class='ocrx_word' id='word_1_513' title='bbox 1439 4009 1583 4064; x_wconf 88' lang='lat' dir='ltr'><strong>ultra</strong></span> <span class='ocrx_word' id='word_1_514' title='bbox 1636 4019 1867 4065; x_wconf 92' lang='lat' dir='ltr'><strong>mortem</strong></span> <span class='ocrx_word' id='word_1_515' title='bbox 1904 4027 2034 4083; x_wconf 88' lang='lat' dir='ltr'><strong>pro-</strong></span> 
     </span>
    </p>
   </div>
   <div class='ocr_carea' id='block_1_69' title="bbox 450 4090 2036 4175">
    <p class='ocr_par' dir='ltr' id='par_1_69' title="bbox 450 4090 2036 4175">
     <span class='ocr_line' id='line_1_69' title="bbox 450 4090 2036 4175; baseline 0.011 -32"><span class='ocrx_word' id='word_1_516' title='bbox 450 4090 732 4159; x_wconf 75' lang='lat' dir='ltr'><strong>greditur;</strong></span> <span class='ocrx_word' id='word_1_517' title='bbox 767 4095 859 4164; x_wconf 91' lang='lat' dir='ltr'><strong>qui</strong></span> <span class='ocrx_word' id='word_1_518' title='bbox 895 4096 1048 4151; x_wconf 91' lang='lat' dir='ltr'><strong>nullo</strong></span> <span class='ocrx_word' id='word_1_519' title='bbox 1077 4098 1349 4169; x_wconf 88' lang='lat' dir='ltr'><strong>supplicio</strong></span> <span class='ocrx_word' id='word_1_520' title='bbox 1381 4100 1569 4155; x_wconf 89' lang='lat' dir='ltr'><strong>satiari</strong></span> <span class='ocrx_word' id='word_1_521' title='bbox 1603 4112 1823 4171; x_wconf 90' lang='lat' dir='ltr'><strong>potest;</strong></span> <span class='ocrx_word' id='word_1_522' title='bbox 1863 4120 1893 4158; x_wconf 85' lang='lat' dir='ltr'><strong>a</strong></span> <span class='ocrx_word' id='word_1_523' title='bbox 1924 4119 2036 4175; x_wconf 90' lang='lat' dir='ltr'><strong>quo</strong></span> 
     </span>
    </p>
   </div>
   <div class='ocr_carea' id='block_1_70' title="bbox 449 4182 2031 4262">
    <p class='ocr_par' dir='ltr' id='par_1_70' title="bbox 449 4182 2031 4262">
     <span class='ocr_line' id='line_1_70' title="bbox 449 4182 2031 4262; baseline 0.008 -24"><span class='ocrx_word' id='word_1_524' title='bbox 449 4182 497 4238; x_wconf 79' lang='lat' dir='ltr'><strong>si</strong></span> <span class='ocrx_word' id='word_1_525' title='bbox 520 4193 789 4239; x_wconf 88' lang='lat' dir='ltr'><strong>tormenta</strong></span> <span class='ocrx_word' id='word_1_526' title='bbox 820 4197 875 4241; x_wconf 92' lang='lat' dir='ltr'><strong>et</strong></span> <span class='ocrx_word' id='word_1_527' title='bbox 904 4190 1185 4245; x_wconf 81' lang='lat' dir='ltr'><strong>cruciatus</strong></span> <span class='ocrx_word' id='word_1_528' title='bbox 1207 4190 1388 4245; x_wconf 87' lang='lat' dir='ltr'><strong>absint</strong></span> <span class='ocrx_word' id='word_1_529' title='bbox 1414 4191 1468 4247; x_wconf 92' lang='lat' dir='ltr'><strong>in</strong></span> <span class='ocrx_word' id='word_1_530' title='bbox 1495 4203 1811 4248; x_wconf 90' lang='lat' dir='ltr'><strong>nostrorum</strong></span> <span class='ocrx_word' id='word_1_531' title='bbox 1827 4207 2031 4262; x_wconf 87' lang='lat' dir='ltr'><strong>morte,</strong></span> 
     </span>
    </p>
   </div>
   <div class='ocr_carea' id='block_1_71' title="bbox 450 4277 2035 4354">
    <p class='ocr_par' dir='ltr' id='par_1_71' title="bbox 450 4277 2035 4354">
     <span class='ocr_line' id='line_1_71' title="bbox 450 4277 2035 4354; baseline 0.011 -26"><span class='ocrx_word' id='word_1_532' title='bbox 450 4286 682 4331; x_wconf 83' lang='lat' dir='ltr'><strong>mortem</strong></span> <span class='ocrx_word' id='word_1_533' title='bbox 730 4281 791 4333; x_wconf 75' lang='lat' dir='ltr'><strong>in,</strong></span> <span class='ocrx_word' id='word_1_534' title='bbox 816 4277 1066 4336; x_wconf 85' lang='lat' dir='ltr'><strong>beneficii</strong></span> <span class='ocrx_word' id='word_1_535' title='bbox 1125 4290 1333 4351; x_wconf 88' lang='lat' dir='ltr'><strong>partem</strong></span> <span class='ocrx_word' id='word_1_536' title='bbox 1364 4283 1642 4354; x_wconf 85' lang='lat' dir='ltr'><strong>accipias?</strong></span> <span class='ocrx_word' id='word_1_537' title='bbox 1668 4285 1712 4342; x_wconf 92' lang='grc' dir='ltr'>Ο</span> <span class='ocrx_word' id='word_1_538' title='bbox 1739 4288 2035 4344; x_wconf 82' lang='lat' dir='ltr'><strong>crudelita-</strong></span> 
     </span>
    </p>
   </div>
   <div class='ocr_carea' id='block_1_72' title="bbox 441 4372 2028 4443">
    <p class='ocr_par' dir='ltr' id='par_1_72' title="bbox 441 4372 2028 4443">
     <span class='ocr_line' id='line_1_72' title="bbox 441 4372 2028 4443; baseline 0.008 -19"><span class='ocrx_word' id='word_1_539' title='bbox 441 4380 560 4433; x_wconf 66' lang='lat' dir='ltr'><strong>~tem</strong></span> <span class='ocrx_word' id='word_1_540' title='bbox 625 4372 970 4437; x_wconf 80' lang='lat' dir='ltr'><strong>inusitatam,</strong></span> <span class='ocrx_word' id='word_1_541' title='bbox 1042 4374 1386 4442; x_wconf 82' lang='lat' dir='ltr'><strong>inauditam,</strong></span> <span class='ocrx_word' id='word_1_542' title='bbox 1442 4375 1638 4443; x_wconf 91' lang='lat' dir='ltr'><strong>feram,</strong></span> <span class='ocrx_word' id='word_1_543' title='bbox 1706 4377 2028 4436; x_wconf 81' lang='lat' dir='ltr'><strong>barbaram!</strong></span> 
     </span>
    </p>
   </div>
   <div class='ocr_carea' id='block_1_73' title="bbox 451 4461 2033 4538">
    <p class='ocr_par' dir='ltr' id='par_1_73' title="bbox 451 4461 2033 4538">
     <span class='ocr_line' id='line_1_73' title="bbox 451 4461 2033 4538; baseline 0.009 -24"><span class='ocrx_word' id='word_1_544' title='bbox 451 4461 588 4515; x_wconf 87' lang='lat' dir='ltr'><strong>Cum</strong></span> <span class='ocrx_word' id='word_1_545' title='bbox 637 4477 703 4516; x_wconf 89' lang='lat' dir='ltr'><strong>eo</strong></span> <span class='ocrx_word' id='word_1_546' title='bbox 747 4478 846 4533; x_wconf 78' lang='lat' dir='ltr'><strong>pax</strong></span> <span class='ocrx_word' id='word_1_547' title='bbox 881 4480 1004 4520; x_wconf 79' lang='lat' dir='ltr'><strong>esse</strong></span> <span class='ocrx_word' id='word_1_548' title='bbox 1065 4465 1283 4534; x_wconf 68' lang='lat' dir='ltr'><strong>potest-‘1</strong></span> <span class='ocrx_word' id='word_1_549' title='bbox 1337 4466 1476 4522; x_wconf 87' lang='lat' dir='ltr'><strong>Pace</strong></span> <span class='ocrx_word' id='word_1_550' title='bbox 1516 4467 1562 4523; x_wconf 91' lang='lat' dir='ltr'><strong>si</strong></span> <span class='ocrx_word' id='word_1_551' title='bbox 1610 4468 1713 4524; x_wconf 89' lang='lat' dir='ltr'><strong>frui</strong></span> <span class='ocrx_word' id='word_1_552' title='bbox 1753 4470 2033 4538; x_wconf 83' lang='lat' dir='ltr'><strong>volumus,</strong></span> 
     </span>
    </p>
   </div>
   <div class='ocr_carea' id='block_1_74' title="bbox 2132 3274 3717 3346">
    <p class='ocr_par' dir='ltr' id='par_1_74' title="bbox 2132 3274 3717 3346">
     <span class='ocr_line' id='line_1_74' title="bbox 2132 3274 3717 3346; baseline -0.004 -10"><span class='ocrx_word' id='word_1_553' title='bbox 2132 3288 2193 3336; x_wconf 88' lang='lat' dir='ltr'><strong>et</strong></span> <span class='ocrx_word' id='word_1_554' title='bbox 2223 3277 2525 3334; x_wconf 84' lang='lat' dir='ltr'><strong>contrariis</strong></span> <span class='ocrx_word' id='word_1_555' title='bbox 2554 3276 2875 3332; x_wconf 83' lang='lat' dir='ltr'><strong>actionibus</strong></span> <span class='ocrx_word' id='word_1_556' title='bbox 2905 3275 3184 3346; x_wconf 77' lang='lat' dir='ltr'><strong>agitetur?</strong></span> <span class='ocrx_word' id='word_1_557' title='bbox 3213 3274 3349 3341; x_wconf 85' lang='lat' dir='ltr'><strong>Quis</strong></span> <span class='ocrx_word' id='word_1_558' title='bbox 3382 3290 3492 3331; x_wconf 91' lang='lat' dir='ltr'><strong>non</strong></span> <span class='ocrx_word' id='word_1_559' title='bbox 3530 3275 3717 3345; x_wconf 79' lang='lat' dir='ltr'><strong>despi-</strong></span> 
     </span>
    </p>
   </div>
   <div class='ocr_carea' id='block_1_75' title="bbox 2130 3364 3717 3438">
    <p class='ocr_par' dir='ltr' id='par_1_75' title="bbox 2130 3364 3717 3438">
     <span class='ocr_line' id='line_1_75' title="bbox 2130 3364 3717 3438; baseline -0.004 -14"><span class='ocrx_word' id='word_1_560' title='bbox 2130 3369 2244 3424; x_wconf 87' lang='lat' dir='ltr'><strong>cit?</strong></span> <span class='ocrx_word' id='word_1_561' title='bbox 2269 3368 2394 3438; x_wconf 83' lang='lat' dir='ltr'><strong>quis</strong></span> <span class='ocrx_word' id='word_1_562' title='bbox 2420 3383 2531 3423; x_wconf 82' lang='lat' dir='ltr'><strong>noa</strong></span> <span class='ocrx_word' id='word_1_563' title='bbox 2560 3366 2819 3423; x_wconf 80' lang='lat' dir='ltr'><strong>deridet?</strong></span> <span class='ocrx_word' id='word_1_564' title='bbox 2840 3366 3063 3429; x_wconf 76' lang='lat' dir='ltr'><strong>bevem,</strong></span> <span class='ocrx_word' id='word_1_565' title='bbox 3109 3366 3542 3431; x_wconf 82' lang='lat' dir='ltr'><strong>inconstantem,</strong></span> <span class='ocrx_word' id='word_1_566' title='bbox 3590 3364 3717 3419; x_wconf 86' lang='lat' dir='ltr'><strong>nul-</strong></span> 
     </span>
    </p>
   </div>
   <div class='ocr_carea' id='block_1_76' title="bbox 2130 3454 3711 3526">
    <p class='ocr_par' dir='ltr' id='par_1_76' title="bbox 2130 3454 3711 3526">
     <span class='ocr_line' id='line_1_76' title="bbox 2130 3454 3711 3526; baseline -0.003 -10"><span class='ocrx_word' id='word_1_567' title='bbox 2130 3460 2240 3516; x_wconf 85' lang='lat' dir='ltr'><strong>lius</strong></span> <span class='ocrx_word' id='word_1_568' title='bbox 2263 3457 2479 3513; x_wconf 86' lang='lat' dir='ltr'><strong>ordinis</strong></span> <span class='ocrx_word' id='word_1_569' title='bbox 2509 3458 2789 3513; x_wconf 89' lang='lat' dir='ltr'><strong>hominem</strong></span> <span class='ocrx_word' id='word_1_570' title='bbox 2817 3470 3130 3517; x_wconf 83' lang='lat' dir='ltr'><strong>censemus.</strong></span> <span class='ocrx_word' id='word_1_571' title='bbox 3159 3454 3442 3526; x_wconf 83' lang='lat' dir='ltr'><strong>Quidquid</strong></span> <span class='ocrx_word' id='word_1_572' title='bbox 3477 3464 3711 3511; x_wconf 82' lang='lat' dir='ltr'><strong>conatur</strong></span> 
     </span>
    </p>
   </div>
   <div class='ocr_carea' id='block_1_77' title="bbox 2129 3535 3715 3618">
    <p class='ocr_par' dir='ltr' id='par_1_77' title="bbox 2129 3535 3715 3618">
     <span class='ocr_line' id='line_1_77' title="bbox 2129 3535 3715 3618; baseline -0.003 -15"><span class='ocrx_word' id='word_1_573' title='bbox 2129 3558 2190 3604; x_wconf 86' lang='lat' dir='ltr'><strong>et</strong></span> <span class='ocrx_word' id='word_1_574' title='bbox 2205 3548 2536 3618; x_wconf 86' lang='lat' dir='ltr'><strong>assequitur,</strong></span> <span class='ocrx_word' id='word_1_575' title='bbox 2550 3547 2883 3610; x_wconf 87' lang='lat' dir='ltr'><strong>calamitate,</strong></span> <span class='ocrx_word' id='word_1_576' title='bbox 2910 3545 3233 3618; x_wconf 74' lang='lat' dir='ltr'><strong>ignominia,</strong></span> <span class='ocrx_word' id='word_1_577' title='bbox 3262 3535 3510 3617; x_wconf 83' lang='lat' dir='ltr'><strong>pernicie</strong></span> <span class='ocrx_word' id='word_1_578' title='bbox 3537 3546 3715 3600; x_wconf 79' lang='lat' dir='ltr'><strong>refer-</strong></span> 
     </span>
    </p>
   </div>
   <div class='ocr_carea' id='block_1_78' title="bbox 2134 3637 3714 3710">
    <p class='ocr_par' dir='ltr' id='par_1_78' title="bbox 2134 3637 3714 3710">
     <span class='ocr_line' id='line_1_78' title="bbox 2134 3637 3714 3710; baseline -0.001 -16"><span class='ocrx_word' id='word_1_579' title='bbox 2134 3647 2251 3695; x_wconf 89' lang='lat' dir='ltr'><strong>tum</strong></span> <span class='ocrx_word' id='word_1_580' title='bbox 2281 3649 2387 3695; x_wconf 88' lang='lat' dir='ltr'><strong>est.</strong></span> <span class='ocrx_word' id='word_1_581' title='bbox 2414 3637 2551 3693; x_wconf 84' lang='lat' dir='ltr'><strong>Nam</strong></span> <span class='ocrx_word' id='word_1_582' title='bbox 2592 3638 2723 3695; x_wconf 91' lang='lat' dir='ltr'><strong>dum</strong></span> <span class='ocrx_word' id='word_1_583' title='bbox 2760 3639 2867 3695; x_wconf 89' lang='lat' dir='ltr'><strong>sibi</strong></span> <span class='ocrx_word' id='word_1_584' title='bbox 2919 3641 3038 3710; x_wconf 87' lang='lat' dir='ltr'><strong>ipse</strong></span> <span class='ocrx_word' id='word_1_585' title='bbox 3067 3637 3323 3700; x_wconf 86' lang='lat' dir='ltr'><strong>dissidet.</strong></span> <span class='ocrx_word' id='word_1_586' title='bbox 3387 3637 3527 3693; x_wconf 88' lang='lat' dir='ltr'><strong>nihil</strong></span> <span class='ocrx_word' id='word_1_587' title='bbox 3585 3653 3714 3693; x_wconf 90' lang='lat' dir='ltr'><strong>cum</strong></span> 
     </span>
    </p>
   </div>
   <div class='ocr_carea' id='block_1_79' title="bbox 2133 3726 3717 3788">
    <p class='ocr_par' dir='ltr' id='par_1_79' title="bbox 2133 3726 3717 3788">
     <span class='ocr_line' id='line_1_79' title="bbox 2133 3726 3717 3788; baseline -0.002 -1"><span class='ocrx_word' id='word_1_588' title='bbox 2133 3731 2255 3788; x_wconf 87' lang='lat' dir='ltr'><strong>suis</strong></span> <span class='ocrx_word' id='word_1_589' title='bbox 2292 3730 2602 3786; x_wconf 88' lang='lat' dir='ltr'><strong>commodis</strong></span> <span class='ocrx_word' id='word_1_590' title='bbox 2630 3738 2732 3785; x_wconf 86' lang='lat' dir='ltr'><strong>aut</strong></span> <span class='ocrx_word' id='word_1_591' title='bbox 2765 3729 3106 3787; x_wconf 88' lang='lat' dir='ltr'><strong>ornamentis</strong></span> <span class='ocrx_word' id='word_1_592' title='bbox 3142 3737 3581 3785; x_wconf 84' lang='lat' dir='ltr'><strong>consentaneum</strong></span> <span class='ocrx_word' id='word_1_593' title='bbox 3613 3726 3717 3784; x_wconf 87' lang='lat' dir='ltr'><strong>ha-</strong></span> 
     </span>
    </p>
   </div>
   <div class='ocr_carea' id='block_1_80' title="bbox 2134 3822 3716 3894">
    <p class='ocr_par' dir='ltr' id='par_1_80' title="bbox 2134 3822 3716 3894">
     <span class='ocr_line' id='line_1_80' title="bbox 2134 3822 3716 3894; baseline -0.003 -13"><span class='ocrx_word' id='word_1_594' title='bbox 2134 3824 2248 3881; x_wconf 90' lang='lat' dir='ltr'><strong>bet.</strong></span> <span class='ocrx_word' id='word_1_595' title='bbox 2272 3823 2334 3879; x_wconf 84' lang='lat' dir='ltr'><strong>lu</strong></span> <span class='ocrx_word' id='word_1_596' title='bbox 2359 3839 2419 3880; x_wconf 91' lang='lat' dir='ltr'><strong>re</strong></span> <span class='ocrx_word' id='word_1_597' title='bbox 2439 3833 2617 3881; x_wconf 88' lang='lat' dir='ltr'><strong>autem</strong></span> <span class='ocrx_word' id='word_1_598' title='bbox 2644 3823 2929 3888; x_wconf 87' lang='lat' dir='ltr'><strong>familiari,</strong></span> <span class='ocrx_word' id='word_1_599' title='bbox 2947 3822 3099 3894; x_wconf 85' lang='lat' dir='ltr'><strong>quod</strong></span> <span class='ocrx_word' id='word_1_600' title='bbox 3114 3822 3352 3879; x_wconf 81' lang='lat' dir='ltr'><strong>cilicium</strong></span> <span class='ocrx_word' id='word_1_601' title='bbox 3369 3837 3493 3880; x_wconf 88' lang='lat' dir='ltr'><strong>esse</strong></span> <span class='ocrx_word' id='word_1_602' title='bbox 3514 3830 3716 3892; x_wconf 85' lang='lat' dir='ltr'><strong>potest,</strong></span> 
     </span>
    </p>
   </div>
   <div class='ocr_carea' id='block_1_81' title="bbox 2133 3910 3714 3981">
    <p class='ocr_par' dir='ltr' id='par_1_81' title="bbox 2133 3910 3714 3981">
     <span class='ocr_line' id='line_1_81' title="bbox 2133 3910 3714 3981; baseline -0.004 -10"><span class='ocrx_word' id='word_1_603' title='bbox 2133 3916 2182 3971; x_wconf 89' lang='lat' dir='ltr'><strong>si</strong></span> <span class='ocrx_word' id='word_1_604' title='bbox 2222 3931 2384 3978; x_wconf 77' lang='lat' dir='ltr'><strong>uxor,</strong></span> <span class='ocrx_word' id='word_1_605' title='bbox 2413 3915 2598 3981; x_wconf 90' lang='lat' dir='ltr'><strong>liberi,</strong></span> <span class='ocrx_word' id='word_1_606' title='bbox 2634 3916 2807 3979; x_wconf 88' lang='lat' dir='ltr'><strong>servi,</strong></span> <span class='ocrx_word' id='word_1_607' title='bbox 2862 3915 3074 3970; x_wconf 87' lang='lat' dir='ltr'><strong>mutuis</strong></span> <span class='ocrx_word' id='word_1_608' title='bbox 3102 3914 3251 3970; x_wconf 86' lang='lat' dir='ltr'><strong>odiis</strong></span> <span class='ocrx_word' id='word_1_609' title='bbox 3279 3910 3714 3969; x_wconf 79' lang='lat' dir='ltr'><strong>conflictentur?</strong></span> 
     </span>
    </p>
   </div>
   <div class='ocr_carea' id='block_1_82' title="bbox 2135 4003 3720 4073">
    <p class='ocr_par' dir='ltr' id='par_1_82' title="bbox 2135 4003 3720 4073">
     <span class='ocr_line' id='line_1_82' title="bbox 2135 4003 3720 4073; baseline -0.003 -10"><span class='ocrx_word' id='word_1_610' title='bbox 2135 4005 2538 4063; x_wconf 87' lang='lat' dir='ltr'><strong>Paterfamilias</strong></span> <span class='ocrx_word' id='word_1_611' title='bbox 2567 4047 2583 4073; x_wconf 91' lang='lat'><strong>,</strong></span> <span class='ocrx_word' id='word_1_612' title='bbox 2635 4006 2960 4073; x_wconf 85' lang='lat' dir='ltr'><strong>domesticis</strong></span> <span class='ocrx_word' id='word_1_613' title='bbox 3029 4004 3473 4062; x_wconf 87' lang='lat' dir='ltr'><strong>dissensionibus</strong></span> <span class='ocrx_word' id='word_1_614' title='bbox 3509 4003 3720 4059; x_wconf 85' lang='lat' dir='ltr'><strong>labefa-</strong></span> 
     </span>
    </p>
   </div>
   <div class='ocr_carea' id='block_1_83' title="bbox 2139 4094 3718 4168">
    <p class='ocr_par' dir='ltr' id='par_1_83' title="bbox 2139 4094 3718 4168">
     <span class='ocr_line' id='line_1_83' title="bbox 2139 4094 3718 4168; baseline -0.004 -13"><span class='ocrx_word' id='word_1_615' title='bbox 2139 4109 2345 4159; x_wconf 85' lang='lat' dir='ltr'><strong>ctatus.</strong></span> <span class='ocrx_word' id='word_1_616' title='bbox 2374 4098 2583 4153; x_wconf 84' lang='lat' dir='ltr'><strong>nullam</strong></span> <span class='ocrx_word' id='word_1_617' title='bbox 2609 4099 2766 4168; x_wconf 86' lang='lat' dir='ltr'><strong>ponit</strong></span> <span class='ocrx_word' id='word_1_618' title='bbox 2792 4098 2848 4153; x_wconf 91' lang='lat' dir='ltr'><strong>in</strong></span> <span class='ocrx_word' id='word_1_619' title='bbox 2884 4112 2944 4153; x_wconf 90' lang='lat' dir='ltr'><strong>re</strong></span> <span class='ocrx_word' id='word_1_620' title='bbox 2972 4096 3231 4152; x_wconf 83' lang='lat' dir='ltr'><strong>familiari</strong></span> <span class='ocrx_word' id='word_1_621' title='bbox 3286 4094 3537 4166; x_wconf 79' lang='lat' dir='ltr'><strong>augenda</strong></span> <span class='ocrx_word' id='word_1_622' title='bbox 3582 4108 3718 4165; x_wconf 82' lang='lat' dir='ltr'><strong>ope-</strong></span> 
     </span>
    </p>
   </div>
   <div class='ocr_carea' id='block_1_84' title="bbox 2136 4186 3718 4263">
    <p class='ocr_par' dir='ltr' id='par_1_84' title="bbox 2136 4186 3718 4263">
     <span class='ocr_line' id='line_1_84' title="bbox 2136 4186 3718 4263; baseline -0.003 -17"><span class='ocrx_word' id='word_1_623' title='bbox 2136 4206 2275 4246; x_wconf 86' lang='lat' dir='ltr'><strong>ram.</strong></span> <span class='ocrx_word' id='word_1_624' title='bbox 2305 4190 2589 4263; x_wconf 81' lang='lat' dir='ltr'><strong>Lacrymis</strong></span> <span class='ocrx_word' id='word_1_625' title='bbox 2624 4189 2940 4256; x_wconf 85' lang='lat' dir='ltr'><strong>conficitur,</strong></span> <span class='ocrx_word' id='word_1_626' title='bbox 2966 4189 3098 4245; x_wconf 89' lang='lat' dir='ltr'><strong>dum</strong></span> <span class='ocrx_word' id='word_1_627' title='bbox 3130 4202 3229 4260; x_wconf 90' lang='lat' dir='ltr'><strong>per</strong></span> <span class='ocrx_word' id='word_1_628' title='bbox 3249 4186 3584 4243; x_wconf 87' lang='lat' dir='ltr'><strong>discordiam</strong></span> <span class='ocrx_word' id='word_1_629' title='bbox 3636 4195 3718 4241; x_wconf 91' lang='lat' dir='ltr'><strong>to-</strong></span> 
     </span>
    </p>
   </div>
   <div class='ocr_carea' id='block_1_85' title="bbox 2136 4279 3715 4351">
    <p class='ocr_par' dir='ltr' id='par_1_85' title="bbox 2136 4279 3715 4351">
     <span class='ocr_line' id='line_1_85' title="bbox 2136 4279 3715 4351; baseline -0.003 -13"><span class='ocrx_word' id='word_1_630' title='bbox 2136 4292 2248 4338; x_wconf 87' lang='lat' dir='ltr'><strong>tam</strong></span> <span class='ocrx_word' id='word_1_631' title='bbox 2277 4283 2501 4339; x_wconf 88' lang='lat' dir='ltr'><strong>domom</strong></span> <span class='ocrx_word' id='word_1_632' title='bbox 2538 4283 2809 4339; x_wconf 80' lang='lat' dir='ltr'><strong>ruituram</strong></span> <span class='ocrx_word' id='word_1_633' title='bbox 2822 4281 2984 4339; x_wconf 81' lang='lat' dir='ltr'><strong>facile</strong></span> <span class='ocrx_word' id='word_1_634' title='bbox 3010 4281 3317 4351; x_wconf 87' lang='lat' dir='ltr'><strong>prospicit;</strong></span> <span class='ocrx_word' id='word_1_635' title='bbox 3348 4280 3516 4334; x_wconf 88' lang='lat' dir='ltr'><strong>miser</strong></span> <span class='ocrx_word' id='word_1_636' title='bbox 3538 4279 3715 4343; x_wconf 91' lang='lat' dir='ltr'><strong>domi,</strong></span> 
     </span>
    </p>
   </div>
   <div class='ocr_carea' id='block_1_86' title="bbox 2135 4366 3716 4442">
    <p class='ocr_par' dir='ltr' id='par_1_86' title="bbox 2135 4366 3716 4442">
     <span class='ocr_line' id='line_1_86' title="bbox 2135 4366 3716 4442; baseline -0.005 -13"><span class='ocrx_word' id='word_1_637' title='bbox 2135 4371 2274 4429; x_wconf 85' lang='lat' dir='ltr'><strong>foris</strong></span> <span class='ocrx_word' id='word_1_638' title='bbox 2306 4372 2598 4427; x_wconf 89' lang='lat' dir='ltr'><strong>ridiculos.</strong></span> <span class='ocrx_word' id='word_1_639' title='bbox 2629 4370 2764 4442; x_wconf 82' lang='lat' dir='ltr'><strong>lude</strong></span> <span class='ocrx_word' id='word_1_640' title='bbox 2794 4369 3060 4437; x_wconf 85' lang='lat' dir='ltr'><strong>nimirum</strong></span> <span class='ocrx_word' id='word_1_641' title='bbox 3097 4368 3231 4424; x_wconf 89' lang='lat' dir='ltr'><strong>illud</strong></span> <span class='ocrx_word' id='word_1_642' title='bbox 3261 4367 3543 4439; x_wconf 69' lang='lat' dir='ltr'><strong>est,quod</strong></span> <span class='ocrx_word' id='word_1_643' title='bbox 3571 4366 3716 4438; x_wconf 88' lang='lat' dir='ltr'><strong>apud</strong></span> 
     </span>
    </p>
   </div>
   <div class='ocr_carea' id='block_1_87' title="bbox 2136 4460 3718 4533">
    <p class='ocr_par' dir='ltr' id='par_1_87' title="bbox 2136 4460 3718 4533">
     <span class='ocr_line' id='line_1_87' title="bbox 2136 4460 3718 4533; baseline -0.001 -14"><span class='ocrx_word' id='word_1_644' title='bbox 2136 4474 2354 4533; x_wconf 85' lang='lat' dir='ltr'><strong>poetam</strong></span> <span class='ocrx_word' id='word_1_645' title='bbox 2376 4462 2858 4533; x_wconf 88' lang='lat' dir='ltr'><strong>sapientissimum</strong></span> <span class='ocrx_word' id='word_1_646' title='bbox 2879 4461 3150 4533; x_wconf 86' lang='lat' dir='ltr'><strong>Ulyssesa</strong></span> <span class='ocrx_word' id='word_1_647' title='bbox 3180 4461 3472 4525; x_wconf 79' lang='lat' dir='ltr'><strong>Nausicaa,</strong></span> <span class='ocrx_word' id='word_1_648' title='bbox 3500 4460 3718 4518; x_wconf 76' lang='lat' dir='ltr'><strong>Alcinoi</strong></span> 
     </span>
    </p>
   </div>
   <div class='ocr_carea' id='block_1_88' title="bbox 449 4552 3720 4635">
    <p class='ocr_par' dir='ltr' id='par_1_88' title="bbox 449 4552 3720 4635">
     <span class='ocr_line' id='line_1_88' title="bbox 449 4552 3720 4635; baseline 0 -28"><span class='ocrx_word' id='word_1_649' title='bbox 449 4553 654 4608; x_wconf 73' lang='lat' dir='ltr'><strong>bellum</strong></span> <span class='ocrx_word' id='word_1_650' title='bbox 701 4557 1001 4624; x_wconf 80' lang='lat' dir='ltr'><strong>gerendum</strong></span> <span class='ocrx_word' id='word_1_651' title='bbox 1042 4566 1127 4613; x_wconf 84' lang='lat' dir='ltr'><strong>est</strong></span> <span class='ocrx_word' id='word_1_652' title='bbox 1156 4575 1171 4613; x_wconf 90' lang='lat'><strong>:</strong></span> <span class='ocrx_word' id='word_1_653' title='bbox 1201 4557 1246 4613; x_wconf 88' lang='lat' dir='ltr'><strong>si</strong></span> <span class='ocrx_word' id='word_1_654' title='bbox 1294 4557 1496 4614; x_wconf 78' lang='lat' dir='ltr'><strong>bellum</strong></span> <span class='ocrx_word' id='word_1_655' title='bbox 1547 4561 1873 4628; x_wconf 70' lang='lat' dir='ltr'><strong>omittimus,</strong></span> <span class='ocrx_word' id='word_1_656' title='bbox 1901 4579 2036 4635; x_wconf 69' lang='lat' dir='ltr'><strong>pace</strong></span> <span class='ocrx_word' id='word_1_657' title='bbox 2068 4553 2113 4608; x_wconf 87' lang='lat' dir='ltr'><strong>D</strong></span> <span class='ocrx_word' id='word_1_658' title='bbox 2142 4559 2289 4628; x_wconf 81' lang='lat' dir='ltr'><strong>regis</strong></span> <span class='ocrx_word' id='word_1_659' title='bbox 2317 4556 2451 4621; x_wconf 88' lang='lat' dir='ltr'><strong>filia,</strong></span> <span class='ocrx_word' id='word_1_660' title='bbox 2481 4554 2736 4610; x_wconf 78' lang='lat' dir='ltr'><strong>maximis</strong></span> <span class='ocrx_word' id='word_1_661' title='bbox 2760 4553 2994 4609; x_wconf 84' lang='lat' dir='ltr'><strong>affectus</strong></span> <span class='ocrx_word' id='word_1_662' title='bbox 3024 4553 3336 4619; x_wconf 87' lang='lat' dir='ltr'><strong>beneflciis,</strong></span> <span class='ocrx_word' id='word_1_663' title='bbox 3379 4555 3456 4610; x_wconf 85' lang='lat' dir='ltr'><strong>nil</strong></span> <span class='ocrx_word' id='word_1_664' title='bbox 3524 4552 3720 4608; x_wconf 76' lang='lat' dir='ltr'><strong>habuit</strong></span> 
     </span>
    </p>
   </div>
   <div class='ocr_carea' id='block_1_89' title="bbox 452 4646 2032 4722">
    <p class='ocr_par' dir='ltr' id='par_1_89' title="bbox 452 4646 2032 4722">
     <span class='ocr_line' id='line_1_89' title="bbox 452 4646 2032 4722; baseline 0.009 -26"><span class='ocrx_word' id='word_1_665' title='bbox 452 4659 731 4712; x_wconf 68' lang='lat' dir='ltr'><strong>numquam</strong></span> <span class='ocrx_word' id='word_1_666' title='bbox 769 4646 1032 4702; x_wconf 86' lang='lat' dir='ltr'><strong>fruemur.</strong></span> <span class='ocrx_word' id='word_1_667' title='bbox 1072 4648 1253 4715; x_wconf 84' lang='lat' dir='ltr'><strong>Quare</strong></span> <span class='ocrx_word' id='word_1_668' title='bbox 1278 4666 1401 4705; x_wconf 85' lang='lat' dir='ltr'><strong>cunt</strong></span> <span class='ocrx_word' id='word_1_669' title='bbox 1442 4665 1471 4704; x_wconf 86' lang='lat' dir='ltr'><strong>a</strong></span> <span class='ocrx_word' id='word_1_670' title='bbox 1512 4658 1623 4706; x_wconf 89' lang='lat' dir='ltr'><strong>tam</strong></span> <span class='ocrx_word' id='word_1_671' title='bbox 1672 4667 1842 4722; x_wconf 87' lang='lat' dir='ltr'><strong>parvo</strong></span> <span class='ocrx_word' id='word_1_672' title='bbox 1872 4654 2032 4710; x_wconf 68' lang='lat' dir='ltr'><strong>initio</strong></span> 
     </span>
    </p>
   </div>
   <div class='ocr_carea' id='block_1_90' title="bbox 436 4736 2031 4815">
    <p class='ocr_par' dir='ltr' id='par_1_90' title="bbox 436 4736 2031 4815">
     <span class='ocr_line' id='line_1_90' title="bbox 436 4736 2031 4815; baseline 0.006 -25"><span class='ocrx_word' id='word_1_673' title='bbox 436 4736 507 4815; x_wconf 78' lang='lat' dir='ltr'><strong>in</strong></span> <span class='ocrx_word' id='word_1_674' title='bbox 544 4746 752 4790; x_wconf 87' lang='lat' dir='ltr'><strong>tantum</strong></span> <span class='ocrx_word' id='word_1_675' title='bbox 781 4740 1017 4795; x_wconf 81' lang='lat' dir='ltr'><strong>creverit</strong></span> <span class='ocrx_word' id='word_1_676' title='bbox 1047 4739 1247 4811; x_wconf 72' lang='lat' dir='ltr'><strong>fastigii</strong></span> <span class='ocrx_word' id='word_1_677' title='bbox 1283 4742 1461 4799; x_wconf 86' lang='lat' dir='ltr'><strong>hostis</strong></span> <span class='ocrx_word' id='word_1_678' title='bbox 1485 4754 1697 4808; x_wconf 87' lang='lat' dir='ltr'><strong>noster,</strong></span> <span class='ocrx_word' id='word_1_679' title='bbox 1717 4757 1845 4799; x_wconf 86' lang='lat' dir='ltr'><strong>cum</strong></span> <span class='ocrx_word' id='word_1_680' title='bbox 1871 4745 2031 4811; x_wconf 73' lang='lat' dir='ltr'><strong>sciat,</strong></span> 
     </span>
    </p>
   </div>
   <div class='ocr_carea' id='block_1_91' title="bbox 449 4830 2033 4908">
    <p class='ocr_par' dir='ltr' id='par_1_91' title="bbox 449 4830 2033 4908">
     <span class='ocr_line' id='line_1_91' title="bbox 449 4830 2033 4908; baseline 0.008 -27"><span class='ocrx_word' id='word_1_681' title='bbox 449 4830 659 4884; x_wconf 66' lang='lat' dir='ltr'><strong>volitet</strong></span> <span class='ocrx_word' id='word_1_682' title='bbox 696 4831 871 4900; x_wconf 87' lang='lat' dir='ltr'><strong>possit</strong></span> <span class='ocrx_word' id='word_1_683' title='bbox 899 4835 1102 4887; x_wconf 81' lang='lat' dir='ltr'><strong>adoriri</strong></span> <span class='ocrx_word' id='word_1_684' title='bbox 1137 4833 1371 4901; x_wconf 82' lang='lat' dir='ltr'><strong>Italiam,</strong></span> <span class='ocrx_word' id='word_1_685' title='bbox 1413 4850 1538 4892; x_wconf 90' lang='lat' dir='ltr'><strong>cum</strong></span> <span class='ocrx_word' id='word_1_686' title='bbox 1566 4837 1619 4891; x_wconf 89' lang='lat' dir='ltr'><strong>id</strong></span> <span class='ocrx_word' id='word_1_687' title='bbox 1651 4852 2033 4908; x_wconf 64' lang='lat' dir='ltr'><strong>saepenumero</strong></span> 
     </span>
    </p>
   </div>
   <div class='ocr_carea' id='block_1_92' title="bbox 434 4922 2035 4998">
    <p class='ocr_par' dir='ltr' id='par_1_92' title="bbox 434 4922 2035 4998">
     <span class='ocr_line' id='line_1_92' title="bbox 434 4922 2035 4998; baseline 0.003 -21"><span class='ocrx_word' id='word_1_688' title='bbox 434 4923 655 4977; x_wconf 71' lang='lat' dir='ltr'><strong>fartum</strong></span> <span class='ocrx_word' id='word_1_689' title='bbox 688 4922 859 4979; x_wconf 89' lang='lat' dir='ltr'><strong>fuisse</strong></span> <span class='ocrx_word' id='word_1_690' title='bbox 888 4924 1197 4994; x_wconf 82' lang='lat' dir='ltr'><strong>audieritis,</strong></span> <span class='ocrx_word' id='word_1_691' title='bbox 1244 4927 1319 4982; x_wconf 90' lang='lat' dir='ltr'><strong>ita</strong></span> <span class='ocrx_word' id='word_1_692' title='bbox 1371 4934 1429 4982; x_wconf 89' lang='lat' dir='ltr'><strong>ut</strong></span> <span class='ocrx_word' id='word_1_693' title='bbox 1468 4928 1536 4981; x_wconf 87' lang='lat' dir='ltr'><strong>ad</strong></span> <span class='ocrx_word' id='word_1_694' title='bbox 1571 4943 1765 4984; x_wconf 88' lang='lat' dir='ltr'><strong>omnes</strong></span> <span class='ocrx_word' id='word_1_695' title='bbox 1814 4927 2035 4998; x_wconf 86' lang='lat' dir='ltr'><strong>pericu-</strong></span> 
     </span>
    </p>
   </div>
   <div class='ocr_carea' id='block_1_93' title="bbox 450 5010 2073 5091">
    <p class='ocr_par' dir='ltr' id='par_1_93' title="bbox 450 5010 2073 5091">
     <span class='ocr_line' id='line_1_93' title="bbox 450 5010 2073 5091; baseline 0.008 -27"><span class='ocrx_word' id='word_1_696' title='bbox 450 5010 564 5070; x_wconf 86' lang='lat' dir='ltr'><strong>lum</strong></span> <span class='ocrx_word' id='word_1_697' title='bbox 599 5014 847 5075; x_wconf 82' lang='lat' dir='ltr'><strong>attineat,</strong></span> <span class='ocrx_word' id='word_1_698' title='bbox 876 5015 1192 5085; x_wconf 83' lang='lat' dir='ltr'><strong>propulsate</strong></span> <span class='ocrx_word' id='word_1_699' title='bbox 1243 5032 1308 5073; x_wconf 83' lang='lat' dir='ltr'><strong>ac</strong></span> <span class='ocrx_word' id='word_1_700' title='bbox 1335 5018 1626 5091; x_wconf 75' lang='lat' dir='ltr'><strong>propellite</strong></span> <span class='ocrx_word' id='word_1_701' title='bbox 1657 5018 1831 5075; x_wconf 88' lang='lat' dir='ltr'><strong>hostis</strong></span> <span class='ocrx_word' id='word_1_702' title='bbox 1853 5018 2034 5089; x_wconf 81' lang='lat' dir='ltr'><strong>intpe-</strong></span> <span class='ocrx_word' id='word_1_703' title='bbox 2058 5068 2073 5077; x_wconf 74' lang='lat'><strong><em>,</em></strong></span> 
     </span>
    </p>
   </div>
   <div class='ocr_carea' id='block_1_94' title="bbox 452 5104 2026 5176">
    <p class='ocr_par' dir='ltr' id='par_1_94' title="bbox 452 5104 2026 5176">
     <span class='ocr_line' id='line_1_94' title="bbox 452 5104 2026 5176; baseline 0.007 -21"><span class='ocrx_word' id='word_1_704' title='bbox 452 5113 589 5165; x_wconf 83' lang='lat' dir='ltr'><strong>tum,</strong></span> <span class='ocrx_word' id='word_1_705' title='bbox 645 5114 704 5158; x_wconf 81' lang='lat' dir='ltr'><strong>ut</strong></span> <span class='ocrx_word' id='word_1_706' title='bbox 755 5104 1184 5164; x_wconf 67' lang='lat' dir='ltr'><strong>incolumitatem</strong></span> <span class='ocrx_word' id='word_1_707' title='bbox 1235 5109 1418 5176; x_wconf 85' lang='lat' dir='ltr'><strong>nobis,</strong></span> <span class='ocrx_word' id='word_1_708' title='bbox 1469 5109 1782 5167; x_wconf 84' lang='lat' dir='ltr'><strong>libertatem</strong></span> <span class='ocrx_word' id='word_1_709' title='bbox 1835 5109 2026 5175; x_wconf 58' lang='lat' dir='ltr'><strong>Italia,</strong></span> 
     </span>
    </p>
   </div>
   <div class='ocr_carea' id='block_1_95' title="bbox 450 5196 1839 5256">
    <p class='ocr_par' dir='ltr' id='par_1_95' title="bbox 450 5196 1839 5256">
     <span class='ocr_line' id='line_1_95' title="bbox 450 5196 1839 5256; baseline 0.006 -6"><span class='ocrx_word' id='word_1_710' title='bbox 450 5196 683 5251; x_wconf 67' lang='lat' dir='ltr'><strong>salutem</strong></span> <span class='ocrx_word' id='word_1_711' title='bbox 721 5198 978 5256; x_wconf 87' lang='lat' dir='ltr'><strong>onmibus</strong></span> <span class='ocrx_word' id='word_1_712' title='bbox 1007 5199 1372 5255; x_wconf 86' lang='lat' dir='ltr'><strong>conservetis.</strong></span> <span class='ocrx_word' id='word_1_713' title='bbox 1838 5204 1839 5207; x_wconf 65' lang='grc'><em>“</em></span> 
     </span>
    </p>
   </div>
   <div class='ocr_carea' id='block_1_96' title="bbox 1214 5350 1283 5408">
    <p class='ocr_par' dir='ltr' id='par_1_96' title="bbox 1214 5350 1283 5408">
     <span class='ocr_line' id='line_1_96' title="bbox 1214 5350 1283 5408; baseline 0.014 -1"><span class='ocrx_word' id='word_1_714' title='bbox 1214 5350 1283 5408; x_wconf 83' lang='lat' dir='ltr'><strong>IV</strong></span> 
     </span>
    </p>
   </div>
   <div class='ocr_carea' id='block_1_97' title="bbox 450 5469 2032 5542">
    <p class='ocr_par' dir='ltr' id='par_1_97' title="bbox 450 5469 2032 5542">
     <span class='ocr_line' id='line_1_97' title="bbox 450 5469 2032 5542; baseline 0.004 -17"><span class='ocrx_word' id='word_1_715' title='bbox 450 5469 708 5542; x_wconf 74' lang='lat' dir='ltr'><strong>Ejusdem</strong></span> <span class='ocrx_word' id='word_1_716' title='bbox 741 5471 812 5526; x_wconf 86' lang='lat' dir='ltr'><strong>ad</strong></span> <span class='ocrx_word' id='word_1_717' title='bbox 832 5472 1041 5542; x_wconf 73' lang='lat' dir='ltr'><strong>eosdem</strong></span> <span class='ocrx_word' id='word_1_718' title='bbox 1101 5474 1167 5526; x_wconf 84' lang='lat' dir='ltr'><strong>de</strong></span> <span class='ocrx_word' id='word_1_719' title='bbox 1216 5472 1489 5529; x_wconf 78' lang='lat' dir='ltr'><strong>discordiis</strong></span> <span class='ocrx_word' id='word_1_720' title='bbox 1527 5475 1794 5530; x_wconf 74' lang='lat' dir='ltr'><strong>sedandis.</strong></span> <span class='ocrx_word' id='word_1_721' title='bbox 1829 5483 1877 5530; x_wconf 80' lang='lat' dir='ltr'><strong>ct</strong></span> <span class='ocrx_word' id='word_1_722' title='bbox 1899 5475 2032 5532; x_wconf 80' lang='lat' dir='ltr'><strong>bello</strong></span> 
     </span>
    </p>
   </div>
   <div class='ocr_carea' id='block_1_98' title="bbox 546 5540 1598 5599">
    <p class='ocr_par' dir='ltr' id='par_1_98' title="bbox 546 5540 1598 5599">
     <span class='ocr_line' id='line_1_98' title="bbox 546 5540 1598 5599; baseline 0.004 -4"><span class='ocrx_word' id='word_1_723' title='bbox 546 5566 549 5571; x_wconf 85' lang='lat'><strong><em>-</em></strong></span> <span class='ocrx_word' id='word_1_724' title='bbox 660 5552 663 5555; x_wconf 75' lang='lat'><strong><em>&#39;</em></strong></span> <span class='ocrx_word' id='word_1_725' title='bbox 879 5545 936 5596; x_wconf 83' lang='lat' dir='ltr'><strong>in</strong></span> <span class='ocrx_word' id='word_1_726' title='bbox 985 5540 1211 5597; x_wconf 83' lang='lat' dir='ltr'><strong>Turcum</strong></span> <span class='ocrx_word' id='word_1_727' title='bbox 1250 5543 1598 5599; x_wconf 79' lang='lat' dir='ltr'><strong>decernendo.</strong></span> 
     </span>
    </p>
   </div>
   <div class='ocr_carea' id='block_1_99' title="bbox 524 5656 2029 5729">
    <p class='ocr_par' dir='ltr' id='par_1_99' title="bbox 524 5656 2029 5729">
     <span class='ocr_line' id='line_1_99' title="bbox 524 5656 2029 5729; baseline 0.001 -17"><span class='ocrx_word' id='word_1_728' title='bbox 524 5656 691 5721; x_wconf 72' lang='lat' dir='ltr'><strong>Satis,</strong></span> <span class='ocrx_word' id='word_1_729' title='bbox 729 5667 788 5711; x_wconf 92' lang='lat' dir='ltr'><strong>ut</strong></span> <span class='ocrx_word' id='word_1_730' title='bbox 814 5658 1084 5724; x_wconf 89' lang='lat' dir='ltr'><strong>arbitror,</strong></span> <span class='ocrx_word' id='word_1_731' title='bbox 1116 5658 1184 5714; x_wconf 85' lang='lat' dir='ltr'><strong>de</strong></span> <span class='ocrx_word' id='word_1_732' title='bbox 1218 5660 1481 5729; x_wconf 74' lang='lat' dir='ltr'><strong>periculis</strong></span> <span class='ocrx_word' id='word_1_733' title='bbox 1515 5660 1612 5715; x_wconf 89' lang='lat' dir='ltr'><strong>toti</strong></span> <span class='ocrx_word' id='word_1_734' title='bbox 1641 5659 1813 5715; x_wconf 73' lang='lat' dir='ltr'><strong>Italize</strong></span> <span class='ocrx_word' id='word_1_735' title='bbox 1848 5661 2029 5714; x_wconf 88' lang='lat' dir='ltr'><strong>immi-</strong></span> 
     </span>
    </p>
   </div>
   <div class='ocr_carea' id='block_1_100' title="bbox 458 5747 2031 5821">
    <p class='ocr_par' dir='ltr' id='par_1_100' title="bbox 458 5747 2031 5821">
     <span class='ocr_line' id='line_1_100' title="bbox 458 5747 2031 5821; baseline 0.004 -21"><span class='ocrx_word' id='word_1_736' title='bbox 458 5748 735 5805; x_wconf 71' lang='lat' dir='ltr'><strong>t:ttt:ibos,</strong></span> <span class='ocrx_word' id='word_1_737' title='bbox 771 5747 1030 5804; x_wconf 80' lang='lat' dir='ltr'><strong>hesterna</strong></span> <span class='ocrx_word' id='word_1_738' title='bbox 1091 5751 1344 5821; x_wconf 78' lang='lat' dir='ltr'><strong>oratione</strong></span> <span class='ocrx_word' id='word_1_739' title='bbox 1403 5750 1434 5802; x_wconf 89' lang='lat' dir='ltr'><strong>d</strong></span> <span class='ocrx_word' id='word_1_740' title='bbox 1463 5761 1738 5817; x_wconf 83' lang='lat' dir='ltr'><strong>sputatmu</strong></span> <span class='ocrx_word' id='word_1_741' title='bbox 1773 5762 1876 5817; x_wconf 81' lang='lat' dir='ltr'><strong>est,</strong></span> <span class='ocrx_word' id='word_1_742' title='bbox 1911 5768 2031 5821; x_wconf 61' lang='grc' dir='ltr'><strong>«μιαν</strong></span> 
     </span>
    </p>
   </div>
   <div class='ocr_carea' id='block_1_101' title="bbox 463 5817 2030 5911">
    <p class='ocr_par' dir='ltr' id='par_1_101' title="bbox 463 5817 2030 5911">
     <span class='ocr_line' id='line_1_101' title="bbox 463 5817 2030 5911; baseline 0.006 -22"><span class='ocrx_word' id='word_1_743' title='bbox 463 5824 588 5889; x_wconf 72' lang='lat' dir='ltr'><strong>lunt</strong></span> <span class='ocrx_word' id='word_1_744' title='bbox 624 5848 677 5890; x_wconf 88' lang='lat' dir='ltr'><strong>ct</strong></span> <span class='ocrx_word' id='word_1_745' title='bbox 710 5849 893 5907; x_wconf 52' lang='lat' dir='ltr'><strong>aperta</strong></span> <span class='ocrx_word' id='word_1_746' title='bbox 932 5839 980 5894; x_wconf 80' lang='lat' dir='ltr'><strong>si</strong></span> <span class='ocrx_word' id='word_1_747' title='bbox 1006 5850 1044 5894; x_wconf 81' lang='grc' dir='ltr'>ιι</span> <span class='ocrx_word' id='word_1_748' title='bbox 1073 5850 1122 5895; x_wconf 85' lang='lat' dir='ltr'><strong>et</strong></span> <span class='ocrx_word' id='word_1_749' title='bbox 1148 5817 1529 5911; x_wconf 42' lang='lat' dir='ltr'><strong>’graxissitua,</strong></span> <span class='ocrx_word' id='word_1_750' title='bbox 1593 5841 1863 5911; x_wconf 85' lang='lat' dir='ltr'><strong>rciiquum</strong></span> <span class='ocrx_word' id='word_1_751' title='bbox 1908 5857 2030 5899; x_wconf 82' lang='lat' dir='ltr'><strong>esse</strong></span> 
     </span>
    </p>
   </div>
   <div class='ocr_carea' id='block_1_102' title="bbox 2135 4644 3718 4721">
    <p class='ocr_par' dir='ltr' id='par_1_102' title="bbox 2135 4644 3718 4721">
     <span class='ocr_line' id='line_1_102' title="bbox 2135 4644 3718 4721; baseline -0.003 -16"><span class='ocrx_word' id='word_1_752' title='bbox 2135 4649 2283 4721; x_wconf 86' lang='lat' dir='ltr'><strong>quod</strong></span> <span class='ocrx_word' id='word_1_753' title='bbox 2315 4647 2533 4704; x_wconf 83' lang='lat' dir='ltr'><strong>felicius</strong></span> <span class='ocrx_word' id='word_1_754' title='bbox 2569 4644 2755 4717; x_wconf 87' lang='lat' dir='ltr'><strong>optari</strong></span> <span class='ocrx_word' id='word_1_755' title='bbox 2788 4660 2952 4716; x_wconf 86' lang='lat' dir='ltr'><strong>posse</strong></span> <span class='ocrx_word' id='word_1_756' title='bbox 2983 4645 3376 4711; x_wconf 86' lang='lat' dir='ltr'><strong>arbitraretur,</strong></span> <span class='ocrx_word' id='word_1_757' title='bbox 3413 4661 3579 4717; x_wconf 85' lang='lat' dir='ltr'><strong>quam</strong></span> <span class='ocrx_word' id='word_1_758' title='bbox 3633 4645 3718 4701; x_wconf 82' lang='lat' dir='ltr'><strong>vi-</strong></span> 
     </span>
    </p>
   </div>
   <div class='ocr_carea' id='block_1_103' title="bbox 2135 4738 3714 4809">
    <p class='ocr_par' dir='ltr' id='par_1_103' title="bbox 2135 4738 3714 4809">
     <span class='ocr_line' id='line_1_103' title="bbox 2135 4738 3714 4809; baseline -0.001 -13"><span class='ocrx_word' id='word_1_759' title='bbox 2135 4758 2258 4797; x_wconf 88' lang='lat' dir='ltr'><strong>rum</strong></span> <span class='ocrx_word' id='word_1_760' title='bbox 2289 4741 2607 4809; x_wconf 83' lang='lat' dir='ltr'><strong>liberosque</strong></span> <span class='ocrx_word' id='word_1_761' title='bbox 2653 4738 2988 4806; x_wconf 85' lang='lat' dir='ltr'><strong>concordes,</strong></span> <span class='ocrx_word' id='word_1_762' title='bbox 3021 4752 3134 4808; x_wconf 90' lang='lat' dir='ltr'><strong>quo</strong></span> <span class='ocrx_word' id='word_1_763' title='bbox 3161 4738 3301 4794; x_wconf 86' lang='lat' dir='ltr'><strong>nihil</strong></span> <span class='ocrx_word' id='word_1_764' title='bbox 3356 4738 3582 4795; x_wconf 80' lang='lat' dir='ltr'><strong>suavius</strong></span> <span class='ocrx_word' id='word_1_765' title='bbox 3614 4739 3714 4803; x_wconf 83' lang='lat' dir='ltr'><strong>ait.</strong></span> 
     </span>
    </p>
   </div>
   <div class='ocr_carea' id='block_1_104' title="bbox 2135 4827 3719 4899">
    <p class='ocr_par' dir='ltr' id='par_1_104' title="bbox 2135 4827 3719 4899">
     <span class='ocr_line' id='line_1_104' title="bbox 2135 4827 3719 4899; baseline -0.001 -13"><span class='ocrx_word' id='word_1_766' title='bbox 2135 4831 2276 4886; x_wconf 87' lang='lat' dir='ltr'><strong>nihil</strong></span> <span class='ocrx_word' id='word_1_767' title='bbox 2309 4839 2405 4885; x_wconf 89' lang='lat' dir='ltr'><strong>aut</strong></span> <span class='ocrx_word' id='word_1_768' title='bbox 2436 4828 2678 4884; x_wconf 83' lang='lat' dir='ltr'><strong>inimicis</strong></span> <span class='ocrx_word' id='word_1_769' title='bbox 2722 4827 3033 4893; x_wconf 87' lang='lat' dir='ltr'><strong>molestius,</strong></span> <span class='ocrx_word' id='word_1_770' title='bbox 3068 4839 3164 4884; x_wconf 87' lang='lat' dir='ltr'><strong>aut</strong></span> <span class='ocrx_word' id='word_1_771' title='bbox 3192 4828 3387 4885; x_wconf 86' lang='lat' dir='ltr'><strong>amicis</strong></span> <span class='ocrx_word' id='word_1_772' title='bbox 3414 4829 3719 4899; x_wconf 84' lang='lat' dir='ltr'><strong>jucundius</strong></span> 
     </span>
    </p>
   </div>
   <div class='ocr_carea' id='block_1_105' title="bbox 2126 4907 3721 4990">
    <p class='ocr_par' dir='ltr' id='par_1_105' title="bbox 2126 4907 3721 4990">
     <span class='ocr_line' id='line_1_105' title="bbox 2126 4907 3721 4990; baseline -0.002 -14"><span class='ocrx_word' id='word_1_773' title='bbox 2126 4907 2393 4990; x_wconf 71' lang='lat' dir='ltr'><strong>accidere</strong></span> <span class='ocrx_word' id='word_1_774' title='bbox 2419 4933 2601 4989; x_wconf 86' lang='lat' dir='ltr'><strong>posse.</strong></span> <span class='ocrx_word' id='word_1_775' title='bbox 2632 4922 2703 4974; x_wconf 79' lang='lat' dir='ltr'><strong>At</strong></span> <span class='ocrx_word' id='word_1_776' title='bbox 2730 4918 2867 4989; x_wconf 86' lang='lat' dir='ltr'><strong>quid</strong></span> <span class='ocrx_word' id='word_1_777' title='bbox 2903 4918 3183 4983; x_wconf 89' lang='lat' dir='ltr'><strong>miserius,</strong></span> <span class='ocrx_word' id='word_1_778' title='bbox 3208 4918 3340 4989; x_wconf 88' lang='lat' dir='ltr'><strong>quid</strong></span> <span class='ocrx_word' id='word_1_779' title='bbox 3370 4919 3721 4989; x_wconf 75' lang='lat' dir='ltr'><strong>humanain-</strong></span> 
     </span>
    </p>
   </div>
   <div class='ocr_carea' id='block_1_106' title="bbox 2134 5008 3719 5082">
    <p class='ocr_par' dir='ltr' id='par_1_106' title="bbox 2134 5008 3719 5082">
     <span class='ocr_line' id='line_1_106' title="bbox 2134 5008 3719 5082; baseline 0 -17"><span class='ocrx_word' id='word_1_780' title='bbox 2134 5011 2356 5082; x_wconf 74' lang='lat' dir='ltr'><strong>dignius</strong></span> <span class='ocrx_word' id='word_1_781' title='bbox 2388 5009 2679 5075; x_wconf 82' lang='lat' dir='ltr'><strong>societate,</strong></span> <span class='ocrx_word' id='word_1_782' title='bbox 2707 5023 2872 5079; x_wconf 89' lang='lat' dir='ltr'><strong>quam</strong></span> <span class='ocrx_word' id='word_1_783' title='bbox 2903 5023 3031 5065; x_wconf 90' lang='lat' dir='ltr'><strong>cum</strong></span> <span class='ocrx_word' id='word_1_784' title='bbox 3076 5008 3330 5067; x_wconf 88' lang='lat' dir='ltr'><strong>civitates</strong></span> <span class='ocrx_word' id='word_1_785' title='bbox 3359 5016 3458 5064; x_wconf 90' lang='lat' dir='ltr'><strong>aut</strong></span> <span class='ocrx_word' id='word_1_786' title='bbox 3486 5009 3719 5080; x_wconf 83' lang='lat' dir='ltr'><strong>provin-</strong></span> 
     </span>
    </p>
   </div>
   <div class='ocr_carea' id='block_1_107' title="bbox 2132 5101 3721 5184">
    <p class='ocr_par' dir='ltr' id='par_1_107' title="bbox 2132 5101 3721 5184">
     <span class='ocr_line' id='line_1_107' title="bbox 2132 5101 3721 5184; baseline 0 -26"><span class='ocrx_word' id='word_1_787' title='bbox 2132 5108 2237 5158; x_wconf 71' lang='lat' dir='ltr'><strong>eis:</strong></span> <span class='ocrx_word' id='word_1_788' title='bbox 2263 5102 2587 5159; x_wconf 83' lang='lat' dir='ltr'><strong>domesticis</strong></span> <span class='ocrx_word' id='word_1_789' title='bbox 2607 5102 2982 5184; x_wconf 78' lang='lat' dir='ltr'><strong>seditionibus</strong></span> <span class='ocrx_word' id='word_1_790' title='bbox 3006 5101 3276 5174; x_wconf 87' lang='lat' dir='ltr'><strong>bellisque</strong></span> <span class='ocrx_word' id='word_1_791' title='bbox 3303 5102 3566 5159; x_wconf 88' lang='lat' dir='ltr'><strong>civilibus</strong></span> <span class='ocrx_word' id='word_1_792' title='bbox 3583 5117 3721 5159; x_wconf 87' lang='lat' dir='ltr'><strong>con-</strong></span> 
     </span>
    </p>
   </div>
   <div class='ocr_carea' id='block_1_108' title="bbox 2134 5193 3717 5265">
    <p class='ocr_par' dir='ltr' id='par_1_108' title="bbox 2134 5193 3717 5265">
     <span class='ocr_line' id='line_1_108' title="bbox 2134 5193 3717 5265; baseline -0.001 -15"><span class='ocrx_word' id='word_1_793' title='bbox 2134 5195 2436 5251; x_wconf 78' lang='lat' dir='ltr'><strong>ficiuntur?</strong></span> <span class='ocrx_word' id='word_1_794' title='bbox 2463 5193 2598 5249; x_wconf 77' lang='lat' dir='ltr'><strong>Nam</strong></span> <span class='ocrx_word' id='word_1_795' title='bbox 2631 5208 2773 5265; x_wconf 89' lang='lat' dir='ltr'><strong>quos</strong></span> <span class='ocrx_word' id='word_1_796' title='bbox 2802 5194 3172 5261; x_wconf 84' lang='lat' dir='ltr'><strong>necessarios,</strong></span> <span class='ocrx_word' id='word_1_797' title='bbox 3208 5195 3428 5258; x_wconf 88' lang='lat' dir='ltr'><strong>fratres,</strong></span> <span class='ocrx_word' id='word_1_798' title='bbox 3455 5203 3717 5263; x_wconf 84' lang='lat' dir='ltr'><strong>parentes</strong></span> 
     </span>
    </p>
   </div>
   <div class='ocr_carea' id='block_1_109' title="bbox 2133 5270 3713 5358">
    <p class='ocr_par' dir='ltr' id='par_1_109' title="bbox 2133 5270 3713 5358">
     <span class='ocr_line' id='line_1_109' title="bbox 2133 5270 3713 5358; baseline -0.003 -14"><span class='ocrx_word' id='word_1_799' title='bbox 2133 5299 2330 5344; x_wconf 87' lang='lat' dir='ltr'><strong>natura</strong></span> <span class='ocrx_word' id='word_1_800' title='bbox 2358 5286 2570 5358; x_wconf 80' lang='lat' dir='ltr'><strong>genuit,</strong></span> <span class='ocrx_word' id='word_1_801' title='bbox 2598 5286 2788 5341; x_wconf 81' lang='lat' dir='ltr'><strong>hostes</strong></span> <span class='ocrx_word' id='word_1_802' title='bbox 2809 5296 2868 5341; x_wconf 90' lang='lat' dir='ltr'><strong>et</strong></span> <span class='ocrx_word' id='word_1_803' title='bbox 2906 5286 3136 5355; x_wconf 85' lang='lat' dir='ltr'><strong>alienos</strong></span> <span class='ocrx_word' id='word_1_804' title='bbox 3202 5270 3480 5343; x_wconf 60' lang='lat' dir='ltr'><strong>discoYdia</strong></span> <span class='ocrx_word' id='word_1_805' title='bbox 3514 5284 3713 5351; x_wconf 81' lang='lat' dir='ltr'><strong>eflicit,</strong></span> 
     </span>
    </p>
   </div>
   <div class='ocr_carea' id='block_1_110' title="bbox 2135 5376 3709 5439">
    <p class='ocr_par' dir='ltr' id='par_1_110' title="bbox 2135 5376 3709 5439">
     <span class='ocr_line' id='line_1_110' title="bbox 2135 5376 3709 5439; baseline -0.005 -1"><span class='ocrx_word' id='word_1_806' title='bbox 2135 5382 2229 5438; x_wconf 84' lang='lat' dir='ltr'><strong>ubi</strong></span> <span class='ocrx_word' id='word_1_807' title='bbox 2257 5390 2314 5436; x_wconf 90' lang='lat' dir='ltr'><strong>et</strong></span> <span class='ocrx_word' id='word_1_808' title='bbox 2343 5381 2560 5437; x_wconf 90' lang='lat' dir='ltr'><strong>vincere</strong></span> <span class='ocrx_word' id='word_1_809' title='bbox 2588 5378 2903 5435; x_wconf 87' lang='lat' dir='ltr'><strong>luctuosum</strong></span> <span class='ocrx_word' id='word_1_810' title='bbox 2922 5387 3031 5439; x_wconf 89' lang='lat' dir='ltr'><strong>est.</strong></span> <span class='ocrx_word' id='word_1_811' title='bbox 3058 5386 3116 5433; x_wconf 93' lang='lat' dir='ltr'><strong>ct</strong></span> <span class='ocrx_word' id='word_1_812' title='bbox 3143 5378 3344 5433; x_wconf 87' lang='lat' dir='ltr'><strong>cadere</strong></span> <span class='ocrx_word' id='word_1_813' title='bbox 3373 5376 3709 5432; x_wconf 87' lang='lat' dir='ltr'><strong>sceleratum</strong></span> 
     </span>
    </p>
   </div>
   <div class='ocr_carea' id='block_1_111' title="bbox 2133 5463 3713 5548">
    <p class='ocr_par' dir='ltr' id='par_1_111' title="bbox 2133 5463 3713 5548">
     <span class='ocr_line' id='line_1_111' title="bbox 2133 5463 3713 5548; baseline -0.006 -14"><span class='ocrx_word' id='word_1_814' title='bbox 2133 5463 2299 5548; x_wconf 74' lang='lat' dir='ltr'><strong>atque</strong></span> <span class='ocrx_word' id='word_1_815' title='bbox 2341 5473 2631 5547; x_wconf 85' lang='lat' dir='ltr'><strong>nefarium.</strong></span> <span class='ocrx_word' id='word_1_816' title='bbox 2666 5471 2882 5526; x_wconf 85' lang='lat' dir='ltr'><strong>Bellum</strong></span> <span class='ocrx_word' id='word_1_817' title='bbox 2933 5469 3304 5526; x_wconf 83' lang='lat' dir='ltr'><strong>domesticum</strong></span> <span class='ocrx_word' id='word_1_818' title='bbox 3358 5483 3426 5524; x_wconf 89' lang='lat' dir='ltr'><strong>eo</strong></span> <span class='ocrx_word' id='word_1_819' title='bbox 3482 5470 3713 5539; x_wconf 69' lang='lat' dir='ltr'><strong>gravius</strong></span> 
     </span>
    </p>
   </div>
   <div class='ocr_carea' id='block_1_112' title="bbox 2132 5556 3714 5633">
    <p class='ocr_par' dir='ltr' id='par_1_112' title="bbox 2132 5556 3714 5633">
     <span class='ocr_line' id='line_1_112' title="bbox 2132 5556 3714 5633; baseline -0.003 -15"><span class='ocrx_word' id='word_1_820' title='bbox 2132 5574 2361 5619; x_wconf 73' lang='lat' dir='ltr'><strong>externo</strong></span> <span class='ocrx_word' id='word_1_821' title='bbox 2389 5569 2497 5622; x_wconf 81' lang='lat' dir='ltr'><strong>est,</strong></span> <span class='ocrx_word' id='word_1_822' title='bbox 2529 5557 2677 5633; x_wconf 82' lang='lat' dir='ltr'><strong>quod</strong></span> <span class='ocrx_word' id='word_1_823' title='bbox 2716 5567 3013 5614; x_wconf 77' lang='lat' dir='ltr'><strong>externum</strong></span> <span class='ocrx_word' id='word_1_824' title='bbox 3047 5556 3369 5621; x_wconf 83' lang='lat' dir='ltr'><strong>nonnullam</strong></span> <span class='ocrx_word' id='word_1_825' title='bbox 3411 5556 3714 5626; x_wconf 85' lang='lat' dir='ltr'><strong>aliquando</strong></span> 
     </span>
    </p>
   </div>
   <div class='ocr_carea' id='block_1_113' title="bbox 2136 5646 3714 5719">
    <p class='ocr_par' dir='ltr' id='par_1_113' title="bbox 2136 5646 3714 5719">
     <span class='ocr_line' id='line_1_113' title="bbox 2136 5646 3714 5719; baseline -0.003 -11"><span class='ocrx_word' id='word_1_826' title='bbox 2136 5654 2293 5709; x_wconf 77' lang='lat' dir='ltr'><strong>affert</strong></span> <span class='ocrx_word' id='word_1_827' title='bbox 2321 5650 2637 5715; x_wconf 83' lang='lat' dir='ltr'><strong>utilitatem,</strong></span> <span class='ocrx_word' id='word_1_828' title='bbox 2672 5661 2928 5717; x_wconf 62' lang='lat' dir='ltr'><strong>saepeque</strong></span> <span class='ocrx_word' id='word_1_829' title='bbox 2961 5647 3038 5701; x_wconf 89' lang='lat' dir='ltr'><strong>ita</strong></span> <span class='ocrx_word' id='word_1_830' title='bbox 3059 5646 3377 5717; x_wconf 87' lang='lat' dir='ltr'><strong>suscipitur,</strong></span> <span class='ocrx_word' id='word_1_831' title='bbox 3402 5657 3463 5701; x_wconf 92' lang='lat' dir='ltr'><strong>ut</strong></span> <span class='ocrx_word' id='word_1_832' title='bbox 3491 5647 3545 5710; x_wconf 84' lang='lat' dir='ltr'><strong>in</strong></span> <span class='ocrx_word' id='word_1_833' title='bbox 3577 5661 3714 5719; x_wconf 89' lang='lat' dir='ltr'><strong>pace</strong></span> 
     </span>
    </p>
   </div>
   <div class='ocr_carea' id='block_1_114' title="bbox 2135 5728 3714 5806">
    <p class='ocr_par' dir='ltr' id='par_1_114' title="bbox 2135 5728 3714 5806">
     <span class='ocr_line' id='line_1_114' title="bbox 2135 5728 3714 5806; baseline -0.004 -8"><span class='ocrx_word' id='word_1_834' title='bbox 2135 5743 2384 5798; x_wconf 84' lang='lat' dir='ltr'><strong>vivamus</strong></span> <span class='ocrx_word' id='word_1_835' title='bbox 2414 5756 2429 5793; x_wconf 93' lang='lat'>:</span> <span class='ocrx_word' id='word_1_836' title='bbox 2470 5728 2633 5793; x_wconf 85' lang='lat' dir='ltr'><strong>civile</strong></span> <span class='ocrx_word' id='word_1_837' title='bbox 2664 5750 2794 5791; x_wconf 84' lang='lat' dir='ltr'><strong>vero</strong></span> <span class='ocrx_word' id='word_1_838' title='bbox 2814 5734 3022 5805; x_wconf 88' lang='lat' dir='ltr'><strong>profuit</strong></span> <span class='ocrx_word' id='word_1_839' title='bbox 3054 5750 3338 5806; x_wconf 87' lang='lat' dir='ltr'><strong>nunquam</strong></span> <span class='ocrx_word' id='word_1_840' title='bbox 3369 5736 3600 5793; x_wconf 88' lang='lat' dir='ltr'><strong>nemini.</strong></span> <span class='ocrx_word' id='word_1_841' title='bbox 3636 5737 3714 5793; x_wconf 86' lang='lat' dir='ltr'><strong>De</strong></span> 
     </span>
    </p>
   </div>
   <div class='ocr_carea' id='block_1_115' title="bbox 2138 5826 3707 5902">
    <p class='ocr_par' dir='ltr' id='par_1_115' title="bbox 2138 5826 3707 5902">
     <span class='ocr_line' id='line_1_115' title="bbox 2138 5826 3707 5902; baseline -0.003 -12"><span class='ocrx_word' id='word_1_842' title='bbox 2138 5834 2282 5891; x_wconf 75' lang='lat' dir='ltr'><strong>bcllo</strong></span> <span class='ocrx_word' id='word_1_843' title='bbox 2319 5841 2551 5887; x_wconf 73' lang='lat' dir='ltr'><strong>externo</strong></span> <span class='ocrx_word' id='word_1_844' title='bbox 2584 5841 2728 5899; x_wconf 70' lang='lat' dir='ltr'><strong>smpc</strong></span> <span class='ocrx_word' id='word_1_845' title='bbox 2757 5826 3139 5886; x_wconf 88' lang='lat' dir='ltr'><strong>consultamus</strong></span> <span class='ocrx_word' id='word_1_846' title='bbox 3170 5845 3236 5887; x_wconf 88' lang='lat' dir='ltr'><strong>an</strong></span> <span class='ocrx_word' id='word_1_847' title='bbox 3273 5829 3572 5902; x_wconf 72' lang='lat' dir='ltr'><strong>gerendum</strong></span> <span class='ocrx_word' id='word_1_848' title='bbox 3598 5830 3707 5897; x_wconf 87' lang='lat' dir='ltr'><strong>sit;</strong></span> 
     </span>
    </p>
   </div>
  </div>
