4136 6428
381 422 479 486 δξι

1423 426 1883 490 ΟΒΑΤῙΟΝΕΒ
1905 430 2205 490 CONTRA
2248 431 2499 492 TURCA
2510 429 2567 489 S.

3536 435 3646 498 662

386 543 548 596 civile
596 548 782 596 autem
833 555 1113 611 nunquam
1172 540 1225 594 in
1276 540 1738 598 deliberationem
1800 545 1968 598 cadit.
2003 549 2045 604 Α
2075 553 2130 596 et
2166 544 2481 613 perspicere
2516 543 2767 612 potestis.
2810 552 2993 597 tamen
3033 558 3228 600 sensus
3256 544 3504 601 dolorem
3528 550 3683 617 μευ-ι

378 634 513 688 Nam
540 632 1000 701 quemadmodum
1035 648 1147 688 non
1178 632 1247 687 de
1280 634 1448 688 rebus
1485 636 1833 699 necessariis,
1861 636 1955 690 sed

378 726 445 779 de
472 724 657 778 dubiis
683 723 971 778 coasilium
1030 723 1227 786 initur.
1263 724 1334 779 ita
1372 740 1555 794 neque
1586 726 1652 779 de
1687 728 1779 790 iis,
1837 743 1960 796 qua:

382 817 447 870 ad
478 817 741 870 utramvis
781 824 990 884 partem
1022 817 1323 887 exploratae
1356 828 1503 873 sunt.
1543 818 1669 884 Quo
1697 821 1750 872 in
1785 835 1960 889 gene—

385 922 443 960 re
473 905 668 960 seditio
700 914 805 969 est,
840 921 1004 976 quam
1033 907 1127 977 qui
1158 916 1326 971 amat,
1358 923 1462 963 nec
1491 908 1737 977 privatos
1783 909 1957 974 focos,

384 1012 483 1050 nec
512 996 726 1065 publica
761 997 1034 1052 libertatis
1066 999 1189 1069 jura
1223 1000 1390 1053 chara
1446 998 1653 1054 habere
1713 999 1955 1058 videtur.

381 1088 749 1159 Tyrannidem
810 1090 1042 1145 invisam
1076 1091 1238 1145 bonis
1266 1091 1548 1158 omnibus,
1600 1092 1955 1162 maximeque

381 1180 747 1248 perniciosam
787 1181 1104 1245 civitatibus
1136 1197 1281 1249 esse,
1312 1183 1473 1252 plane
1504 1198 1696 1238 omnes
1726 1200 1958 1253 persua-

382 1287 501 1324 sum
536 1272 823 1327 habemus.
860 1273 930 1326 At
962 1274 1175 1344 tyranni
1213 1275 1378 1328 urbes
1408 1290 1804 1344 nonnunquam
1839 1278 1958 1347 opi-

381 1362 484 1416 bus
508 1364 869 1433 potentiaque
896 1366 1327 1434 ampliﬁcarnnt,
1360 1373 1414 1419 et
1448 1366 1503 1420 in
1551 1382 1809 1437 magnum
1865 1384 1962 1423 au-

380 1468 512 1508 Xerc
551 1454 867 1523 imperium.
899 1455 1055 1521 Quod
1085 1457 1169 1511 vel
1194 1459 1245 1511 in
1279 1458 1435 1513 hoste
1463 1468 1651 1513 nostro
1682 1459 1837 1515 facile
1861 1475 1956 1515 co-

380 1546 589 1613 gnitum
633 1548 1101 1617 perspicunmque
1136 1559 1245 1615 est,
1286 1551 1404 1621 qui,
1436 1566 1561 1606 cum
1595 1561 1954 1623 tyrannorum

378 1636 626 1689 omnium
673 1638 1092 1694 crudelissimus
1136 1641 1238 1706 sit,
1275 1653 1453 1697 tamen
1486 1658 1842 1713 quascunque
1871 1639 1957 1699 vel

383 1728 547 1781 urbes
581 1729 663 1782 vel
703 1731 1017 1798 provincias
1046 1747 1149 1787 suo
1183 1733 1386 1803 adjecit
1443 1734 1700 1804 imperio,
1762 1744 1959 1807 poten-

380 1818 546 1872 tiores
572 1821 778 1877 ell'ecit.
826 1822 930 1876 Per
967 1824 1301 1878 seditionem
1358 1840 1489 1880 vero
1524 1827 1768 1893 civilem,
1828 1828 1957 1897 quis

383 1911 519 1964 mihi
585 1928 827 1981 unquam
892 1914 1388 1982 demonstraverit,
1450 1934 1701 1987 quamam
1752 1922 1955 1976 moenia

381 1999 621 2053 ﬁrmiora
648 2001 781 2066 sint,
811 2002 894 2057 vel
927 2019 1048 2073 quae
1085 2008 1269 2074 potius
1300 2022 1407 2065 non
1444 1996 1696 2063 funditus
1716 2009 1957 2064 eversa?

377 2089 565 2158 Itaque
591 2090 635 2143 si
665 2093 908 2161 tyrannis
940 2094 1146 2150 homini
1179 2096 1355 2151 libero
1398 2096 1620 2166 civique
1651 2096 1955 2152 fortissimo

379 2178 630 2250 fugienda
666 2192 768 2249 est,
784 2197 850 2236 an
868 2183 935 2238 de
958 2184 1233 2241 discordia
1254 2199 1340 2241 est
1362 2187 1752 2257 cogitandum?
1782 2198 1839 2243 et
1858 2187 1954 2258 qtti

381 2273 841 2340 tyrannidem,vel
873 2276 1073 2346 capitis
1104 2278 1353 2347 periculo
1391 2280 1815 2349 propulsandam
1858 2297 1957 2349 pu-

381 2364 537 2423 tabit,
555 2365 716 2420 civile
735 2366 961 2430 bellum,
980 2372 1128 2437 quod
1151 2369 1406 2425 acerbius
1420 2382 1508 2427 est
1534 2380 1588 2425 et
1624 2371 1951 2435 luctuosius,

388 2462 585 2522 sponte
630 2458 1091 2514 consectabitur?
1125 2459 1380 2517 Solemus
1410 2478 1534 2517 cum
1569 2462 1797 2531 privatis
1829 2477 1955 2531 pre-

381 2544 561 2611 cibus,
594 2553 708 2600 tum
744 2548 982 2618 publicis
1008 2551 1508 2621 supplicationibus
1530 2567 1561 2606 a
1604 2553 1715 2607 Deo
1740 2553 1950 2623 Optimo

366 2639 620 2694 maximo
663 2656 851 2711 pacem
900 2645 1369 2716 concordiamque
1413 2654 1623 2715 petere.
1672 2654 1751 2711 ei.
1802 2644 1951 2716 (111οά

379 2731 587 2786 scimus
622 2732 781 2789 nobis
803 2737 1179 2804 perniciosum
1216 2738 1358 2804 fore,
1384 2737 1531 2809 quod
1564 2737 1951 2809 deprecamur,

378 2825 523 2893 quod
556 2824 650 2879 Dei
699 2827 874 2881 nostri
919 2843 1023 2897 ope
1058 2830 1335 2885 declinare
1388 2831 1639 2896 nitimur,
1677 2830 1730 2885 id
1763 2830 1951 2884 dedita

378 2929 544 2981 opera
575 2914 923 2985 libenterque
956 2920 1391 2988 persequemur?
1420 2920 1560 2987 Quid
1599 2920 1820 2976 tandem
1847 2920 1953 2975 hoc

380 3000 527 3056 aliud
572 3012 678 3066 est,
711 3004 816 3058 nisi
856 3006 1096 3060 hostium
1136 3016 1456 3064 nostrorum
1511 3027 1628 3066 rem
1676 3027 1861 3083 agere,
1894 3020 1953 3068 et

378 3097 526 3166 quod
580 3099 656 3153 illi
710 3100 828 3155 suis
860 3101 1107 3170 profanis
1158 3104 1418 3173 precibus
1448 3106 1790 3161 contendunt
1830 3123 1951 3161 ma-

380 3194 525 3250 xime
563 3196 825 3251 eﬁicere?
876 3198 986 3254 Illis
1029 3200 1175 3254 enim
1223 3201 1412 3270 prima:
1440 3204 1696 3257 omnium
1754 3219 1944 3273 pret-es
1977 3235 2021 3295 ο

378 3298 509 3341 sunt
546 3289 732 3344 multis
762 3289 985 3359 quidem
1027 3303 1193 3359 notae,
1229 3292 1391 3347 nobis
1425 3292 1660 3349 fortasse
1699 3295 1946 3362 minime,

383 3389 442 3432 ut
496 3379 637 3435 inter
691 3396 820 3436 suos
871 3398 997 3451 pax,
1050 3385 1358 3438 animormn
1390 3399 1714 3451 consensus,
1767 3387 1948 3458 quies,

380 3469 526 3522 inter
555 3470 899 3528 Christianos
923 3476 1107 3529 odium
1151 3477 1357 3547 vigeat,
1398 3478 1619 3543 seditio,
1642 3479 1784 3532 bella
1816 3479 1952 3533 civi-

380 3560 473 3611 lia.
510 3560 1078 3620 Volumusneillorum
1108 3568 1325 3623 libidini
1350 3570 1797 3626 satisfacere7At
1847 3572 1950 3627 hoc

380 3660 463 3703 est
495 3652 670 3706 hostis
711 3656 935 3711 utilitati
978 3660 1293 3723 consulere,
1326 3672 1381 3716 et
1417 3663 1565 3718 illius
1595 3664 1948 3719 commodum

385 3753 574 3798 nostro
606 3745 956 3803 incommodo
989 3766 1209 3820 parare.
1244 3754 1521 3824 Praecepta
1554 3756 1628 3824 (ni
1652 3756 1859 3828 fallor),
1888 3771 1948 3812 ut

382 3849 525 3902 smpe
558 3835 672 3888 vidi
702 3846 758 3890 et
801 3836 930 3907 legi,
967 3856 1089 3909 qua:
1125 3842 1179 3896 in
1208 3843 1442 3899 urbibus
1475 3847 1733 3916 regendis
1761 3848 1949 3905 bellis-

382 3944 489 3994 que
547 3929 780 3985 feliciter
827 3934 1187 3989 conﬁciendis
1223 3937 1383 3990 nobis
1432 3941 1746 4008 prtescrip'a
1798 3950 1949 4003 sunt.

379 4022 540 4077 aliter
562 4032 829 4091 statuunt,
854 4037 909 4081 et
939 4028 1156 4092 dcet-nt,
1182 4038 1239 4083 ut
1268 4028 1478 4083 scilicet
1502 4031 1800 4099 exploratis
1846 4035 1949 4089 ho-

388 4116 553 4168 stium
587 4118 859 4181 consiliis,
898 4120 1170 4173 contraria
1201 4121 1469 4185 ciliciatis,
1500 4123 1545 4176 si
1569 4123 1635 4183 jn
1665 4126 1947 4194 republica

378 4216 577 4261 statum
611 4209 873 4276 retinere,
905 4212 949 4266 si
983 4211 1038 4265 itt
1071 4212 1214 4267 bello
1244 4213 1530 4268 victoriam
1560 4218 1827 4286 consequi
1855 4235 1953 4274 ve-

378 4300 512 4356 litis.
538 4291 619 4356 An
641 4319 770 4359 vero
821 4306 1276 4361 committendum
1304 4316 1409 4374 est,
1443 4319 1499 4362 ut
1529 4311 1621 4379 qui
1652 4313 1812 4367 nobis
1862 4314 1947 4367 lu-

380 4403 553 4456 ctum,
594 4402 886 4462 terrorem,
916 4408 1213 4463 tormenta,
1256 4398 1459 4453 caedem
1501 4400 1809 4463 denuntiat,
1850 4420 1943 4458 uo-

382 4495 491 4538 stra
532 4486 745 4541 laztctur
771 4490 955 4559 culpa,
982 4499 1038 4543 et
1070 4491 1351 4546 exsultet?
1384 4491 1717 4547 Excitandus
1736 4504 1819 4549 est
1845 4496 1949 4552 hnc

2065 633 2141 687 ris
2192 633 2343 696 facit,
2383 634 2475 702 qui
2526 648 2614 697 ea,
2672 649 2796 702 qua:
2827 634 3009 688 ca'tcri
3058 635 3310 700 audiunt,
3350 653 3649 707 perpessus

2061 733 2164 779 est.
2196 724 2314 777 Non
2349 725 2419 777 ita
2449 724 2637 777 animo
2671 724 2977 789 inhaerent,
3002 741 3125 795 qum
3152 728 3494 783 autauribus
3516 745 3645 798 per-

2061 814 2323 882 cipimus,
2360 823 2454 865 aut
2481 813 2763 869 cernimus
2795 815 2994 880 oculis,
3041 825 3188 870 utea
3224 816 3641 885 imprimuntur,

2060 922 2181 974 qua:
2213 905 2297 959 vel
2328 920 2446 970 sua,
2480 905 2563 959 vel
2595 920 2823 960 suorum
2855 907 3107 973 vulnera,
3140 924 3331 972 neces,
3359 918 3637 965 tormenta

2041 982 2159 1065 'per
2208 1010 2479 1050 summam
2543 996 2786 1051 hostium
2848 999 3233 1054 crudelitatem
3304 1002 3639 1056 intulerunt.

2059 1085 2281 1141 Credite
2304 1094 2551 1154 experto.
2581 1088 2790 1143 credite
2815 1104 2998 1158 passo.
3030 1091 3173 1144 Nihil
3201 1092 3348 1147 aliud
3376 1095 3633 1149 miseram

2026 1205 2030 1210 -
2062 1177 2327 1231 exstinxit
2355 1176 2648 1239 Graaciam.
2683 1179 2790 1234 nisi
2821 1179 3100 1235 discordia
3132 1199 3147 1236 :
3180 1183 3318 1237 nihil
3345 1185 3493 1239 aliud
3515 1200 3637 1239 eam

2061 1267 2211 1321 orbis
2244 1278 2456 1337 partem
2490 1268 2718 1332 delevit,
2767 1270 2875 1324 nisi
2910 1271 3053 1327 bella
3089 1274 3296 1340 civilia,
3340 1291 3517 1345 neque
3547 1290 3642 1331 so—

2062 1359 2172 1413 lum
2225 1370 2417 1414 nostra
2464 1361 2751 1425 memoria,
2801 1362 2899 1417 sed
2929 1373 2983 1417 et
3031 1364 3232 1433 priscis
3272 1368 3638 1435 temporibus.

2058 1451 2194 1504 Nam
2227 1449 2532 1526 Philippus,
2594 1456 2843 1522 Amyntae
2885 1454 3052 1520 ﬁlius,
3114 1457 3415 1512 Alexandri
3462 1458 3640 1526 Magni

2060 1549 2238 1608 pater,
2278 1556 2378 1610 per
2418 1522 2862 1609 Atheniensium,
2895 1543 3460 1612 Lacedaamoniorum,
3496 1548 3643 1603 The-

2062 1630 2332 1684 banorum
2359 1630 2707 1700 aliorumque
2739 1643 2929 1686 mutua
2960 1633 3388 1698 odia,Gra:ciam
3412 1636 3636 1690 evertit.

2069 1722 2321 1786 Quandiu
2354 1725 2635 1778 communi
2684 1740 2785 1795 ope
2817 1734 2871 1779 et
2892 1726 3125 1780 consilio
3183 1724 3323 1780 bella
3348 1726 3635 1796 gerebant,

2062 1813 2323 1884 l‘ugabant
2366 1815 2601 1881 hostem,
2648 1818 2928 1872 exuebant
2980 1818 3199 1883 castris,
3264 1819 3634 1889 superabant!

1991 1890 2027 1943 Β
2056 1904 2193 1960 Cum
2225 1921 2356 1961 vero
2386 1906 2475 1960 alii
2507 1907 2627 1963 aliis
2655 1924 2760 1963 non
2788 1908 2981 1970 ﬁdere,
3033 1910 3441 1985 linitimumque
3481 1911 3639 1966 inva-

2060 1996 2191 2051 dere
2223 1997 2604 2065 instituerunt,
2632 1998 2807 2054 hostis
2833 2000 2899 2054 ad
2932 2001 3133 2055 alteras
3172 2012 3355 2071 partes
3394 2002 3644 2057 accersi-

2061 2096 2169 2153 tus,
2193 2105 2301 2143 non
2337 2091 2518 2145 minus
2542 2107 2570 2145 a
2591 2091 2794 2161 quibus
2822 2093 3152 2159 vocabatur,
3185 2110 3349 2165 quam
3376 2095 3642 2150 adversus

2055 2195 2195 2251 quos
2229 2194 2560 2251 provocatus
2596 2193 2718 2238 erat
2759 2187 3130 2253 perniciosus,
3178 2186 3325 2241 bello
3371 2186 3642 2256 Pelogion-

2055 2271 2300 2339 uesiaco,
2345 2289 2471 2327 cum
2517 2274 2709 2329 eadem
2752 2276 3063 2328 animorum
3092 2276 3506 2345 conspiratione
3536 2275 3636 2330 de-

2054 2363 2221 2419 vincti
2255 2374 2460 2429 essent,
2500 2382 2678 2436 neque
2721 2376 2889 2427 terra.
2948 2366 3039 2420 ubi
3088 2366 3633 2422 Lacedaemoniorum

2054 2455 2200 2509 vires
2238 2455 2589 2525 amplissimae
2624 2466 2807 2522 erant,
2837 2472 3017 2527 neque
3056 2458 3193 2512 mari
3234 2459 3535 2528 quicquam
3564 2458 3636 2512 ab

2054 2545 2214 2600 hoste
2247 2545 2581 2601 incommodi
2620 2528 2995 2616 acceperuht;
3053 2563 3164 2602 tuto
3206 2563 3339 2602 vero
3370 2548 3636 2603 maximas

2053 2647 2263 2708 strages
2285 2638 2428 2693 hosd
2466 2639 2797 2703 intulerunt,
2846 2650 3010 2709 atque
3054 2640 3125 2694 ita
3180 2627 3507 2705 intulerunt,
3550 2651 3634 2704 ut,

2053 2730 2199 2800 quod
2237 2747 2514 2801 nunquam
2547 2730 2713 2786 fando
2744 2732 2993 2787 auditum
3046 2743 3211 2797 esset,
3238 2733 3635 2801 quadringenti

2055 2822 2294 2892 amplius
2342 2822 2888 2879 Lacedaemoniorum
2927 2824 3157 2891 milites,
3184 2826 3393 2895 quibus
3423 2826 3636 2895 patrius

2054 2932 2172 2971 mos
2209 2926 2266 2971 et
2294 2927 2630 2986 praeceptum
2676 2926 2815 2981 erat,
2857 2927 2953 2973 aut
2982 2920 3205 2973 vincere
3240 2919 3292 2972 in
3327 2918 3638 2982 bello,'aut

2055 3019 2231 3063 morte
2260 3009 2502 3064 hostium
2526 3011 2784 3065 manibus
2809 3025 2929 3065 sese
2956 3012 3194 3080 eripere,
3238 3012 3439 3082 captivi
3466 3013 3637 3068 Athe-

2054 3117 2153 3158 nas
2197 3102 2252 3156 in
2304 3102 2645 3173 triumphum
2688 3102 2838 3159 ducti
2874 3104 3006 3159 sint.
3061 3103 3197 3159 Cum
3256 3120 3388 3159 vero
3417 3107 3632 3160 hostem

2056 3194 2205 3248 domi
2260 3194 2529 3262 invenire,
2577 3195 2847 3266 bellisque
2878 3196 3139 3251 civilibus
3171 3211 3292 3251 sese
3339 3206 3634 3251 conterere

2053 3297 2360 3357 cmperunt,
2395 3303 2587 3343 eorum
2631 3288 2820 3343 classis
2866 3287 3174 3343 ﬁrmissima
3207 3298 3370 3356 atque
3401 3287 3634 3357 amplis-

2050 3380 2190 3433 sima
2246 3379 2301 3433 in
2332 3378 2877 3435 Lacedaemoniorum
2928 3377 3201 3432 ditionem
3259 3376 3479 3431 redacta
3523 3386 3628 3442 est,

2051 3481 2242 3540 portus
2276 3486 2468 3525 eorum
2515 3471 2763 3525 custodia
2796 3469 3018 3536 amissa,
3063 3463 3219 3524 urbis
3264 3470 3464 3525 mantia
3512 3468 3633 3525 solo

2048 3573 2285 3630 :cquata.
2316 3560 2457 3627 Quid
2492 3576 2645 3626 vero,
2680 3575 2804 3615 cum
2832 3558 3061 3625 Xerxes,
3096 3559 3388 3614 Persarum
3418 3572 3511 3611 rex
3537 3573 3635 3627 po-

2052 3652 2415 3717 tentissimus,
2453 3653 2826 3723 quinquagies
2849 3653 3103 3707 centenis
3142 3651 3429 3704 hominum
3459 3649 3633 3702 milli-

2052 3745 2174 3809 bus,
2200 3745 2373 3800 classe
2427 3745 2574 3801 mille
2628 3745 2995 3813 ducentisque
3059 3736 3291 3797 navibus
3336 3740 3627 3804 instructa,

2051 3836 2314 3891 Gre-ciant
2363 3836 2669 3903 invaderet,
2714 3852 2813 3891 eos
2860 3835 3124 3901 servavit,
3163 3833 3404 3887 victores
3439 3831 3630 3886 reddi-

2051 3930 2149 3994 dit,
2184 3930 2520 3998 scmpiterna
2553 3928 2692 3982 fama
2723 3938 2777 3982 et
2800 3925 2962 3981 laude
2994 3926 3231 3991 ornavit,
3261 3924 3365 3979 nisi
3403 3938 3633 3979 concor-

2050 4024 2158 4087 dia,
2206 4037 2327 4090 pax,
2386 4022 2527 4074 idem
2555 4021 2607 4074 in
2642 4022 2852 4074 hostem
2914 4018 3175 4073 animus?
3202 4017 3357 4083 Quod
3403 4016 3447 4071 si
3479 4030 3629 4070 com-

2052 4108 2201 4161 muni
2234 4111 2429 4162 robore
2463 4118 2624 4177 atque
2642 4109 2886 4162 exercitu
2924 4108 3137 4162 hostem
3167 4123 3275 4161 non
3316 4106 3634 4177 prOpulsas-

2051 4209 2191 4264 sent,
2227 4199 2357 4268 quid
2387 4200 2607 4253 tandem
2639 4198 3014 4268 prohibuisset
3035 4200 3333 4267 quominus
3362 4198 3427 4253 ad
3458 4213 3628 4252 unum

2051 4305 2243 4345 omnes
2274 4290 2416 4345 bello
2449 4290 2725 4361 absumpti
2759 4290 3031 4345 fuissent?
3064 4291 3213 4345 Idem
3249 4290 3411 4344 nobis
3442 4289 3629 4345 immi-

2051 4397 2184 4436 nere
2206 4382 2433 4436 cernitis
2456 4383 2780 4452 pcriculum,
2807 4382 2949 4437 idem
2976 4382 3224 4449 exiliunt,
3248 4382 3441 4436 eodem
3467 4380 3632 4435 modo

2050 4488 2238 4528 arcere
2270 4473 2443 4528 hostis
2474 4474 2736 4542 impetum
2776 4473 3009 4540 debetis,
3041 4488 3165 4527 cum
3205 4473 3356 4528 nullo
3378 4473 3486 4527 alio
3507 4488 3633 4544 pos-

381 4568 500 4631 Iot-o
554 4578 752 4634 Nestor
801 4582 891 4636 ille
934 4582 1276 4646 Homericus,
1322 4585 1415 4653 qui
1470 4585 1941 4653 Agamemnonem

2052 4567 2191 4624 sitis.
2226 4566 2416 4622 Eidem
2469 4566 2830 4622 morltoidem
2877 4566 3347 4621 medicamentum
3384 4566 3632 4636 apposite

382 4672 579 4726 Achilli
610 4674 907 4730 conciliare
935 4676 1185 4746 cupiens,
1206 4677 1292 4733 his
1314 4677 1499 4733 verbis
1524 4678 1952 4748 sapientissimis

379 4778 515 4817 usus
543 4774 626 4820 est
657 4783 673 4821 ζ

452 4900 593 4974 Proh
624 4902 855 4972 Superi!
877 4906 1170 4962 horrendus
1203 4906 1393 4963 Graias
1428 4908 1641 4974 festinat
1670 4911 1722 4963 in
1760 4912 1912 4966 urbes

451 4971 661 5051 cactus,
688 4971 839 5044 quem
863 4994 1053 5046 magno
1079 4976 1348 5046 l’iiamus,
1376 4971 1679 5051 Priamique
1706 4993 1915 5051 nepotes

458 5041 784 5111 Mei-center,
807 5064 926 5099 cum
952 5041 1042 5100 vos
1070 5058 1220 5102 tanto
1251 5041 1561 5103 concurrere
1592 5041 1740 5103 niam

356 5182 360 5187 Ι
452 5113 663 5191 irarum
700 5118 986 5180 audierint,
1019 5119 1144 5191 duo,
1181 5121 1270 5188 qui
1296 5137 1391 5188 per
1413 5133 1587 5173 castra
1620 5121 1905 5191 Pelasgum

448 5183 469 5233 (
492 5187 680 5259 cnsilio
709 5197 865 5255 atque
892 5189 1055 5259 armis
1081 5183 1254 5244 claros
1282 5183 1545 5259 superatis
1568 5183 1808 5246 Achivos:

447 5259 516 5305 At
544 5255 693 5309 nobis
728 5267 912 5325 parete
946 5256 1121 5312 ambo.

445 5388 566 5442 Non
601 5390 799 5453 dicam,
846 5388 901 5444 ut
936 5382 1046 5454 ille,
1095 5391 1354 5461 quoniam
1410 5395 1597 5448 senior
1625 5395 1781 5451 vobis
1822 5412 1944 5453 sum

371 5491 426 5535 et
453 5482 607 5551 plura
642 5483 770 5543 vidi,
806 5483 898 5536 sed
925 5483 1069 5553 quod
1098 5484 1252 5554 plura
1272 5501 1391 5540 sntn
1415 5502 1630 5554 passus,
1668 5488 1853 5556 plures
1878 5489 1946 5544 ab

376 5572 531 5626 hoste
562 5573 907 5628 calamitates
928 5575 1139 5644 accepi,
1164 5576 1257 5644 qui
1292 5577 1522 5641 amicos,
1552 5590 1825 5645 parentes,
1853 5597 1948 5649 pa-

374 5664 555 5725 triam,
587 5682 709 5735 qua:
738 5667 959 5733 homini
987 5668 1039 5722 in
1073 5668 1182 5723 vita
1219 5668 1620 5739 jucundissiuta
1655 5680 1806 5735 sunt,
1848 5686 1946 5742 per

372 5757 642 5811 maximos
680 5759 897 5813 dolores
934 5770 989 5815 ct
1031 5763 1309 5817 cruciatus
1359 5763 1487 5816 mihi
1541 5764 1766 5831 rripuit.
1815 5765 1946 5829 Qua:

348 5851 471 5921 θριξὶ
511 5852 797 5912 prudentia
832 5864 1015 5913 vestra
1042 5872 1100 5910 ac
1141 5857 1415 5915 sapientia
1446 5856 1627 5912 animo
1651 5860 1938 5927 complecti

2055 4660 2334 4725 convenit,
2363 4658 2507 4734 quod
2541 4658 2673 4713 satis
2719 4659 2941 4728 quidem
2973 4659 3214 4714 validum
3266 4668 3369 4713 est.
3412 4657 3546 4713 Nam
3583 4658 3631 4714 si

2052 4749 2249 4817 Graeci,
2290 4751 2542 4820 quamvis
2573 4749 2772 4804 Xerxis
2795 4749 3005 4806 viribus
3038 4751 3197 4822 longe
3225 4750 3518 4805 inferiores
3544 4765 3634 4805 csa

2053 4852 2197 4908 seut,
2228 4854 2431 4910 tamen,
2469 4843 2765 4898 concordia
2801 4842 2964 4913 duce,
2998 4844 3211 4898 hostem
3253 4854 3630 4914 superarunt;

2052 4931 2185 5003 quid
2227 4930 2444 4986 tandem
2479 4947 2574 4987 vos
2599 4946 2782 5003 agerc,
2817 4930 3002 4986 divina
3031 4930 3251 4987 favente
3293 4933 3491 5002 gratia,
3530 4948 3630 5002 pop

2054 5025 2235 5079 teritis
2262 5023 2588 5088 concordes,
2629 5035 2684 5079 et
2715 5022 3104 5081 communibus
3136 5024 3368 5089 viribus,
3404 5025 3497 5095 qui
3529 5024 3635 5078 ho.

2053 5117 2262 5171 minam
2293 5122 2526 5171 numero
2569 5132 2677 5169 non
2720 5117 3028 5185 pauciores,
3068 5117 3271 5171 virtute
3306 5118 3467 5185 longe
3496 5121 3642 5172 estis

2053 5209 2458 5279 praestantiorcs
2488 5208 2776 5282 hostibus?
2802 5208 2847 5262 0
2886 5210 2930 5264 si
2957 5209 3077 5264 dies
3110 5210 3199 5264 ilic
3236 5211 3371 5264 mihi
3438 5210 3630 5266 illuc0-

2051 5309 2188 5365 scat,
2220 5315 2352 5369 quo,
2383 5300 2615 5355 abolctis
2648 5302 2993 5371 sepultisqnc
3026 5303 3168 5356 odiis
3197 5303 3476 5364 omnibus,
3504 5302 3625 5373 pari

2051 5406 2323 5446 consensu
2355 5391 2568 5446 hostem
2594 5394 3020 5463 aggrediamini!
3061 5393 3218 5447 Nulla
3243 5396 3371 5447 mihi
3403 5405 3631 5462 pra-tera

2048 5500 2113 5539 ea
2154 5484 2426 5539 dubitatio
2460 5484 2649 5538 relicta
2699 5494 2783 5539 cst
2813 5488 2879 5538 de
2924 5485 3154 5539 victoria
3182 5503 3194 5538 :
3219 5486 3330 5555 jam
3368 5468 3633 5546 vicimus.

2052 5577 2209 5643 Illud,
2258 5592 2471 5645 quazso,
2520 5576 2722 5630 animis
2760 5577 2957 5631 vestris
2997 5590 3292 5647 parumper
3328 5583 3635 5648 concipite,

2048 5669 2332 5740 priucipes
2384 5666 2578 5736 Optimi
2615 5684 2626 5719 :
2666 5668 3126 5736 quemadmodum
3169 5672 3220 5723 in
3258 5672 3380 5725 navi
3428 5672 3637 5727 seditio.

2050 5775 2188 5828 orta,
2235 5762 2701 5830 perniciosissima
2738 5770 2839 5823 est,
2878 5761 2949 5814 ita
2993 5777 3113 5816 esse
3158 5763 3211 5817 in
3251 5765 3507 5831 civitate;
3541 5777 3623 5831 ct,

2053 5870 2107 5911 ut
2143 5857 2194 5909 in
2220 5856 2437 5911 ci=itatc
2475 5855 2654 5926 gravis
2684 5865 2786 5920 cst,
2815 5854 2884 5907 ita
2914 5854 2965 5907 in
2989 5855 3269 5925 provincia
3327 5860 3497 5913 multo
3529 5874 3596 5930 pe
3648 5911 3656 5917 .
