4136 6440
443 410 560 473 {36.3

1394 408 1890 471 BESSAlilONiS
1931 412 1993 471 S.
2029 411 2102 471 Β.
2145 413 2211 475 Ε.
2255 412 2725 475 CARDINALIS

3605 409 3714 473 661

447 522 835 579 stilentiorem.
869 519 1001 575 Nam
1026 534 1137 588 quo
1157 519 1342 587 plures
1371 530 1523 583 sunt,
1553 536 1619 574 eo
1652 521 1816 576 latius
1850 521 2024 576 morbi
2058 532 2073 581 ε

2174 529 2435 582 ercntur?
2477 530 2698 584 Minime
2732 547 2745 584 :
2778 526 3051 598 siquidem
3110 526 3198 581 bis
3234 524 3396 579 etiam
3456 523 3717 579 remediis

451 615 707 682 contagio
744 614 942 681 serpit,
967 627 1034 665 eo
1058 610 1329 665 diihciiior
1362 620 1444 666 est
1466 614 1702 667 curatio.
1732 614 1808 668 Ac
1831 630 2025 683 quern-

451 701 751 757 admodum
807 699 1085 754 exercitus
1132 700 1325 753 ordine
1359 700 1702 770 militumque
1761 702 2025 756 obedieno

455 796 526 848 tia
561 791 900 854 continetur,
955 804 1077 858 quae
1113 789 1217 844 nisi
1251 790 1456 857 adsint,
1487 790 1555 845 ad
1590 792 2027 847 internecionem

451 885 633 937 omnia
662 891 929 950 pereunt;
965 882 1039 937 ita
1067 881 1121 935 in
1141 883 1422 952 provincia
1452 893 1676 939 mutuus
1725 899 2032 940 consensus

455 982 512 1025 et
533 971 921 1025 benevolentia
953 971 1263 1027 necessaria
1313 981 1397 1027 est
1428 972 1573 1027 inter
1605 990 1700 1029 eos
1727 976 2032 1044 pra~sertim

453 1062 547 1131 qui
599 1063 940 1131 potentiores
966 1071 1093 1116 sunt
1127 1080 1141 1117 :
1177 1078 1303 1130 qua-
1332 1078 1391 1117 re
1433 1065 1669 1128 sublata,
1713 1066 1869 1135 prius
1921 1065 2037 1119 suis

455 1155 670 1210 viribus
701 1156 1095 1218 coniiciuntur,
1124 1173 1288 1225 quam
1320 1158 1587 1213 externis.
1617 1157 1910 1212 lnsidiatur
1929 1157 2039 1212 dis-

457 1247 669 1309 cordia,
716 1246 862 1300 vires
898 1256 1181 1312 extenuat,
1206 1259 1261 1304 et
1293 1248 1508 1304 occulta
1558 1248 1794 1319 quadam
1820 1250 2040 1318 aegritu-

459 1341 590 1394 dine
627 1341 855 1410 imperia
895 1340 1175 1407 absumit;
1205 1350 1371 1409 atque
1410 1341 1481 1395 ob
1508 1356 1629 1395 eam
1659 1356 1878 1395 causam
1927 1340 2042 1394 dis-

464 1431 708 1486 cordiam
739 1432 919 1500 inquit
962 1432 1053 1486 ille
1089 1447 1365 1486 Venenum
1400 1446 1521 1485 esse
1549 1430 1736 1493 datum
1771 1431 2039 1498 imperiis,

462 1538 533 1576 ne
585 1522 913 1576 immortalia
964 1523 1164 1576 forent.
1198 1522 1411 1577 Etenim
1442 1522 1669 1592 perinde
1709 1537 1771 1576 ac
1801 1522 2047 1592 phthisis

466 1612 671 1665 sensim
698 1612 943 1676 coniicit,
977 1627 1156 1681 neque
1187 1613 1343 1681 prius
1393 1612 1613 1667 desiStit
1646 1627 1811 1682 quam
1862 1609 2047 1680 proﬂi-

467 1713 651 1774 gatum
685 1719 889 1775 corpus
930 1706 1211 1761 everterit.
1246 1706 1365 1761 Non
1404 1715 1490 1760 est
1516 1706 1960 1760 contendendum
1991 1714 2051 1756 ttt

468 1801 815 1852 necessarios
841 1808 895 1851 et
920 1801 1110 1853 eodem
1136 1800 1276 1853 cmio
1298 1799 1561 1853 educatos
1584 1797 1834 1851 homines
1858 1812 2052 1865 perpe-

2130 617 2414 685 adhibitis,
2451 621 2590 675 eiliei
2648 636 2756 673 non
2790 628 2969 688 potest
2996 618 3128 687 quin
3158 618 3442 671 solvantur
3466 624 3521 669 et
3546 615 3720 667 inter-

2128 718 2278 763 eant.
2340 709 2817 775 Quemadmodum
2867 709 3149 779 graviores
3195 706 3370 760 morbi
3436 694 3564 758 sunt
3598 719 3721 772 qua;

2134 799 2452 853 interiorem
2507 801 2752 871 corporis
2798 812 3007 869 partem
3050 806 3374 870 grassantur
3408 806 3462 851 et
3501 803 3720 854 vexant,

2081 946 2088 952 ,
2137 890 2209 943 ita
2242 891 2442 946 seditio
2478 906 2669 961 aperto
2691 893 2834 947 bello
2869 893 3123 946 acerbior
3164 899 3265 946 est.
3288 890 3422 944 Nam
3459 889 3512 941 in
3551 888 3723 941 altero

2136 982 2323 1034 hostes
2374 984 2534 1037 nobis
2592 984 2693 1053 ipsi
2744 1001 2972 1047 sumus;
3043 985 3095 1037 in
3140 984 3315 1037 altero
3348 996 3446 1035 nos
3485 991 3721 1034 tuemur.

2138 1071 2285 1127 Nulli
2331 1089 2571 1141 unquam
2623 1091 2851 1130 suorum
2901 1075 3074 1130 caedes
3103 1073 3336 1144 profuit,
3378 1072 3583 1140 quibus
3625 1086 3724 1135 pe-

2154 1167 2463 1232 reuntibus,
2498 1167 2546 1220 ei
2583 1168 2805 1235 gravius
2836 1178 3194 1236 comparatur
3240 1164 3567 1234 periculum.
3589 1161 3724 1215 Nam

2142 1255 2304 1309 simul
2347 1270 2413 1308 ac
2448 1255 2666 1310 illorum
2692 1257 2979 1326 ncgligunt
3006 1257 3264 1317 salutem,
3297 1270 3450 1308 suam
3478 1251 3730 1306 hostibus

2148 1347 2422 1415 produnt;
2471 1348 2729 1418 idemque
2777 1348 2844 1402 iis
2884 1348 3106 1413 accidit,
3160 1346 3302 1417 quod
3345 1343 3555 1399 homini
3606 1358 3733 1396 cve-

2148 1435 2265 1488 nire
2299 1436 2457 1499 solet,
2493 1437 2654 1504 cujus
2715 1438 3027 1492 membrum
3075 1438 3204 1491 dum
3244 1436 3506 1505 phagzena
3562 1426 3739 1489 conti?

2148 1524 2247 1579 cit.
2288 1524 2341 1577 id
2378 1524 2630 1595 negligit.
2657 1536 2957 1595 speratque
3004 1527 3279 1595 reliquum
3317 1542 3519 1595 corpus
3554 1536 3731 1576 tutum

2150 1612 2268 1666 fore
2303 1621 2467 1682 atque
2497 1614 2808 1681 ittColume;
2844 1616 3174 1685 tandemque
3208 1615 3409 1669 sensim
3451 1624 3598 1667 totus
3630 1614 3735 1666 ah-

2152 1704 2388 1759 sumitur
2422 1724 2436 1759 :
2470 1713 2582 1759 tum
2613 1706 2833 1762 demttm
2871 1710 3032 1779 plane
3086 1708 3342 1775 intelligit
3366 1708 3418 1761 id
3445 1722 3552 1759 non
3589 1706 3737 1759 futu-

2156 1812 2279 1850 rum
2319 1797 2512 1863 fuisse,
2567 1801 2611 1854 si
2663 1800 2824 1856 initio
2872 1803 3126 1857 morbum
3176 1812 3444 1856 curasset.
3487 1802 3653 1866 Quid.
3686 1810 3737 1852 te

472 1899 565 1943 tuo
597 1889 739 1944 bello
770 1889 1126 1945 ittsectemur.
1158 1890 1293 1947 Nam
1326 1889 1418 1959 qui
1446 1890 1729 1959 sapienter
1767 1905 1877 1942 sua:
1902 1886 2066 1941 saluti
2102 1892 2140 1945 Β
2171 1888 2437 1953 obsecro,
2497 1908 2691 1946 manus
2736 1892 2984 1961 geminas
3046 1904 3237 1948 natura
3292 1893 3454 1945 nobis
3501 1890 3739 1945 tribttit?

472 1981 788 2044 ('OnSllllml,
814 1980 999 2036 hostes
1032 1982 1251 2050 quidem
1284 1996 1504 2049 semper
1527 1982 1747 2035 vincere
1778 1981 2052 2047 nituntur,

476 2074 595 2125 suis
625 2088 754 2126 vero
795 2081 1478 2142 nonnunquam,parcunt,
1514 2072 1833 2141 maluntque
1888 2072 2055 2127 inter-

474 2166 604 2219 dum
629 2167 875 2236 superari
899 2181 1062 2236 quam
1085 2182 1364 2235 superare.
1387 2168 1575 2236 Neque
1597 2165 1742 2219 enim
1773 2166 1953 2221 omnis
1980 2166 2057 2220 ti-

474 2260 644 2311 ctoria
682 2259 829 2313 utilis
859 2269 963 2327 est,
1012 2269 1105 2314 aut
1135 2275 1164 2313 a
1198 2261 1312 2314 Deo
1361 2262 1628 2327 profecta.
1669 2258 1944 2327 Fugieuda
1977 2267 2060 2312 est

473 2352 714 2407 Cadmea
744 2352 996 2418 victoria,
1032 2362 1108 2416 et,
1143 2361 1203 2406 ut
1239 2353 1481 2423 tragicus
1513 2352 1604 2407 ille
1631 2347 1830 2420 inquit,
1854 2348 2062 2403 Amicis

476 2444 858 2511 dominabere,
884 2445 929 2500 si
961 2454 1171 2500 tantum
1205 2461 1313 2502 non
1353 2445 1552 2500 viceris
1581 2452 1848 2513 quantttm
1871 2440 2062 2495 volue-

477 2535 589 2601 ris;
636 2537 847 2600 amicis,
895 2534 1140 2606 inquam,
1198 2535 1521 2605 imperabis,
1552 2548 1716 2603 quam
1766 2533 1833 2586 ab
1875 2530 2065 2585 amicis

475 2628 733 2683 vinceris.
786 2631 865 2684 Ac
902 2628 1318 2693 Demosthenes,
1348 2627 1522 2691 Tunc,
1576 2626 1775 2697 inquit,
1800 2625 2062 2694 praeclara

478 2721 736 2785 victoria,
777 2737 902 2775 cum
944 2730 1040 2776 aut
1080 2720 1176 2774 [iiii
1229 2718 1580 2790 parentibus,
1626 2729 1721 2773 aut
1752 2717 1902 2773 cives
1929 2716 2065 2772 civi-

480 2814 587 2867 bus
611 2813 849 2869 libenter
877 2812 1104 2868 cedunt.
1135 2814 1215 2866 An
1244 2827 1375 2866 vero
1409 2811 1465 2865 in
1496 2809 1715 2864 urbium
1755 2809 2069 2865 obsidioni-

483 2905 587 2961 bus
613 2907 983 2976 perniciosum
1008 2905 1291 2977 judicatis,
1328 2903 1373 2959 si
1416 2901 1675 2958 custodes
1705 2903 1849 2957 inter
1877 2918 1934 2958 se
1956 2904 2071 2958 dis-

483 2999 753 3055 sideant?
790 3000 931 3054 inter
967 2999 1119 3053 cives
1146 3005 1356 3061 autem,
1390 2998 1476 3052 vei
1506 2997 1559 3052 in
1594 2996 1892 3064 provinciis
1924 2995 2072 3051 sedi-

487 3092 691 3147 tionem
732 3092 921 3146 utilem
954 3089 1069 3146 fore
1106 3090 1349 3160 putatis?
1381 3105 1506 3145 cum
1532 3090 1583 3143 in
1614 3090 1863 3146 diversas
1888 3099 2073 3159 partes

2157 1984 2288 2054 quid
2326 1985 2575 2053 geminos
2610 1986 2846 2054 oculos?
2874 1987 3005 2052 quid
3059 1986 3197 2041 duos
3240 1986 3445 2055 pedes?
3468 1985 3737 2039 Nimirum

2160 2088 2220 2133 ut
2262 2088 2452 2133 mutu'o
2502 2087 2760 2132 constent
2804 2079 3027 2133 auxilio.
3054 2079 3244 2132 Manus
3299 2093 3522 2131 manum
3559 2076 3738 2138 lavat;

2162 2187 2262 2242 pcs
2302 2171 2497 2239 pedem
2531 2178 2843 2235 sustentat;
2882 2170 3103 2224 sinistra
3133 2168 3342 2223 dextris
3367 2168 3644 2227 levantur,
3684 2174 3743 2219 et

2162 2265 2353 2317 dextra
2383 2262 2634 2317 levantur
2668 2260 2941 2315 sinistris:
2980 2259 3130 2313 illinc
3171 2268 3354 2312 motus
3378 2256 3732 2325 principium,

2165 2357 2298 2411 hinc
2337 2368 2506 2408 onera
2539 2352 2897 2422 suscipimus.
2934 2351 3062 2406 Plus
3100 2349 3316 2421 gemina
3346 2349 3461 2402 inec
3499 2346 3745 2401 membra

2164 2448 2445 2511 efﬁciunt;
2480 2462 2604 2500 nam
2628 2446 2801 2499 altero
2833 2452 3128 2514 occupato,
3159 2443 3226 2498 ab
3252 2442 3423 2498 altero
3458 2454 3747 2494 commune

2168 2548 2465 2609 prmtatttr
2501 2528 2777 2590 cilicium.
2830 2535 2942 2590 Cur
2987 2550 3093 2589 non
3132 2533 3419 2603 sequimur
3470 2542 3745 2593 naturam,

2169 2629 2364 2683 ducem
2404 2628 2668 2696 optimam
2701 2636 2756 2681 et
2783 2624 3145 2697 magistram?
3174 2635 3233 2679 ut
3256 2624 3349 2679 ille
3388 2623 3587 2692 inquit.
3612 2623 3746 2676 Nam

2170 2721 2315 2790 quod
2352 2720 2490 2774 alter
2522 2720 2835 2789 perspicere
2861 2734 2969 2772 non
3004 2725 3208 2788 potest,
3244 2717 3397 2771 alteri
3430 2716 3484 2770 in
3509 2726 3747 2769 mentem

2171 2812 2379 2875 veniet,
2416 2825 2479 2865 ac
2530 2821 2724 2864 mutuo
2758 2809 2963 2863 auxilio
2997 2808 3341 2879 propositum
3391 2805 3550 2860 finem
3584 2805 3751 2859 attin-

2173 2913 2321 2974 gent.
2362 2922 2380 2955 ‹
2412 2904 2586 2970 Quam
2620 2903 2826 2957 bonum
2852 2912 2908 2957 et
2944 2918 3107 2972 quam
3139 2901 3446 2971 jucundum
3472 2911 3555 2955 est
3595 2900 3753 2955 habi-

2172 3007 2289 3053 tare
2338 2995 2538 3049 fratres
2590 2994 2644 3048 in
2703 3008 2905 3059 unum;
2944 3011 2962 3044 ι
3013 3003 3072 3047 ut
3099 2992 3375 3062 Propheta
3422 2991 3621 3060 inquit,
3658 2990 3753 3059 qui

2176 3092 2475 3146 multarum
2540 3103 2724 3144 rerum
2783 3088 3033 3158 variique
3095 3097 3328 3142 eventus
3384 3086 3755 3155 peritissimus

488 3186 623 3250 itur,
670 3201 797 3239 cum
847 3184 1166 3255 opinionum
1214 3183 1479 3239 varietate
1511 3185 1890 3248 contenditur,
1945 3197 2070 3237 cum
2099 3222 2144 3281 Ω
2180 3186 2303 3245 fuit.
2332 3186 2426 3255 qui
2448 3183 2843 3238 furoredivino
2866 3182 3146 3246 concitus,
3168 3181 3419 3235 homines
3441 3181 3505 3232 ad
3531 3194 3757 3234 concor-

490 3277 876 3347 unusquisque
926 3291 1079 3331 suam
1140 3276 1472 3331 sententiam
1521 3274 1697 3345 pluris
1735 3274 1864 3328 facit
1906 3286 2071 3342 quam

490 3372 748 3424 salutem.
785 3368 1171 3425 Contentionis
1193 3369 1305 3424 duo
1329 3382 1530 3439 genera
1573 3366 1743 3421 tradit
1776 3363 2069 3429 Hesiodus,

492 3466 726 3520 alterum
759 3464 1030 3534 Optimum
1054 3479 1179 3517 cum
1209 3461 1485 3533 quispiam
1518 3459 1744 3514 alterius
1767 3456 2075 3511 imitatione

495 3556 769 3611 adductus
794 3563 943 3610 recte
970 3552 1102 3624 agit;
1134 3553 1367 3607 alterum
1392 3548 1832 3611 inimicitiarum,
1868 3546 2077 3600 discor-

497 3651 623 3717 dite,
676 3648 946 3703 bellorum
1004 3644 1389 3705 seminarium,
1422 3656 1586 3712 quam
1620 3653 1842 3709 pravam
1897 3635 2077 3699 infeli-

499 3756 732 3813 ccmque
756 3739 1020 3809 appellat,
1050 3737 1120 3791 de
1146 3750 1256 3806 qua
1290 3733 1565 3789 Homerus
1601 3747 1619 3785 :

576 3846 849 3913 Principio
878 3860 1041 3913 parva
1067 3849 1182 3905 est;
1217 3848 1416 3913 terrent
1445 3837 1537 3893 sed
1559 3838 1799 3913 protinus
1832 3835 1951 3913 inti:

573 3907 900 3987 Contingens
926 3914 1163 3986 pedibus,
1198 3918 1354 3980 caput
1381 3909 1522 3963 inter
1546 3907 1727 3961 nubilo
1752 3907 1949 3960 condit.

498 4024 662 4084 Prior
711 4020 992 4095 sequenda
1050 4026 1134 4074 est
1158 4057 1172 4085 ,
1204 4017 1379 4073 altera
1414 4013 1634 4087 penitus
1659 4011 1916 4083 fugienda
1946 4028 1961 4066 :
1995 4010 2086 4066 illa

505 4120 743 4178 maxime
773 4115 947 4180 utilis,
980 4112 1099 4166 hmc
1120 4108 1417 4165 admodum
1443 4106 1771 4178 perniciosa.
1790 4104 1906 4158 Nmt
1930 4103 2089 4159 decet

505 4228 606 4268 nos
631 4209 878 4283 profecto
903 4220 1003 4276 pro
1025 4202 1268 4274 ingenio,
1293 4198 1631 4261 eruditione,
1665 4194 1955 4264 sapientia,
1980 4209 2088 4264 qua

508 4323 613 4363 nos
672 4304 818 4359 Deus
845 4300 1085 4363 ornavit,
1121 4297 1323 4351 omissa
1355 4293 1604 4360 meliore,
1648 4289 1801 4361 sequi
1822 4289 2089 4361 pejoretn.

509 4396 833 4469 Abjieienda
866 4403 975 4457 est,
1006 4389 1244 4445 tollenda
1272 4386 1341 4442 de
1378 4384 1560 4440 medio
1586 4401 1601 4450 ;
1641 4398 1745 4453 pax
1778 4389 1835 4437 et
1856 4396 2093 4436 concor-

510 4493 601 4547 dia
636 4489 855 4561 publice
884 4483 1145 4541 inettnda.
1174 4479 1332 4548 Quod
1365 4477 1410 4533 si
1438 4488 1522 4533 est
1550 4473 2088 4537 contendendum,in

2180 3278 2329 3333 diam
2364 3287 2648 3346 provocat.
2681 3274 2837 3342 Quod
2869 3290 2936 3329 ne
2973 3285 3183 3329 temere
3223 3283 3558 3343 pra'eeptnm
3601 3270 3759 3324 vide-

2177 3379 2351 3434 retur,
2392 3369 2505 3423 illic
2521 3369 2632 3422 ait:
2662 3387 2679 3418 ι
2708 3366 2999 3421 Mandavit
3030 3366 3295 3420 Dominus
3317 3362 3756 3418 benedictionem

2177 3468 2232 3513 et
2262 3459 2426 3512 vitam
2457 3456 2705 3525 usquein
2742 3456 3030 3510 smcttlum.
3064 3474 3084 3508 ι
3115 3454 3290 3509 Porro
3314 3453 3434 3524 ejus
3466 3450 3610 3506 filius
3629 3466 3762 3516 pru-

2178 3550 2364 3605 dentia
2392 3549 2673 3620 praeditus,
2699 3559 2759 3604 ttt
2783 3562 2882 3603 nos
2917 3563 2947 3602 a
2984 3547 3259 3601 discordia
3307 3547 3603 3607 deterreat,
3624 3543 3760 3596 Cum

2180 3658 2346 3708 unus,
2372 3641 2575 3710 inquit,
2626 3641 2889 3705 aedificat,
2944 3648 3001 3694 ct
3061 3639 3203 3693 alter
3250 3636 3568 3693 demolitur.
3632 3628 3764 3703 quid

2181 3734 2328 3789 aliud
2351 3742 2538 3804 agunt,
2568 3734 2672 3789 nisi
2702 3733 2903 3789 frustra
2927 3730 3224 3787 laborent?
3243 3729 3440 3800 Cyrus,
3474 3728 3765 3782 Persarum

2184 3843 2279 3881 rex
2339 3826 2776 3897 potentissimus,
2803 3840 2927 3881 cum
2959 3841 2990 3881 e
3020 3825 3132 3878 vita
3169 3822 3482 3886 excederet,
3516 3820 3642 3874 filiis
3680 3833 3771 3871 ac-

2120 3958 2125 3963 .
2184 3919 2423 3975 cersitis.
2451 3927 2509 3974 et
2552 3910 2787 3987 imperio
2840 3917 2924 3972 eis
2967 3916 3166 3975 diviso,
3203 3915 3451 3982 longiore
3507 3911 3762 3966 oratione

2193 4008 2336 4076 apud
2362 4008 2814 4079 Xenophontem,
2842 4014 3075 4061 cunctos
3103 4003 3170 4060 ad
3203 4003 3365 4058 fidem
3400 4014 3668 4066 mutuam,
3703 3999 3772 4054 ad

2190 4099 2541 4164 charitatem,
2563 4098 2630 4154 ad
2663 4096 3014 4154 concordiam
3052 4095 3307 4150 hortatus
3352 4103 3457 4162 est,
3504 4092 3775 4162 planeque

2192 4191 2594 4247 demonstravit
2622 4205 2720 4246 eos
2767 4189 3049 4259 dispersos
3114 4202 3179 4242 ac
3217 4186 3559 4241 dissidentes
3599 4197 3778 4249 neque

2196 4283 2527 4353 reipublicae
2578 4282 2926 4351 profuturos,
2978 4293 3157 4349 neque
3206 4277 3311 4333 sibi
3358 4274 3617 4345 praesidio
3657 4288 3781 4328 esse.

2199 4391 2385 4448 posse.
2418 4375 2473 4430 ld
2524 4385 2708 4429 autem
2750 4388 2929 4442 usque
2959 4370 3101 4425 adeo
3132 4385 3326 4423 verum
3358 4367 3625 4435 facileque
3654 4380 3780 4434 per-

2201 4478 2456 4541 spectum
2510 4467 2888 4523 arbitrabatur
2921 4465 3005 4518 vir
3033 4465 3197 4532 longo
3238 4475 3422 4515 rerum
3455 4475 3580 4519 usu,
3612 4456 3784 4528 matti-

512 4606 582 4641 eo
621 4552 780 4640 vobis
817 4583 1039 4638 demum
1111 4585 1393 4632 certamen
1430 4568 1868 4643 pulcherrimum
1907 4576 1961 4621 ct
1992 4566 2103 4636 glo-
2131 4566 2183 4626 ι)
2212 4568 2319 4621 mis
2350 4562 2641 4637 periculis,
2671 4558 2882 4628 ingenti
2933 4558 3169 4612 fortuna:
3199 4553 3464 4608 varietate
3496 4552 3787 4620 sapientis-

514 4684 721 4736 riosum
759 4673 1098 4746 propositum
1129 4677 1234 4731 est,
1258 4666 1385 4737 quis
1417 4676 1662 4720 vestrum
1690 4661 1901 4731 primus
1934 4673 1992 4713 se
2014 4658 2095 4726 ip-

515 4791 637 4830 sum
669 4771 888 4833 vincat;
916 4766 1039 4837 quis
1072 4764 1286 4829 primus
1315 4758 1383 4814 ad
1403 4753 1752 4812 concordiam
1787 4749 2095 4821 perveniat;

515 4872 643 4942 quis
668 4868 825 4939 plura
856 4870 912 4917 et
940 4857 1115 4930 magis
1136 4852 1354 4926 egregia
1382 4850 1629 4904 facinora
1661 4846 1716 4901 in
1749 4854 2099 4942 communem

519 4932 760 5022 salutem
799 4955 1071 5013 conferat.
1109 4948 1232 5005 ila-c
1264 4954 1351 5000 est
1382 4942 1542 5013 plena
1576 4937 1764 4995 laudis
1795 4932 2097 4995 contentio;

522 5060 643 5115 btet:
673 5071 703 5110 a
739 5054 849 5109 Deo
875 5045 1201 5104 hominibus
1231 5040 1382 5094 data.
1409 5033 1550 5102 Quid
1583 5040 1690 5098 est,
1722 5028 1872 5101 quod
1904 5032 2105 5082 cuncta

521 5145 847 5207 contineat?
884 5138 1209 5196 Harmonia.
1233 5129 1375 5199 Quid
1402 5137 1512 5192 est,
1539 5123 1689 5196 quod
1724 5129 1921 5178 cuncta
1947 5129 2108 5171 exor-

525 5242 663 5299 neti
692 5237 1071 5295 Concinnitas.
1097 5229 1308 5285 Collum
1345 5224 1452 5278 hoc
1481 5218 1860 5290 quodcunque
1920 5207 2107 5265 cerni-

529 5348 675 5396 mus,
708 5328 936 5398 sphaera:
957 5321 1260 5380 stellarum,
1288 5316 1463 5385 spatia
1490 5309 1757 5370 siderum,
1785 5317 1971 5361 rerum
1995 5314 2114 5354 om-

532 5395 685 5479 nium
717 5395 987 5476 elementa
1020 5422 1077 5468 et
1111 5410 1290 5475 initia,
1326 5406 1479 5461 nulla
1513 5401 1619 5456 alia
1652 5414 1709 5453 re
1739 5395 1847 5451 nisi
1880 5407 2114 5449 concor-

534 5520 624 5573 dia
663 5522 941 5571 constant.
966 5508 1082 5565 Nisi
1117 5495 1691 5571 divinaeprovidentire
1721 5494 1872 5562 leges
1904 5505 1965 5543 ea
1993 5496 2116 5541 tuc-

488 5604 495 5613 ’
530 5622 757 5679 rentur,
804 5623 916 5661 non
956 5600 1355 5661 consisterent,
1414 5592 1510 5649 sed
1556 5589 2025 5645 labefactarcntur
2055 5595 2119 5638 ac

539 5710 786 5759 ruerent.
820 5700 934 5754 Res
958 5710 1089 5751 vero
1116 5694 1409 5751 humanas,
1450 5699 1571 5755 qua!
1601 5681 1759 5736 ﬂuxa:
1792 5678 2123 5744 caducaeque

545 5805 695 5859 sunt,
713 5803 773 5849 et
804 5808 952 5846 metu
976 5798 1242 5859 perpetuo
1265 5784 1740 5847 circumaguntur,
1760 5780 1920 5839 putas
1939 5769 2121 5823 cohae-

549 5902 675 5943 rere
706 5898 890 5955 posse,
927 5882 1031 5936 nisi
1069 5890 1344 5942 mensura,
1393 5866 1661 5943 pondere,
1692 5860 1992 5918 concordia
2034 5873 2126 5915 re-

2202 4662 2398 4723 simus,
2459 4664 2521 4710 ut
2550 4654 2861 4710 rationibus
2915 4646 3284 4721 apertissimis
3329 4660 3438 4700 non
3470 4653 3784 4711 contentus,

2199 4750 2377 4805 oculis
2452 4746 2618 4801 etiam
2704 4744 2956 4813 exemplo
3024 4743 3262 4813 quodam
3334 4741 3607 4810 subjicere
3671 4745 3788 4791 ten-

2204 4840 2434 4897 taverit.
2489 4838 2676 4907 itaque
2713 4837 3012 4905 virgarum,
3077 4844 3138 4891 ut
3196 4834 3399 4899 ferunt,
3446 4827 3787 4898 manipulum

2204 4934 2391 4993 afferri
2446 4931 2631 5006 jussit,
2669 4944 2731 4984 ac
2776 4929 3007 4998 singulis
3062 4927 3354 4997 imperavit
3399 4932 3463 4979 ιιι
3506 4935 3630 4977 cum
3682 4931 3794 4971 uno

2208 5032 2416 5101 impetu
2479 5025 2912 5095 confringerent,
2980 5021 3027 5076 si
3070 5029 3314 5091 possunt.
3354 5018 3413 5073 ld
3474 5029 3597 5070 cum
3650 5025 3793 5082 prte—

2207 5132 2355 5180 stare
2411 5121 2625 5177 valeret
2693 5129 2880 5179 nemo,
2922 5121 3036 5168 tum
3108 5111 3353 5182 singulas
3446 5105 3798 5179 perfringen-

2210 5214 2311 5270 das
2336 5212 2526 5275 dedit;
2559 5222 2701 5278 quas
2754 5219 2883 5259 cum
2929 5201 3128 5273 singuli
3174 5200 3326 5255 nullo
3351 5198 3538 5253 labore
3563 5192 3798 5248 contice-

2213 5322 2360 5360 ren:
2416 5306 2498 5358 An
2570 5314 2702 5354 vero
2759 5293 3006 5360 cernitis,
3072 5292 3267 5363 inquit,
3331 5287 3473 5343 idem
3525 5285 3581 5340 in
3638 5282 3795 5338 vobis

2215 5398 2485 5457 futurum,
2544 5399 2603 5446 ut
2655 5396 2845 5443 mutua
2889 5400 3020 5456 pace
3084 5383 3372 5438 devinctos
3421 5376 3604 5433 nullus
3626 5388 3799 5442 expu-

2218 5503 2384 5557 gnare
2416 5485 2614 5548 valeat,
2645 5480 2788 5536 odiis
2845 5493 2976 5532 vero
3014 5477 3290 5546 sejunctos
3339 5484 3598 5541 superare
3630 5465 3804 5538 possit

2220 5554 2314 5649 qui
2363 5562 2534 5632 velit?
2576 5573 2757 5638 Quare
2805 5568 2899 5637 qui
2932 5582 3030 5623 vos
3067 5566 3134 5619 ad
3187 5562 3558 5626 concordiam,
3607 5554 3801 5628 optimi

2222 5670 2392 5724 italiae
2417 5664 2716 5738 principes,
2751 5661 3029 5721 hortatur,
3051 5670 3147 5711 vos
3182 5655 3249 5710 ad
3286 5662 3522 5707 vestram
3550 5653 3603 5706 bs
3627 5660 3806 5705 rtatur

2174 5770 2177 5773 “
2228 5762 2484 5821 salutem,
2507 5754 2573 5809 ad
2596 5752 2845 5824 gloriam,
2878 5749 2945 5802 ad
2977 5744 3369 5816 triumphosde
3402 5744 3557 5797 hosts
3610 5755 3804 5810 repor-

2232 5848 2442 5908 taudos.
2470 5842 2601 5900 Nam
2631 5840 2763 5913 quid
2796 5847 2971 5895 vestra
3010 5836 3250 5908 exposcit
3279 5833 3529 5891 utditas?
3573 5832 3809 5888 Concor-
