4136 6412
379 393 487 454 6ἳὸ

1429 381 1857 446 οηλΤιῡΝΕδ
1892 381 2190 472 ΕΟΝΤῌΛ
2234 375 2551 442 TURCAS.

3543 373 3650 427 tbb

381 509 552 564 diam.
587 503 732 572 Quid
764 512 946 558 vestra
972 502 1092 556 laus
1122 517 1184 556 ac
1217 489 1474 571 dignitas
1500 500 1777 566 postulat?
1819 499 1966 554 Con-
1996 508 2042 562 Α
2074 505 2309 568 pugnata
2370 495 2496 556 fide,
2543 489 2700 546 etesis
2757 485 3092 542 Christianis
3146 482 3487 546 hominibus,
3553 481 3648 534 Dei

379 599 649 656 rordiam.
667 596 1032 651 Concordiam
1055 596 1222 664 igitur
1239 607 1298 648 et
1323 609 1510 663 pacem
1537 591 1965 660 amplectimini,

384 691 675 761 suscipite,
712 690 898 754 colite,
938 699 996 744 ut.
1031 704 1129 756 per
1151 703 1276 741 eam
1309 695 1504 740 mutuo
1546 699 1822 740 consensu
1857 685 1969 737 for-

313 773 316 776 i
389 787 584 849 tiores,
621 783 872 852 belloque
915 783 968 836 in
1019 783 1234 836 hostem
1287 787 1610 849 culttparato
1655 775 1970 832 cervicibus

387 873 592 930 nostris
639 872 1018 926 imminentem
1087 871 1354 940 impetum
1413 867 1826 938 propulsemus,
1871 864 1971 918 ho-

390 977 528 1020 stem
576 963 924 1017 teterrimum
970 973 1286 1018 nostrorum
1314 960 1582 1030 sanguine
1622 964 1968 1012 cruentatum

385 1057 741 1116 ulciscamur,
783 1055 954 1110 Italia:
998 1055 1402 1125 ampliﬁcemus
1445 1051 1798 1120 dignitatem.
1849 1048 1968 1102 Hoc

384 1151 528 1200 enim
557 1147 702 1200 bello
737 1147 948 1200 nullout
987 1161 1232 1217 unquam
1265 1145 1496 1213 iustius,
1525 1151 1622 1195 aut
1657 1140 1834 1210 magis
1870 1155 1968 1192 ne-

381 1243 625 1296 cessario
659 1249 878 1308 gestum
918 1247 1028 1303 est,
1053 1246 1152 1302 aut
1179 1236 1488 1290 faciliorem
1518 1231 1969 1303 apertior-eritque

381 1331 624 1387 ostendit
651 1331 962 1384 victoriam.
1010 1327 1148 1383 Nam
1178 1327 1310 1396 quid
1343 1325 1580 1394 aequius,
1607 1319 1816 1393 quidve
1845 1333 1964 1372 ma-

382 1427 467 1497 gis
502 1425 680 1495 pium,
705 1438 870 1492 quam
909 1432 1222 1476 nostrorum
1244 1419 1566 1488 sanguinem
1597 1430 1698 1486 per
1723 1411 1970 1468 infinitas

383 1518 658 1587 lacryntas
685 1525 741 1568 et
761 1522 1036 1568 tormenta
1056 1513 1289 1566 effusum
1317 1509 1504 1564 ulcisci
1527 1506 1551 1559 ?
1583 1506 1724 1574 Quid
1747 1503 1968 1560 nefandi

387 1612 640 1663 honunes
675 1609 728 1661 in
773 1621 972 1661 nomen
1008 1615 1266 1658 nostrum
1307 1602 1786 1672 praetermiserunt
1812 1597 1968 1667 igno-

389 1701 596 1764 miniaa,
633 1699 874 1768 injurizc,
907 1696 1212 1760 cruciatus,
1239 1694 1436 1749 necis?
1467 1691 1698 1762 Templa
1729 1691 1970 1746 sanctis-

386 1794 524 1848 sima
561 1806 658 1860 per
686 1804 956 1845 summam
979 1787 1323 1858 impietatem
1355 1786 1674 1854 polluerunt
1703 1801 1718 1838 :
1747 1791 1967 1838 sancto.

2069 590 2242 646 nostri
2274 589 2558 658 majesmte
2584 584 2809 648 violata,
2846 597 2954 636 non
2985 579 3291 634 delebimus
3313 577 3337 630 τ
3359 592 3467 632 non
3509 591 3655 630 cmu-

2067 682 2388 752 parabimus
2426 677 2679 734 bellum?
2709 692 2816 729 non
2846 688 3133 728 sumemus
3162 671 3228 726 de
3263 673 3420 724 hoste
3447 669 3658 740 suppli-

2068 773 2261 830 cium?
2291 770 2586 842 Nunquam
2624 769 2894 838 profccto,
2923 777 3014 822 aut
3045 766 3278 836 publiea-
3303 779 3533 816 suorum
3573 763 3658 814 in-

2065 867 2249 935 jurisr,
2299 876 2392 919 aut
2443 865 2674 934 private
2721 862 2916 916 salutis
2965 864 3107 912 ratio
3141 859 3346 926 majore
3393 855 3656 924 atqnitate

2069 957 2240 1011 suasit
2268 973 2418 1011 arma
2456 957 2509 1010 in
2539 955 2756 1009 hostem
2792 955 3085 1008 movenz‘a.

2141 1049 2285 1104 Satis
2333 1051 2446 1104 dixi
2474 1049 2542 1104 de
2570 1064 2770 1119 genere
2818 1049 2944 1104 belli
2984 1063 3146 1116 quant
3165 1046 3374 1116 justum
3406 1044 3480 1096 sit
3515 1061 3527 1096 :
3554 1042 3648 1098 ,ἀὶ-

2066 1157 2188 1197 cam
2243 1143 2430 1196 statim
2482 1158 2646 1212 quam
2701 1142 2773 1194 sit
2833 1139 3230 1194 necessarium.
3277 1136 3468 1204 Neque
3498 1135 3650 1190 enim

2071 1235 2160 1288 ille
2223 1233 2452 1288 liberam
2511 1233 2712 1297 quietis
2773 1231 3046 1285 rationem
3113 1227 3410 1296 relinquet,
3460 1227 3654 1296 ingens

2071 1334 2222 1380 terra
2255 1325 2505 1394 marique
2540 1326 2744 1380 bellum
2787 1323 3033 1377 molitus.
3082 1319 3212 1374 Nam
3251 1319 3294 1373 si
3328 1319 3379 1372 id
3419 1316 3655 1387 permit-

2069 1428 2248 1484 teret,
2281 1433 2443 1472 nemo
2482 1433 2612 1472 sane
2641 1425 2787 1472 esset
2829 1417 2921 1486 qui
2957 1415 3159 1470 bellum
3193 1412 3310 1482 paci
3351 1421 3657 1478 antepone-

2071 1524 2178 1566 ret.
2243 1509 2350 1564 Sed
2414 1512 2604 1578 eotias
2665 1509 2948 1572 instruxit,
2997 1507 3245 1576 legiones
3311 1502 3654 1556 firmissimas

2071 1603 2236 1658 habet
2267 1603 2319 1658 in
2347 1605 2528 1673 capita
2553 1613 2739 1657 nostra
2776 1611 3148 1670 comparatas,
3201 1597 3444 1662 lacessit,
3477 1605 3654 1666 urget,

2069 1697 2138 1752 ad
2167 1707 2448 1752 certamen
2481 1705 2768 1767 ptovocat.
2826 1697 2936 1750 Aut
2973 1694 3172 1748 bellum
3203 1689 3506 1760 gerendum
3542 1698 3654 1751 est,

2069 1801 2166 1845 aut
2191 1789 2552 1845 acerbissima
2601 1789 2841 1844 servitus
2881 1785 3190 1842 subeunda.
3229 1783 3448 1838 Nullum
3513 1780 3656 1834 deli-

389 1898 547 1948 Tum.
611 1883 786 1937 ιιοειιω
839 1880 1099 1950 Virginis,
1159 1879 1334 1950 iPSillS
1390 1879 1562 1934 Ilosll‘i
1607 1877 1704 1931 Dei
1759 1884 1970 1930 Slaluas
2005 1879 2347 1938 Bberationi
2389 1881 2569 1935 locum
2621 1880 2890 1950 reliquit:
2936 1895 3044 1932 una
3115 1877 3654 1950 nobisJortunarum

388 1985 736 2044 contemptu,
774 1975 912 2038 risu,
942 1973 1092 2028 outni
1121 1973 1584 2054 contumeliarum
1621 1983 1824 2040 genere
1845 1983 1970 2038 per-

388 2070 565 2124 secuti
585 2077 732 2123 sunt.
752 2067 893 2134 Quid
913 2081 1092 2120 sacras
1111 2065 1355 2136 virgines
1374 2064 1604 2118 violatas
1625 2075 1924 2115 memorem
1946 2058 1970 2111 ?

391 2171 682 2231 parentum
730 2159 1019 2228 complexi:
1051 2169 1278 2228 ereptos
1318 2156 1668 2224 impuberes?
1701 2155 1850 2210 omni
1877 2153 1972 2208 de-

391 2253 594 2306 decore
616 2251 881 2306 fmdatum
907 2249 1288 2304 Christianum
1319 2248 1563 2303 nomen?
1593 2248 1719 2303 Haec
1742 2263 1812 2302 ne
1849 2261 1970 2316 pcr-

393 2357 614 2410 seqnar,
669 2351 726 2396 et
771 2341 850 2394 rei
897 2339 1279 2410 magnitudine
1343 2351 1399 2394 et
1441 2339 1632 2393 dolore
1673 2337 1968 2406 impedior.

393 2433 529 2500 Quis
558 2434 704 2487 cnim
765 2434 846 2487 vel
889 2431 1130 2487 dicendo
1181 2431 1450 2501 consequi
1489 2439 1696 2500 posset,
1733 2429 1820 2484 vel
1850 2430 1971 2483 sine

399 2529 588 2582 multis
621 2525 880 2597 lacrymis
926 2524 1122 2580 audire
1163 2524 1467 2580 Christiani
1513 2523 1752 2578 nominis
1789 2522 1972 2579 socios

395 2619 764 2684 ﬁdelissimos,
821 2633 1088 2686 equorum
1123 2617 1344 2687 ungulis
1375 2613 1636 2681 obtritos,
1673 2617 1748 2670 ita
1801 2616 1974 2682 impe-

395 2723 555 2765 rante
599 2711 755 2764 hoste
787 2710 1220 2764 sceleratissimo
1253 2719 1419 2779 atque
1455 2708 1783 2778 inspiciente
1811 2723 1826 2772 ;
1871 2721 1972 2760 ex-

393 2806 652 2866 cu'iatns,
696 2797 942 2882 sublatos
974 2804 1028 2856 in
1055 2817 1300 2870 crucem,
1348 2813 1407 2856 ut
1443 2815 1676 2856 mortem
1715 2799 1970 2856 beneficii

393 2897 518 2956 loco
582 2895 934 2965 acceperint?
975 2895 1165 2950 Edidit
1197 2896 1332 2949 olim
1392 2894 1973 2949 saavissitnus'l‘urcus

397 2991 584 3044 Omnia
613 2989 960 3044 crudelitatis
987 2988 1240 3057 exetnpla
1269 2986 1322 3041 in
1353 2986 1704 3058 Byzantinos.
1731 3001 1970 3056 quorum

401 3082 662 3136 memoria
711 3089 771 3134 ut
829 3077 1208 3142 refricaretur,
1256 3079 1437 3148 qualis
1479 3095 1654 3148 nuper
1697 3077 1974 3130 Chalcidis

396 3175 653 3232 Euboica:
679 3174 948 3228 tumultus
975 3173 1096 3240 fuit,
1131 3172 1536 3237 cum,eﬂ'ractis
1571 3173 1745 3241 portis
1765 3185 1830 3224 ac
1851 3185 1973 3246 ηψ-

400 3267 500 3328 ris,
544 3275 944 3320 tormentorum
993 3265 1202 3333 impetu
1260 3263 1516 3330 delectis,
1551 3277 1682 3316 arce
1737 3261 1786 3312 vi
1812 3269 1969 3328 capta

397 3368 737 3414 armatorum
773 3371 962 3419 cursu,
991 3359 1140 3409 ferro
1177 3352 1503 3422 ﬂammaque
1531 3355 1716 3406 omnia
1738 3354 1971 3406 miscuec

399 3459 567 3514 runt;
627 3447 772 3500 unde
820 3447 1057 3513 gemitus
1106 3445 1182 3498 illi
1234 3445 1304 3498 ad
1353 3455 1571 3500 nostras
1609 3459 1778 3514 prope
1809 3457 1972 3496 aures

401 3523 727 3606 pervenere.
776 3535 1020 3589 Cunctos
1077 3537 1336 3588 militaris
1385 3537 1563 3588 artatis
1613 3535 1970 3589 acerbissime

399 3629 658 3682 trucidat.
700 3627 1024 3682 Nostrorum
1077 3626 1364 3690 cadavera,
1401 3641 1526 3680 cum
1561 3626 1759 3681 muenia
1797 3640 1971 3694 Oppu-

399 3731 702 3786 gnarcntur
739 3727 814 3788 (at
845 3736 953 3772 non
993 3719 1214 3782 dicam;
1255 3717 1584 3772 incredibile
1635 3718 1784 3772 enim
1843 3727 1967 3781 est;

399 3809 510 3860 imo
529 3823 659 3862 vero
685 3809 884 3869 dicam.
913 3809 1170 3877 quoniam
1199 3809 1274 3862 ita
1298 3822 1358 3862 se
1384 3807 1590 3875 habet);
1620 3815 1965 3872 nostrorum,

406 3900 653 3970 inquam,
688 3901 956 3976 cadavera
982 3899 1038 3954 in
1066 3915 1189 3952 vasa
1225 3899 1480 3969 imposita
1510 3897 1783 3952 machinis
1814 3898 1972 3950 belli-

400 3995 482 4048 cis
513 3993 654 4046 intra
697 3993 888 4047 urbem
939 3992 1206 4046 adversus
1247 4000 1467 4047 nostros
1500 3988 1968 4044 immittebantur.

399 4085 444 4140 0
474 4087 853 4140 crudelitatem
885 4093 1010 4138 ante
1049 4083 1198 4138 hunc
1225 4083 1370 4138 diem
1429 4082 1760 4143 inauditam,
1793 4096 1824 4134 ο
1847 4095 1971 4150 per-

400 4178 570 4231 ditam
603 4178 895 4243 feritatem,
916 4193 950 4232 0
979 4174 1508 4231 truculentissimum
1529 4173 1754 4229 saevitiae
1774 4173 1968 4243 genus!

400 4271 542 4338 Qaid
583 4282 690 4325 tam
723 4284 1014 4325 cuunnune
1036 4269 1176 4322 vivis
1193 4284 1357 4337 quam
1397 4267 1668 4337 spiritus?
1703 4268 1772 4322 At
1795 4265 1969 4321 nostri

402 4365 602 4434 captivi
633 4365 706 4418 ita
736 4363 951 4430 vivunt,
988 4371 1048 4417 ut
1080 4359 1287 4417 ducere
1316 4362 1555 4416 anitnam
1587 4362 1656 4416 de
1686 4361 1829 4416 ccelo
1861 4375 1970 4414 non

401 4467 626 4525 queant.
659 4455 800 4522 Quid
835 4465 946 4509 tam
989 4468 1286 4510 commune
1317 4453 1551 4509 mortuis
1571 4469 1742 4524 quam
1779 4464 1920 4509 terra
1947 4453 1970 4505 ?

401 4547 473 4600 At
497 4549 670 4602 nostri
707 4547 782 4601 ita
817 4547 1154 4610 moriuntur.
1189 4555 1247 4600 ut
1275 4562 1468 4601 eorum
1501 4562 1624 4602 ossa
1665 4562 1764 4617 per
1789 4561 1970 4601 aerem

404 4652 756 4713 spargantur.
810 4641 950 4708 Quid
1003 4651 1112 4696 tam
1171 4656 1464 4697 commune
1507 4641 1762 4696 cadaveri
1812 4656 1977 4709 quam

403 4735 604 4804 quies?
643 4736 714 4790 At
755 4744 1072 4790 nostrorum
1109 4749 1344 4803 corpora
1370 4733 1444 4788 ita
1469 4734 1770 4803 iactantur,
1795 4742 1874 4786 .ut
1909 4748 1976 4788 ne

402 4831 710 4886 exanimata
768 4835 986 4902 quidem
1052 4833 1464 4901 conquiescant.
1514 4831 1770 4894 Romani,
1831 4829 1978 4900 quod

404 4941 594 4977 coruunt
628 4925 796 4994 legati
837 4925 1001 4995 paulo
1033 4925 1294 4979 acerbius
1322 4925 1584 4993 appellati
1622 4933 1832 4988 essent,
1866 4924 1976 4979 (Jo-

405 5014 676 5080 riuthum,
737 5015 926 5070 urbem
976 5014 1428 5085 pulcherrimam,
1473 5021 1819 5068 everterunt.
1871 5013 1980 5068 Nos

403 5119 558 5168 vero,
600 5105 768 5160 sociis
795 5107 1174 5161 crudelissime
1201 5107 1434 5170 necatis,
1456 5097 1774 5174 contempta
1797 5115 1854 5159 et
1881 5105 1982 5159 de-
2023 5145 2030 5150 ι

403 5208 614 5252 vastaza
672 5199 892 5267 regione
949 5208 1164 5262 nostra,
1213 5199 1360 5253 unde
1401 5213 1614 5251 :nornm
1693 5206 1968 5267 rectaeque
2023 5237 2030 5242 -

401 5289 532 5342 vitae
576 5289 907 5343 documenta
939 5303 968 5342 a
999 5298 1107 5341 tam
1144 5289 1370 5342 remotis
1407 5288 1728 5342 nationibus
1778 5297 1977 5357 petun-

404 5393 519 5448 tur,
554 5398 663 5437 non
703 5381 1114 5436 excitabimur?
1145 5379 1352 5434 Fabius
1385 5381 1671 5445 Maximus,
1709 5389 1770 5434 ut
1802 5382 1979 5450 capti-

403 5494 502 5534 vos
531 5479 846 5543 redimeret,
865 5488 1056 5545 agrum
1086 5473 1358 5537 vendidit,
1378 5483 1435 5526 ct
1471 5489 1572 5527 nos
1597 5481 1676 5526 tot
1701 5475 1977 5528 sociorum

341 5631 346 5636 ,
403 5587 633 5642 corpora
667 5570 980 5624 desiderata
1011 5565 1392 5637 negligemus?
1424 5565 1798 5629 Theodosius,
1833 5569 1978 5634 qtmd

404 5664 950 5724 'I'hessalonicenses,
985 5663 1114 5715 novi
1143 5659 1424 5729 vectigaiis
1454 5658 1810 5727 impositione
1835 5659 1982 5712 indi-

406 5753 580 5831 gnati,
613 5759 874 5814 Placidia:
899 5765 1112 5812 statuas
1152 5735 1249 5823 per
1291 5751 1482 5806 urbem
1518 5751 1834 5816 traxissent,
1870 5751 1980 5806 fre-

405 5865 666 5922 qdcntem
693 5853 748 5907 in
781 5849 998 5906 theatro
1037 5845 1300 5920 populum
1333 5843 1464 5899 medi
1497 5843 1684 5914 jussit.
1721 5841 1850 5910 Nos,
1877 5861 1973 5915 op-

2073 1974 2379 2043 salutisque
2437 1987 2562 2050 spes
2624 1971 2904 2044 proposita
2939 1979 3052 2037 est,
3083 1979 3140 2024 nt
3175 1970 3388 2024 viribus
3422 1967 3649 2030 nostris,
3715 1967 3718 1972 ’

2073 2063 2184 2122 Deo
2207 2065 2332 2136 Opt.
2373 2063 2512 2120 Max.
2539 2067 2788 2136 juvante,
2825 2065 3137 2119 libertatem
3166 2073 3408 2118 nostram
3463 2075 3656 2116 serve-

2073 2175 2230 2216 mus:
2273 2173 2371 2228 pro
2405 2173 2512 2228 qua
2553 2159 2696 2212 bono
2727 2159 2843 2213 viro
2896 2168 2955 2212 et
2991 2157 3098 2211 civi
3133 2172 3241 2210 non
3281 2156 3464 2209 minus
3495 2154 3652 2208 labo-

2074 2251 2306 2306 randum
2335 2261 2438 2318 est,
2467 2265 2630 2321 quam
2674 2265 2774 2319 pro
2801 2265 3085 2304 servorum
3123 2250 3312 2318 reique
3336 2247 3653 2306 domesticae

2077 2344 2456 2399 incolumitate
2495 2342 2744 2398 tutanda.
2785 2342 2855 2396 At
2901 2357 3062 2396 neruo
3091 2342 3318 2411 estqui.
3372 2341 3454 2395 vel
3489 2353 3656 2394 servo

2073 2439 2350 2500 lacessito,
2409 2438 2494 2492 vel
2549 2437 2792 2508 expilata
2850 2451 3036 2507 grege.
3079 2451 3187 2489 non
3217 2435 3458 2503 graviter
3489 2433 3650 2494 ferat,

2071 2535 2238 2585 armis
2276 2530 2342 2584 ad
2369 2529 2626 2598 iniuriam
2661 2527 3028 2582 ulciscendam
3059 2542 3166 2580 non
3198 2523 3513 2584 contendat.
3542 2541 3653 2580 non

2077 2633 2288 2694 repetat
2337 2638 2456 2676 sua.
2509 2623 2576 2676 Et
2634 2621 2952 2691 coniugum,
2990 2620 3314 2683 liberorum,
3347 2621 3537 2686 patria:
3571 2634 3656 2670 ra-

2077 2719 2281 2772 tionem
2317 2715 2524 2770 nuilam
2552 2714 2856 2769 dliCt'llliiS?
2885 2713 3026 2780 Quid
3089 2714 3337 2768 inermes
3368 2721 3656 2780 exspecta-

2075 2824 2200 2864 mus
2231 2809 2533 2862 Turcorum
2583 2806 2862 2861 furorem?
2917 2807 3082 2861 Arma
3123 2806 3294 2859 armis
3325 2805 3654 2875 propulsan-

2077 2913 2188 2958 tur.
2239 2902 2448 2956 Bellum
2497 2900 2798 2970 gerendum
2847 2911 2972 2966 est,
3028 2912 3089 2952 ut
3119 2899 3172 2952 in
3217 2913 3349 2968 pace
3382 2898 3652 2954 vivamus.

2077 2996 2134 3050 Si
2185 2995 2388 3050 bellum
2443 2991 2789 3058 omittimus,
2855 3005 3042 3060 pact-tn
3105 2993 3368 3046 habemus
3425 2993 3651 3048 nullam.

2077 3086 2232 3154 Quod
2287 3086 2334 3140 si
2397 3085 2634 3146 Tmcus,
2687 3082 2849 3138 nobis
2908 3084 3344 3153 quiescentibus,
3403 3086 3656 3141 maximis

2077 3179 2278 3247 opibus
2333 3187 2531 3230 auctus
2580 3185 2703 3237 est;
2770 3176 2814 3230 si
2863 3177 3186 3242 languentes
3215 3177 3328 3230 otio
3365 3177 3418 3230 in
3451 3179 3660 3248 gravis-

2081 3271 2217 3325 sima
2249 3271 2445 3330 danma
2485 3271 2722 3340 prolapsi
2749 3285 2961 3334 smnus,
3025 3271 3150 3340 quis
3182 3271 3402 3323 tandem
3431 3285 3656 3338 sperare

2081 3365 2308 3420 audebit
2338 3381 2438 3420 nos
2479 3365 2532 3418 in
2574 3365 2688 3419 etio
2749 3373 2804 3418 et
2871 3363 3065 3417 umbra
3123 3379 3240 3428 rem
3275 3363 3512 3417 feliciter
3567 3380 3659 3433 ge-

2080 3459 2310 3513 sturos?
2367 3458 2819 3527 llcsipiscendutn
2883 3467 2984 3520 est,
3036 3467 3086 3510 et
3133 3473 3258 3511 cum
3311 3472 3379 3512 eo
3409 3459 3656 3526 pactoin

2087 3557 2236 3603 tanta
2296 3547 2545 3617 peticnla
2609 3546 3006 3610 tlecidctimns,
3034 3546 3326 3600 contrario
3359 3548 3558 3602 itinere
3587 3550 3660 3604 a-l

2080 3641 2318 3695 salutem
2374 3651 2430 3694 et
2486 3641 2844 3694 securitatem
2897 3639 3270 3694 redeundum.
3335 3638 3653 3696 Omittenda

2080 3733 2344 3803 st'gnities
2375 3751 2388 3787 :
2424 3733 2625 3786 bellum
2679 3730 3114 3800 suscipiendum.
3177 3732 3338 3796 Nam,
3371 3741 3430 3786 nt
3462 3733 3659 3788 beatus

2082 3825 2288 3880 Paulus
2341 3823 2540 3891 inquit,
2580 3842 2598 3874 ι
2634 3823 2753 3878 Non
2809 3833 3110 3877 coronatur
3140 3823 3244 3878 nisi
3279 3825 3371 3894 qui
3413 3826 3657 3896 legitime

2081 3917 2395 3980 certaverit,
2411 3933 2428 3968 ι
2450 3925 2503 3968 et
2519 3917 2554 3968 Α
2569 3916 2856 3976 ristotclcs,
2881 3933 2902 3966 ε
2931 3913 3048 3970 Non
3071 3927 3408 3970 coronantur
3429 3919 3521 3986 qui
3543 3933 3660 3988 spe-

2081 4017 2258 4062 ctant.
2281 4006 2376 4060 scd
2402 4007 2494 4074 qui
2527 4005 2582 4058 in
2619 4015 2898 4058 certamen
2923 4004 3284 4068 descendunt,
3305 4005 3338 4058 ii
3364 4011 3508 4060 enim
3540 4007 3661 4062 lau-

2081 4099 2148 4152 de
2174 4097 2377 4166 aliquid
2400 4097 2622 4165 dignum
2646 4095 2916 4150 efficiunt.
2955 4115 2972 4148 ι
3005 4096 3326 4151 Salnsdomi
3365 4099 3521 4154 nobis
3547 4115 3656 4155 non

2079 4189 2444 4258 exspectanda
2479 4197 2584 4254 est,
2612 4188 2706 4242 sed
2735 4187 2788 4242 in
2814 4189 2928 4242 sole
2953 4199 3010 4244 et
3039 4193 3266 4258 pulvere
3289 4189 3656 4247 defendenda.

2079 4280 2256 4335 Nemo
2303 4290 2388 4334 est
2443 4289 2689 4334 vestrum
2745 4279 2890 4350 qui,
2929 4296 3054 4335 eum
3091 4297 3120 4335 a
3157 4291 3354 4336 natura
3389 4285 3654 4338 trilmtum

2081 4373 2282 4428 habeat
2347 4382 2407 4427 ιιι
2459 4387 2540 4438 se,
2575 4388 2778 4443 corpus
2810 4373 3092 4442 vitamque
3127 4383 3349 4430 tueatur
3379 4417 3394 4442 ,
3430 4385 3659 4444 prtesto-

2081 4466 2182 4520 lari
2214 4467 2347 4520 velit
2371 4481 2432 4520 ea
2487 4481 2607 4535 quae
2662 4467 2916 4522 nocitura
2972 4469 3104 4523 sint.
3139 4469 3321 4524 Ilostis
3349 4471 3652 4524 exercitum

2011 4575 2052 4630 υ
2081 4555 2246 4610 habet
2277 4555 2516 4610 libertati
2559 4566 2764 4611 nostrae
2812 4558 3211 4613 imminentem.
3259 4561 3353 4616 Vis
3387 4561 3653 4631 impetum

2082 4645 2314 4699 arcere?
2343 4645 2495 4700 Bello
2532 4645 2582 4699 iJ
2617 4645 2836 4715 assequi
2879 4648 3108 4716 poteris,
3167 4658 3228 4702 ut
3261 4651 3369 4703 vim
3406 4651 3450 4705 vi
3483 4653 3657 4722 repri-

2083 4751 2317 4791 mamus.
2375 4735 2510 4790 Nam
2549 4745 2607 4789 ut
2667 4738 2970 4792 concedam
3031 4740 3278 4795 incertos
3327 4742 3511 4796 exitus
3535 4757 3660 4798 esse

2083 4831 2232 4895 belli,
2274 4831 2613 4900 Martemque
2667 4847 3044 4896 communem,
3104 4844 3283 4888 tamen
3344 4851 3444 4904 pro
3500 4835 3663 4890 ΙίΙιιοτ-

2084 4933 2215 4988 tate,
2245 4940 2345 4994 pro
2374 4925 2498 4978 vitae
2529 4923 2776 4994 periculo
2829 4925 3228 4981 decertandum
3254 4937 3379 4994 est;
3418 4944 3514 4998 pro
3549 4929 3662 4983 Deo

2081 5017 2202 5087 ipso
2235 5017 2610 5088 pugnandum,
2647 5031 2747 5086 pro
2775 5018 2937 5084 cujus
2977 5019 3342 5088 amplitudine
3373 5020 3588 5073 retinen
3614 5023 3660 5074 'a

2081 5109 2312 5176 radere,
2346 5109 2402 5162 in
2443 5123 2619 5164 atrum
2677 5112 3074 5178 sempiternum
3126 5109 3404 5179 vitamque
3437 5111 3668 5164 immor-

2083 5201 2245 5258 talem
2281 5199 2516 5274 migrare
2542 5211 2644 5255 est.
2686 5201 2805 5255 Non
2849 5203 2998 5255 enim
3055 5203 3254 5272 spiritu
3287 5203 3394 5256 vita
3425 5210 3584 5257 const
3622 5211 3660 5266 t,

2079 5294 2180 5348 sed
2211 5291 2434 5364 pietate,
2461 5308 2583 5362 qua:
2621 5293 2836 5361 patrias,
2889 5295 3256 5362 templorum,
3281 5305 3458 5347 status
3485 5292 3660 5348 divini

2082 5386 2506 5438 conservatione
2568 5383 2806 5436 maxime
2863 5384 3208 5437 continetur.
3257 5383 3396 5448 Quid
3429 5398 3583 5444 vero,
3613 5383 3662 5438 si

2080 5477 2420 5545 "ploratam
2453 5475 2698 5530 victoria:
2741 5476 3012 5529 rationem
3038 5475 3304 5529 habemus
3323 5475 3345 5527 ?
3363 5475 3482 5529 Jam
3509 5475 3663 5529 enim

2085 5579 2312 5636 tempus
2340 5577 2396 5621 ct
2419 5582 2584 5621 aures
2630 5577 2828 5622 vestrae
2870 5566 3156 5636 postulant
3203 5574 3262 5620 ut
3295 5566 3366 5620 de
3400 5565 3662 5621 facultate

2079 5659 2306 5729 gerendi
2361 5657 2514 5722 belli,
2575 5659 2647 5710 de
2677 5658 3020 5727 amplissimo
3053 5658 3338 5728 triumpho
3371 5659 3466 5728 qui
3496 5645 3661 5713 nobis

2081 5752 2399 5820 propositus
2429 5761 2534 5813 est,
2573 5749 2782 5818 aliquid
2837 5749 3108 5804 dicamus.
3137 5749 3260 5816 Quo
3283 5753 3336 5805 in
3373 5753 3494 5805 loco
3521 5753 3659 5808 illud

2081 5845 2239 5912 plane
2309 5841 2573 5912 profi'cor
2633 5857 2720 5896 me
2783 5841 2852 5899 de
2879 5843 3116 5898 hostium
3153 5843 3331 5916 copiis
3359 5855 3413 5900 ct
3448 5846 3660 5904 viribus
