4136 6408
550 376 656 440 6i)?

1484 374 1997 436 BESSAIHONIS
2038 377 2098 437 S.
2150 374 2220 436 Β.
2272 373 2337 435 E.
2385 374 2860 437 CAllDiNALIS

3717 373 3824 437 ('63

500 491 509 505 ’
547 493 691 565 nihil
720 490 973 549 oratione
1024 506 1145 546 mea
1176 489 1582 554 detracturum,
1612 492 1705 545 sed
1732 490 1916 545 omnia
1951 505 2122 559 expo-
2155 489 2204 551 Α
2238 488 2494 543 celeriter
2546 490 2788 561 fugiunt.
2845 490 3036 545 Cistra
3062 490 3263 546 castris
3294 489 3548 545 conferre
3584 504 3690 543 non
3719 506 3825 543 au-

546 586 782 641 siturum
840 600 1032 654 magna
1089 601 1214 638 cum
1282 584 1409 657 fide.
1468 585 1655 651 Atque
1692 584 1816 637 inde
1847 584 2128 637 exordiar.

545 677 838 736 Exercitus
896 677 987 730 ille
1038 675 1298 739 hostilis,
1357 676 1449 729 illa
1517 676 1801 731 hominum
1836 674 2132 730 multitudo

545 768 785 831 infinita,
830 782 941 822 non
971 766 1109 822 tanti
1139 767 1359 822 roboris
1409 777 1496 823 est
1524 767 1717 837 quanti
1750 767 1833 821 vel
1875 766 2130 821 nonnulli

546 866 765 930 putant,
795 860 878 914 vel
919 873 949 912 a
984 858 1144 914 nobis
1167 858 1424 928 superari
1477 858 1742 914 facillime
1793 873 1905 913 non
1934 858 2132 927 possit.

546 951 739 1021 Magna
792 951 916 1021 ejus
973 965 1103 1020 pars
1167 951 1340 1005 milite
1404 950 1767 1006 tumultuario
1825 960 2045 1006 constat
2079 960 2137 1005 et

545 1044 709 1099 turba
785 1043 1107 1099 collectitia.
1183 1044 1342 1099 Nulla
1413 1042 1779 1114 jurisjurandi
1860 1042 2131 1114 religione

546 1136 728 1193 adacti
785 1144 937 1200 sunt,
994 1136 1151 1189 nulla
1204 1133 1466 1189 mercede
1496 1133 1788 1189 conducti.
1823 1133 2133 1189 Levissima

547 1241 805 1296 corpora,
857 1225 1068 1280 laboris
1132 1223 1618 1294 impatientissima
1665 1223 2135 1293 :prtedam.‘nou

547 1320 853 1375 exercitum
894 1326 1226 1388 sequuntur,
1256 1331 1362 1386 qua
1425 1316 1469 1371 si
1521 1315 1687 1386 paulo
1712 1315 1922 1371 diutius
1940 1331 2141 1371 carue-

549 1411 684 1475 rint,
737 1411 963 1465 domum
1014 1410 1367 1464 velocissime
1435 1408 1691 1463 redeunt.
1746 1408 1961 1462 Nullam
2005 1424 2140 1479 prae-

550 1511 699 1558 stant
749 1502 804 1556 in
872 1501 1022 1557 bello
1052 1516 1302 1572 Operam,
1332 1500 1543 1555 nullum
1578 1508 1800 1555 servant
1830 1498 2086 1555 ordinem
2120 1516 2134 1554 :

549 1593 822 1656 latrones,
875 1592 1083 1656 sicarii,
1128 1592 1381 1647 militaris
1443 1591 1749 1661 disciplina:
1803 1593 2027 1662 penitus
2050 1609 2142 1647 ex-

551 1694 759 1754 pertes,
785 1694 841 1739 et
868 1684 965 1754 qui
999 1685 1216 1738 facilius
1251 1685 1395 1739 vinci
1431 1686 1668 1753 possint,
1705 1700 1872 1753 quam
1911 1686 2139 1742 vincere

508 1832 523 1846 ,
551 1777 752 1831 sciant.
788 1775 927 1830 lllud
986 1791 1119 1830 sane
1162 1791 1391 1845 prorsus
1422 1786 1803 1845 comparatum
1846 1776 2136 1844 habemus,

2235 582 2410 638 dent:
2473 592 2548 646 et,
2608 593 2671 637 ut
2697 583 2830 637 illud
2863 594 3131 652 repetam,
3164 583 3392 638 victoria
3425 590 3513 637 est
3560 584 3615 637 in
3642 582 3818 635 maui-
3874 590 3875 593 ‘

2238 673 2361 737 luts,
2392 673 2558 728 modo
2593 673 2797 728 velitis.
2834 674 2996 729 Nulla
3022 672 3171 730 enim
3202 674 3334 729 belli
3360 672 3590 745 gerendi
3639 672 3811 727 facul-

2238 773 2321 819 tas
2382 764 2541 819 vobis
2593 765 2769 821 deest.
2798 766 2968 821 Adest
2998 766 3395 836 imperatorum
3428 766 3630 831 virtus,
3671 766 3815 820 mili-

2239 864 2353 910 tum
2417 872 2680 912 numerus
2726 868 2783 911 et
2834 858 3107 927 potentia.
3161 857 3305 914 Sunt
3343 858 3588 927 pecuniae
3636 857 3818 921 vobis,

2238 957 2392 1014 sunt,
2442 948 2610 1004 Italiae
2647 950 2946 1021 principes,
3014 966 3153 1021 quas
3187 966 3296 1006 non
3340 950 3526 1005 minus
3548 950 3656 1005 hoc
3681 958 3823 1005 tem-

2238 1056 2373 1113 pore
2430 1041 2485 1097 in
2550 1043 2830 1113 publicum
2878 1044 3132 1100 conferre
3157 1044 3394 1108 debetis,
3426 1058 3593 1114 quam
3633 1041 3821 1113 priva—

2241 1142 2351 1187 tam
2392 1132 2629 1204 quisque
2680 1135 2937 1196 salutem,
2970 1134 3139 1201 leges,
3198 1135 3429 1205 patriam
3456 1135 3683 1190 charam
3725 1132 3824 1188 ha-

2241 1224 2356 1279 bet.
2412 1225 2583 1280 Debet
2642 1228 3044 1296 unusquisque,
3107 1226 3356 1298 diligenti
3385 1241 3567 1280 rerum
3597 1240 3823 1280 suarum

2241 1317 2456 1373 ratione
2506 1317 2714 1384 habita,
2780 1328 2990 1373 tantum
3042 1333 3273 1389 erogare
3330 1329 3598 1387 quantum
3622 1326 3824 1387 potest.

2239 1404 2424 1461 Audio
2470 1407 2802 1479 Byzantinos
2859 1423 2891 1463 a
2946 1409 3230 1464 nonnullis
3283 1408 3557 1469 accusari,
3586 1408 3824 1476 quodin

2242 1499 2417 1553 salute
2472 1501 2751 1555 communi
2798 1501 3027 1569 privatae
3083 1501 3333 1573 pecuniae
3374 1509 3692 1570 parcentes,
3722 1512 3825 1552 sua

2244 1591 2429 1644 omnia
2454 1590 2598 1646 hosti
2622 1590 2995 1661 prodiderunt
3027 1610 3041 1647 :
3078 1592 3133 1647 in
3186 1606 3298 1662 quo
3327 1589 3578 1660 profecto
3612 1586 3828 1655 gravis-

2243 1683 2382 1736 sima
2410 1681 2569 1752 culpa
2597 1684 2745 1754 digni
2768 1692 2921 1748 sunt,
2958 1683 3268 1753 meritoque
3311 1677 3823 1749 reprehenduntur.

2247 1769 2304 1824 ld
2358 1787 2428 1826 ne
2473 1773 2578 1843 ipsi
2625 1789 2847 1843 quoque
2880 1774 3317 1838 committamus,
3356 1770 3669 1826 cavendum
3703 1777 3823 1831 est;

551 1868 901 1939 septuagiu‘a
958 1838 1231 1923 duntaxat
1280 1883 1405 1923 esse
1460 1838 1746 1923 hominum
1798 1870 1990 1933 millia,
2049 1838 2220 1940 quiB
2250 1878 2321 1917 ne
2378 1838 2531 1933 quod
2593 1838 2659 1919 in.
2691 1838 2814 1922 aliis
2840 1878 3002 1936 turpe
3037 1867 3346 1935 itIutilcque
3371 1864 3539 1919 fuisse
3567 1860 3831 1932 cognm'i'

553 1959 838 2030 stipendia
858 1974 926 2013 ex
957 1960 1180 2030 publico
1212 1961 1410 2015 aerario
1442 1950 2007 2030 faciant.Sed'audite
2031 1975 2145 2027 me,

553 2068 764 2122 quaeso,
812 2066 1111 2123 parumper
1137 2067 1297 2121 aequo
1340 2053 1544 2107 animo.
1590 2054 1668 2108 Ex
1701 2070 1766 2108 eo
1798 2055 2146 2125 septuaginta

555 2145 788 2199 millium
821 2142 1107 2198 humilium
1138 2158 1391 2207 numero,
1445 2154 1644 2214 printer
1694 2146 2013 2215 quindecim
2067 2149 2147 2200 vi-

552 2232 763 2302 gintive
828 2234 1020 2299 millia,
1071 2233 1140 2288 ad
1197 2250 1500 2299 summum,
1536 2236 1633 2305 qui
1670 2235 2026 2307 imperatoris
2060 2244 2145 2297 sui

553 2327 701 2382 latus
755 2327 1171 2390 custodientes,
1231 2328 1613 2398 quotidianam
1676 2332 1987 2387 mercedem
2052 2348 2148 2388 ca-

552 2423 749 2489 piunt,
807 2421 1011 2490 reliqui
1076 2437 1281 2485 omnes
1372 2424 1653 2477 sociorum
1726 2425 2143 2493 provincialium

552 2513 784 2567 tributis
810 2513 891 2591 Ain
957 2513 1104 2569 bello
1145 2523 1567 2581 sustentantur;
1611 2532 1735 2586 quae
1764 2532 1897 2571 sane
1935 2518 2143 2574 tributa

551 2604 691 2659 adeo
738 2607 941 2675 exigua
1001 2615 1152 2671 sunt,
1212 2608 1351 2661 adeo
1404 2608 1832 2677 suppeditantur
1880 2611 2142 2675 tenuiter,

554 2705 616 2750 ut
674 2704 789 2751 toto
847 2711 995 2751 anno
1062 2698 1151 2751 vix
1214 2708 1455 2767 quatuor
1508 2699 1797 2754 mensibus
1830 2704 2141 2759 mercedem

556 2788 861 2858 accipiant.
920 2789 1000 2844 Ex
1058 2806 1118 2845 re
1172 2791 1376 2846 factum
1413 2794 1615 2848 videtis
1643 2805 1702 2849 ut
1733 2796 1937 2851 nullam
1971 2813 2144 2868 expe-

552 2881 819 2936 ditionem
839 2882 1232 2950 quadrimestri
1260 2884 1666 2942 diuturniorem
1705 2892 1999 2955 sustineat,
2032 2892 2132 2948 sed

554 2988 652 3026 eos
682 2988 878 3027 omnes
903 2973 1171 3036 dimittat,
1206 2978 1469 3046 quoniam
1502 2978 1802 3047 provincia:
1843 2967 2136 3052 pecuniam

550 3064 790 3130 amplius
842 3080 954 3119 non
1016 3066 1459 3141 subministrant.
1512 3070 1631 3135 Qua
1684 3085 1870 3127 rerum
1902 3077 2134 3143 penuria

2250 1968 2376 2010 mus
2436 1965 2493 2011 et
2552 1957 2845 2039 sentimus,
2911 1958 3416 2029 imprudentissime
3502 1968 3878 2024 sequamur..

2247 2045 2578 2117 Comparato
2613 2065 2643 2104 a
2676 2051 2833 2105 nobis
2861 2051 3130 2116 exercitu,
3167 2051 3298 2119 quid
3326 2058 3433 2118 est,
3468 2048 3615 2118 quod
3647 2048 3828 2102 victo-

2249 2140 2386 2195 riam
2416 2141 2653 2212 lietaque
2683 2146 2869 2198 omnia
2905 2160 3015 2197 non
3045 2142 3344 2213 portendat
3375 2158 3437 2198 ac
3458 2142 3775 2213 polliceatur
3804 2140 3828 2191 ?

2246 2230 2442 2287 Aderit
2492 2234 2638 2291 Deus
2691 2233 2819 2305 Opt.
2886 2236 3176 2301 Maximus,
3238 2250 3337 2306 pro
3384 2236 3544 2307 cujus
3596 2235 3825 2303 pietate,

2248 2325 2442 2395 gloria,
2484 2327 2589 2382 fide
2615 2327 2998 2398 amplificanda
3034 2330 3400 2402 pugnabimus
3421 2369 3435 2395 ,
3466 2327 3624 2397 cujus
3677 2326 3825 2396 inju-

2249 2419 2363 2474 rias
2413 2420 2771 2478 ulciscemur.
2799 2423 3010 2479 ~lratus
3068 2425 3212 2480 hosti
3239 2432 3344 2489 est,
3377 2422 3541 2478 nobis
3572 2437 3827 2492 prosper,

2248 2512 2345 2580 qui
2382 2521 2627 2567 nostram
2658 2512 2763 2568 hac
2790 2516 2842 2568 in
2871 2531 2931 2569 re
2967 2530 3191 2585 operam
3252 2526 3309 2571 et
3334 2515 3576 2570 laborem
3603 2528 3707 2567 non
3737 2527 3829 2566 so-

2245 2606 2359 2661 lum
2411 2607 2634 2678 accipit,
2693 2592 2789 2665 s'ed
2831 2611 3023 2681 exigit,
3059 2611 3153 2667 sed
3181 2612 3407 2683 repetit,
3442 2610 3537 2666 sed
3575 2609 3824 2665 debitum

2258 2697 2364 2753 sibi
2403 2699 2559 2754 reddi
2589 2700 2764 2772 jubet.
2820 2720 2838 2754 σ
2882 2703 2962 2759 Ne
3014 2704 3229 2769 timeas,
3282 2703 3480 2774 inquit,
3507 2718 3536 2757 a
3570 2701 3706 2757 facie
3736 2715 3826 2756 eo-

2246 2806 2391 2859 rum,
2420 2794 2550 2863 quia
2577 2809 2678 2863 ego
2714 2803 2897 2851 tecum
2947 2812 3067 2851 sum
3096 2807 3157 2852 ut
3192 2812 3382 2852 eruam
3413 2806 3486 2851 te.
3519 2796 3597 2851 Ne
3634 2797 3828 2850 timeas

2245 2867 2279 2934 a
2308 2880 2446 2937 facie
2468 2897 2661 2937 eorum
2692 2900 2707 2946 ς
2754 2900 2857 2939 nec
2909 2888 3055 2940 enim
3093 2897 3144 2942 te
3171 2886 3367 2942 faciam
3400 2888 3591 2942 timere
3613 2887 3827 2941 vultum

2243 2967 2469 3029 eorum?
2490 2973 2780 3030 Bellabunt
2810 2977 3087 3033 adversus
3116 2989 3185 3042 te,
3218 2988 3402 3033 etnon
3428 2980 3825 3049 praevalebunt,

2242 3066 2372 3136 quia
2429 3081 2530 3137 ego
2578 3076 2760 3122 tecum
2821 3084 2965 3136 sum,
3025 3070 3102 3124 ait
3154 3069 3442 3137 Dominus,
3495 3081 3555 3125 ut
3592 3073 3822 3127 liberem

552 3165 776 3211 coactos
838 3155 1087 3227 Byzantii
1152 3172 1296 3228 s:epe
1336 3158 1598 3228 vidimus,
1631 3177 1758 3217 cum
1788 3164 2136 3223 dimitteren-
2162 3166 2317 3239 c.18-
2349 3177 2368 3210 ³
2414 3157 2480 3212 Et
2540 3160 2608 3212 ad
2662 3158 2871 3215 103118:
2908 3176 2928 3212 ε
2970 3160 3111 3215 Ecce
3172 3176 3273 3231 e80
3325 3161 3449 3217 dedi
3505 3163 3558 3217 in
3629 3178 3825 3216 manus

552 3256 679 3307 tur,
738 3256 795 3301 et
866 3261 1062 3316 equos,
1120 3256 1176 3303 et
1206 3262 1381 3314 artua,
1408 3258 1465 3304 et
1491 3260 1674 3307 vestes
1700 3253 2037 3318 vendidisse,
2076 3265 2135 3310 ut

550 3340 774 3392 domum
830 3340 1120 3409 pervenire
1174 3350 1421 3409 possent.
1488 3342 1604 3400 Hoc
1674 3345 1846 3403 robur
1911 3348 2131 3406 hostilis

547 3431 852 3494 exercitus,
903 3432 1018 3487 hate
1083 3434 1424 3504 magnitudo,
1455 3434 1546 3491 hic
1583 3437 1867 3495 mirandus
1892 3441 1984 3497 ille
2039 3458 2136 3512 pe-

549 3525 761 3585 ditatus
785 3533 840 3583 et
869 3527 1169 3596 equitatus.
1201 3526 1358 3593 Quod
1389 3529 1434 3583 si
1466 3528 2132 3599 Christianusexercitus,

552 3616 700 3671 illius
756 3618 893 3679 fines
960 3619 1297 3689 populando,
1347 3635 1474 3675 eum
1520 3631 1635 3676 toto
1659 3638 1805 3678 anno
1834 3626 2135 3680 exercitum

548 3709 606 3765 in
657 3709 825 3773 armis
872 3709 1076 3771 habere
1121 3712 1397 3783 coegerit,
1459 3723 1558 3767 aut
1613 3731 1643 3769 a
1687 3716 1804 3770 suis
1834 3716 2137 3772 destitutus

544 3816 673 3854 cum
729 3800 926 3871 exigua
981 3816 1147 3863 manu
1207 3802 1273 3876 ad
1331 3818 1569 3872 pugnam
1638 3800 1996 3875 impelletur,
2038 3807 2135 3861 tibi

547 3892 815 3947 facillime
872 3895 1127 3962 superari
1199 3904 1415 3964 queat,-
1441 3904 1537 3951 aut
1589 3896 1697 3953 illis
1720 3898 1854 3968 ipsis
1884 3901 2136 3969 pecuniis

544 4001 674 4057 qua
725 3985 784 4040 in
833 3988 956 4057 ejus
1020 3987 1297 4056 privatum
1337 3988 1593 4043 atrarium
1630 3993 2014 4055 conferuntur,
2057 4002 2137 4046 to-

550 4089 672 4134 tum
729 4081 1036 4139 exercitum
1097 4080 1213 4136 alat
1268 4096 1496 4138 necesse
1546 4082 1873 4153 eritzquod
1911 4086 2131 4155 quidem

549 4182 815 4243 priestare
854 4173 947 4228 diu
983 4188 1091 4228 non
1123 4175 1345 4243 poterit.
1401 4174 1591 4246 Neque
1639 4175 1810 4239 enim,
1843 4188 1904 4233 ut
1928 4188 2137 4236 temere

560 4262 809 4325 nonnulli
836 4264 1069 4332 jactsut.
1108 4263 1373 4319 immensa
1430 4274 1517 4319 est
1558 4264 1636 4320 illi
1669 4270 1923 4335 pecunia.
1955 4267 2138 4340 Siqui-

547 4355 676 4412 dem
742 4371 809 4409 ex
871 4356 938 4410 iis
987 4356 1081 4425 qui
1116 4355 1169 4410 iu
1203 4356 1349 4411 illius
1375 4357 1607 4427 negotiis
1643 4359 1901 4428 gerendis
1930 4366 2133 4419 versati

548 4456 702 4511 sunt,
758 4446 919 4516 plane
982 4448 1264 4517 cognitum
1325 4457 1410 4503 est
1448 4466 1556 4503 non
1588 4453 1829 4519 amplius
1851 4470 2015 4523 quam
2051 4457 2131 4511 vi-

551 4538 734 4591 cesies
786 4546 1017 4591 centena
1069 4552 1368 4593 aureorum
1417 4538 1586 4593 millia
1645 4556 1713 4594 ex
1765 4544 1915 4596 omni
1948 4544 2131 4599 reddi-
2165 4519 2207 4573 θ

554 4639 710 4682 tuum
763 4644 977 4681 summa
1026 4628 1092 4682 ad
1144 4646 1270 4682 eum
1329 4628 1533 4684 deferri
1575 4648 1588 4684 :
1633 4631 1779 4687 unde
1845 4643 1903 4688 et
1936 4637 2130 4707 viginti

555 4719 646 4774 illa
688 4721 855 4782 millia
908 4719 1153 4788 peditum
1206 4720 1512 4776 liberaliter
1538 4734 1839 4787 sustentat,
1874 4743 1971 4795 pro
2002 4745 2130 4784 cor-

554 4812 706 4880 poris
751 4811 835 4867 sui
877 4811 1148 4873 custodia,
1186 4823 1239 4866 ct
1290 4814 1601 4879 sumptibus
1651 4815 1993 4881 domesticis,
2040 4823 2132 4891 qui

555 4902 779 4957 maximi
843 4911 993 4965 sunt,
1052 4902 1341 4958 satisfecit.
1374 4902 1427 4958 Si
1473 4905 1604 4973 quid
1639 4917 1903 4977 praeterea
1938 4928 2133 4981 super-

555 5006 663 5059 est,
736 4996 789 5050 id
836 5010 1001 5051 omne
1055 4995 1122 5051 ad
1168 5011 1341 5061 arma,
1372 4997 1675 5066 machinas,
1715 5008 1987 5057 tormenta
2022 5003 2135 5057 bel-

556 5088 660 5142 lica
717 5090 937 5156 penitus
1002 5088 1298 5146 convertit.
1358 5098 1416 5143 ut
1471 5106 1651 5160 neque
1706 5093 1983 5149 conflandi
2016 5096 2132 5149 the-

563 5180 737 5243 sauri,
784 5193 963 5247 neque
1017 5180 1360 5235 conducendi
1412 5182 1601 5238 militis
1637 5185 1686 5238 ei
1728 5184 1962 5241 facultas
1998 5204 2133 5255 pne-

558 5271 775 5325 heatur.
836 5271 992 5337 Quod
1027 5285 1210 5326 autem
1256 5283 1369 5329 tam
1404 5274 1723 5332 effeminata
1753 5279 2133 5345 multitudine,

557 5373 667 5417 tam
725 5362 938 5432 exiguis
988 5364 1218 5427 viribus,
1287 5373 1368 5419 tot
1436 5366 2132 5439 imperia.siihjugavcrit,

557 5473 664 5510 non
720 5455 1032 5513 mirandum
1090 5458 1261 5527 magis
1304 5474 1468 5527 quam
1506 5460 1812 5514 dolendum
1850 5475 1960 5519 est.
1996 5465 2133 5519 Nul-

557 5548 670 5603 lum
728 5549 872 5602 enim
925 5548 1119 5607 habuit
1174 5553 1383 5605 hostem
1437 5568 1450 5605 :
1498 5552 1659 5607 facile
1709 5555 2003 5609 admodum
2030 5558 2135 5613 fuit

555 5639 778 5696 vincere
829 5658 936 5696 non
993 5643 1331 5698 resistentes.
1397 5643 1527 5697 Date
1558 5646 1775 5711 signum
1808 5645 1935 5700 belli
1978 5651 2130 5715 :‘jatn

558 5730 715 5787 facile
773 5734 1121 5803 perspiciens
1176 5751 1368 5791 eorum
1408 5736 1701 5804 ignaviain.
1758 5738 1827 5793 Ut
1854 5741 2002 5792 enim
2040 5758 2132 5795 en.

559 5822 753 5876 dentes
795 5826 1147 5899 vehementer
1200 5823 1587 5892 insequuntur,
1649 5827 1720 5879 ita
1775 5832 2131 5892 insequentes

2243 3259 2365 3305 tuas
2405 3251 2650 3316 Jericho,
2696 3262 2753 3307 et
2801 3268 2985 3325 regem
3035 3254 3178 3323 ejus,
3207 3270 3512 3325 omnesque
3542 3255 3712 3310 fortes
3746 3257 3826 3311 \i-

2237 3358 2350 3398 ros.
2395 3364 2523 3398 ι-‹
2566 3346 2623 3400 Si
2680 3346 2826 3400 Deus
2859 3363 2959 3416 pro
2994 3350 3175 3414 nobis,
3205 3359 3265 3402 ut
3296 3349 3475 3418 inquit
3507 3349 3822 3417 Apostolus,

2234 3435 2361 3502 quis
2385 3446 2573 3490 contra
2600 3436 2737 3491 nos?
2760 3422 2797 3489 ι’
2816 3438 2933 3508 Ipse
2956 3437 3153 3493 efficiet
3186 3448 3245 3493 ut
3272 3451 3419 3495 unus
3456 3450 3819 3510 persequatur

2238 3529 2411 3592 mille,
2437 3539 2492 3581 et
2524 3529 2636 3583 duo
2675 3529 2865 3599 fugare
2903 3532 3117 3601 possint
3166 3532 3357 3588 decem
3390 3533 3585 3587 millia.
3620 3534 3688 3587 At
3714 3550 3813 3587 nos

2237 3619 2399 3689 longe
2425 3622 2861 3677 numerosiorcm
2920 3624 3224 3679 exercitum
3268 3626 3322 3680 in
3379 3625 3584 3681 bellum
3614 3626 3817 3682 ducere

2239 3727 2553 3780 possumus,
2577 3729 2740 3782 quam
2775 3714 2949 3770 hostis
2979 3715 3201 3771 habeat.
3237 3715 3403 3784 Quid,
3436 3719 3482 3773 si
3510 3718 3601 3773 ille
3631 3718 3818 3789 plures

2238 3808 2401 3860 etiam
2430 3805 2680 3860 homines
2733 3806 2971 3861 habeat?
2998 3820 3065 3860 an
3117 3808 3363 3863 victoriae
3390 3824 3588 3865 cursus
3638 3824 3814 3866 retar-

2238 3898 2500 3951 dabitur?
2530 3898 2685 3966 quasi
2721 3913 2851 3952 vero
2874 3913 2986 3952 non
3041 3900 3286 3969 plerique
3320 3903 3599 3958 exercitus
3633 3904 3818 3957 multi-

2240 3989 2431 4043 tudine
2499 3989 2721 4052 infiniti,
2769 4003 2934 4058 parva
2990 3990 3284 4043 admodum
3343 4006 3505 4066 manu
3564 4008 3816 4062 saepenu-

2238 4096 2393 4136 mero
2424 4081 2527 4135 fusi
2563 4080 2844 4151 fugatique
2869 4081 3075 4135 fuerint
3123 4091 3180 4137 et
3214 4081 3403 4136 deleti.
3432 4071 3630 4138 Xerxis
3659 4102 3814 4140 ex»~r-

2236 4174 2401 4235 citus.
2458 4173 2743 4228 Mardonio
2775 4174 2940 4236 duce,
2989 4176 3123 4229 cum
3158 4182 3241 4228 ter
3272 4184 3492 4229 centum
3529 4177 3809 4232 hominum

2240 4264 2482 4319 millibus
2510 4263 2579 4319 ab
2625 4260 2906 4335 octoginta
2939 4264 3254 4320 Graicorum
3288 4267 3531 4322 millibus
3564 4267 3812 4337 direptus

2237 4374 2301 4413 ac
2330 4359 2633 4414 trucidatus
2662 4368 2767 4412 est.
2821 4358 3064 4413 Ducenta
3126 4360 3477 4416 Cimbrorum
3503 4362 3671 4417 millia
3699 4365 3807 4418 bla-
3904 4366 3913 4373 “

2241 4454 2356 4507 rius
2402 4450 2608 4505 delevit
2654 4452 2932 4520 octoginta
2967 4451 3211 4505 ntiliibus
3267 4452 3571 4511 hominum.
3600 4436 3811 4512 Rursus

2235 4561 2359 4601 eum
2417 4543 2611 4599 Catulo
2668 4553 2887 4598 centum
2939 4551 3255 4614 etquatuur
3286 4545 3455 4599 millia
3487 4552 3724 4602 necavit.
3754 4550 3808 4602 Ιτι

2235 4637 2515 4693 Thessalia
2549 4636 2837 4704 Pompeius
2870 4650 2993 4689 cum
3027 4636 3387 4705 quadraginta
3438 4638 3685 4695 millibus
3717 4658 3807 4709 ρος

2235 4733 2437 4793 ditum,
2485 4724 3101 4800 equitum'sexag'nta,
3165 4745 3290 4784 cum
3344 4733 3512 4785 totius
3567 4734 3809 4789 Orientis

2235 4822 2475 4891 auxiliis,
2540 4836 2664 4874 cum
2717 4822 2864 4874 omni
2904 4820 3214 4884 nobilitate,
3259 4837 3289 4875 a
3339 4822 3555 4879 Cmsare
3587 4826 3808 4895 fugatus

2234 4926 2337 4971 cat.
2364 4920 2420 4966 et
2444 4923 2646 4964 exutus
2678 4910 2892 4971 castris,
2929 4909 3023 4979 qui
3077 4910 3299 4981 triginta
3345 4914 3586 4981 peditum
3622 4917 3811 4979 millia,

2237 5002 2386 5055 mille
2431 5002 2646 5070 equites
2713 5000 2975 5055 habebat.
3038 4999 3178 5065 Quid
3245 5001 3491 5061 infinitas
3556 5007 3813 5078 Tigranis

2236 5094 2423 5163 copias
2474 5106 2896 5146 commemorem
2960 5108 2989 5146 a
3045 5091 3296 5159 Lucullo,
3343 5096 3512 5164 parm
3540 5102 3810 5161 exercitu.

2237 5185 2564 5255 superatas?
2617 5184 2739 5237 llzcc
2802 5184 2968 5238 nimis
3022 5196 3227 5250 vetera,
3264 5198 3320 5243 et
3348 5188 3543 5243 fabulo
3578 5191 3811 5246 fortasse.

2240 5292 2404 5345 quam
2448 5276 2695 5330 historiae
2735 5280 3013 5345 .propiora
3076 5279 3353 5334 videntur.
3418 5282 3559 5347 Quid
3622 5294 3809 5338 nostra

2242 5368 2548 5425 tui-moria?
2582 5369 2770 5424 Nonne
2832 5368 3015 5423 hostes
3079 5371 3249 5425 nostri
3281 5386 3576 5439 paucorum
3604 5373 3811 5429 virtute

2238 5465 2439 5533 saepius
2487 5463 2638 5527 victi,
2698 5463 2891 5530 fugati,
2942 5464 3068 5516 caesi
3128 5463 3623 5519 fuerunt?0mitto
3650 5466 3813 5520 deiis

2238 5554 2524 5608 victoriam
2583 5557 2851 5623 insignem
2910 5553 3205 5621 Laodisloi,
3259 5556 3551 5613 Pannoni:c
3623 5560 3810 5631 regis,

2236 5652 2355 5718 qui.
2386 5661 2445 5703 ut
2472 5649 2601 5701 olim
2656 5664 2684 5698 a
2727 5646 2888 5700 nobis
2926 5646 3134 5699 dictum
3188 5657 3293 5710 est,
3320 5665 3443 5702 cum
3477 5656 3811 5721 quatuortle-

2237 5743 2343 5792 ciiu
2396 5738 2678 5790 hominum
2751 5737 2993 5790 millibus
3050 5738 3164 5806 (qui
3214 5742 3361 5793 enim
3407 5743 3527 5809 plus
3565 5747 3811 5805 tradunt.

2240 5833 2432 5885 decem
2460 5839 2511 5883 ct
2544 5841 2667 5882 octo
2705 5828 2873 5882 millia
2917 5843 3025 5883 non
3063 5832 3359 5889 exceduntl
3395 5846 3585 5896 aperto
3620 5836 3806 5891 Marte.
