4136 6432
376 409 484 474 66:)

1423 399 1864 466 eumenes
1907 396 2208 464 comm
2255 373 2580 463 TURCAS.

3541 404 3649 468 (ii-'0

374 526 520 594 justa
569 519 688 574 acie
747 516 919 588 signis
974 517 1192 574 collatis
1251 533 1378 573 cum
1435 519 1595 574 hoste
1653 517 1957 580 dimicavit,
1992 531 2034 584 Α
2067 515 2307 582 aliquem
2342 530 2408 568 ex
2467 513 2864 577 veterih'us,-et
2901 514 3172 583 sapientia
3207 515 3650 584 ornatissimum,

378 611 686 668 exercitum
749 609 1092 678 profligavit,
1155 625 1220 664 ac
1286 610 1448 680 longe
1504 610 1730 678 lateque
1794 608 1956 668 fudit,

379 706 712 774 imperatore
769 702 1102 754 vulnerato:
1139 716 1203 755 ac
1257 702 1362 755 nisi
1421 702 1710 756 victoriam
1746 701 1963 754 avidius

381 807 706 865 persecutus
762 799 934 853 esset.
1003 793 1280 862 mortique
1341 809 1460 848 sese
1487 793 1800 863 obiecisset,
1837 807 1964 860 pro-

381 891 526 946 fecto
541 887 891 944 Christianus
913 887 1068 940 orbis
1103 887 1384 953 Europam
1415 901 1636 941 omnem
1669 886 1961 941 retineret.

383 983 508 1036 Hac
559 980 776 1035 omitto.
836 979 917 1032 Ad
952 979 1260 1033 recentiora
1293 990 1480 1033 noSIra
1504 979 1730 1032 festinat
1757 977 1962 1032 oratio.

379 1071 518 1138 Quid
559 1070 739 1124 dicam
763 1069 833 1123 de
873 1070 1074 1138 insi-gini
1141 1070 1426 1138 triumpho
1451 1069 1598 1123 illius
1629 1069 1966 1124 Christiana:

381 1161 758 1215 multitudinis
802 1175 948 1228 quas,
1005 1161 1157 1214 nullo
1206 1161 1605 1227 duce,'crucis
1655 1161 1966 1214 tantumsi-

380 1269 490 1322 ιζηο
523 1261 751 1308 armata.
777 1253 1082 1306 'l‘ureornm
1125 1253 1430 1306 exercitum
1459 1268 1678 1306 onmem
1715 1251 1968 1306 munitm-

381 1342 522 1395 simo
569 1341 898 1394 Amderalha
957 1340 1162 1408 oppido
1229 1341 1501 1410 potitum,
1565 1341 1705 1393 intra
1767 1338 1966 1392 munda

383 1433 578 1486 Btrirto
615 1447 747 1486 ense
808 1432 1236 1496 discurrentem,
1303 1447 1497 1498 magna
1557 1430 1708 1484 czede
1759 1430 1966 1484 victum

384 1524 572 1591 ejvcit,
601 1522 722 1591 ipso
751 1524 856 1577 isto
891 1523 1224 1589 imperatore
1265 1523 1506 1592 graviter
1553 1523 1867 1586 vulnerato,
1907 1537 1969 1575 ac

387 1617 798 1686 impedimentis
835 1617 1096 1670 ommbus
1130 1616 1182 1670 in
1247 1625 1581 1686 potestatem
1615 1615 1890 1670 redactis?
1915 1616 1968 1669 Id

386 1718 572 1761 atatem
621 1721 692 1760 ne
747 1705 920 1759 semel
965 1705 1232 1759 accidisse
1286 1705 1592 1766 videretur,
1621 1705 1974 1771 cumunpins

386 1799 796 1866 sceleratusque
849 1797 1028 1851 hostis
1083 1797 1423 1852 Pannoniam
1475 1810 1695 1850 omnem
1741 1795 1974 1849 infero-

2063 617 2119 664 et
2147 605 2544 678 amplissimum
2571 607 2902 661 auctoritate
2923 611 2979 662 in
3014 609 3256 662 medium
3293 607 3649 672 adducerem,

2064 698 2156 768 qui
2199 699 2358 767 ptine
2411 707 2704 752 testaretur
2735 713 2856 752 sese
2886 700 3016 754 olim
3050 699 3104 753 in
3132 701 3222 753 tali
3269 689 3436 755 causa
3473 703 3652 771 qmihs

2065 803 2254 846 nosua
2308 800 2414 855 est,
2447 791 2642 846 eadem
2705 809 2830 846 eum
2885 793 3145 857 sensisse,
3205 801 3318 847 tum
3371 795 3652 848 monuisse

2065 899 2197 938 suos
2222 883 2390 948 cives,
2427 899 2548 952 quae
2575 899 2606 938 a
2647 884 2829 946 nobis,
2866 894 2923 939 et
2957 885 3101 955 apud
3131 886 3454 941 Pontificem
3481 887 3656 941 Maxi-

2069 991 2217 1028 nmm
2253 976 2306 1028 in
2347 985 2542 1030 senatu
2601 993 3004 1044 saepenumero
3044 977 3322 1048 disputata
3382 990 3532 1044 sunt,
3594 989 3652 1034 et

2070 1083 2220 1122 nunc
2253 1067 2456 1122 litteris
2518 1069 2798 1123 mandata.
2861 1070 3024 1125 Venit
3084 1079 3268 1124 autem
3310 1069 3367 1124 in
3403 1079 3648 1126 mentem

2043 1161 2523 1227 Demosthenem,
2577 1161 2971 1231 philosophum
3012 1163 3560 1226 excellentissimum,
3594 1173 3653 1216 et

2072 1263 2346 1306 oratorvm
2378 1253 2518 1307 adeo
2545 1255 2695 1306 omni
2729 1253 2893 1307 laude
2931 1255 3274 1308 cumulatum
3319 1269 3414 1324 per
3441 1263 3522 1308 tot
3555 1271 3655 1308 sae-
3742 1297 3755 1314 .

2071 1347 2216 1410 cula,
2255 1355 2313 1400 ut
2353 1361 2512 1414 quem
2572 1361 2696 1400 cmn
2749 1361 2816 1400 eo
2863 1345 3116 1400 conferas
3144 1348 3422 1402 exstiterit
3468 1364 3652 1412 nemo,

2075 1437 2128 1492 in
2189 1438 2380 1492 eadem
2437 1438 2700 1492 incidisse
2743 1448 3016 1508 tempora,
3071 1441 3318 1494 eamdem
3370 1455 3656 1507 perorasse

2073 1545 2317 1590 causam,
2358 1530 2594 1599 denique
2641 1530 2773 1583 nihil
2809 1530 3091 1592 habuisse,
3132 1531 3282 1607 quod,
3315 1532 3393 1585 rei
3455 1543 3656 1587 nostra:

2076 1639 2184 1676 non
2219 1623 2532 1688 conveniat,
2575 1633 2777 1691 pneter
2811 1625 3034 1679 nemina
3068 1626 3353 1680 hominum
3398 1627 3480 1679 sui
3517 1637 3657 1678 tent-

2077 1719 2251 1783 poris.
2293 1716 2481 1785 Itaque
2516 1733 2642 1771 cum
2680 1718 2846 1786 hujus
2903 1728 2956 1771 et
2994 1719 3378 1772 auctoritatem
3435 1719 3658 1789 gravia-
3705 1757 3712 1763 .

2079 1823 2216 1871 rem,
2249 1817 2306 1862 et
2333 1809 2644 1863 orationem
2677 1811 2848 1879 magis
2883 1812 3185 1879 appositam
3219 1812 3284 1865 ad
3321 1811 3662 1881 persuaden-

387 1901 502 1940 rem
561 1895 912 1956 occupasset,
967 1886 1268 1955 oinniaque
1306 1885 1477 1939 armis
1505 1887 1860 1953 complesset,
1891 1895 1964 1949 ct,

2079 1897 2210 1951 dum
2244 1899 2622 1953 existimarem
2659 1917 2820 1969 quam
2889 1901 3056 1954 verba
3105 1918 3244 1962 mea.
3279 1904 3542 1957 consnitni
3600 1913 3659 1956 ut

389 1971 666 2047 praesidiis
695 1979 954 2049 inclytus,
990 1980 1240 2048 regitque
1289 1979 1456 2031 animi
1483 1988 1540 2033 et
1562 1979 1796 2042 evel-Isi,
1831 1979 1970 2032 Pan-

389 2071 568 2124 noniar
626 2069 934 2138 superioris
993 2084 1109 2132 rex,
1163 2085 1326 2136 parva
1355 2070 1458 2123 adu
1484 2069 1648 2122 odum
1675 2083 1838 2121 lltttlltl
1867 2084 1965 2120 ex-

391 2169 634 2232 pugnato
662 2161 870 2215 Javicia
909 2161 1114 2232 oppido
1139 2170 1198 2215 et
1241 2171 1436 2215 natura
1467 2171 1520 2216 et
1549 2172 1668 2231 arte
1704 2161 1969 2214 munitis-

393 2254 554 2320 simo,
587 2254 854 2310 maximas
888 2253 1204 2309 Tui-eorum
1229 2254 1421 2324 copias
1459 2253 1622 2318 fudit,
1647 2262 1970 2324 partemque

391 2346 694 2416 provinciae
716 2361 818 2406 suo
846 2345 1050 2415 adjecit
1087 2347 1348 2414 imperio.

462 2435 598 2491 Cum
637 2453 746 2506 quo
777 2438 933 2492 hoste
971 2438 1132 2492 nobis
1165 2455 1254 2494 res
1279 2439 1374 2503 sit,
1412 2438 1578 2496 facile
1608 2441 1828 2506 videtis,
1866 2444 1972 2498 Ita-

390 2529 480 2585 liae
515 2528 813 2598 principes.
853 2529 988 2584 Cum
1027 2530 1175 2600 quo?
1221 2531 1462 2601 inquies.
1499 2534 1602 2598 Qui
1659 2533 1972 2588 multitudi-

393 2637 520 2678 nem
547 2623 880 2676 inconditam
913 2624 1082 2678 habet
1114 2632 1280 2693 atque
1317 2625 1623 2690 imbellem,
1659 2627 1756 2695 qui
1795 2629 1972 2680 homi-

393 2731 524 2771 num
560 2731 790 2770 numero
825 2731 924 2768 nos
954 2715 1178 2782 quidem
1211 2731 1319 2770 non
1366 2726 1613 2787 superat,
1644 2721 1845 2773 virtute
1881 2734 1972 2772 ve-

207 2813 224 2824 ‘
293 2825 308 2838 ‘
393 2825 456 2864 ro
482 2811 751 2872 vincitur;
794 2810 862 2862 de
896 2826 1006 2878 quo
1045 2811 1198 2876 parvi
1230 2821 1544 2866 nostrorum
1567 2813 1844 2866 exercitus
1873 2827 1972 2866 ste-

393 2915 694 2970 penumcro
733 2901 1169 2968 triumpharunt.
1207 2899 1260 2954 Id
1297 2913 1482 2956 autem
1515 2904 1740 2956 minime
1765 2903 1972 2956 miran-

393 2991 524 3046 dum
555 3000 664 3046 est.
711 2991 894 3062 Longe
941 2992 1092 3046 enim
1147 2993 1352 3062 fortius
1385 3003 1441 3047 et
1487 2997 1834 3048 constantius
1867 3009 1968 3062 pu-

397 3095 590 3152 gnaut,
627 3086 720 3152 qui
751 3101 850 3154 pro
881 3095 1056 3139 tnorte
1083 3087 1458 3155 servituteque
1483 3087 1852 3156 prepnlsanda
1885 3087 1970 3141 di-

397 3179 626 3242 micant,
658 3195 824 3248 quam
886 3180 978 3248 qui
1043 3183 1280 3248 pra-dam
1342 3183 1628 3250 spoliaque
1665 3189 1968 3238 sectantur.

395 3270 530 3325 Nam
567 3271 643 3324 illi
687 3288 875 3340 larum
907 3272 1192 3346 amittunt,
1229 3276 1272 3327 si
1305 3273 1534 3326 victoria
1583 3289 1692 3327 non
1755 3274 1975 3343 potitiu-

399 3373 524 3418 tur:
565 3364 651 3418 his
689 3382 818 3420 vero
845 3377 1039 3420 cuncta
1091 3376 1348 3435 pereunt,
1380 3365 1428 3418 si
1459 3367 1686 3435 segnius
1723 3381 1836 3420 rem
1878 3384 1971 3436 ge-

395 3467 539 3514 rant.
577 3475 594 3508 ι
625 3457 896 3526 Pugnent,
925 3459 1104 3528 inquit
1123 3458 1594 3522 Laeedtemonius,
1616 3467 1676 3512 ut
1695 3459 1974 3523 morituri,

393 3560 450 3603 et
490 3565 594 3602 non
627 3553 956 3606 morientur.
1017 3568 1038 3602 ι
1079 3551 1268 3619 Itaque
1308 3567 1432 3606 cum
1473 3553 1611 3607 adeo
1669 3553 1976 3606 necessaria

377 3641 562 3693 nobis
591 3643 884 3696 concordia
926 3643 1017 3706 sit,
1055 3643 1498 3711 praestantissimi
1527 3645 1828 3714 principes,
1851 3661 1976 3698 cum

395 3730 556 3792 alias,
597 3741 710 3786 tum
756 3734 861 3786 hoc
899 3745 1148 3803 tempore
1183 3734 1239 3788 in
1276 3735 1492 3804 primis.
1527 3746 1582 3790 et
1613 3736 1679 3788 ad
1741 3739 1980 3803 privatas

397 3823 644 3878 fortunas
677 3826 950 3889 t-ttantlas,
990 3837 1043 3880 et
1067 3828 1132 3880 ad
1183 3843 1537 3880 communem
1569 3827 1975 3882 defendendam

397 3919 652 3983 salutem,
686 3922 1034 3974 concordiam
1062 3921 1460 3988 amplectamur
1497 3920 1648 3971 eunti
1705 3919 1894 3972 studio
1923 3927 1980 3972 et

397 4027 692 4066 consensa.
733 4011 940 4064 B--ltum
971 4011 1364 4080 justissimnm,
1389 4011 1624 4064 maxime
1653 4011 1979 4080 gloriosum,

397 4113 562 4172 atque
603 4097 734 4155 utile
769 4100 835 4154 ad
879 4101 1028 4170 paci,
1075 4111 1400 4154 ornamenta
1463 4103 1781 4164 retinenda,
1820 4111 1875 4155 et
1911 4100 1980 4154 ad

400 4195 496 4249 Dei
533 4195 660 4264 Opt.
700 4193 840 4248 Max.
895 4193 1128 4263 injurias
1173 4192 1542 4258 ulciscendas,
1605 4195 1982 4263 pietatemque

403 4287 877 4357 propugnaudam,
947 4287 1339 4355 suscipiamus.
1397 4285 1672 4340 Ornemus
1758 4285 1980 4340 Italiam

401 4378 1002 4448 vii-toria.amplissima
1028 4387 1082 4432 et
1111 4377 1354 4432 hostium
1385 4377 1599 4448 spoliis,
1629 4393 1750 4448 qua:
1779 4380 1832 4431 in
1861 4393 1981 4432 ma-

398 4474 565 4526 nibus
591 4482 746 4537 sunt,
789 4481 848 4525 ut
877 4487 974 4526 nos
1003 4479 1306 4540 nostraque
1355 4473 1542 4526 omnia
1585 4481 1735 4524 metu
1763 4471 1818 4524 in
1851 4487 1977 4541 perv

397 4577 625 4638 petitum
663 4581 727 4621 ac
777 4566 1026 4636 periculo
1047 4566 1376 4621 liberemus.

1180 4723 1274 4781 V.'

401 4841 660 4918 Ejusdgm
687 4843 756 4897 ad
778 4842 986 4896 eosdem
1019 4842 1292 4918 persuasio
1313 4857 1377 4896 ex
1406 4845 1733 4897 auctoritate
1786 4845 1982 4898 Demo-

1076 4916 1298 4967 sthenis.
1937 4943 1942 4948 -

471 5024 598 5081 Haec
629 5041 660 5079 a
687 5025 841 5080 nobis
869 5041 966 5095 pro
1003 5027 1286 5080 communi
1323 5028 1574 5082 oumium
1603 5029 1780 5085 salute
1797 5029 1988 5099 dispu-

403 5125 538 5183 tata,
577 5121 788 5171 utinam
819 5133 886 5171 eo
917 5119 1102 5172 studio
1134 5133 1164 5172 a
1205 5119 1362 5174 vobis
1418 5121 1816 5189 suscipiantur,
1861 5122 1986 5175 illu-

400 5211 660 5267 strissimi
697 5211 862 5265 Italiae
897 5211 1200 5281 principes,
1249 5227 1360 5282 quo
1393 5227 1424 5266 a
1461 5214 1616 5267 notus
1651 5213 1797 5267 dicta
1833 5223 1980 5280 sunt,

402 5312 459 5357 et
491 5301 794 5356 inhzereant
825 5303 1024 5357 animis
1056 5304 1270 5370 vestris,
1301 5313 1467 5373 atque
1503 5307 1896 5371 persuadeant,
1927 5316 1986 5360 ut

401 5395 568 5451 nullis
599 5393 838 5465 ampli-us
868 5395 1356 5450 adhortationibus
1414 5396 1698 5465 nullisque
1755 5398 1985 5451 rationi-

401 5487 507 5544 bus
537 5505 678 5558 opus
709 5489 801 5551 sit,
828 5493 923 5544 sed
961 5504 1018 5542 re
1057 5487 1171 5557 ipsa
1201 5497 1258 5542 et
1303 5503 1469 5555 opera
1500 5487 1567 5541 ad
1602 5489 1984 5543 defensionem

401 5594 650 5636 nostram
683 5593 738 5638 et
789 5582 1034 5638 hostium
1111 5579 1584 5650 propulsationem
1641 5581 1983 5634 excitemini.

401 5675 560 5739 Quod
603 5691 750 5732 nunc
779 5677 995 5730 facilius
1029 5677 1140 5728 πίω-ἱ
1175 5687 1334 5743 posse
1364 5673 1624 5742 cogitavi,
1658 5674 1703 5726 si
1737 5661 1988 5727 consiliis

403 5769 540 5822 meis
579 5770 724 5824 virus
785 5768 1002 5837 aliquas
1034 5767 1381 5826 adhiberent,
1413 5775 1469 5818 et
1499 5765 1830 5819 auctoritate
1887 5767 1987 5819 ali-

401 5863 560 5932 cujus
593 5862 694 5916 viri
727 5839 1048 5918 excellentis
1082 5875 1146 5914 ea
1182 5857 1344 5928 plane
1375 5858 1790 5923 conﬁrmarem,
1819 5869 1985 5929 atque

2055 1990 2195 2058 .ipse
2224 1991 2369 2045 dicat
2393 1993 2748 2048 scnlenliam.
2783 1993 3056 2064 Olynthus
3088 1993 3334 2048 'l‘hracite
3367 1995 3497 2048 urbs
3525 2011 3660 2063 npu-

2077 2081 2378 2136 It-ntissima
2416 2092 2556 2138 erat.
2587 2085 2893 2154 Philippus,
2929 2085 3225 2139 Alexandri
3260 2085 3438 2154 Magni
3476 2086 3656 2140 Mace-

2079 2165 2284 2227 donum
2329 2174 2473 2244 regis
2503 2187 2683 2245 pater,
2742 2191 2866 2230 cum
2905 2178 2958 2232 in
3009 2177 3271 2232 Graeciam
3338 2179 3656 2233 universam

2081 2265 2346 2336 impetum
2379 2265 2558 2322 facere
2587 2267 2948 2331 decrevisset.
2986 2269 3182 2324 statuit
3243 2269 3310 2324 ad
3377 2287 3498 2325 eam
3539 2287 3658 2325 rem

2079 2359 2314 2411 attinere
2355 2368 2414 2412 ut
2443 2357 2740 2430 Olynthum
2773 2361 2952 2429 primo
2977 2360 3032 2414 in
3065 2359 3331 2415 ditionem
3365 2361 3659 2430 redigeret.

2081 2449 2260 2504 Movet
2292 2466 2441 2504 arma
2475 2451 2525 2504 in
2554 2465 2714 2516 eam;
2777 2452 3151 2521 depopulatur
3180 2469 3391 2522 agrutn.
3413 2452 3659 2523 Olynthii

2081 2539 2290 2607 legatos
2330 2543 2554 2592 mittunt
2587 2553 2748 2608 opem
2805 2540 3164 2610 imploratum
3205 2541 3273 2596 ab
3303 2543 3662 2602 Atheniensi-

2082 2632 2208 2698 hns.
2245 2632 2644 2686 Demosthenes
2699 2633 2892 2687 suadet
2955 2633 3342 2702 epitulandum
3392 2649 3535 2700 esse,
3589 2652 3660 2690 ne

2081 2725 2390 2795 Philippus,
2422 2727 2484 2779 ad
2515 2723 2778 2779 Graeciam
2807 2727 3184 2796 occupandam
3231 2729 3398 2784 animi
3459 2729 3658 2783 inﬁniti

2080 2827 2136 2872 et
2164 2820 2323 2884 vasti,
2351 2817 2590 2890 Olyntho
2643 2830 2824 2886 capta,
2885 2817 3248 2875 Athenienses
3299 2834 3363 2875 ac
3398 2821 3660 2892 teliquam

2081 2911 2344 2968 Gra'ciam
2377 2911 2672 2982 opprimat.
2698 2911 2776 2964 Ita
2799 2911 2948 2964 enim
2980 2919 3107 2965 tunc
3127 2909 3351 2966 Gra=ciae
3375 2913 3663 2984 Philippus

2085 3003 2431 3068 imminebat,
2471 3015 2530 3058 ut
2563 3020 2706 3058 llllIlC
2725 3003 2942 3058 Turcns
2975 3005 3161 3058 Italiae.
3184 3004 3464 3061 Sustineat
3498 3007 3664 3078 igitur

2047 3093 2052 3098 ’
2085 3097 2368 3167 Philippus
2399 3097 2562 3151 Turci
2601 3113 2912 3166 personam,
2935 3097 3054 3152 Itali
3093 3098 3532 3161 Atheniensium.
3563 3117 3665 3157 nos

2087 3190 2626 3246 lteinosthenisJam
2662 3191 2819 3245 facile
2845 3191 3117 3262 intelliges
3155 3199 3322 3246 totam
3353 3195 3660 3250 orationem

2080 3301 2260 3339 causa:
2294 3295 2495 3337 postne
2527 3286 2851 3338 convenire.

2083 3438 2445 3493 Demosthenis
2469 3439 2650 3511 oratio
2687 3455 2782 3508 pro
2816 3438 3036 3505 ferenda
3051 3455 3159 3511 ope
3183 3439 3448 3511 Olynthiis
3475 3441 3666 3494 adt-er-

2339 3525 2426 3562 ous
2459 3508 2788 3579 Philippum,
2821 3525 2994 3580 regem
3037 3508 3415 3566 Macedonum.

2153 3643 2360 3698 Grandi
2389 3645 2626 3714 pecunia:
2658 3661 2746 3698 vos
2803 3647 3037 3716 profecto
3091 3647 3487 3714 antepositam-os
3519 3647 3634 3699 (ii-lii
3653 3676 3668 3686 -

2083 3742 2214 3796 tror,
2244 3735 2611 3802 Athenienses,
2655 3739 2703 3790 si
2748 3737 2970 3806 planum
3009 3736 3128 3804 ﬁat,
3171 3739 3426 3802 quidnam
3475 3739 3669 3805 reipu-

2083 3827 2230 3880 blica:
2258 3828 2389 3880 utile
2433 3829 2670 3898 futurum
2703 3831 2811 3892 sit;
2843 3845 2948 3898 qua
2977 3827 3041 3880 de
3075 3845 3126 3880 re
3159 3843 3298 3880 nunc
3333 3847 3364 3882 α
3399 3829 3536 3882 vobis
3571 3833 3666 3880 dc-

2083 3917 2363 3971 libcratur.
2395 3919 2547 3982 Quod
2581 3936 2696 3972 cum
2728 3921 2804 3973 ita
2839 3936 2895 3973 se
2927 3919 3142 3983 habeat,
3179 3931 3410 3974 uestrum
3447 3931 3522 3974 est
3575 3937 3660 3972 eos

2084 4020 2282 4063 attente
2311 4010 2499 4063 audire
2530 4012 2683 4074 uelle,
2718 4011 2808 4080 qui
2844 4012 3170 4065 sententiam
3204 4012 3378 4064 dicere
3400 4020 3668 4069 statuunt.

2083 4102 2199 4156 Non
2237 4101 2410 4156 solum
2437 4103 2576 4156 enim
2597 4105 2642 4157 si
2671 4107 2786 4172 quis
2817 4102 2945 4155 utile
2980 4101 3186 4172 aliquid
3208 4107 3560 4172 excogitatum
3615 4107 3668 4156 in

2084 4191 2314 4245 medium
2350 4191 2613 4254 attulerit,
2649 4193 2724 4258 id,
2768 4209 2885 4246 cum
2919 4193 3212 4252 audieritis,
3246 4194 3550 4262 accipietis;
3585 4209 3670 4246 cc—

2085 4300 2204 4337 rum
2252 4285 2411 4337 etiam
2445 4284 2584 4353 quod
2623 4295 2800 4336 uestra
2838 4284 3052 4352 fortuna
3113 4287 3352 4336 accidere
3402 4285 3668 4345 existimo,

2085 4373 2254 4449 multa
2306 4391 2383 4444 op,
2409 4385 2604 4428 ortuna
2643 4375 2913 4430 nonnullis
2939 4391 3004 4429 ea:
3062 4387 3297 4445 tempore
3329 4376 3383 4428 in
3440 4387 3668 4428 mentem

2086 4469 2292 4520 venient
2331 4467 2578 4532 dicenda,
2616 4475 2672 4520 ut
2703 4483 2766 4522 ea:
2815 4469 3059 4522 omnibus
3111 4468 3255 4537 optio
3283 4497 3288 4504 -
3317 4467 3464 4520 nobis
3518 4467 3673 4520 detur

2015 4593 2058 4648 υ
2088 4555 2315 4626 eligendi
2338 4557 2478 4627 quod
2507 4558 2646 4612 vobis
2674 4559 2742 4612 sit
2776 4561 2899 4613 usui
2931 4558 3188 4628 futurum.
3224 4556 3506 4612 Enimrero
3531 4574 3672 4628 prte-

2085 4664 2204 4702 sens
2237 4650 2485 4718 temporis
2519 4653 2742 4718 occasio,
2767 4667 2888 4705 uoce
2927 4654 3308 4721 propemodum
3337 4653 3549 4718 emissa,
3583 4667 3670 4705 re-

2085 4743 2180 4796 bus
2208 4743 2327 4796 illis
2357 4745 2731 4813 opitulandum
2761 4761 2872 4799 esse
2925 4747 3115 4817 inquit,
3140 4747 3186 4800 si
3219 4747 3428 4816 quidem
3483 4761 3670 4801 eorum

2083 4837 2234 4889 salus
2265 4837 2408 4890 nobis
2437 4853 2580 4892 cura:
2601 4849 2696 4892 est.
2731 4837 2838 4892 Nos
2865 4854 3008 4902 vero,
3042 4841 3212 4893 nescio
3256 4855 3358 4908 quo
3393 4851 3568 4910 pacto,
3599 4840 3672 4894 ad

2087 4933 2198 4982 lucc
2240 4931 2482 4984 videmur
2521 4932 2716 5000 aﬂ'ecti.
2743 4931 2877 4995 Quae
2906 4941 3087 4985 autem
3109 4947 3202 5002 ego
3237 4932 3442 5002 agenda
3468 4947 3672 4998 censeo,

2085 5018 2195 5072 Iiwc
2224 5027 2348 5071 sunt
2376 5035 2394 5072 :
2417 5019 2620 5074 auxilia
2673 5021 2855 5074 statim
2893 5021 3222 5076 decernenda
3268 5037 3330 5074 ac
3359 5021 3672 5074 instruenda

2087 5125 2248 5180 quam
2285 5109 2575 5175 celerrime,
2603 5119 2659 5163 ut
2689 5112 2810 5165 hinc
2851 5127 3001 5180 apem
3027 5112 3236 5180 feratis,
3267 5127 3332 5164 ne
3355 5113 3498 5164 idem
3529 5111 3670 5179 quod

2088 5205 2216 5259 olim
2247 5207 2570 5276 patiamini;
2596 5206 2800 5275 legatos
2834 5205 3138 5266 mittendos,
3171 5205 3261 5274 qui
3317 5209 3428 5258 tunc
3484 5219 3677 5256 renun-

2089 5298 2243 5357 tient,
2275 5307 2322 5350 et
2353 5296 2505 5350 rebus
2533 5298 2776 5367 gerendis
2800 5298 3075 5352 intersint.
3102 5295 3310 5350 Etenim
3335 5295 3474 5350 illud
3501 5296 3680 5349 maxi-

2089 5407 2171 5443 me
2207 5389 2492 5443 verendum
2529 5397 2605 5442 est
2656 5406 2740 5450 ne,
2776 5405 2893 5442 cum
2957 5388 3232 5457 Philippus
3287 5389 3440 5456 vafer
3495 5395 3544 5440 et
3601 5387 3676 5441 ad

2091 5484 2302 5552 negotia
2342 5482 2582 5536 obeunda
2608 5483 2836 5536 callidus
2871 5482 2964 5545 sit,
2998 5483 3153 5534 modo
3194 5481 3421 5533 cedendo
3445 5495 3565 5532 cum
3591 5497 3674 5534 res

2091 5574 2400 5645 postulabit,
2443 5575 2596 5627 modo
2662 5574 3071 5627 inluminanda
3135 5571 3368 5642 (dignus
3403 5587 3534 5625 sane
3568 5571 3677 5637 ﬁde

2091 5669 2280 5722 nterito
2331 5668 2654 5739 haberetur),
2697 5667 2850 5720 modo
2886 5681 2974 5720 cos
3009 5675 3342 5734 vesti-antqua
3379 5667 3679 5718 absentium

2091 5763 2378 5816 calumniis
2405 5761 2738 5822 insectando,
2775 5759 2982 5828 aliquid
3012 5759 3076 5811 de
3105 5773 3316 5812 sitmma
3349 5773 3532 5810 rerum
3563 5775 3684 5824 pcr-

2093 5865 2264 5910 eertut
2297 5863 2454 5924 atque
2485 5853 2775 5908 conrcllut.
2807 5855 2968 5924 Atqui
3003 5854 3214 5923 quodin
3253 5851 3408 5906 rebus
3443 5850 3682 5918 Philippi
