4136 6420
471 399 577 465 671

463 515 825 591 permunitum
863 512 1090 569 videtur,
1124 510 1207 559 vix
1240 508 1295 554 ut
1328 494 1625 568 oppugnari
1654 492 1845 562 possit,

463 620 513 667 ct
550 609 691 665 vobis
736 601 1163 678 percommodum
1210 603 1305 648 est.
1343 591 1483 646 Nam
1540 586 1677 657 quod
1722 583 1815 639 ille
1868 597 2045 634 rerum

466 704 721 762 omnium,
770 695 919 751 nulla
953 700 1190 760 excepta,
1222 686 1365 740 solus
1396 683 1641 736 dominus
1685 678 1777 738 sit,
1808 676 2047 744 imperas

468 806 574 857 tor,
605 802 854 864 quastor,
886 787 1079 855 ubique
1107 781 1217 835 suis
1252 777 1416 848 copiis
1450 773 1651 844 praesit,
1693 769 1764 823 ad
1815 782 1897 820 res
1934 763 2040 834 qui-

468 890 587 942 dem
615 883 829 938 bellicas
861 888 1069 933 mature
1097 870 1477 937 conﬁciendas,
1514 874 1563 919 et
1594 864 1774 919 omnia
1812 860 1869 915 in
1920 871 2055 913 tem-

468 995 595 1048 pore
627 974 857 1049 gerenda
888 972 1038 1041 longe
1065 965 1306 1035 superior
1335 968 1434 1015 est.
1473 958 1553 1012 Ad
1583 956 1910 1011 conditiones
1933 967 2055 1005 vero

470 1042 592 1125 cum
627 1042 894 1138 blgnthiis
925 1059 1205 1121 ineundas,
1240 1055 1325 1108 cui
1344 1053 1419 1105 rei
1449 1048 1670 1117 mirifice
1688 1047 1884 1106 studet,
1906 1042 2058 1112 longe

473 1163 631 1217 aliter
659 1177 711 1215 se
745 1158 922 1213 habet.
955 1153 1134 1222 Neque
1191 1148 1331 1200 enim
1362 1141 1630 1213 Olynthiis
1659 1138 1937 1193 obscurum
1984 1141 2059 1187 est

472 1270 585 1311 sese
615 1254 709 1306 hoc
739 1261 971 1319 tempore
1004 1260 1107 1299 non
1171 1242 1235 1294 de
1280 1237 1454 1309 gloria
1488 1242 1579 1288 aut
1617 1233 1734 1302 agri
1764 1236 1917 1300 parte
1947 1242 2063 1279 cer-

478 1356 617 1407 tare,
651 1341 742 1396 sed
772 1355 867 1409 pro
911 1333 1138 1390 excidio.
1173 1346 1269 1401 pro
1305 1327 1559 1382 servitute
1611 1341 1642 1377 a
1678 1322 1867 1393 patria:
1897 1317 2066 1371 cervi-

478 1436 622 1490 cibus
658 1426 1014 1501 depellenda;
1049 1437 1213 1492 neque
1242 1420 1493 1489 ignorant
1533 1413 1658 1483 quid
1688 1413 1745 1463 in
1797 1425 1883 1463 eos
1944 1412 2066 1459 Am-

482 1496 767 1597 phipolitas
814 1520 1003 1591 egerit,
1034 1516 1121 1585 qui
1150 1513 1199 1566 ei
1243 1511 1476 1581 patriam
1531 1503 1903 1576 prodiderunt,
1940 1496 2069 1568 quid

482 1592 537 1672 in
573 1592 852 1687 l’gdnwos,
885 1609 976 1680 qui
1004 1622 1122 1660 eum
1162 1613 1308 1657 terra
1365 1601 1689 1667 receperunt.
1734 1592 1958 1645 Demum
1992 1601 2072 1659 tg-

484 1676 763 1761 rannidem
792 1676 907 1755 rem
933 1697 1154 1766 inﬁdum
1180 1703 1227 1746 et
1249 1696 1546 1759 suspectam
1576 1682 1751 1736 liberis
1772 1676 2073 1733 civitatibus

487 1815 597 1856 esse
630 1794 906 1858 existimo;
944 1786 1239 1861 praesertim
1263 1783 1308 1836 si
1361 1794 1516 1849 agros
1543 1775 1793 1845 finitimos
1821 1771 2071 1823 habeant.

487 1894 675 1963 Itaque
706 1898 756 1943 et
796 1890 904 1941 [nec
940 1900 1043 1937 non
1071 1882 1400 1953 ignorantes,
1435 1882 1486 1927 et
1517 1877 1707 1925 cuncta
1753 1864 1865 1918 alia
1894 1862 2063 1915 consi-
2101 1868 2143 1924 Β

489 1952 760 2046 derantes,
793 1952 1244 2047 diligenter-dico
1284 1984 1378 2023 nos
1407 1973 1647 2036 Oportere
1680 1957 1896 2013 incitari
1920 1952 2071 2015 velle,

490 2074 730 2144 belloque
768 2066 1023 2139 gerendo,
1067 2065 1113 2119 si
1162 2076 1419 2131 unquam,
1462 2072 1601 2110 nunc
1656 2060 1792 2105 certe
1848 2049 2081 2102 maxime

492 2167 811 2229 incumbere,
870 2160 1119 2231 pecunias
1145 2154 1289 2209 haud
1344 2151 1574 2219 segniter
1620 2141 1956 2213 conferendo,
1989 2153 2083 2209 per

495 2267 695 2315 nosmet
723 2255 986 2318 exeundo,
1011 2250 1142 2306 nihil
1162 2262 1379 2319 prorsus
1397 2242 1709 2297 omittendo.
1737 2234 1918 2303 Neque
1944 2231 2084 2284 enim

495 2358 589 2404 aut
625 2350 788 2409 ratio,
821 2355 915 2400 aut
971 2341 1239 2397 excusatio
1284 2331 1567 2389 ulla'vobis
1604 2325 1833 2396 amplius
1892 2319 2079 2374 relicta

495 2456 596 2508 est,
633 2443 759 2511 quin
826 2454 940 2509 quia
984 2433 1190 2505 agenda
1226 2438 1348 2483 sunt
1412 2423 1702 2497 peragutis.
1764 2416 1905 2471 Nam
1948 2414 2086 2484 quod

496 2534 673 2589 cuncti
733 2527 1041 2599 fremebatis
1108 2522 1373 2593 quondam
1454 2514 1826 2586 Olynthioram
1881 2509 2087 2561 animos

499 2624 747 2694 Philippo
774 2619 988 2690 infestos
1016 2613 1305 2668 reddendos
1340 2624 1469 2671 esse,
1502 2606 1643 2659 ultro
1681 2602 1872 2663 evenit,
1909 2607 1959 2652 et
1988 2614 2088 2651 sua

498 2732 555 2772 se
586 2722 770 2785 sponte
806 2708 1036 2773 obtulit;
1061 2718 1221 2775 atque
1260 2702 1311 2755 id
1344 2718 1402 2753 eo
1435 2699 1666 2752 maxime
1689 2694 1841 2748 modo
1870 2707 1973 2761 quo
2005 2708 2091 2743 vo-

503 2808 580 2861 bis
629 2804 890 2860 conducit.
929 2799 987 2855 Si
1047 2799 1208 2859 enim,
1284 2792 1423 2846 vobis
1475 2786 1854 2847 suadentibus,
1897 2780 2089 2835 bellum

501 2901 872 2970 suscepissent,
907 2893 1031 2962 fidei
1060 2906 1189 2945 sane
1220 2887 1393 2940 dubite
1421 2881 1645 2937 habendi
1672 2887 1843 2932 essent
1868 2876 2017 2933 socii.
2044 2882 2092 2926 et

506 2992 576 3045 ad
618 2990 833 3062 aliquod
866 3002 1030 3056 usque
1068 2994 1291 3052 tempus.
1322 2992 1428 3031 non
1466 2988 1694 3043 semper,
1725 2970 1776 3023 id
1806 2967 2096 3020 decrevisse

509 3090 736 3154 fortasse
764 3080 1088 3135 viderentur.
1127 3072 1262 3127 Cum
1308 3084 1430 3123 vero
1465 3063 1679 3133 injuriis
1719 3062 1785 3113 ab
1813 3057 1906 3111 illo
1933 3056 2099 3109 laces-

511 3179 623 3239 siti,
655 3174 773 3229 odio
797 3173 1059 3225 hominem
1087 3168 1500 3235 persequantur,
1527 3162 1834 3207 constantes
1877 3163 1962 3201 eos
1989 3147 2095 3198 ini-

514 3270 746 3322 micitias
796 3274 1032 3334 gesturos
1073 3273 1191 3312 cum
1238 3261 1455 3325 propter
1485 3258 1705 3311 metum,
1741 3254 1850 3297 tam
1880 3248 2097 3311 propter

510 3364 733 3432 offensas
770 3352 1210 3411 verisimillimum
1268 3354 1365 3400 est.
1426 3340 1549 3395 Non
1586 3347 1659 3393 est
1706 3337 1871 3407 igitur
1917 3331 2099 3385 oblata

512 3460 718 3511 occasio
749 3446 1224 3523 prtetermittenda.
1275 3438 1648 3498 Atheuienses,
1688 3443 1851 3499 neque
1879 3424 2096 3496 patien-

516 3564 644 3604 aum
671 3545 809 3616 q‘tod
831 3539 1095 3611 superiori
1132 3547 1368 3603 tempore
1397 3538 1754 3598 steprnumero
1781 3518 1921 3589 passi
1951 3516 2096 3568 estis.

517 3643 655 3698 Nam
690 3642 873 3692 ‘sicam
926 3634 1053 3686 olint
1086 3628 1237 3682 rebus
1281 3625 1525 3678 Euboicis
1592 3613 1847 3670 auxeliuti
1909 3607 2104 3662 reversi

518 3751 721 3797 sumus,
762 3740 811 3783 et
848 3730 916 3782 ad
952 3728 1061 3780 hac
1089 3725 1205 3792 ipsa
1252 3714 1499 3773 subsellia
1543 3714 1740 3764 (liena:
1786 3714 1833 3758 et
1903 3702 2106 3755 Strato.

519 3821 1026 3893 clesAmphipolita:
1083 3815 1335 3873 aderant,
1384 3809 1664 3861 hortantes
1721 3807 1775 3851 ut
1835 3794 2104 3847 maritimo

522 3943 607 3993 ap,
632 3932 790 3975 arutu
821 3913 1064 3989 profecti,
1101 3909 1281 3962 urbem
1316 3919 1471 3957 suam
1528 3898 1907 3963 acciperemus,
1968 3887 2105 3939 idem

524 4036 621 4090 pro
658 4016 799 4067 nobis
830 4010 957 4081 ipsis
981 4003 1211 4060 studium
1238 3996 1677 4068 pra'stitissemus,
1706 3984 1843 4054 quod
1875 3997 1968 4052 pro
2004 3979 2115 4032 Eu-

527 4115 793 4165 bo’corum
842 4102 1035 4164 salute,
1101 4105 1149 4150 et
1186 4103 1307 4147 tunc
1361 4088 1617 4143 nimirum
1673 4075 1999 4148 Amphipolis
2057 4074 2112 4125 in

528 4204 777 4254 unionem
838 4205 1073 4248 nostram
1104 4188 1349 4245 venisset,
1386 4189 1434 4233 et
1478 4176 1615 4230 nunc
1682 4170 1922 4224 molestia
1968 4164 2115 4220 onmi

531 4288 804 4349 careretis,
844 4300 961 4354 quw
991 4280 1113 4335 inde
1162 4282 1445 4330 consecuta
1476 4276 1573 4322 est.
1627 4263 1826 4319 Rursus
1889 4261 1936 4312 si
1995 4272 2115 4309 cum

538 4384 802 4452 l’gdnam,
857 4350 1189 4434 ‘Methonem,
1235 4363 1550 4422 Potidaeam,
1594 4354 1855 4425 Pagasas,
1889 4350 2117 4419 reliqua,

534 4491 598 4528 ne
629 4475 681 4527 in
709 4468 929 4541 singulis
962 4465 1161 4519 diutius
1194 4461 1467 4519 immorer,
1497 4447 1721 4503 obsideri
1754 4442 2073 4515 afferebatur
2097 4476 2112 4500 ,

1406 373 1921 440 BESSARIONIS
1966 372 2022 435 S.
2072 372 2137 430 Π.
2198 368 2257 426 Ε.
2303 355 2777 426 (ΣΑΙὶΟΙῖΑΙΛΞ

1909 488 2047 541 ident
2080 493 2121 548 Α
2154 486 2225 537 ris
2253 482 2432 550 :quod
2463 485 2642 532 autem
2697 482 2745 526 et
2769 471 3098 543 jampridem
3134 468 3186 521 id
3239 481 3331 521 nos
3370 464 3513 534 passi
3569 461 3735 531 fani-

3632 341 3737 406 ὓῗὲ

2154 592 2291 640 mus,
2319 586 2367 626 et
2402 585 2571 641 nupcr
2600 568 2829 621 societas
2859 564 3004 616 nobis
3037 552 3320 623 exstiterit,
3353 571 3469 626 quae
3496 556 3730 621 superio-

2150 686 2211 721 ra
2236 667 2416 721 omnia
2453 661 2713 717 resarcire
2737 658 2939 719 valeat,
2970 656 3123 708 modo
3146 670 3207 706 ea
3239 654 3316 705 uti
3340 650 3584 713 velimus,
3614 648 3741 698 deo-

2152 777 2271 814 rum
2311 753 2696 811 immortalium
2727 746 3098 804 benevolentia:
3130 761 3256 814 erga
3310 758 3405 797 nos
3465 749 3739 807 acceptum

2152 844 2488 922 referendum
2520 846 2680 917 plane
2704 843 3096 914 affirmaverim.
3153 836 3346 893 Verum
3404 838 3498 889 hoc
3535 832 3749 903 perinde

2158 959 2268 998 esse
2295 940 2557 1003 arbitror,
2593 946 2753 1007 atque
2796 937 2851 987 in
2901 933 3245 1003 pecuniarum
3281 927 3599 999 possessione
3625 940 3751 977 con-

2158 1035 2361 1104 tingere
2375 1031 2530 1086 solet.
2554 1029 2613 1085 Si
2633 1030 2775 1083 enim
2807 1038 3149 1094 quascunque
3171 1022 3288 1092 quis
3307 1018 3638 1090 acquisierit,
3659 1002 3775 1069 eas'

2163 1134 2336 1182 servat
2364 1122 2676 1185 incolumes,
2708 1121 2946 1189 ingentes
2970 1116 3129 1170 habet
3179 1114 3416 1182 fortunat
3435 1112 3656 1182 gratias.
3684 1106 3749 1162 In

2163 1220 2317 1274 rebus
2334 1218 2498 1271 idem.
2526 1212 2629 1278 Qui
2649 1214 2923 1266 occasione
2942 1224 3044 1261 non
3072 1217 3213 1260 recte
3236 1206 3317 1258 usi
3340 1212 3488 1265 sunt,
3518 1217 3580 1255 ne
3608 1216 3753 1253 com-

2165 1310 2308 1366 modi
2331 1307 2562 1378 quidem,
2590 1305 2635 1356 si
2660 1302 2783 1370 quid
2810 1300 3031 1353 deorum
3057 1296 3305 1365 bene/icio
3324 1302 3449 1347 sunt
3468 1293 3750 1352 consecuti,

2168 1400 2547 1454 recordaatur.
2575 1392 2660 1447 Ea:
2676 1392 2865 1445 ultimo
2887 1390 3027 1442 enim
3066 1402 3241 1440 rerum
3270 1392 3454 1437 eventu
3481 1390 3602 1461 argte
3633 1390 3755 1433 acta
3804 1440 3810 1447 ε

2176 1492 2357 1547 omnia
2382 1488 2689 1559 pleramque
2706 1481 2962 1553 pensitari
2987 1478 3178 1534 solent.
3199 1476 3546 1541 Quamobrem
3564 1473 3619 1526 in
3636 1470 3757 1524 reli-

2171 1585 2287 1656 quis
2320 1580 2473 1636 valde
2502 1574 2925 1649 prospiciendum
2957 1580 3053 1636 est,
3079 1580 3136 1623 ut
3171 1584 3354 1623 eorum
3393 1564 3758 1620 emendatione

2172 1676 2505 1745 superiorum
2524 1673 2784 1742 fastorum
2810 1666 2985 1721 labem
3007 1664 3303 1718 deleamus.
3333 1660 3459 1714 Atsi
3476 1660 3568 1713 hos
3598 1657 3759 1710 etiam

2178 1770 2416 1825 homines
2471 1762 2888 1835 perdiderimus.
2956 1757 3314 1815 Athenienses,
3372 1759 3421 1806 et
3478 1748 3763 1819 Olynthum

2170 1871 2425 1937 praeterea
2478 1856 2754 1925 Philippus
2825 1849 3194 1917 occupaverit,
3245 1846 3559 1899 demonstret
3638 1840 3765 1894 mihi

2177 1958 2463 2030 quispiam,
2524 1951 2648 2022 quid
2690 1952 2756 2005 sit
2794 1947 3025 2016 amplius
3070 1942 3445 2013 impedimento
3498 1940 3762 2009 futuram,

2182 2049 2463 2120 quominus
2498 2062 2606 2114 quo
2641 2042 2803 2097 libido
2842 2039 3007 2093 animi
3043 2036 3253 2100 tulerit,
3286 2031 3589 2087 contendat.
3618 2029 3769 2082 Anne

2182 2148 2413 2207 vestrum
2438 2137 2629 2207 aliquis
2666 2131 3062 2195 animadvertit,
3104 2137 3153 2182 et
3192 2127 3455 2179 rationem
3478 2122 3633 2184 videt,
3662 2132 3770 2189 qua

2184 2232 2469 2302 Philippus
2500 2244 2613 2284 cum
2646 2226 2800 2281 initio
2840 2223 3083 2290 pertenui
3102 2222 3159 2273 in
3188 2226 3332 2272 statu
3358 2256 3373 2281 ,
3422 2221 3633 2285 repente
3661 2227 3772 2265 ma-

2184 2343 2317 2397 gnus
2365 2322 2571 2379 evasit?
2604 2317 2959 2390 Amphipolim
2991 2316 3161 2380 primo
3217 2312 3373 2380 cepit,
3407 2307 3603 2362 deinde
3629 2304 3772 2375 Pyd-

2188 2434 2336 2478 nam,
2368 2419 2561 2470 iterum
2589 2412 2903 2473 Potidwam,
2958 2423 3172 2461 rursum
3214 2400 3528 2458 Methonem.
3555 2398 3765 2451 demum

2186 2510 2240 2563 in
2295 2508 2621 2563 Thessaliam
2659 2503 2897 2565 invasit;
2956 2501 3198 2567 deinceps
3246 2493 3357 2549 Pha
3374 2510 3483 2556 ras,
3514 2489 3770 2560 Pagasas,

2190 2602 2543 2673 Magnesiam.
2579 2597 2795 2654 Cunctis
2824 2610 2982 2657 vero,
3041 2602 3095 2645 ut
3132 2589 3302 2653 libuit,
3342 2584 3637 2640 constitutis
3667 2622 3683 2649 ,
3720 2582 3771 2633 in

2194 2672 2477 2750 Thraciam
2509 2707 2563 2746 se
2612 2688 2857 2744 contulit.
2901 2686 3006 2749 Ibi,
3043 2682 3166 2738 aliis
3196 2681 3374 2751 ejectis
3399 2677 3624 2747 regibus,
3658 2672 3775 2727 aliis

2195 2786 2470 2845 restitutis.
2530 2783 2755 2837 adversa
2801 2778 3104 2834 valetudine
3146 2773 3432 2827 laboravit.
3481 2767 3598 2833 Qua
3655 2781 3773 2819 cum

2194 2878 2472 2949 paululum
2510 2876 2709 2929 levatus
2742 2879 2895 2933 esset,
2936 2885 3038 2924 non
3066 2869 3117 2922 in
3155 2867 3426 2936 segnitiem
3470 2876 3583 2916 sese
3630 2859 3777 2914 dedi-

2195 2974 2295 3037 dit,
2317 2972 2409 3026 sed
2435 2967 2711 3038 Olynthios
2748 2965 2929 3018 statim
2966 2962 3184 3013 adortus
3201 2967 3300 3013 est.
3342 2956 3460 3011 Non
3493 2955 3607 3007 dico
3640 2968 3779 3005 nime.

2198 3068 2262 3121 de
2316 3063 2455 3116 illius
2502 3056 2916 3127 expeditionibus
2955 3053 3204 3107 adversus
3230 3048 3468 3118 Illyrios,
3528 3044 3776 3109 Pu'onas,

2206 3158 2491 3228 Argntbam
2520 3193 2536 3215 ,
2586 3160 2636 3204 et
2688 3151 2741 3204 in
2774 3161 3145 3218 quamcunque
3183 3143 3406 3199 volueris
3436 3140 3779 3211 provinciam.

2205 3255 2293 3310 At.
2328 3246 2595 3316 quispiam
2624 3243 2846 3311 inquiet,
2893 3237 3020 3309 quid
3049 3235 3194 3295 nobis
3220 3235 3323 3287 ista
3360 3228 3785 3285 commemoras?

2207 3343 2271 3398 Ut
2303 3350 2352 3394 et
2377 3338 2729 3409 cognoscatis,
2776 3332 3137 3392 Atheuienses,
3192 3335 3448 3393 quantum
3482 3321 3779 3374 detrimenti

2207 3386 2269 3398 ν-
2304 3386 2350 3394 --
2377 3386 2632 3409 --ν-,νη
2668 3386 2676 3389 .
2716 3386 2729 3398 ,
3124 3386 3134 3392 ,
3205 3386 3215 3393 _

2204 3434 2392 3503 afferat
2420 3447 2529 3483 rem
2570 3441 2774 3496 semper
2813 3423 3055 3491 aliquam
3089 3417 3399 3486 singulatim
3444 3414 3617 3466 sinere
3647 3426 3784 3479 prcc-

2206 3502 2273 3579 ter
2290 3526 2419 3579 labi.
2448 3522 2515 3576 Et
2553 3522 2708 3590 p’aae
2731 3517 3021 3570 advertatis
3057 3509 3286 3579 l’hil'ppi
3316 3508 3368 3559 in
3400 3506 3550 3558 rebus
3570 3502 3783 3572 agendis

2203 3618 2435 3672 stadium
2490 3613 2842 3672 acerrimum,
2884 3615 3141 3658 etcnram
3189 3599 3465 3655 assiduam
3512 3610 3626 3648 cum
3680 3609 3785 3662 qua

2208 3711 2409 3780 pariter
2448 3706 2610 3759 vitam
2637 3702 2803 3765 ducit,
2849 3697 2909 3751 ob
2949 3710 3107 3765 quant
3142 3693 3293 3746 rebus
3338 3706 3370 3741 a
3402 3705 3456 3741 se
3495 3685 3651 3756 gestis
3686 3685 3785 3736 mi-

2210 3802 2350 3853 nime
2398 3807 2669 3851 contentus
2697 3833 2711 3853 ,
2748 3791 2990 3856 deinceps
3045 3785 3163 3851 ﬁeri
3216 3798 3320 3836 non
3366 3780 3577 3851 poterit,
3624 3784 3681 3829 ut
3732 3777 3785 3828 in

2209 3896 2380 3963 quiete
2413 3895 2743 3960 permaneat.
2775 3883 2926 3949 Quod
2953 3883 2997 3933 si
3026 3879 3116 3932 ille
3158 3877 3331 3944 majus
3357 3871 3561 3940 aliquid
3585 3882 3793 3935 semper

2215 3988 2533 4043 molfendum
2557 3978 2859 4036 decreverit,
2882 3991 2965 4027 vos
2996 3979 3180 4026 contra
3215 3965 3421 4020 nullam
3451 3979 3560 4016 rem
3586 3960 3793 4029 fortiter

2214 4080 2507 4135 obeundum
2526 4066 2915 4144 judicaveritis,
2953 4080 3106 4132 quem
3136 4061 3350 4114 tandem
3379 4072 3555 4110 rerum
3599 4053 3795 4104 editam

2213 4186 2430 4243 sperare
2456 4168 2695 4222 debemus
2722 4164 2745 4217 ?
2779 4158 2921 4216 Proh
2970 4157 3136 4209 Deum
3176 4153 3333 4221 fidem
3365 4152 3384 4204 .'
3424 4150 3539 4219 quis
3568 4156 3795 4199 vestrum

2218 4267 2352 4319 adeo
2383 4261 2523 4315 tardi
2555 4256 2756 4327 ingenii
2801 4261 2874 4306 est
2907 4262 2955 4303 et
2992 4243 3302 4308 inconsulti,
3333 4241 3444 4312 qui,
3475 4240 3521 4292 si
3561 4235 3801 4305 neglexe-

2220 4360 2408 4420 rimus,
2441 4352 2635 4406 bellum
2674 4350 2775 4400 hac
2810 4355 3115 4398 conversam
3167 4337 3233 4389 iri
3274 4330 3522 4387 nesciat?
3562 4327 3712 4391 Quod
3756 4327 3800 4377 si

2220 4447 2468 4509 evenerit,
2504 4442 2740 4513 equidem
2772 4439 3098 4490 vehementer
3134 4430 3290 4481 timeo
3322 4417 3411 4482 ne.
3468 4420 3628 4475 velati
3656 4416 3802 4483 fene-

534 4502 597 4528 uc
629 4502 681 4527 tu
709 4502 929 4541 οιηυιηιο
962 4502 1161 4519 «suum.
1195 4502 1431 4513 ..η-..-νη
1452 4502 1467 4519 ,
1507 4502 1542 4503 η
1566 4502 1575 4503 ,
1791 4502 1816 4515 η

533 4568 697 4622 alicui
741 4579 803 4618 ex
856 4562 919 4615 iis
945 4561 1069 4623 cito,
1100 4565 1170 4617 et,
1206 4561 1260 4606 ut
1313 4565 1395 4604 res
1430 4541 1755 4617 postulabat,
1782 4552 1940 4607 opem
1979 4534 2096 4604 ferri

2226 4539 2354 4599 rati,
2382 4534 2470 4603 qui
2503 4529 2662 4601 facile
2702 4542 2765 4579 ea:
2790 4524 2995 4592 magnis
3032 4517 3300 4588 feruoribus
3325 4511 3467 4563 brevi
3492 4519 3724 4573 tempore
3749 4502 3801 4551 in

2800 4617 2810 4623 '
2966 4621 2973 4623 -
3178 4607 3189 4623 ι
3222 4621 3306 4623 me;
3349 4600 3519 4623 -.ι--.ε-
3573 4596 3801 4623 r.....t:....

536 4659 769 4731 aggressi
797 4668 1025 4709 essemus
1056 4688 1071 4712 .
1102 4646 1342 4718 faciliore
1374 4640 1610 4712 profecto
1649 4633 1897 4701 Rhitippo
1935 4637 1985 4682 et
2022 4628 2119 4707 hu-

541 4706 767 4731 "73""'
801 4706 869 4709 --ί
1057 4706 1069 4712 -
1102 4706 1113 4718 .
1375 4706 1386 4712 ,
1478 4706 1486 4709 .

541 4753 750 4807 miliore
780 4759 1073 4801 uteremur.
1104 4744 1166 4793 At
1195 4752 1340 4803 vero,
1399 4739 1528 4785 dum
1586 4732 1867 4799 pra'sentes
1932 4706 2112 4773 rerum

546 4840 848 4894 occasiones
882 4834 1179 4903 abjicimas,
1196 4827 1320 4880 dum
1340 4824 1524 4890 futura
1549 4828 1797 4889 prospere
1818 4827 1916 4865 sua
1938 4816 2124 4871 s,onte

546 4947 797 4988 eventura
831 4938 1101 4999 putamus,
1124 4922 1370 4976 auximus
1396 4912 1699 4982 Philippum
1724 4922 1816 4960 nos
1843 4904 1943 4975 ipsi
1969 4900 2127 4953 Athe—

553 5029 781 5091 uienses,
818 5031 1130 5087 tantumque
1159 5016 1332 5083 ipsum
1360 5008 1705 5064 reddidimus,
1750 4992 1980 5068 quantus
2031 5006 2128 5044 an.

553 5136 718 5193 quam
758 5131 849 5170 rex
899 5112 1244 5168 Macedonum
1300 5101 1497 5156 exstitit
1555 5111 1730 5152 nemo.
1765 5091 1918 5146 Nunc
1948 5096 2130 5141 auum

547 5227 659 5267 sese
692 5207 895 5263 exhibet
947 5200 1178 5255 occasio.
1212 5188 1528 5260 Quaenam?
1580 5185 1806 5254 inquies.
1868 5180 1910 5232 Α
1976 5176 2131 5227 rebus

550 5298 872 5374 Olynthiacis
901 5312 1001 5349 sua
1042 5302 1229 5361 sponte
1258 5296 1443 5340 vestra:
1477 5280 1704 5340 civitati,
1745 5289 1863 5343 qua:
1892 5267 2043 5322 nulla
2073 5266 2131 5318 in

552 5364 822 5464 re'primis
884 5388 992 5442 illis
1027 5385 1248 5452 inferior
1279 5386 1375 5432 est.
1444 5372 1725 5441 Equidem,
1778 5368 1823 5421 si
1876 5364 1994 5433 quis
2028 5376 2133 5419 res.

554 5508 671 5566 qua:
718 5485 863 5541 nobis
901 5481 1153 5536 divinitus
1183 5477 1321 5527 datte
1373 5479 1516 5532 sunt;
1568 5473 1825 5534 (equitate
1873 5453 2133 5514 adhibita,

568 5547 584 5566 .

556 5592 847 5654 sapputure
886 5574 1130 5632 voluerit,
1172 5580 1477 5638 quanquam
1541 5560 1798 5631 pleraque
1852 5568 1956 5603 non
2002 5547 2136 5601 satis

557 5674 826 5733 commode
878 5668 1126 5722 accidisse
1190 5663 1454 5719 videntur,
1508 5665 1684 5705 tamen
1750 5662 1868 5699 cum
1916 5656 2138 5710 magnas

559 5769 662 5823 diis
683 5765 884 5836 gratias
941 5760 1127 5814 merito
1154 5755 1455 5809 habituram
1510 5750 1773 5801 existimo.
1814 5742 1965 5807 Quod
2002 5738 2141 5789 enim

551 5863 731 5915 smuttt
757 5856 916 5921 bello,
939 5856 1067 5923 jure
1108 5854 1307 5919 optimo
1351 5846 1569 5897 desidia'
1627 5853 1820 5893 nostra
1871 5833 2140 5901 ascripse-

2228 4643 2407 4684 rerum
2435 4625 2590 4693 copia
2616 4617 2831 4677 versati,
2859 4621 3127 4681 pastremo
3173 4607 3308 4657 bona
3340 4600 3520 4655 omnia
3568 4596 3803 4666 funditas

2224 4688 2558 4781 amiserunt;
2596 4714 2671 4766 ita
2705 4726 2797 4763 nos
2847 4705 3068 4775 ignavia:
3098 4698 3296 4759 dediti,
3341 4702 3390 4747 et
3436 4692 3504 4744 ad
3541 4688 3804 4743 libidinem

2225 4822 2415 4869 cuncta
2456 4813 2776 4877 quatrentes,
2807 4796 3019 4851 tandem
3051 4790 3129 4844 vel
3168 4786 3315 4842 inviti
3345 4783 3511 4839 multa
3550 4788 3598 4833 et
3620 4776 3805 4848 gravia

2225 4906 2397 4961 subire
2427 4914 2702 4969 cogamur,
2736 4903 2783 4946 et
2808 4891 2871 4944 de
2906 4890 2989 4944 iis.
3036 4899 3151 4955 qua:
3187 4889 3368 4934 nostro
3403 4876 3456 4927 in
3493 4887 3624 4941 agro
3660 4877 3803 4927 sunt,

2230 4993 2543 5068 periclitari.
2584 4988 2744 5055 Atqui
2791 4980 3192 5053 reprehendere,
3229 4969 3430 5040 inquies
3484 4964 3731 5034 fortasse,
3764 4970 3809 5011 et

3365 5060 3395 5068 Α.
3675 5048 3785 5068 mu

2232 5048 2408 5159 facile.
2435 5092 2484 5137 et
2511 5078 2742 5151 cujusvis
2790 5048 2886 5136 est,
2919 5070 3011 5124 sed
3051 5070 3113 5119 de
3148 5060 3395 5134 praesenti
3427 5055 3638 5121 negotio
3664 5048 3813 5116 quid-

2233 5140 2244 5159 .
2276 5140 2281 5141 κ
2399 5140 2407 5145 -
2570 5140 2590 5151 .

2233 5197 2358 5237 nam
2394 5177 2659 5248 agendam
2704 5170 2775 5224 sit
2816 5169 3052 5225 edocere,
3088 5154 3377 5212 senatoris.
3416 5148 3527 5216 ligo
3555 5160 3696 5205 vero,
3720 5140 3814 5193 etsi

2233 5278 2553 5339 compertum
2571 5263 2730 5316 habeo
2760 5275 2867 5321 vus,
2901 5270 3016 5306 cum
3048 5258 3237 5319 prwter
3256 5240 3575 5297 senten.iam
3602 5244 3649 5287 et
3676 5246 3815 5301 spem

2798 5363 2897 5401 non
2935 5342 3063 5396 mali
3109 5334 3432 5394 auctoribus,
3484 5328 3573 5381 sed
3630 5326 3694 5379 iis
3735 5322 3820 5390 qui

3722 5433 3819 5470 ηοη

2236 5361 2441 5433 aliquid
2484 5353 2734 5413 evenerit,

2237 5477 2329 5516 seu
2356 5458 2553 5513 entiam
2602 5452 2786 5503 ultimo
2816 5444 2927 5497 loco
2966 5438 3197 5492 dixerint
3224 5471 3239 5494 ,
3283 5427 3441 5481 irasci
3489 5422 3683 5483 solere,

2243 5564 2421 5607 tamen
2478 5555 2690 5615 propter
2744 5541 2966 5610 privata:
3015 5523 3321 5585 securitatis
3386 5519 3644 5570 rationem
3699 5510 3821 5563 mihi

2242 5639 2451 5695 silentio
2498 5628 2865 5704 prtvtereuntla
2915 5622 3167 5674 arbitror.
3198 5628 3313 5682 qate
3355 5607 3493 5660 vobis
3548 5602 3823 5673 profutura

2247 5735 2512 5786 existimo.
2555 5726 2679 5777 Dico
2729 5720 2893 5787 igitur
2942 5731 3029 5766 vos
3080 5709 3330 5777 bifariam
3373 5701 3520 5754 rebus
3577 5692 3827 5765 opiuluri

2248 5836 2508 5895 apottcre,
2543 5816 2739 5886 partim
2795 5808 2986 5880 oppida
3022 5813 3319 5871 agrumque
3354 5793 3450 5863 ()lg
3494 5792 3717 5845 thiorttm
3750 5794 3827 5837 tu-
