4136 6482
379 472 485 533 6‘3

1425 465 1859 528 ORATIONES
1900 461 2203 522 CONTRA
2248 456 2566 520 TURCAS.

3571 454 3640 514 7i.

381 586 564 646 tando,
591 582 792 634 emissis
831 576 1086 630 militibus
1116 577 1204 646 qui
1229 575 1280 629 id
1309 587 1582 646 praestent,
1613 579 1810 646 partim
1837 575 1965 644 fines
1999 581 2041 636 Α
2075 587 2203 624 sane
2227 572 2441 624 minime
2471 570 2774 622 mirandum
2809 565 3044 620 videtur:
3077 581 3200 618 nam
3242 564 3464 632 feliciter
3491 580 3646 636 agere

386 672 614 741 Philippi
641 685 756 722 cum
793 668 1033 720 terrestri
1065 667 1321 726 exercitu,
1343 675 1454 720 tum
1489 666 1659 720 classe
1691 667 1962 720 maritima

385 760 774 815 incursionibus
825 755 1220 828 depopulando.
1257 755 1402 810 Nam
1447 760 1492 810 si
1525 755 1748 810 alterum
1787 767 1966 809 utrum

388 852 744 922 neglexeritis,
771 866 954 904 vereor
987 864 1051 902 ne
1081 856 1190 902 tota
1248 849 1511 918 expeditio
1547 849 1748 916 frustra
1805 857 1968 902 teme-

390 961 550 1015 reque
579 961 609 998 a
641 944 784 996 nobis
811 949 1054 1012 suscepta
1079 943 1167 994 sit.
1193 938 1310 993 Sive
1339 941 1478 992 enim
1507 957 1592 993 vos
1611 941 1754 992 illitts
1782 956 1968 1006 agrum

391 1037 622 1090 vastetis.
656 1035 810 1100 idque
842 1037 1044 1086 interea
1070 1035 1329 1085 sustineat
1357 1073 1370 1096 ,
1402 1043 1450 1084 et
1478 1031 1761 1102 Olynthum
1793 1033 1836 1083 ri
1877 1049 1970 1084 ca-

391 1126 522 1196 piat;
565 1127 736 1179 victor
785 1126 841 1178 in
892 1124 1128 1193 patriam
1181 1139 1454 1184 reversus,
1528 1124 1683 1190 facile
1744 1123 1971 1192 injurias

391 1217 672 1272 ulciscetur
700 1233 716 1269 :
747 1217 855 1270 sive
875 1215 1108 1268 subsidia
1137 1215 1404 1268 duntaxat
1457 1215 1683 1281 Olyntho
1721 1215 1970 1276 mittatis,

391 1309 482 1363 ille
507 1310 640 1378 fines
663 1325 782 1363 suos
815 1307 1048 1378 periculo
1090 1323 1272 1361 carere
1305 1308 1728 1360 animadvertens
1753 1350 1766 1372 ,
1800 1309 1974 1362 acrius

395 1418 508 1455 rem
563 1402 789 1471 urgebit,
846 1401 1196 1470 temporisque
1233 1399 1587 1451 diuturnitate
1637 1399 1864 1452 obsessos
1921 1402 1976 1452 in

398 1501 708 1564 potestatem
731 1493 946 1562 rediget.
983 1491 1170 1560 Itaque
1201 1499 1248 1542 et
1283 1489 1439 1557 firma
1468 1501 1516 1542 et
1546 1491 1799 1558 bipertita
1827 1492 1978 1543 auxi-

401 1587 476 1640 lia
503 1585 758 1639 mittenda
780 1593 924 1638 sunt.
963 1583 1087 1638 Ha'c
1119 1585 1174 1638 in
1207 1598 1306 1652 ope
1347 1582 1564 1652 ferenda
1592 1583 1711 1650 ﬁeri
1743 1590 1979 1650 oportere

399 1686 598 1730 statuo.
1451 1661 1460 1668 ”

475 1769 548 1822 De
589 1767 844 1838 facultate
889 1783 1011 1821 vero
1057 1768 1289 1836 pecunia!
1327 1767 1647 1820 invenienda:
1683 1775 1802 1818 sunt
1836 1765 1980 1818 nobis

402 1867 634 1932 pecuniae
670 1860 952 1922 militares,
980 1871 1104 1913 sunt
1131 1861 1276 1913 nobis
1325 1859 1582 1928 pecunia’,
1619 1859 1978 1922 Athenienses,

2068 671 2260 730 prater
2281 660 2546 720 meritum,
2571 657 2872 712 insaniendi
2902 672 3122 710 causam
3147 655 3473 709 dementibus
3505 673 3648 724 pra:-

2068 755 2168 806 bet.
2205 752 2558 818 Quamobrem
2609 759 2793 820 partas
2826 765 2947 818 apes
2989 749 3147 812 tueri,
3193 765 3351 814 quam
3381 748 3528 802 initio
3559 765 3650 802 eos

2067 839 2302 912 qua'rere
2333 839 2640 910 plerumque
2665 839 2924 906 diﬁicitius
2939 837 3243 906 judicatur.
3267 835 3460 890 Vestrae
3489 837 3652 905 igitur

2071 943 2247 1000 partes
2279 947 2420 994 sunt,
2465 932 2836 992 Athenienses.
2879 932 2972 984 has
3011 937 3308 994 temporum
3340 927 3486 981 illius
3521 929 3655 998 diffi-

2069 1023 2312 1085 cultates,
2340 1032 2568 1076 vestram
2605 1023 2796 1074 ducere
2819 1025 3141 1074 occasionem
3171 1063 3181 1078 .
3216 1019 3500 1090 statimque
3543 1037 3654 1072 rem

2072 1118 2352 1186 suscipere,
2384 1129 2432 1168 et
2473 1115 2672 1186 legatos
2711 1115 2964 1167 mittendo
3009 1131 3113 1181 quo
3157 1114 3400 1166 mittendi
3426 1123 3569 1174 sunt.
3606 1123 3656 1165 et

2075 1212 2127 1263 in
2165 1211 2410 1263 militiam
2453 1213 2712 1270 exeundo,
2748 1220 2794 1258 et
2819 1207 2954 1260 alios
2979 1223 3157 1260 omnes
3179 1209 3461 1260 hortando.
3491 1205 3660 1264 Illud.

2077 1320 2274 1374 quaso,
2327 1302 2518 1355 animis
2570 1301 2754 1355 vestris
2809 1315 3101 1370 parumper
3130 1299 3400 1366 concipite.
3439 1297 3498 1352 Si
3535 1298 3664 1352 Phi-

2080 1397 2256 1464 lippus
2289 1396 2450 1446 talem
2481 1395 2729 1446 adversus
2777 1407 2867 1445 nos
2900 1392 3221 1444 occasionem
3258 1392 3509 1458 arripiat,
3534 1393 3666 1460 jus--

2081 1497 2240 1558 taque
2269 1487 2398 1554 ﬁnes
2430 1495 2622 1540 vestros
2657 1484 2850 1538 bellant
2901 1495 3140 1555 geratur,
3171 1501 3272 1551 qua
3304 1485 3518 1537 tandem
3545 1501 3664 1537 cum

2083 1579 2365 1631 alacritate
2395 1593 2516 1630 eum
2561 1579 2660 1630 huc
2711 1577 2960 1646 impetum
2990 1577 3256 1646 facturum
3299 1577 3548 1646 putatis?
3596 1582 3662 1628 At

2083 1685 2176 1720 nos
2207 1684 2308 1720 non
2335 1667 2490 1736 pudet
2517 1683 2536 1732 ;
2565 1677 2612 1720 et
2640 1682 2757 1736 qum
2784 1667 3097 1730 pateremini
3140 1667 3184 1719 si
3229 1665 3315 1718 ille
3345 1673 3516 1732 posset
3572 1681 3664 1718 ea-

2083 1759 2220 1822 dem,
2255 1775 2372 1810 rum
2419 1757 2649 1826 facultas
2679 1757 2768 1820 sit,
2793 1756 2986 1826 inferre
3015 1773 3118 1809 non
3155 1755 3415 1808 audebitis
3441 1756 3460 1808 !
3486 1754 3664 1819 Neque

2086 1865 2174 1903 vos
2200 1849 2386 1910 lateat,
2421 1849 2786 1910 Athenienses,
2821 1848 2962 1901 vobis
2993 1846 3146 1900 hodie
3172 1847 3508 1900 statuendum
3537 1863 3670 1909 esse,

401 1919 449 2008 et
483 1951 694 2024 quidem
723 1953 822 2016 tot,"
868 1919 996 2022 quot
1039 1919 1350 2005 mortalium
1392 1919 1606 2002 nemini.
1655 1948 1753 2002 Fas
1799 1919 1977 2002 autem
2015 1919 2058 1978 Β
2087 1955 2264 1996 utrum
2315 1943 2424 1996 illic
2471 1959 2582 2006 vos,
2615 1959 2684 1996 an
2720 1941 2810 1994 ille
2849 1941 2929 1994 hic
2959 1940 3154 1993 bellum
3184 1947 3430 2010 gesturus
3479 1941 3567 1992 sit.
3605 1938 3667 1993 Si

401 2061 512 2107 vos,
545 2053 600 2098 ut
633 2043 780 2106 libet,
829 2043 1124 2106 accipiatis.
1169 2039 1277 2094 Eas
1309 2051 1446 2092 certe
1495 2041 1540 2092 si
1575 2039 1825 2091 militibus
1865 2036 1982 2090 red-

403 2135 554 2194 detis,
581 2131 746 2186 uallat
769 2132 910 2186 vobis
934 2133 1120 2184 desunt
1141 2133 1405 2197 “prazterea
1431 2144 1446 2182 :
1486 2130 1568 2182 sin
1604 2129 1798 2190 minus,
1839 2141 1982 2196 prte-

405 2235 546 2279 terea
600 2225 826 2289 desunt;
855 2225 960 2278 imo
1001 2239 1123 2277 vero
1175 2237 1352 2275 onmes
1385 2221 1599 2290 penitus
1654 2220 1984 2274 invenienda:

407 2327 550 2371 sunt.
601 2317 763 2383 Quid,
823 2317 1052 2386 inquies,
1107 2315 1338 2384 refersne
1381 2324 1437 2366 tu
1485 2312 1554 2366 ad
1606 2325 1848 2366 senatum
1897 2328 1984 2364 eas

410 2409 658 2470 pecunias
690 2408 944 2462 militares
977 2423 1086 2461 esse
1113 2406 1335 2460 debere?
1359 2406 1592 2468 Minime,
1639 2407 1936 2458 mehercule
1967 2405 1985 2456 ,ν

417 2498 530 2568 Ego
567 2515 686 2552 vero
719 2498 908 2551 milites
933 2499 1268 2551 iustruendos
1292 2511 1404 2550 esse
1427 2512 1631 2558 censeo,
1656 2505 1703 2548 et
1737 2495 1987 2564 pecunias

416 2608 534 2662 qua:
571 2592 636 2645 iis
688 2590 1148 2644 subministrandis
1201 2599 1344 2654 sunt,
1399 2589 1654 2641 militares
1698 2603 1843 2650 esse;
1879 2604 1990 2640 mn-

419 2679 670 2754 tuumque
697 2699 804 2736 esse
825 2693 1062 2749 oportere
1082 2691 1337 2752 prteslare
1367 2697 1604 2748 operam,
1637 2690 1684 2732 et
1719 2681 1991 2747 pecuniam

420 2780 672 2846 accipere.
711 2775 808 2832 Vos
825 2783 1021 2837 autem,
1050 2780 1221 2828 nescio
1246 2791 1347 2844 quo
1383 2784 1554 2842 pacto,
1587 2789 1677 2826 eas
1709 2787 1802 2840 per
1831 2773 1991 2824 otium

421 2869 490 2923 ad
551 2868 658 2920 dies
691 2867 846 2935 festos
879 2867 1134 2936 accipitis.
1179 2863 1357 2928 Quare
1389 2863 1532 2917 video
1563 2863 1825 2932 reliquum
1883 2877 1994 2914 esse

423 2969 479 3012 ut
515 2962 690 3013 cuncti
722 2959 967 3030 pecunias
1002 2959 1058 3012 iu
1101 2956 1364 3026 publicum
1397 2956 1706 3023 conferatis,
1730 2956 1776 3008 si
1816 2953 1996 3008 multis

424 3067 554 3119 opus
585 3061 682 3117 est,
727 3051 944 3116 multas,
969 3053 1052 3106 sin
1086 3051 1290 3120 paucis,
1328 3066 1548 3118 paucas.
1581 3048 1864 3102 Enimvero
1911 3065 2000 3118 pe-

425 3148 590 3199 cuniis
630 3161 758 3216 apus
798 3151 922 3198 est:
967 3147 1132 3212 Opus,
1173 3144 1413 3211 inquam,
1457 3152 1530 3195 est
1589 3143 1840 3210 pecuniis,
1889 3143 2003 3194 sine

428 3238 612 3306 quibus
652 3235 784 3290 nihil
806 3249 1160 3306 opportunum
1201 3235 1328 3303 eﬂ'ici
1357 3241 1544 3300 potest.
1574 3233 1998 3288 Commemorant

429 3331 524 3386 alii
557 3335 716 3385 etiam
757 3329 894 3384 alias
930 3330 1304 3400 comparandae
1338 3328 1574 3398 pecunia:
1614 3328 1846 3380 rationes
1874 3341 1892 3388 ;
1941 3341 2004 3378 ex

429 3427 615 3496 quibus
666 3441 781 3478 eum
834 3423 1035 3492 diligite
1093 3440 1254 3492 quam
1303 3423 1443 3476 vobis
1471 3421 1758 3475 canducere
1813 3423 2004 3473 eximi-

430 3519 602 3578 metis,
632 3525 790 3586 atque
818 3518 943 3570 dum
990 3515 1322 3569 commodum
1351 3524 1427 3568 est
1471 3531 1582 3568 rem
1633 3515 2002 3585 aggredimini,

435 3609 540 3660 Sed
577 3617 654 3661 est
685 3623 892 3676 tequum
919 3607 1252 3660 considerare
1277 3607 1586 3675 rationeque
1615 3605 1880 3675 colligere,
1907 3622 2007 3671 quo

433 3701 487 3752 in
521 3709 662 3753 statu
691 3716 772 3752 res
808 3699 1034 3769 Philippi
1067 3701 1158 3754 hoc
1174 3709 1406 3770 tempore
1431 3707 1722 3753 versentur.
1759 3697 1894 3752 Nam
1923 3714 2010 3750 ne-

434 3805 532 3860 que
562 3801 616 3842 ut
651 3789 730 3844 vel
759 3791 1020 3854 videntur,
1056 3791 1136 3844 vel
1162 3791 1428 3860 quispiam
1460 3791 1767 3856 aestimaret,
1803 3789 1892 3858 qui
1921 3805 2009 3844 eas

435 3897 626 3950 parum
677 3881 951 3951 diligenter
995 3884 1325 3952 inspexisset,
1372 3883 1504 3935 satis
1533 3882 1680 3935 belle‘
1709 3899 1763 3935 se
1798 3883 2010 3945 habent,

441 3987 607 4038 neque
645 3989 704 4026 eo
736 3980 887 4043 pacto
911 3988 1014 4042 quo
1047 3988 1100 4026 se
1128 3972 1379 4025 haberent
1431 3973 1478 4025 si
1527 3975 1725 4042 Optimo
1767 3975 1824 4026 in
1867 3983 2014 4026 statu

439 4073 624 4118 essent.
666 4064 951 4130 Nunquam
988 4080 1119 4118 sane
1161 4081 1314 4118 arma
1344 4065 1581 4120 movisset
1614 4065 1913 4134 Philippus,
1967 4067 2016 4119 si

441 4174 657 4210 manum
688 4157 788 4210 sibi
821 4157 1192 4210 conserendam
1220 4163 1480 4224 putasset.
1510 4156 1615 4226 Sed
1645 4166 1699 4210 ut
1735 4157 1910 4223 initio,
1940 4159 2034 4211 ita-

443 4247 690 4313 deinceps
723 4247 876 4316 facile
919 4263 1118 4310 omnes,
1161 4264 1537 4319 prosperosque
1577 4265 1756 4302 rerum
1804 4260 2018 4302 eventus

441 4344 692 4410 speravit.
745 4341 812 4392 At
851 4357 912 4394 ea
951 4341 1194 4410 deceptus
1246 4351 1322 4395 est
1379 4343 1645 4410 Opinione.
1700 4341 1853 4407 Quod
1902 4360 2020 4394 cum

444 4447 636 4502 pra'tcr
661 4434 1097 4498 exspectationem
1123 4435 1353 4502 primum
1377 4435 1654 4500 acciderit,
1683 4435 1832 4487 valde
1849 4437 2020 4500 ipsum

445 4526 743 4594 perturbat,
778 4541 881 4578 non
927 4525 1341 4595 mediocremque
1371 4527 1487 4592 eius
1535 4529 1713 4581 animo
1767 4526 2024 4579 sollicitu-

2089 2039 2228 2090 enim
2271 2052 2350 2092 res
2377 2035 2752 2104 Olynthiorum
2793 2037 3032 2088 resistent
3059 2073 3072 2095 ,
3111 2050 3197 2086 vos
3233 2033 3346 2086 illic
3384 2033 3670 2100 belligera;

2090 2130 2226 2194 bilis,
2283 2138 2330 2182 et
2365 2128 2509 2182 illius
2562 2143 2748 2198 agrum
2793 2130 2986 2180 damno
3017 2127 3288 2195 afficietis,
3341 2127 3504 2180 simul
3553 2127 3672 2197 agri

2092 2225 2249 2274 vestri
2302 2223 2502 2290 fructus
2557 2223 2740 2274 secure
2791 2221 3109 2290 percipietis.
3166 2221 3232 2272 At
3293 2221 3338 2273 si
3395 2219 3676 2290 Philippus

2095 2317 2355 2384 regionem
2389 2313 2537 2368 illam
2571 2313 2928 2383 occupaverit,
2951 2313 3066 2382 quis
3110 2329 3228 2367 eum
3275 2313 3507 2376 tandem,
3549 2330 3680 2382 qu:-

2098 2411 2266 2461 miuus
2294 2411 2392 2460 huc
2419 2408 2705 2476 perveniat,
2737 2405 2976 2461 arcebit?
2999 2405 3278 2466 Thebani]
3312 2407 3378 2459 At
3403 2409 3541 2476 quo-.l
3579 2423 3678 2458 no-

2099 2502 2189 2553 lim
2221 2501 2373 2552 nimis
2403 2499 2584 2552 acerbe
2607 2500 2806 2552 dictum
2833 2499 3018 2563 videri,
3045 2514 3152 2550 una
3186 2499 3346 2551 etiam
3383 2499 3480 2566 ipsi
3510 2515 3679 2566 para-

2099 2594 2294 2645 tissime
2331 2593 2652 2656 irru-npent.'
2679 2590 3013 2644 Phocenses?
3059 2590 3256 2644 scilicet
3305 2591 3395 2660 qui
3445 2606 3500 2644 se
3542 2590 3686 2644 domi

2101 2687 2236 2739 tueri
2265 2695 2544 2755 nequeunt,
2593 2685 2692 2738 nisi
2725 2701 2833 2748 vos,
2877 2683 3077 2738 aliusve
3115 2682 3422 2752 apituletur.
3477 2684 3563 2748 At,
3601 2687 3686 2737 in—

2102 2782 2271 2850 quies,
2303 2779 2440 2832 uolet
2480 2780 2719 2838 fortasse.
2759 2777 3208 2834 Absurdissimum
3255 2791 3382 2830 sane
3417 2776 3609 2846 fuerit,
3639 2780 3686 2830 si

2105 2871 2500 2942 quat.quamvis
2541 2867 2785 2924 amentia:
2823 2877 3103 2940 arguatur,
3139 2880 3316 2922 tanten
3333 2869 3550 2938 jactare
3582 2885 3687 2922 non

2105 2967 2329 3026 desistit,
2377 2981 2438 3019 ea
2485 2966 2599 3034 ipsa
2649 2980 2770 3017 cum
2803 2963 3013 3016 demum
3042 2963 3228 3030 possit,
3261 2961 3468 3030 efﬁcere
3527 2960 3684 3014 nolit.

2111 3059 2276 3112 Porro
2305 3067 2562 3126 quantum
2605 3057 2810 3110 intersit
2841 3054 3104 3108 bellunme
3167 3055 3250 3107 hic
3277 3069 3346 3108 an
3385 3053 3496 3106 illic
3527 3070 3692 3124 gera-

2111 3163 2216 3210 tur.
2257 3153 2494 3220 equidem
2544 3167 2636 3203 nec
2686 3150 2852 3203 verbis
2899 3163 3026 3218 opus
3056 3163 3163 3201 esse
3196 3147 3450 3200 arbitror.
3484 3145 3625 3199 Nam
3647 3147 3694 3198 si

2112 3248 2332 3316 triginta
2364 3245 2626 3298 duntaxat
2657 3243 2838 3297 diebus
2855 3259 2942 3297 vos
2975 3243 3030 3296 iu
3050 3243 3236 3296 castris
3261 3241 3460 3296 morari
3483 3255 3692 3293 necesse

2114 3339 2294 3407 fuerit,
2323 3345 2370 3390 et
2407 3351 2732 3406 quascunque
2776 3335 2846 3388 ad
2881 3350 3034 3387 usum
3082 3335 3342 3387 exercitus
3388 3334 3692 3386 necessaria

2113 3444 2238 3482 sunt
2268 3444 2330 3482 ex
2351 3445 2482 3497 agro
2508 3435 2680 3481 vestro
2709 3427 2996 3496 percipere,
3024 3427 3194 3490 nullo,
3221 3427 3458 3495 inquam,
3477 3440 3694 3492 prorsus

2115 3528 2258 3574 hoste
2290 3521 2343 3573 in
2389 3535 2521 3590 agro
2553 3527 2796 3574 versante
2818 3562 2832 3584 ,
2875 3517 2994 3585 plus
3027 3533 3158 3572 sane
3198 3518 3502 3570 detrimenti
3541 3532 3700 3587 agro-

2118 3631 2234 3666 rum
2264 3615 2502 3666 dominos
2543 3611 2666 3664 inde
2697 3619 2949 3679 capturos
3003 3611 3267 3672 existimo,
3301 3626 3462 3679 quam
3519 3614 3700 3665 omnia

2118 3705 2217 3760 illa
2265 3715 2455 3770 essent,
2483 3720 2600 3775 qua:
2645 3705 2700 3758 in
2736 3703 3022 3768 superioris
3053 3701 3175 3755 belli
3201 3713 3524 3771 apparatum
3572 3719 3703 3755 con-

2117 3806 2332 3868 sumpta
2385 3797 2626 3864 fuissent.
2688 3793 2840 3860 Quod
2882 3796 2928 3848 si
2957 3795 3153 3848 bellant
3185 3793 3406 3865 aliquod
3467 3795 3564 3847 huc
3616 3795 3706 3847 in-

2121 3893 2344 3963 gruerit,
2409 3899 2634 3962 quanta,
2666 3905 2754 3943 vos
2818 3889 3056 3953 obsecro,
3103 3889 3326 3958 jactura
3369 3904 3450 3942 res
3501 3895 3704 3942 vestras

2124 3987 2364 4054 affectum
2393 3985 2461 4037 iri
2487 3981 2684 4054 putatis
2709 3981 2971 4034 ?-Accedet
2999 3981 3316 4034 contumelia
3347 3991 3396 4034 et
3425 3981 3501 4033 rei
3536 3983 3708 4050 turpi-

2127 4077 2272 4140 tudo,
2306 4094 2464 4143 quam
2493 4092 2644 4130 nemo
2667 4077 2872 4142 sapiens
2907 4074 3015 4126 ullo
3051 4074 3246 4129 damno
3277 4075 3520 4127 leviorem
3545 4079 3710 4127 duxe-

2130 4170 2219 4220 rit.
2251 4167 2456 4235 ltaqne,
2483 4168 2558 4220 his
2589 4168 2829 4220 omnibus
2853 4166 3218 4231 consideratis,
3255 4167 3429 4220 cuncti
3454 4165 3710 4234 opitulari

2133 4269 2180 4312 et
2209 4265 2374 4311 totam
2403 4257 2527 4312 belli
2558 4256 2747 4310 molem
2796 4257 2925 4312 illuc
2963 4267 3264 4312 convertere
3297 4259 3524 4311 debent:
3568 4258 3712 4312 locu-

2130 4347 2372 4415 pletiores
2399 4358 2454 4400 ut
2490 4365 2586 4418 pro
2635 4347 2838 4414 multis,
2876 4365 2993 4418 qua:
3043 4359 3179 4404 recte
3208 4350 3493 4420 possident,
3528 4353 3711 4420 paucis

2133 4442 2383 4512 erogatis,
2414 4441 2629 4511 reliquis
2663 4441 2824 4495 libere
2849 4451 2898 4494 et
2927 4444 3162 4496 securius
3191 4445 3444 4512 fruantur
3461 4459 3480 4506 ;
3494 4445 3714 4511 juvenes

2133 4550 2274 4596 vero,
2306 4543 2364 4586 ut
2417 4536 2492 4587 rei
2553 4533 2800 4588 militaris
2864 4535 3144 4605 disciplina
3199 4537 3254 4590 in
3313 4535 3542 4606 Philippi
3587 4555 3714 4608 agro

447 4617 620 4670 dinem
666 4617 839 4684 “ll-‘3"-
889 4618 1156 4670 Ατσεάηητ
1201 4633 1283 4671 ’τε
1315 4617 1718 4696 Τίιζδδπίοτυηι,
1751 4633 1867 4685 qua?
1906 4635 2022 4671 ειιιη
2061 4627 2346 4696 net-aditi,
2382 4627 2452 4679 ad
2502 4643 2610 4680 rem
2649 4643 2800 4680 suam
2837 4627 3160 4696 familiarem
3193 4627 3508 4682 incolumem
3533 4639 3718 4682 tutan-

445 4723 646 4776 semper
675 4706 854 4774 infida:
873 4709 1110 4762 on-mibus
1139 4721 1333 4762 natura
1356 4709 1573 4778 fuerint,
1607 4712 1836 4766 maxime
1865 4712 2024 4765 veluti

450 4809 623 4863 erant,
653 4816 790 4852 nunc
824 4813 986 4854 etiam
1013 4802 1098 4853 isti
1119 4813 1260 4855 sunt.
1285 4801 1428 4856 Nam
1469 4801 1710 4874 Pagasas
1748 4806 1812 4858 ab
1841 4821 1898 4857 eo
1947 4822 2030 4858 re-

451 4900 623 4960 petere
658 4892 944 4946 decrevisse
987 4895 1256 4956 dicuntur,
1308 4907 1353 4946 et
1395 4893 1725 4964 Magnesiam
1777 4899 2032 4952 inmitibus

453 4982 590 5050 cingi
632 4983 1037 5049 prohibuerunt.
1081 4981 1336 5052 Equidem
1384 5000 1447 5037 ea:
1483 4985 1800 5054 quibusdam
1855 4991 2032 5043 audivi

456 5088 540 5124 eos
577 5088 680 5125 non
704 5071 934 5142 amplius
959 5075 1308 5140 permissuros
1349 5083 1404 5126 ut
1436 5074 1516 5127 vel
1560 5078 1780 5144 portorii
1811 5078 1893 5132 vel
1931 5079 2034 5148 fori

456 5161 690 5214 redditus
717 5163 1014 5233 percipiat;
1066 5180 1184 5218 cum
1227 5167 1426 5218 scilicet
1459 5183 1520 5220 ea:
1553 5170 1616 5220 iis
1659 5169 2034 5238 rempublicam

458 5252 826 5306 Thessalorum
865 5255 1236 5310 administrari
1287 5265 1554 5327 oporteat,
1621 5275 1726 5312 non
1785 5255 2035 5331 Philippo

459 5345 664 5416 aliquid
700 5350 995 5417 provenire.
1028 5349 1224 5414 Quibus
1256 5351 1492 5418 pecuniis
1512 5354 1554 5404 si
1577 5353 1816 5421 priuatus
1851 5353 2036 5423 fuerit,

460 5440 512 5493 in
565 5440 856 5494 maximum
896 5441 1129 5510 profecto
1163 5441 1340 5494 alendi
1384 5443 1644 5514 eaercitus
1681 5445 2040 5514 difficultatem

461 5533 772 5587 adducetur.
823 5533 1061 5603 Denique
1109 5533 1332 5587 Pa'ones
1378 5513 1438 5588 et.
1485 5534 1711 5606 Illyrici,
1763 5553 1824 5590 ac
1865 5553 2043 5591 omnes

462 5623 556 5676 alii
586 5624 946 5693 hujuscemodi
979 5625 1214 5678 homines
1241 5626 1350 5679 suis
1376 5625 1570 5696 legibus
1596 5627 1696 5690 uti,
1727 5627 1782 5680 in
1807 5627 2046 5682 libertate

462 5719 632 5772 vivere
657 5717 900 5774 libentius
937 5736 1100 5789 quam
1128 5723 1326 5774 servire
1367 5719 1498 5774 velle
1530 5723 1862 5775 eaistimandi
1900 5737 2042 5788 sttnt,

464 5811 655 5880 quippe
689 5813 775 5880 qui
800 5827 1075 5880 nunquam
1107 5811 1265 5866 alteri
1306 5829 1498 5880 parere
1537 5825 1936 5868 consueverunt.
1973 5815 2047 5869 Ac

465 5901 555 5954 ille
583 5903 814 5971 quidem,
850 5911 906 5955 ut
931 5905 1103 5966 aiunt,
1135 5904 1289 5958 valde
1343 5889 1751 5958 contumeliosus
1779 5913 1875 5970 est,
1909 5911 2046 5967 quod

738 6003 1009 6062 Ριτηυι..
1055 6005 1144 6063 Gn
1237 6005 1452 6069 CLXI.

2133 4719 2258 4772 dam
2287 4716 2618 4786 formidolosi
2647 4719 2880 4772 custodes
2915 4719 3244 4789 efficiantur;
3286 4719 3508 4790 denique
3539 4731 3718 4774 orato-

2133 4826 2237 4875 res,
2272 4819 2328 4862 ut
2361 4825 2536 4862 rerum
2564 4827 2596 4863 a
2623 4826 2680 4864 se
2702 4819 2971 4880 gestarum
3005 4813 3242 4866 rationes
3263 4811 3478 4882 facilius
3501 4817 3720 4869 reddere

2135 4905 2356 4974 possint.
2396 4903 2584 4968 Qualis
2619 4906 2810 4957 etenim
2867 4905 3026 4974 fuerit
3064 4922 3242 4960 rerum
3271 4919 3565 4961 vestrarum
3595 4925 3722 4962 con-

2136 4995 2286 5060 ditio,
2319 4995 2452 5049 tales
2499 4997 2550 5048 in
2583 5012 2667 5049 eos
2686 4997 2894 5066 judices
2923 4999 3090 5067 futuri
3119 5001 3263 5053 estis.
3300 4999 3549 5054 Omnium
3599 5018 3720 5054 vero

2135 5089 2365 5156 gratiam
2399 5087 2540 5140 vobis
2579 5095 2704 5140 bene
2727 5098 2774 5142 et
2799 5089 3020 5157 feliciter
3044 5093 3246 5146 evenire
3271 5102 3412 5162 opto.

2213 5178 2324 5233 lloc
2355 5188 2460 5245 cst,
2490 5180 2674 5250 inclyti
2715 5180 2878 5236 Italia:
2909 5183 3212 5252 principes,
3245 5191 3444 5243 summi
3492 5193 3638 5245 illius
3658 5209 3723 5246 ac

2142 5269 2535 5338 sapientissimi
2604 5271 2707 5325 viri
2767 5273 3158 5330 Demosthenis
3213 5281 3548 5342 consilium,
3607 5301 3720 5338 non

2131 5363 2380 5414 .alicnutn
2417 5380 2442 5413 ει
2487 5373 2714 5427 nostro;
2756 5365 2872 5418 tunc
2925 5366 3074 5420 illius
3126 5374 3398 5425 sententia
3432 5389 3595 5442 quain
3640 5377 3720 5429 si-

2145 5451 2370 5504 millima
2399 5463 2599 5506 nostra:
2622 5470 2634 5516 ;
2661 5454 2774 5508 hanc
2803 5455 3242 5514 Atheniensibus
3263 5463 3436 5515 solum
3461 5467 3728 5521 πάγει-δας

2148 5541 2458 5610 Philippum
2483 5541 2854 5606 Macedonem,
2877 5545 2969 5598 sed
3009 5549 3264 5602 omnibus
3289 5550 3454 5606 Italia:
3485 5555 3726 5622 populis,

2146 5631 2240 5685 sed
2290 5631 2564 5686 universis
2613 5633 2946 5687 Christianis
2997 5636 3259 5692 adversus
3291 5641 3596 5698 'l‘urcorum
3639 5661 3728 5706 tv-

2151 5738 2408 5785 ratmum,
2468 5735 2672 5778 nostra:
2713 5725 2992 5810 religionis
3051 5731 3578 5791 trnculcnlissimum
3627 5741 3729 5794 lto-

2152 5829 2309 5880 sxcm,
2345 5817 2643 5887 pranlicvrc
2689 5817 2803 5871 huc
2845 5835 3264 5891 proponcrcquc
3320 5827 3554 5883 videtur.
3589 5831 3733 5888 Con-

2154 5909 2344 5964 tlitioni
2384 5912 2668 5980 prmentis
2701 5913 2998 5980 temporis,
3035 5929 3155 5983 qua:
3195 5917 3438 5986 loquitur
3463 5964 3475 5988 ,
3516 5940 3733 5978 λείψω..

3221 6009 3298 6072 22
