4136 6442
449 488 563 551 £75

1440 481 1896 542 ESSARIONIS
1936 482 1998 547 s.
2046 485 2111 545 ιι.
2155 486 2216 549 E.
2266 462 2737 546 CARDINALlS

3602 475 3707 537 675

453 608 668 662 mndata
706 614 833 661 sunt
862 600 1042 655 omnia
1070 640 1085 664 ,
1134 608 1190 653 et
1248 599 1313 653 ad
1366 599 1514 653 hunc
1562 615 1722 669 quem
1754 598 2032 655 cernimus
2056 617 2107 676 Α
2135 617 2296 672 opem
2327 587 2481 657 suam
2516 600 2809 669 implorare
2866 596 3020 660 Nam,
3065 603 3125 649 ut
3159 592 3412 662 praeclare
3446 592 3574 648 alibi
3610 593 3709 649 De-

455 714 637 752 rorum
678 706 879 750 statum
908 691 1136 752 miriiice
1175 690 1469 760 quadram.
1511 690 1821 761 Sequamur
1860 691 2030 762 igitur

454 787 585 841 Ltllii
641 786 741 839 viri
792 783 1107 844 consilium,
1168 780 1261 850 qui
1311 796 1436 841 eum
1471 780 1526 834 in
1558 782 1707 835 ouiui
1763 781 2029 837 doctrina:

452 894 669 947 genere.
689 886 802 930 tum
823 875 902 929 vel
929 874 1166 928 maxime
1195 873 1252 927 iu
1277 872 1457 927 civilis
1475 872 1777 942 disciplina:
1798 873 2030 927 scientia

451 976 553 1024 fuit
582 968 941 1028 exercitatus.
1000 973 1055 1021 et
1103 968 1158 1020 in
1203 964 1512 1020 communis
1545 963 1721 1019 hostis
1749 965 2028 1020 excidium

452 1064 822 1132 insurgamus.
850 1059 1156 1115 Commune
1190 1056 1574 1113 existimemus
1614 1057 1905 1112 imminere
1938 1074 2030 1127 pe-

453 1154 685 1208 riculum
708 1168 724 1217 ;
747 1165 1037 1207 commune
1063 1149 1267 1204 bellum
1286 1149 1669 1219 aggrediamur
1688 1166 1794 1207 non
1815 1150 2030 1220 ignave,

450 1264 557 1300 non
589 1248 755 1308 lente,
784 1258 891 1298 non
912 1257 1094 1314 parce,
1122 1257 1229 1296 non
1259 1251 1320 1295 ut
1341 1240 1480 1304 ﬁeri,
1511 1256 1635 1295 cum
1669 1242 1736 1297 de
1775 1259 1831 1295 re
1852 1243 2029 1297 aliena

450 1347 714 1403 vertatur,
768 1334 1082 1397 consuevit,
1120 1333 1588 1404 quemadmodum
1638 1333 1901 1387 hactenus
1948 1333 2030 1387 fa-

450 1442 598 1483 rtum
629 1439 742 1493 est;
763 1428 855 1482 sed
893 1426 1131 1491 fortiter,
1151 1424 1245 1481 sed
1279 1425 1554 1487 celeriter,
1575 1425 1669 1479 sed
1707 1424 2029 1488 liberaliter,

452 1527 542 1578 sed
588 1532 647 1578 ut
670 1522 783 1577 ﬁeri
815 1522 869 1575 in
901 1519 1126 1591 proprio
1154 1518 1473 1573 discrimine
1512 1532 1630 1571 mos
1654 1526 1759 1573 est.
1796 1517 2030 1571 Tantum

452 1620 684 1685 quisque
733 1616 788 1669 in
846 1613 949 1668 hac
996 1627 1056 1666 re
1098 1610 1366 1675 conferat,
1400 1608 1676 1680 principes
1702 1607 2027 1672 Christiani,

453 1719 720 1776 quantum
788 1721 887 1777 pro
939 1706 1119 1761 salute
1180 1704 1394 1774 imperii
1465 1702 1577 1768 sui,
1634 1705 1889 1771 quotiens
1942 1716 2034 1757 res

453 1800 654 1870 exegit,
695 1814 805 1855 non
831 1797 1103 1853 dubitavit
1141 1795 1447 1858 etl‘imdere,
1498 1804 1555 1849 et
1607 1803 1872 1864 quantum
1904 1793 2033 1848 dili-

453 1893 600 1959 gculi
631 1891 845 1959 ratione
879 1890 1088 1957 habita,
1119 1889 1554 1959 uniuscujusque
1587 1886 1734 1943 vires
1772 1896 1829 1943 et
1863 1887 2033 1943 facul-

457 1997 596 2038 tates
621 1986 925 2054 patiuntur.
958 1981 1077 2037 Non
1109 1982 1273 2036 unius
1302 1980 1602 2036 alteriusve
1650 1980 1741 2035 hic
1764 1996 1903 2051 opus
1923 1993 2028 2037 est.
2062 1964 2106 2019 Β

458 2080 678 2131 Hostem
698 2075 967 2130 habemus
986 2072 1368 2137 fortissimum,
1385 2071 1852 2142 potentissimum,
1878 2088 2032 2128 acer-

460 2173 683 2233 rimum,
716 2167 1027 2229 cervicibus
1072 2164 1272 2220 vestris
1310 2163 1714 2219 imminentem.
1751 2164 1898 2219 Satis
1942 2179 2034 2218 su-

458 2277 663 2332 perque
690 2260 890 2331 negetii
920 2257 1179 2315 omnibus
1208 2255 1372 2313 simul
1396 2256 1523 2312 erit.
1553 2254 1661 2311 Sed
1703 2269 1803 2311 nec
1832 2263 2038 2311 exterae

456 2354 895 2409 illiristianorum
924 2366 1115 2424 gentes
1148 2350 1305 2406 nobis
1339 2349 1594 2416 deerunt,
1647 2349 1777 2405 dum
1819 2365 1923 2405 nos
1958 2350 2037 2403 vi-

457 2450 638 2503 derint
686 2446 851 2503 nobis
885 2446 1019 2516 ipsis
1051 2460 1162 2501 non
1191 2445 1403 2500 deesse.
1439 2441 1711 2505 Aderunt,
1746 2441 2033 2508 favebunt,

458 2540 738 2610 suppetias
770 2538 967 2594 ferent.
983 2537 1175 2607 Neque
1202 2552 1302 2593 nos
1332 2535 1551 2609 deseret
1565 2533 1817 2591 Salvator
1844 2543 2038 2589 noster

455 2633 711 2687 Christus
758 2632 936 2697 Jesus,
987 2631 1084 2686 sed
1136 2630 1325 2686 audiet
1375 2643 1479 2685 nos
1522 2636 1687 2699 atque
1735 2625 2035 2693 exaudiet,

464 2724 626 2780 modo
658 2740 759 2779 nos
795 2723 994 2778 viderit
1028 2723 1191 2793 digne
1228 2736 1314 2788 ea,
1346 2734 1471 2791 qua)
1503 2718 1721 2787 decent,
1748 2717 2033 2788 facientes,

467 2860 787 2874 ...β-

2135 693 2452 749 ntoslbencs
2482 678 2682 762 inquit,
2732 703 2839 745 non
2883 685 3046 741 modo
3070 685 3241 749 Dens,
3272 684 3365 740 sed
3410 699 3477 739 ne
3502 683 3711 739 amicus

2133 787 2360 856 quidem
2396 785 2673 853 rogandus
2708 790 2815 845 est,
2849 787 2902 834 ut
2949 777 3270 834 dormitanti
3306 775 3563 846 cuiquam
3617 784 3713 829 aut

2133 879 2308 935 desEdi
2363 876 2620 950 praesidio
2653 875 2746 930 sit.
2793 874 3093 929 Enimvero
3126 870 3171 927 si
3209 869 3348 936 hate,
3393 884 3517 941 qua:
3568 868 3712 925 dixi-

2135 987 2277 1037 mus,
2314 971 2598 1032 faciemus,
2649 984 2760 1023 non
2808 965 2973 1021 modo
3021 964 3187 1019 tutari
3221 978 3341 1033 qua:
3391 970 3711 1031 supersunt.

2136 1061 2230 1116 sed
2293 1061 2458 1115 etiam
2505 1074 2628 1129 quae
2675 1056 2887 1129 perdita
2942 1065 3072 1111 sunt
3125 1067 3454 1123 recuperare
3500 1053 3713 1107 etelesti

2134 1150 2393 1221 prazsidio
2426 1148 2749 1220 poterimus.
2777 1145 3035 1216 Alioquin
3067 1157 3263 1215 magno
3292 1141 3600 1197 discrimini
3628 1157 3717 1196 res

2136 1243 2351 1298 ltalicas
2388 1255 2751 1312 exponemus.
2784 1238 2850 1291 Et
2876 1247 2934 1294 ut
2968 1251 3094 1292 cum
3128 1250 3191 1291 ea
3225 1233 3557 1306 disiunctiva
3587 1249 3717 1288 ora-

2137 1337 2339 1391 tionem
2373 1336 2683 1398 terminem,
2715 1348 2823 1404 qua
2855 1330 3238 1402 superioribus
3282 1328 3499 1394 diebus,
3529 1325 3715 1381 audita

2137 1439 2251 1483 tum
2300 1428 2536 1500 primum
2569 1425 2849 1482 Chalcidis
2900 1424 3187 1479 obsidione
3220 1422 3276 1476 in
3317 1418 3601 1492 pontiﬁcio
3630 1433 3716 1475 se-

2136 1531 2267 1576 natu
2299 1536 2429 1574 usus
2460 1518 2563 1584 fui,
2621 1526 2680 1572 ut
2718 1518 2899 1572 onmis
2938 1515 3111 1582 italia,
3149 1512 3472 1584 compositis
3507 1525 3572 1565 ac
3622 1526 3719 1578 pa-

2135 1613 2273 1667 catis
2300 1612 2486 1678 rebus,
2528 1621 2585 1665 et
2615 1610 2765 1665 omni
2816 1609 3098 1663 simultate
3152 1606 3428 1677 deposita,
3470 1603 3715 1658 omnium

2135 1704 2350 1759 viribus
2402 1704 2455 1757 in
2506 1717 2673 1757 unum
2733 1701 2970 1766 collatis,
3020 1700 3133 1755 Deo
3177 1698 3308 1768 Opt.
3360 1697 3502 1751 Max.
3553 1695 3715 1755 duce,

2136 1796 2441 1850 Turcorum
2479 1794 2623 1849 vires
2673 1801 2928 1849 conteret
2986 1800 3151 1860 atque
3205 1790 3501 1860 iniringet;
3545 1794 3640 1841 aut
3671 1787 3716 1840 si

2136 1886 2285 1957 quod
2315 1884 2691 1957 duodeviginti
2713 1885 2826 1954 jam
2848 1885 3007 1939 annis
3025 1893 3149 1954 post
3164 1881 3409 1954 Byzantii
3440 1878 3717 1941 excidium

2134 1979 2340 2046 experti
2390 1991 2603 2042 sumus,
2648 1974 2901 2030 inanibus
2928 1974 3194 2029 duntaxat
3241 1970 3428 2026 verbis
3463 1986 3527 2024 ac
3565 1968 3723 2023 vanis

2136 2067 2997 2141 pollicitationibusﬁacabimus,
3024 2065 3181 2122 brevi
3211 2063 3718 2135 temporeuniversa

2135 2162 2408 2217 ltalia.....
2434 2163 2528 2217 sed
2559 2175 2851 2231 compesco
2881 2158 3163 2223 labellum,
3188 2172 3292 2213 nec
3316 2156 3366 2210 id
3390 2155 3719 2225 exprimam,

2138 2255 2284 2326 quod
2332 2255 2524 2310 auditu
2557 2269 2780 2326 quoque
2806 2254 2988 2308 dirum
3018 2260 3183 2322 atque
3215 2249 3486 2306 horribile
3516 2260 3624 2302 est.

2210 2347 2390 2415 Quare
2423 2357 2484 2404 ut
2516 2347 2837 2419 gravissima
2873 2344 3214 2403 declinemus
3244 2343 3507 2415 pericula,
3553 2350 3720 2413 atque

2142 2452 2386 2515 optatam
2408 2441 2694 2498 victoriam
2722 2456 3154 2512 consequamur,
3186 2454 3286 2498 vos
3315 2452 3529 2504 omnes,
3565 2436 3723 2508 prin-

2141 2535 2295 2605 cipes
2343 2534 2641 2605 populique
2684 2533 3006 2599 Christiani,
3038 2533 3276 2589 ut‘omni
3328 2531 3397 2588 ad
3450 2530 3506 2587 id
3539 2528 3725 2586 studio

2144 2628 2498 2695 incumbatis,
2530 2628 2755 2699 quantis
2782 2627 3034 2684 maximis
3060 2641 3287 2697 possunt
3327 2624 3607 2697 precibus,
3626 2636 3728 2680 oro

2144 2728 2311 2789 atque
2332 2719 2577 2775 obtestor
2610 2720 2709 2789 (1).

430 3029 1724 3191 .BESSARIONIS
1812 3031 1974 3188 S.
2050 3036 2230 3186 Β.
2310 3032 2498 3184 Ε.
2573 3029 3723 3187 CARDINALIS

1699 3325 2492 3441 EPISTOL/E.
3675 3332 3692 3346 “

704 3519 731 3539 Ι

465 3813 819 3875 .b‘mariouis,
846 3811 1073 3881 episcopi
1124 3808 1333 3881 Sabini,
1384 3809 1680 3865 cardiuolis
1728 3809 1934 3867 Νειτωηὶ
1978 3828 2043 3866 ac

532 3884 858 3954 patriarcha:
889 3880 1493 3954 Conatantinopolitani,
1528 3883 1599 3954 at!
1637 3881 1869 3954 Paulum
1910 3898 2043 3953 pon-

530 3949 729 4023 ii/it'em
760 3953 1079 4019 maximum,
1110 3953 1177 4006 de
1206 3949 1388 4006 errore
1418 3949 1697 4007 Pascltatis
1731 3952 1835 4023 (Ξ).

534 4072 655 4126 Non
689 4068 919 4126 dubium
966 4076 1072 4132 est,
1110 4066 1430 4122 beatissime
1464 4067 1648 4129 Pater,
1697 4067 1751 4122 in
1788 4080 2043 4122 resurre-

461 4163 665 4219 ctimtis
710 4161 978 4217 Paschate
1041 4158 1381 4216 celebrando
1442 4174 1691 4215 errorem
1742 4157 2043 4229 aliquando

462 4249 733 4308 committi
775 4267 789 4304 :
838 4264 1236 4319 nonnunquam
1265 4258 1388 4304 octo
1430 4247 1670 4313 dierum,
1697 4254 2044 4318 quandoque

469 4345 634 4398 unius
672 4340 885 4397 mensis
922 4350 978 4397 et
1011 4341 1269 4412 amplius,
1303 4352 1365 4396 ut
1403 4340 1511 4396 hoc
1552 4357 1697 4396 anno
1744 4341 1878 4397 1470
1910 4356 2044 4397 eve-

462 4434 617 4502 niet;
670 4434 775 4490 hoc
826 4444 1007 4491 tamen
1065 4449 1193 4490 raro
1250 4434 1474 4490 accidit.
1511 4434 1732 4490 Duabus
1763 4435 1832 4490 de
1862 4434 2047 4490 causis

460 4544 617 4583 error
662 4527 920 4595 exsistit;
977 4527 1151 4583 altera
1199 4543 1268 4583 ex
1322 4527 1720 4592 lunationibus,
1755 4528 1928 4583 altera
1974 4527 2045 4583 ab

460 4622 816 4692 acquinoctio.
851 4617 986 4673 Nam
1032 4620 1217 4693 sancti,
1253 4619 1449 4677 Patres
1491 4621 1671 4676 nostri
1703 4620 1912 4676 Pascha
1948 4636 2047 4674 no-

460 4723 639 4767 strum
664 4711 935 4768 celebrari
960 4712 1254 4789 voluerunt
1278 4714 1475 4782 primo,
1505 4721 1632 4782 post
1649 4712 2043 4782 arquiuoctium

461 4800 632 4867 veris,
666 4800 934 4863 secundo,
965 4801 1646 4871 postquartumdecimum
1676 4802 1823 4857 diem
1857 4802 2046 4872 prima:

464 4895 608 4948 luna:
643 4902 763 4964 post
794 4892 1194 4963 aequinoctium
1244 4896 1469 4949 vernale
1498 4910 1513 4961 ;
1552 4895 1739 4959 tertio,
1775 4908 1885 4950 non
1917 4910 2044 4950 cum

452 4984 709 5051 Judaeis;
768 4993 1004 5056 quarto,
1059 4985 1149 5041 die
1206 4986 1494 5042 Dominico
1551 4996 1675 5057 post
1727 4987 2042 5044 Judaeorum

416 5078 701 5155 \Pascha.
749 5078 883 5146 Qua:
923 5080 1109 5135 omnia
1162 5089 1222 5134 ut
1252 5080 1355 5135 rite
1413 5093 1706 5135 serventur
1745 5091 2047 5153 apertaque

452 5174 575 5227 ‘sint
628 5182 685 5228 et
734 5174 955 5244 cognita
1011 5173 1096 5227 vel
1142 5172 1208 5227 iis
1237 5172 1331 5247 qui
1372 5173 1618 5227 scientiae
1657 5176 2046 5230 astronomicaa

461 5282 574 5322 non
605 5275 737 5322 sunt
776 5267 963 5338 periti,
993 5265 1235 5323 tabulam
1274 5264 1595 5335 quamdam,
1627 5268 1744 5321 sive
1775 5282 2045 5322 canouem

462 5358 778 5425 ediderunt,
825 5358 881 5413 in
926 5372 1038 5428 quo
1069 5356 1303 5429 singulis
1346 5356 1509 5411 annis
1562 5357 1840 5426 reperitur
1867 5359 2048 5426 prima

536 5480 612 5547 (ι)
646 5478 959 5548 Descriptor
985 5476 1103 5533 haec
1134 5476 1367 5532 addidit.

604 5571 817 5636 Lector,
843 5571 1106 5637 judicium
1142 5587 1317 5625 meum
1346 5572 1593 5643 requiris.

606 5643 698 5697 ilic
728 5643 1073 5696 Demosthene
1102 5657 1208 5696 non
1255 5645 1448 5708 minor,
1489 5642 1698 5696 Latinis

614 5714 770 5764 (laud
806 5725 879 5765 est
907 5713 1147 5782 inferior.
1176 5710 1315 5777 Quid
1345 5716 1501 5782 ipse?
1535 5712 1686 5778 Quod
1720 5725 1796 5765 tu.

618 5782 771 5834 Vivat
799 5782 1075 5852 Nestoreae
1096 5785 1223 5845 dies,
1251 5798 1525 5851 rogamus.

533 5876 603 5937 (ﬂ)
632 5872 845 5935 Zarelti,
887 5876 1002 5923 Cata
1028 5888 1108 5937 eg.
1145 5874 1376 5924 biblioth.
1425 5877 1475 5925 S.
1514 5873 1660 5923 Marci
1700 5874 1903 5934 Venet,
1938 5888 1988 5937 p.
2021 5874 2127 5924 196.

2073 3711 2117 3769 ο
2153 3712 2277 3772 post
2324 3701 2718 3771 atquinoctium
2756 3701 3034 3771 oppositio
3066 3702 3301 3769 lunaris,
3338 3718 3451 3775 quo
3483 3712 3731 3775 tempore

2148 3796 2317 3852 debet
2344 3811 2466 3851 esse
2501 3796 2710 3852 Pascha
2747 3795 3089 3860 Iudaeorum,
3140 3811 3205 3851 ac
3250 3796 3369 3853 dies
3413 3800 3733 3868 septimana:

2150 3890 2206 3945 in
2244 3904 2407 3959 quem
2458 3889 2607 3943 cadit
2652 3889 2920 3960 ejusmodi
2967 3890 3112 3944 lunaa
3142 3890 3438 3960 oppositio,
3471 3906 3536 3946 ac
3568 3890 3728 3947 dein-

2147 3995 2280 4050 ceps
2324 3980 2445 4035 dies
2478 3978 2820 4046 Dominicus,
2869 3996 2981 4051 quo
3025 3980 3238 4037 Pascha
3291 3990 3541 4038 nostrum
3590 3982 3736 4038 cele-

2149 4072 2296 4127 brari
2339 4080 2578 4143 oportet,
2620 4072 2768 4144 quod
2807 4088 2908 4129 usu
2952 4073 3141 4129 evenit
3176 4088 3276 4144 per
3312 4074 3731 4131 calculationem

2150 4158 2217 4213 19
2269 4174 2543 4213 annorum
2596 4160 2919 4228 lunarium;
2971 4163 3187 4217 veteres
3246 4178 3374 4219 nam
3422 4165 3731 4220 astronomi

2150 4252 2337 4306 lunam
2362 4251 2429 4307 l9
2460 4267 2736 4307 annorum
2762 4254 2942 4321 spatio
2969 4254 3037 4310 ad
3071 4253 3216 4309 idem
3245 4256 3461 4327 signum
3492 4257 3734 4313 circum-

2151 4345 2258 4416 agi,
2326 4346 2472 4400 unde
2520 4346 2759 4417 incepit,
2793 4347 3199 4403 existimarunt.
3238 4348 3440 4405 Nititur
3471 4360 3736 4421 praztcrea

2152 4437 2268 4492 haec
2294 4437 2479 4492 tabula
2507 4438 2770 4508 opinione
2800 4438 2890 4492 illa
2917 4438 2985 4492 de
3013 4439 3370 4507 aequinoctio,
3400 4441 3547 4510 quod
3580 4440 3735 4495 scili—

2150 4539 2239 4585 cet
2279 4531 2505 4587 vernale
2540 4530 2931 4601 aequinoctium
2973 4530 3080 4585 300
3127 4547 3401 4586 annorum
3438 4533 3730 4586 intervallo

2148 4622 2346 4677 eodem
2381 4623 2472 4677 die
2503 4620 2713 4678 mensis
2746 4621 2925 4678 Martii
2951 4624 3067 4677 ﬁeri
3100 4622 3472 4691 contingeret,
3494 4636 3730 4692 quorum

2151 4725 2409 4769 neutrum
2437 4730 2629 4770 verum
2660 4724 2768 4770 est.
2795 4714 2909 4770 Nec
2935 4723 3117 4769 tamen
3149 4711 3487 4780 mirandum,
3512 4712 3559 4769 si
3594 4712 3749 4785 tanti

2151 4808 2255 4863 viri
2296 4807 2353 4861 in
2386 4807 2728 4881 ejuscemodi
2759 4820 2818 4862 re
2858 4806 2998 4876 lapsi
3027 4815 3156 4860 sunt
3183 4822 3197 4873 ;
3238 4820 3366 4860 nam
3392 4814 3449 4861 et
3474 4806 3520 4861 si
3552 4815 3733 4860 astro-

2152 4904 2300 4958 nomi
2355 4912 2572 4959 veteres
2630 4918 2753 4959 eam
2799 4903 3090 4958 scientiam
3152 4904 3362 4973 Optime
3424 4901 3728 4967 tenuerint,

2156 5007 2336 5049 tamen
2368 5011 2477 5049 non
2505 5000 2810 5067 attigerunt
2843 4996 3132 5051 veritatem
3164 5009 3384 5051 omnem
3416 5004 3601 5049 motus
3621 5006 3735 5049 cat-

2080 5053 2126 5110 υ
2153 5087 2331 5149 lestis,
2366 5102 2473 5141 non
2506 5053 2856 5158 suavquidem
2888 5088 3203 5158 ignorantia
3228 5087 3470 5158 decepti,
3501 5088 3600 5142 sed
3640 5102 3734 5142 re-

2157 5194 2274 5231 rum
2304 5178 2612 5234 cmlestium
2650 5188 2842 5233 natura
2872 5179 3139 5249 superati.
3168 5177 3525 5234 Astronomia
3559 5175 3733 5237 enim,

2152 5283 2278 5323 cum
2310 5285 2421 5324 non
2464 5271 2632 5341 plane
2667 5271 2955 5326 veritatem
2992 5281 3344 5341 assequatur,
3377 5269 3475 5325 sed
3507 5267 3738 5339 propius

2155 5361 2402 5429 accedat,
2432 5371 2491 5416 ut
2520 5361 2832 5433 philosophi
2861 5360 3160 5427 atiirmaut,
3195 5373 3306 5432 quo
3337 5358 3524 5430 plures
3545 5356 3740 5415 obser-
