4136 6414
389 493 490 556 ϐἲἸ

1807 484 2210 547 ΕΙ³Ι;π’Ῑἰ,)ἱ,.ῐ⁷,

3531 495 3637 560 ἢτὲ

385 611 640 662 vationcs
672 602 978 658 rtelestium
1015 611 1262 655 motuum
1309 600 1714 668 complet-titur.
1749 617 1814 654 eo
1847 617 1956 653 n.a—
1991 611 2030 664 Α
2061 613 2120 655 et
2157 603 2446 656 honestum
2489 614 2572 657 est
2635 605 2690 658 Si
2723 621 2852 658 vero
2889 607 3210 672 tantabltur,
3241 609 3315 662 illi
3356 627 3460 664 non
3497 620 3632 665 rvet-

383 703 470 771 εἰς
506 715 604 769 per
651 699 866 751 illorqu
902 697 1370 764 comparationem
1413 693 1478 744 ad
1521 693 1806 747 veritatem
1844 705 1957 748 ten-

383 794 500 853 dit;
532 807 636 860 qua
671 789 738 843 de
781 803 944 841 causa
995 784 1196 853 posteri
1251 786 1482 853 prepius
1515 799 1735 851 semper
1765 799 1950 838 acces-

385 891 594 944 serunt,
618 895 742 934 cum
761 880 946 947 plures
962 877 1259 931 habuerint
1277 875 1716 928 observationes.
1742 872 1951 927 Etenim

387 974 730 1036 Ptolemaeus,
758 979 1036 1022 astrorum
1087 965 1320 1020 scientia
1374 965 1806 1026 eruditissimus,
1859 965 1950 1032 qui

381 1063 593 1130 primus
625 1075 744 1114 eam
792 1055 1045 1112 absolute
1073 1056 1320 1122 tradidit,
1349 1069 1544 1124 augent
1585 1054 1718 1110 solis
1753 1055 1952 1108 immo-

379 1152 544 1206 bilem
572 1165 690 1204 esse
719 1149 950 1216 putavit.
973 1161 1138 1216 quem
1165 1157 1349 1200 tamen
1381 1144 1718 1214 posteriores
1741 1145 1948 1197 movmi

377 1244 660 1303 sentiunt,
715 1239 884 1294 veluti
939 1238 1155 1307 sphaera
1219 1253 1327 1292 non
1383 1237 1616 1291 erratica
1675 1245 1948 1299 movetur,

377 1334 526 1403 quod
565 1348 754 1386 verum
789 1337 896 1386 est.
930 1329 1190 1384 Earndem
1225 1340 1492 1416 prmterea
1523 1329 1794 1399 sphaeram
1831 1329 1952 1384 Ριιε-

375 1427 602 1480 leuraeus
627 1441 737 1478 uno
754 1424 924 1492 gradu
952 1423 1155 1478 moveri
1184 1424 1258 1477 ait
1285 1425 1444 1478 annis
1468 1433 1686 1478 centum
1712 1423 1781 1478 ab
1805 1425 1952 1478 occi-

377 1517 542 1569 dente
585 1515 638 1568 in
674 1517 974 1574 orientem;
1027 1514 1360 1582 posteriores
1399 1531 1533 1570 vero
1571 1515 1944 1584 paucioribus.

378 1607 522 1660 Idem
548 1617 594 1661 et
628 1609 682 1659 in
707 1622 761 1660 re
783 1607 850 1661 de
871 1623 976 1676 qua
1005 1607 1214 1677 agitur;
1245 1610 1501 1676 quamvis
1526 1609 1734 1678 antiqui
1759 1608 1945 1662 lunam

377 1700 728 1768 incipientem
753 1701 932 1769 primo
951 1716 1122 1764 anno,
1146 1701 1296 1756 verbi
1313 1703 1508 1772 gratia,
1527 1719 1554 1755 a
1580 1706 1754 1771 primo
1777 1707 1944 1772 gradu

374 1793 600 1856 Arietis;
660 1803 846 1862 postea
898 1793 1115 1862 expleto
1157 1794 1222 1850 19
1257 1809 1406 1849 anno
1455 1795 1650 1850 iterum
1692 1797 1758 1848 ad
1799 1797 1944 1851 idem

373 1887 586 1956 signum
621 1887 820 1946 reverti
856 1889 1208 1954 putaverint;
1241 1903 1348 1942 non
1382 1897 1557 1942 tamen
1607 1903 1794 1943 verum
1821 1899 1938 1953 est;

372 1991 496 2030 nam
543 1979 611 2030 76
654 1993 800 2032 anno
852 1977 1028 2032 deerit
1063 1979 1116 2032 ei
1167 1995 1272 2033 una
1309 1981 1537 2035 omnino
1586 1992 1778 2050 quarta
1813 1997 1942 2050 pars

370 2069 482 2125 diei
517 2070 581 2122 ad
617 2069 762 2124 idem
809 2069 1144 2140 principium
1195 2071 1597 2141 attingi-nilum,
1635 2073 1708 2126 ita
1743 2082 1802 2126 ut
1837 2072 1943 2126 503

372 2161 531 2214 annis
565 2163 728 2214 unius
772 2159 880 2215 diei
931 2161 1112 2230 Spatio
1167 2161 1240 2217 sit
1273 2162 1567 2228 adfutura;
1607 2164 1730 2218 inde
1775 2167 1940 2220 nimi-

371 2269 490 2306 rum
521 2268 680 2306 error
717 2256 956 2308 manavit
999 2254 1068 2308 de
1105 2254 1370 2310 Paschate
1405 2269 1594 2310 nostro
1626 2273 1724 2326 per
1768 2268 1937 2311 totam

371 2359 761 2412 nonnunquam
815 2348 1202 2416 septimanam.
1257 2347 1508 2401 Facimus
1559 2365 1682 2401 nam
1733 2349 1938 2403 Pascha

377 2451 484 2488 una
515 2437 818 2505 septimana
846 2438 1078 2502 tardius,
1125 2455 1232 2510 qua
1271 2439 1322 2492 in
1362 2454 1420 2493 re
1446 2455 1606 2494 error
1637 2455 1719 2494 est
1749 2443 1839 2511 qui
1873 2458 1936 2496 ex

369 2543 540 2580 aureo
576 2543 804 2583 numero
841 2529 1128 2599 provenit;
1163 2545 1288 2584 nam
1329 2531 1642 2587 lunationes
1689 2534 1824 2586 istas
1851 2551 1939 2589 se-

369 2621 579 2687 quitur.
615 2617 694 2674 Ad
729 2620 842 2674 haec
873 2635 975 2677 nos
1005 2624 1220 2692 agimus
1246 2637 1453 2676 annum
1493 2627 1796 2678 secundum
1833 2625 1940 2677 Ro-

371 2727 656 2764 manorum
720 2715 1180 2770 consuetudinem
1235 2715 1452 2770 dierum
1661 2735 1725 2771 ae
1773 2721 1939 2773 unius

366 2806 590 2875 quarti;
625 2807 696 2860 ita
758 2819 816 2861 ut
865 2819 1103 2878 quartus
1154 2825 1334 2866 annus
1389 2826 1608 2882 semper
1653 2812 1772 2867 dies
1834 2813 1937 2868 5!.6

366 2899 837 2967 comprehendat;
877 2901 1021 2955 unde
1055 2901 1328 2959 bissextus
1361 2905 1678 2971 deducitur,
1714 2915 1770 2962 et
1807 2891 1935 2962 inde

364 2990 558 3044 solaris
595 3005 794 3058 annus,
837 3007 901 3048 ac
929 3008 1096 3072 verus
1125 3009 1234 3049 non
1269 2996 1340 3050 sit
1381 3005 1587 3064 tantus,
1633 3000 1727 3054 sed
1764 3002 1936 3070 major

364 3080 470 3136 500
501 3081 582 3136 γυ]
627 3082 732 3136 ⁸200
776 3084 940 3139 unius
985 3079 1098 3141 diei
1141 3096 1334 3157 parte;
1383 3099 1673 3158 propterea
1717 3089 1800 3145 vel
1832 3093 1935 3146 δυο

365 3189 586 3244 quoque
615 3191 782 3238 anno,
827 3177 912 3232 vel
961 3176 1090 3242 9.00,
1139 3187 1197 3233 ut
1238 3179 1491 3250 juniores
1531 3183 1744 3236 acutius
1775 3183 1934 3238 intel-

361 3266 633 3336 lexerunt,
669 3269 1059 3340 aequinoctium
1090 3287 1198 3326 uno
1229 3271 1317 3326 die
1355 3275 1681 3340 retrocedit;
1725 3291 1789 3330 ex
1821 3293 1932 3346 quo
1957 3287 2002 3349 ρ
2041 3295 2123 3346 ..ω
2166 3293 2395 3352 paulum
2433 3297 2492 3353 η
2543 3295 2698 3357 p0,,“-

363 3361 548 3416 evenit
597 3371 659 3416 ut
703 3363 753 3416 in
789 3361 1054 3417 Paschate
1085 3375 1272 3418 nostro
1303 3379 1462 3418 error
1506 3365 1578 3420 sit
1617 3366 1792 3422 'unius
1833 3368 1933 3421 ali-

360 3452 580 3521 quando
612 3456 815 3508 mensis
839 3464 894 3509 et
926 3456 1183 3526 amplius,
1215 3471 1281 3511 ac
1313 3473 1500 3513 mense
1534 3471 1656 3526 post
1686 3461 1933 3516 celebre-

364 3559 487 3596 mus
517 3544 724 3599 Pascha
749 3561 912 3615 quam
945 3547 1294 3614 deberemus,
1326 3551 1793 3618 quemadmodum
1827 3553 1932 3607 hoc

362 3647 529 3698 anno,
587 3635 639 3688 id
691 3643 874 3692 tamen
923 3653 1050 3693 raro
1093 3640 1322 3695 accidit.
1357 3643 1536 3706 Quare
1575 3643 1797 3712 planum
1851 3653 1934 3702 cat

361 3725 514 3778 aurei
542 3728 753 3782 numeri
789 3735 855 3783 a‘e
896 3727 1240 3785 lunationum
1279 3733 1510 3787 istorum
1550 3734 1618 3788 t9
1657 3749 1930 3790 annorum

361 3823 603 3870 veterem
681 3833 746 3872 ac
809 3830 1128 3890 perpetuam
1194 3822 1638 3880 observationem
1709 3839 1932 3882 causam

361 3923 482 3964 esse
517 3909 683 3981 hujus
733 3911 1023 3968 inveterati
1071 3916 1310 3980 erroris;
1363 3917 1572 3971 idcirco
1619 3918 1688 3972 ab
1735 3920 1824 3980 iis.
1874 3928 1932 3974 et

358 4019 551 4060 eorum
579 4005 664 4061 via
700 4021 764 4061 ac
795 4007 984 4078 regula
1012 4007 1432 4064 discedendum.
1469 4011 1538 4064 At
1565 4011 1609 4064 si
1646 4013 1770 4082 quis
1805 4013 1932 4068 huic

362 4098 440 4152 rei
473 4109 600 4168 apte
629 4101 924 4155 consulere
955 4101 1106 4169 velit,
1139 4112 1356 4170 oportet
1390 4115 1448 4156 ut
1477 4103 1715 4158 ealeulet
1746 4105 1934 4159 denuo

359 4189 492 4244 istas
524 4191 854 4255 lunationes,
889 4207 1194 4262 novamque
1232 4193 1470 4248 tabulam
1520 4194 1799 4250 conﬁciat.
1835 4213 1930 4264 per

359 4297 520 4352 quam
551 4298 706 4352 teque
740 4282 886 4337 docti
917 4291 1082 4353 atque
1111 4284 1314 4338 indocti
1351 4285 1560 4339 Pascha
1607 4285 1930 4354 reperiant;

358 4375 454 4430 sed
485 4391 594 4428 non
629 4375 724 4428 diu
753 4375 860 4430 erit
903 4376 1076 4430 utilis.
1115 4375 1246 4430 Nam
1282 4386 1402 4446 post
1436 4391 1638 4430 annum
1667 4377 1770 4450 500
1804 4391 1930 4431 rur-

358 4485 452 4524 sus
489 4486 596 4525 uno
621 4471 712 4525 die
743 4470 971 4535 errabit,
999 4477 1056 4525 et
1083 4470 1278 4524 eodem
1311 4471 1474 4524 modo
1499 4471 1782 4540 deinceps.
1817 4471 1932 4526 Erit

359 4574 624 4632 praeterea
666 4561 960 4616 admodum
1012 4561 1253 4624 dilﬁcile.
1287 4572 1348 4615 ut
1395 4561 1724 4618 Christianis
1754 4565 1930 4616 omni-

2063 695 2237 763 pient,
2281 707 2336 751 et
2389 707 2652 766 sequetur
2704 701 2979 763 confusio,
3022 710 3100 757 ut.
3142 702 3265 754 aliis
3304 701 3635 760 Christianis

2055 786 2450 855 jejunantibus,
2481 789 2571 842 alii
2607 790 2956 853 paschalibus
2999 791 3211 858 gaudiis
3265 793 3582 863 indulgeant
3615 816 3630 859 ;

2057 893 2122 930 ac
2153 877 2426 942 homines,
2479 881 2580 932 etsi
2637 897 2741 932 non
2796 882 3052 934 catholici
3095 899 3308 946 omnes.
3362 897 3540 939 tanien
3601 905 3631 940 ιι

2056 963 2280 1018 Christo
2313 967 2524 1019 nomini
2569 970 2826 1035 appellati
2863 971 3028 1024 variis
3061 973 3258 1027 diebus
3297 975 3504 1029 Pascha
3538 992 3630 1030 cv-

2055 1053 2292 1108 lebrent.
2315 1055 2571 1110 Mandare
2599 1069 2881 1126 praeterea,
2915 1070 2970 1112 ut
2993 1061 3291 1116 Christiani
3317 1065 3631 1120 lunationes

2057 1154 2382 1212 sequantur,
2452 1161 2516 1200 ac
2552 1153 2732 1216 primo
2795 1153 2882 1203 die
2914 1150 3198 1204 Dominico
3229 1164 3351 1221 post
3397 1157 3627 1222 primatu

2055 1235 2452 1302 oppositionem
2487 1235 2649 1300 lume,
2687 1237 2880 1291 factam
2915 1247 3036 1308 post
3079 1242 3466 1310 aequinoctium
3503 1259 3628 1298 ver-

2055 1328 2194 1391 nale,
2233 1326 2438 1380 Paseha
2484 1327 2706 1393 faciant,
2739 1329 2957 1384 ditlicile
2989 1331 3136 1398 erit;
3183 1336 3486 1401 praesertim
3539 1351 3629 1390 re-

2055 1430 2178 1468 rum
2207 1415 2512 1472 ccelestium
2549 1419 2746 1489 ignari.
2780 1421 3040 1487 Quisnam
3075 1423 3128 1476 in
3167 1425 3304 1478 vicis
3337 1428 3628 1495 parvisque

2051 1507 2290 1575 oppidis,
2341 1509 2431 1563 ubi
2479 1526 2588 1563 non
2642 1509 2730 1566 est
2781 1513 3074 1568 doctorum
3123 1516 3410 1569 hominum
3445 1522 3626 1586 copia,

2051 1599 2194 1652 scire
2231 1611 2416 1666 posset
2448 1602 2668 1669 quando
2699 1605 2806 1658 erit
2835 1607 3181 1662 novilunium
3209 1608 3232 1661 ?
3261 1609 3482 1678 quando
3529 1627 3627 1680 op-

2053 1687 2296 1754 positio?
2339 1693 2448 1743 Aut
2499 1693 2632 1760 quid
2667 1693 2938 1750 ditlicilius
2973 1707 3149 1752 estet
3191 1701 3364 1769 magis
3409 1703 3626 1754 varium

2059 1777 2280 1843 quando
2311 1779 2384 1832 sit
2417 1784 2854 1850 atquiuoctium?
2895 1786 3176 1842 Errabunt
3207 1805 3397 1844 omnes
3427 1800 3482 1844 et
3505 1791 3625 1845 dis-

2048 1873 2305 1928 sentient.
2339 1876 2604 1934 Pneterea
2635 1882 2724 1936 hic
2747 1898 2904 1938 error
2931 1887 3068 1940 nihil
3111 1888 3238 1942 mali
3271 1889 3465 1955 aﬂ‘ert;
3499 1903 3622 1944 cum

1980 1955 2018 2008 Β
2045 1967 2190 2018 cnim
2223 1967 2272 2019 iu
2297 1968 2561 2027 Pasehate
2583 1975 2917 2033 celebrando
2940 1987 3174 2048 quatuor
3195 1981 3309 2035 sint
3331 1983 3620 2043 servanda,

2047 2067 2104 2110 ut
2132 2059 2340 2114 dictum
2379 2075 2464 2120 est
2493 2081 2506 2116 :
2551 2077 2607 2120 ut
2640 2069 2732 2122 tiat
2773 2082 2898 2138 post
2927 2073 3322 2142 aequinoctium
3358 2077 3618 2142 vernale;

2047 2159 2168 2216 post
2201 2151 2440 2218 primum
2471 2155 2832 2225 plenilunium
2869 2171 2996 2228 post
3043 2163 3149 2216 tale
3177 2167 3577 2234 :equinoctlnm
3607 2189 3618 2224 ι

2050 2255 2154 2293 ιιοιι
2187 2255 2308 2295 cum
2339 2243 2543 2298 ,ἰαύει-ῖς
2569 2263 2585 2314 ;
2611 2247 2698 2302 die
2723 2249 3007 2308 Dominico
3029 2263 3153 2322 post
3175 2255 3378 2309 Pascha
3406 2255 3619 2310 Judaei-

2044 2347 2188 2386 rum.
2220 2332 2412 2389 Omnia
2449 2338 2582 2400 luce,
2628 2350 2720 2394 aut
2759 2352 2908 2398 certe
2939 2347 3112 2414 magis
3159 2353 3468 2402 necessaria
3522 2366 3617 2418 per

2045 2424 2192 2480 hanc
2227 2427 2468 2482 tabulam
2495 2443 2809 2500 servantur,
2837 2444 2891 2490 et
2920 2439 3170 2502 quamvis
3199 2453 3449 2494 erremus
3475 2443 3618 2496 cele-

2043 2515 2252 2570 brando
2293 2519 2580 2587 Paschate,
2615 2540 3016 2596 nonnunquam
3070 2531 3281 2586 tardius
3333 2533 3614 2603 aliquibus

2039 2607 2268 2675 diebusf;
2301 2622 2481 2668 tamen
2529 2615 2618 2670 hic
2649 2635 2808 2672 error
2837 2619 2966 2675 facit
3012 2639 3110 2678 nos
3141 2624 3462 2696 diligentius
3491 2642 3614 2680 ser-

2041 2717 2169 2756 vare
2206 2705 2419 2758 tertiam
2471 2709 2847 2766 conditionem
2895 2725 3020 2782 qua:
3072 2709 3382 2770 admodum'
3419 2732 3617 2770 neces-

2038 2791 2179 2845 saria
2210 2803 2316 2856 est,
2347 2804 2406 2850 ut
2441 2797 2652 2852 scilicet
2692 2815 2800 2854 non
2849 2815 2974 2854 cum
3009 2802 3214 2859 ludatis
3245 2807 3610 2860 celebremus.

2039 2883 2216 2938 Tanto
2245 2886 2392 2940 enirn
2423 2889 2598 2959 magis
2625 2890 2694 2946 ab
2740 2892 2850 2946 illis
2879 2893 3238 2960 discedimus,
3272 2908 3476 2966 quanto
3505 2907 3616 2951 tar-

2038 2973 2164 3028 dius
2213 2976 2450 3047 agimus.
2505 2979 2692 3050 Itaque
2739 2983 2878 3039 nihil
2935 2985 3334 3042 immutandum
3374 2990 3612 3056 videtur,

2036 3071 2106 3122 ob
2132 3083 2226 3124 eas
2255 3072 2517 3139 rationes,
2554 3089 2678 3144 quae
2710 3091 2878 3146 supra
2916 3093 3356 3136 commemorant:
3393 3093 3540 3138 sunt.

2793 3211 2856 3264 ιι.

2701 3303 2854 3371 ﬁcem
2901 3305 3192 3376 Meminiam
3241 3311 3292 3362 in
3327 3309 3519 3364 librum
3553 3314 3614 3365 de

2179 3373 2502 3432 processuum
2533 3372 2764 3442 Spiritus
2805 3378 2976 3429 sancti
3015 3372 3334 3432 l’roaemium
3371 3385 3468 3448 (l).

2451 3466 2638 3530 (lixtat
2668 3483 2854 3536 snpra,
2897 3471 3006 3523 col.
3040 3469 3190 3541 519.)

2783 3581 2868 3634 ill.

2037 3667 2117 3734 Ad
2151 3681 2378 3738 (ἕπεσθε.
2426 3677 2758 3741 Eximi-tatur
2791 3705 2875 3744 eos
2919 3693 2989 3744 ad
3031 3693 3386 3748 obedientiam
3431 3713 3617 3748 sacro-

2105 3761 2304 3833 sancta,
2333 3753 2586 3833 BOIIMEGI
2627 3757 2876 3833 Ecclesia:
2909 3767 2958 3814 et
3007 3765 3387 3830 susceptionem
3419 3769 3610 3833 synodi

2105 3822 2446 3878 Ft'orentinre.
2488 3825 2554 3878 Et
2603 3827 2666 3879 de
2711 3833 2965 3885 electione
3011 3849 3110 3886 sua
3139 3822 3194 3884 in
3242 3822 3610 3900 patriarcha»;

2107 3891 2449 3962 Cpolitauum
2485 3895 2583 3966 (2).

2131 3908 2449 3962 .poutauum
2485 3908 2583 3962 (2).

2467 3991 2622 4058 (Vide
2655 4008 2842 4061 supra,
2875 3995 2983 4054 col.
3019 3997 3190 4065 457.);

2777 4111 2864 4166 IV.

2035 4195 2450 4276 Ad‘capitumm,
2473 4201 2748 4276 canduicos
2790 4211 2837 4276 et
2872 4205 3176 4276 capellanos
3209 4212 3438 4268 ecclesia'
3475 4209 3616 4269 Dua-

2102 4267 2274 4353 decint
2300 4269 2658 4353 apostolorum
2693 4275 2758 4326 de
2789 4267 2948 4332 Urbe:
2973 4307 3044 4316 —
3070 4279 3162 4332 Eis
3189 4267 3617 4340 statutaeticen-

2103 4345 2398 4390 stitutiones
2435 4345 2614 4395 mittit.

2033 4429 2190 4500 (Vide
2229 4445 2393 4502 supra
2436 4433 2490 4486 in
2537 4435 2853 4507 Appendice
2901 4439 2967 4492 ad
3007 4441 3184 4496 Vitam
3221 4444 3610 4517 Bessarionis.)

2801 4551 2864 4602 ν.

359 4631 462 4706 bus
497 4656 762 4724 cujusque
805 4655 1044 4710 nationis
1082 4664 1138 4708 et
1169 4668 1332 4709 sectae
1367 4656 1472 4710 hoe
1519 4659 1592 4710 sit
1621 4657 1923 4724 cognitum,
1961 4636 2004 4692 θ
2031 4631 2782 4724 Mn‘fttflielmm.Fid'em'"
2805 4689 2832 4724 ν.
2856 4651 3117 4724 ¹¹⁰⁴ἷ¹⁰⁷ίθπ³
3163 4648 3504 4724 δθῖίθοηίεωη
3546 4683 3615 4696 ’⁸

360 4746 463 4800 hoc
492 4761 616 4800 nam.
646 4753 892 4815 tempore
919 4746 1100 4800 cuncti
1130 4745 1428 4800 Christiani
1460 4747 1697 4802 nationis
1723 4749 1926 4812 omnis,

357 4847 520 4892 secta:
572 4847 626 4891 et
683 4837 935 4900 hreresis,
992 4838 1058 4892 de
1107 4837 1390 4893 Pasehatis
1420 4839 1507 4893 die
1563 4841 1923 4902 conveniunt,

358 4932 663 4999 eodemque
708 4931 795 4984 die
850 4946 1043 4985 omnes
1083 4930 1392 4996 celebrant,
1439 4931 1586 4999 quod
1631 4931 1926 5000 pulchrum

1937 5119 2021 5174 Vl.

2109 4703 2386 4784 Qration‘es
2416 4713 2584 4784 _n:il_tit
2612 4731 2647 4784 ίίι
2680 4731 2734 4765 se
2765 4703 2832 4767 ad
2867 4717 3126 4784 principss
3159 4703 3612 4778 Italiredirrectus

2111 4775 2176 4848 de
2207 4779 2468 4848 (periculis
2511 4779 2686 4835 [mliw
2731 4775 3124 4841 imminentibus
3179 4801 3228 4842 et
3280 4798 3610 4848 decernendo

2109 4845 2244 4898 bello
2281 4857 2465 4901 contra
2495 4851 2712 4906 Turcas.

2127 4938 2508 5007 (Prtemittitur
2537 4946 2884 5002 orationibus
2910 4951 3214 5016 prae-dictis,
3247 4955 3351 5009 col.
3383 4957 3478 5010 6M
3498 4959 3535 5023 .)

1336 5227 1414 5280 Ad
1439 5227 1791 5299 Prvdagogmr
1823 5230 2107 5286 liberorum
2139 5233 2348 5290 Thema:
2377 5239 2625 5310 despota’.
3283 5253 3314 5266 ⁶

429 5347 790 5416 Εὑγενέστατε
847 5348 978 5418 ἄνερ
1013 5350 1131 5430 ,καὶ
1205 5348 1364 5418 ἡμῶν
1421 5349 1644 5417 φίλτατε
1701 5351 1927 5419 φίλων,

354 5442 628 5510 ἐδεξάμην
677 5439 1064 5510 καὶπρότερον
1096 5442 1188 5494 καὶ
1239 5439 1458 5493 νῦν-διὰ
1488 5441 1584 5494 τοῦ
1625 5441 1924 5512 Ἐρμητια-

353 5535 444 5588 νοῦ
509 5537 814 5604 γράμματα.
866 5535 964 5604 τῆς
1018 5532 1300 5600 εὐγενείας
1357 5551 1477 5595 σου,
1541 5534 1679 5603 πρὸς
1735 5531 1772 5589 ἃ
1824 5537 1925 5590 οὐκ

351 5627 757 5698 ἀπεκρινάμην,
810 5627 1098 5696 ἀναμένων
1129 5625 1214 5678 ἵνα
1259 5625 1486 5696 γένηταί
1531 5643 1616 5688 τις
1650 5627 1929 5680 ἀποκατά-

353 5729 538 5780 στασις
557 5719 636 5780 εἰς
655 5719 756 5788 τὴν
775 5719 1040 5787 ,πρόνοιαν
1067 5718 1174 5770 τῶν
1199 5711 1666 5771 αὖθεντοττούλων.
1709 5719 1924 5790 Ἐπειδὴ

350 5808 444 5863 οὖν
479 5811 574 5862 νῦν
627 5811 865 5877 ἐγένετο,
915 5811 1012 5865 νῦν
1062 5813 1154 5864 καὶ
1201 5813 1419 5883 γράφω.
1468 5811 1922 5883 Παραμυοεῖσθειι

413 5945 490 6010 (i)
518 5947 719 5998 Zanetti
752 5948 1002 6011 Catalog.,
1049 5961 1097 6009 ί).
1125 5947 1200 5999 76.

2111 5357 2202 5412 Vir
2225 5360 2564 5417 nobilissime
2599 5373 2654 5420 et
2679 5368 3034 5438 amicissime,
3065 5375 3249 5442 accepi
3284 5383 3398 5430 tum
3429 5379 3604 5445 prius,

2034 5454 2149 5500 tum
2189 5464 2336 5503 nunc
2370 5467 2467 5520 per
2504 5451 2920 5512 llermetianum
2951 5461 3166 5518 litteras
3203 5476 3346 5531 tuas,
3375 5468 3441 5520 ad
3471 5485 3609 5538 quas

2029 5555 2140 5594 non
2185 5545 2466 5609 rc5pondi.
2501 5548 2760 5614 quoniam
2789 5564 3109 5620 exspectare
3141 5565 3464 5621 statueram,
3507 5563 3607 5616 do-

2029 5647 2132 5685 nec
2150 5635 2315 5688 rebus
2336 5637 2746 5694 adulescentum
2772 5643 3082 5713 principum
3105 5651 3416 5704 consultum
3443 5653 3602 5710 foret.

2028 5721 2182 5784 Quod
2216 5741 2340 5780 cum
2365 5728 2478 5797 jam
2511 5731 2713 5786 factum
2745 5734 2835 5796 sit,
2873 5752 3020 5791 nunc
3045 5739 3111 5794 ad
3145 5753 3194 5795 te
3226 5744 3430 5798 scril'o.
3458 5745 3604 5800 Con-

2027 5817 2194 5871 solari
2229 5835 2326 5874 vos
2354 5831 2406 5875 et
2435 5823 2715 5895 principes
2747 5829 2813 5882 de
2851 5840 3028 5888 morte
3060 5836 3420 5893 acerbissima
3455 5840 3601 5898 beati

2061 5953 2134 6016 (i2)
2187 5957 2370 6008 Areud.
2408 5959 2590 6023 Opust.
2623 5975 2796 6016 aurea.
