4136 6416
471 490 592 551 ςῦἸΩ

1450 481 1951 541 BESSARIHNIS
2070 484 2146 541 Β.
2190 483 2255 543 Ε.
2299 483 2770 547 CARDINALIS

3616 476 3621 482 ’
3661 481 3767 543 i330

496 605 641 656 ill2us
665 614 716 656 et
748 603 918 656 sancti
950 603 1213 671 despotm.
1255 617 1358 653 non
1395 612 1476 654 cst
1513 601 1675 670 hujus
1711 599 1814 653 luci
1853 617 1865 652 :
1899 615 2070 668 quare

2189 604 2282 673 μὲν
2333 607 2428 656 καὶ
2483 605 2627 673 ὑμᾶς
2683 605 2776 658 καὶ
2835 605 2962 666 τοὺς
3017 603 3482 666 αὖθεντοποὺλους
3535 603 3623 656 διὰ
3670 604 3767 672 τὴν

472 697 658 765 -liujus
691 696 766 747 rei
801 697 1012 747 veniam
1057 712 1084 747 a
1132 704 1180 748 te
1225 704 1372 762 peto.
1408 691 1559 746 Scito
1591 701 1800 757 autem,
1835 690 2074 746 sanctis-

493 787 694 840 simum
731 800 946 854 papam,
987 785 1292 839 amicorum
1327 783 1696 853 quorumdam
1741 782 2077 837 auctoritate

477 887 549 929 τοι
596 891 692 929 sua
745 876 920 942 ipsius
958 876 1338 930 benevolentia
1387 883 1749 939 commotum,
1793 875 2075 940 statuisse,

501 969 846 1036 principibus
880 967 1160 1021 mensibus
1187 967 1418 1036 singulis
1452 981 1708 1022 nummos
1737 982 1936 1020 aureos
1969 975 2078 1020 tre-

474 1066 688 1112 .ventos
719 1060 977 1127 pendere,
1009 1073 1146 1126 ques
1174 1059 1460 1128 hucusque
1486 1059 1648 1112 beato
1674 1057 1917 1128 despotze
1943 1073 2078 1128 pen-

475 1150 678 1203 .dcliat.
715 1150 842 1204 Vult
875 1162 1075 1210 autem.
1114 1167 1175 1204 ac
1212 1151 1455 1205 drcrevit
1488 1151 1875 1205 sanctissimus
1907 1166 2070 1220 papa,

479 1253 555 1295 ..ιιι
586 1243 807 1298 ducenti
842 1245 1052 1298 nummi
1079 1244 1311 1313 singulis
1339 1245 1620 1301 mensibus
1647 1245 1933 1312 :equalitcr
1961 1244 2076 1298 dis-

481 1335 817 1390 .tribuantur
865 1335 1044 1389 tribus
1096 1335 1402 1401 fratribus,
1459 1344 1519 1388 ut
1573 1335 1962 1404 impenduntur
2009 1335 2076 1389 ad

497 1428 726 1483 alendos
776 1429 923 1498 ipsos
956 1439 1012 1483 et
1057 1443 1152 1482 sex
1193 1437 1473 1497 septemve
1520 1428 1862 1497 singulorum
1911 1428 2078 1482 mini-

495 1532 682 1586 stros;
726 1521 790 1575 ad
837 1521 1103 1576 emeiidos
1150 1532 1202 1576 et
1239 1521 1467 1576 alendos
1505 1511 1744 1590 quatuor
1789 1523 2077 1576 minimum

495 1630 690 1682 equos,
719 1614 785 1669 ad
825 1615 1205 1669 ministrorum
1238 1600 1512 1684 stipendia
1548 1624 1603 1670 et
1637 1615 1947 1685 principum
1982 1630 2078 1670 ve-

497 1709 775 1770 stimenta,
820 1721 942 1774 qua:
973 1705 1200 1774 pulchra
1230 1705 1343 1759 sint
1373 1720 1601 1761 necesse
1631 1716 1741 1768 est,
1784 1717 1839 1759 et
1883 1705 1949 1760 de
1979 1721 2079 1761 cu-

496 1800 673 1867 juSvis
714 1800 970 1867 portione
1001 1798 1400 1868 aliquantulum
1454 1798 1848 1868 comparcitor,
1894 1807 1951 1853 ut
1977 1798 2076 1852 ba-

500 1891 692 1956 beaut,
727 1906 837 1960 quo
875 1901 1119 1955 utantur,
1172 1892 1218 1945 si
1258 1891 1397 1946 forte
1432 1892 1485 1944 in
1521 1891 1773 1946 morbum
1829 1891 1911 1946 vel
1945 1893 2080 1946 alias

501 1984 782 2051 angustias
835 1983 1152 2038 inciderint.
1188 1987 1366 2053 Atque
1418 1985 1533 2038 lucc
1589 1983 1810 2054 quidem
1854 1985 2082 2039 omnino

503 2077 577 2126 ita
614 2074 756 2138 ﬁeri,
798 2089 900 2129 nec
936 2076 1050 2129 licri
1087 2075 1369 2144 quidpiam
1417 2075 1598 2141 aliter,
1638 2075 1812 2145 jubet.
1862 2075 2080 2146 Reliqui

504 2176 688 2220 autem
725 2177 945 2221 centum
981 2166 1190 2220 nummi
1225 2168 1373 2221 aurci
1413 2166 1756 2236 singulorum
1784 2168 2082 2230 mensium,

506 2254 589 2307 \cl
633 2254 781 2306 mille
817 2237 1139 2308 et'ducenti
1178 2255 1345 2308 totius
1395 2253 1550 2317 anui,
1599 2254 1996 2324 impenduntur
2029 2255 2084 2308 in

502 2346 774 2414 stipendia
823 2361 1116 2415 procerum
1166 2345 1486 2415 aliqttot‘et
1529 2345 1815 2401 hominum
1861 2347 2085 2420 elegan-

505 2439 665 2503 tium,
690 2437 782 2508 qui
806 2453 929 2492 cum
958 2438 1305 2508 principibus
1326 2438 1518 2492 vivant
1540 2449 1594 2493 et
1623 2441 2086 2496 consuetudinem

503 2531 762 2593 habeant,
796 2529 863 2584 iis
889 2531 1132 2585 serviant
1161 2540 1215 2584 et
1243 2546 1342 2586 eos
1370 2531 1705 2586 custodiant.
1739 2530 1960 2587 Certior
1989 2548 2087 2587 au—

505 2635 610 2676 tem
649 2624 825 2677 factus
872 2621 1256 2678 sanctissimus
1305 2638 1466 2692 papa,
1517 2635 1652 2694 qu0t
1693 2625 1800 2680 ιιυο
1847 2625 2086 2680 advene-

506 2716 633 2779 tiut,
677 2715 906 2768 miratus
948 2724 1037 2769 est
1080 2723 1134 2768 ct
1180 2713 1569 2769 subirascitur.
1615 2715 1671 2770 Si
1721 2716 1868 2770 enim
1915 2718 2090 2772 beata:

499 2807 783 2868 memoriae
829 2805 1154 2876 principem,
1202 2807 1366 2862 talem
1426 2809 1611 2862 virum
1649 2808 1832 2863 mirati
1876 2821 2090 2866 suntet

503 2901 918 2968 vituperaruut,
960 2900 1107 2969 quod
1156 2908 1234 2954 tot
1282 2901 1392 2954 huc
1421 2902 1706 2958 ministros
1735 2903 2088 2970 adduxisset,

506 3005 649 3058 quos
697 2990 930 3058 pecunia
962 3000 1018 3044 et
1065 2989 1399 3044 liberali-tate
1447 2991 1627 3045 aliena
1678 3002 2092 3049 sustentaturus

517 3091 686 3146 t‘SSt'l,
723 3093 930 3151 quiante
977 3083 1150 3153 magis
1194 3097 1365 3147 nunc,
1425 3097 1550 3136 cum
1602 3084 1693 3137 alii
1745 3086 1933 3153 plures
1987 3085 2094 3140 huc

506 3171 902 3239 innnigrariut,
932 3170 1276 3240 principibus
1304 3171 1610 3241 praisertim
1645 3172 1833 3240 pueris
1858 3181 1915 3227 et
1939 3171 2094 3226 orbis

508 3263 945 3317 sticcensendum
988 3273 1094 3329 est,
1136 3263 1228 3333 qui
1280 3279 1379 3318 nec
1425 3263 1714 3332 dignitate,
1745 3280 1848 3319 nec
1889 3265 2088 3330 titulis,

496 3367 616 3406 .nec
656 3351 798 3406 fama
833 3353 1043 3407 nobiles
1074 3354 1244 3407 sunt!
1280 3368 1381 3408 nec
1414 3353 1481 3407 iis
1531 3354 1851 3409 irascuntur
1883 3356 2086 3423 solum,

489 3445 603 3497 --scd
640 3453 829 3498 vetant
858 3446 1047 3512 etiam,
1076 3447 1157 3500 vel
1188 3462 1355 3500 unum
1391 3447 1701 3502 teruncium
1734 3463 1898 3518 supra
1926 3463 2090 3518 pecue

509 3537 653 3591 niam
692 3538 972 3591 decretam
1018 3539 1281 3608 impendi,
1318 3539 1762 3609 mandaruntque
1797 3541 1932 3595 mihi
1967 3556 2086 3596 mo-

505 3646 721 3694 nercm,
758 3640 816 3683 ut
862 3639 1124 3684 accurate
1173 3631 1289 3685 [nec
1347 3631 1543 3685 ﬁerent
1595 3647 1732 3687 neve
1786 3633 2087 3704 quidquam

484 3724 916 3790 -im;nutaretur,
951 3723 1419 3793 quemadmodum
1449 3722 1584 3778 alias
1611 3724 1814 3779 factum
1841 3736 1926 3780 est
1953 3741 2091 3781 non-

505 3833 808 3886 nunquam.
837 3817 1019 3884 Quare
1063 3831 1289 3872 nccesse
1334 3827 1438 3883 est,
1474 3817 1558 3870 vir
1590 3818 1954 3881 nobilissime,
1992 3817 2087 3874 tibi

503 3919 556 3962 et
587 3909 870 3978 Critopulo
905 3909 1120 3963 medico
1152 3909 1213 3964 V.
1241 3908 1324 3964 Cl.
1359 3925 1510 3963 nunc
1539 3909 1764 3980 quidem
1793 3925 1943 3964 curae
1975 3911 2091 3965 sint

507 4019 596 4056 res
632 4001 947 4072 principum
980 4023 990 4055 ι
1025 4010 1192 4070 atque
1220 4000 1489 4071 eligemus
1525 4016 1627 4056 nos
1673 4015 1958 4071 praeterea,
1992 4002 2088 4072 qui

504 4110 599 4148 eas
629 4093 982 4148 administret
1009 4103 1063 4147 et
1098 4103 1323 4147 strenue
1349 4101 1526 4164 regat.
1571 4093 1783 4148 Deinde
1817 4093 2089 4164 singulari

507 4187 597 4239 hic
639 4185 870 4240 consilio
918 4184 1347 4251 deliberabitur,
1390 4185 1485 4254 qui
1531 4185 1683 4240 locus
1713 4185 1994 4240 domicilio
2023 4185 2092 4241 iis

499 4276 867 4346 assignandus
889 4276 978 4329 sit.
1001 4281 1073 4330 Ac
1094 4286 1360 4345 quantum
1393 4275 1618 4346 quidem
1635 4277 1819 4332 statim
1845 4277 2087 4331 discerni

507 4378 707 4437 potest,
752 4354 988 4422 maxime
1035 4384 1177 4437 opus
1209 4379 1360 4435 sunt,
1407 4384 1642 4438 quorum
1691 4369 1882 4424 deesse
1927 4385 2089 4424 nemo

509 4465 730 4529 poterit,
764 4461 1003 4529 primum
1036 4460 1305 4525 medicus,
1339 4459 2084 4530 deinde'magistchrazcus,

509 4566 623 4606 tum
659 4557 915 4623 magister
948 4551 1200 4618 Latinus,
1235 4562 1515 4622 postremo
1553 4553 1847 4622 interpres.
1894 4553 1955 4606 Ili
1992 4553 2090 4622 igi-

2187 697 2462 766 ἁφόρητον
2510 697 2690 766 λύπη-ι
2728 698 2822 750 τοῦ
2872 699 3180 767 μακαρίτου
3228 698 3437 751 ἐκείνου
3483 697 3577 750 καὶ
3611 697 3766 763 ἁγίου

2185 788 2448 841 δεσπότου
2482 789 2584 840 οὐκ
2617 788 2733 840 ἔστι
2766 786 2861 842 τοῦ
2922 790 3191 856 παρόντος
3241 786 3436 856 καιροῦ
3464 803 3477 817 ο
3515 787 3594 840 διὸ
3623 803 3768 856 παρ-

2185 881 2482 949 αιτήσομαι
2541 880 2699 932 τοῦτο
2747 879 2814 932 τὰ
2865 877 2982 933 νῦν.
3035 879 3282 933 Γινωσκε
3313 879 3370 932 δὲ
3415 879 3498 932 ὅτι
3531 881 3558 932 6
3592 879 3766 946 ἀγιιῖμ

2185 989 2348 1034 τατος
2398 973 2635 1036 πάππας
2668 972 2758 1026 διὰ
2799 972 3209 1044 παρακλήσεως
3243 972 3418 1042 φίλων
3464 972 3626 1024 τινῶν
3674 973 3768 1023 καὶ

2185 1067 2392 1126 οἰκείας
2443 1064 2797 1129 καλοθε).είας
2850 1064 3006 1130 ἔταξε
3057 1064 3125 1119 νὰ
3169 1065 3286 1137 δίδῃ
3332 1063 3466 1116 κάθε
3523 1065 3668 1134 μῆνα
3700 1064 3770 1114 τὰ

2187 1157 2592 1211 αὐθεντόπουλα
2629 1156 2869 1211 δουκάτα
2917 1158 3233 1229 τριακόσια,
3277 1156 3470 1227 ὥσπερ
3508 1155 3644 1209 ἔδιδε
3673 1156 3769 1208 καὶ

2185 1250 2262 1319 τῷ
2292 1249 2434 1318 ἁγίῳ
2469 1249 2730 1320 δεσπότῃ.
2765 1249 2922 1303 Θέλει
2961 1249 3018 1303 δὲ
3051 1251 3146 1303 καὶ
3194 1248 3369 1321 ὁρίζει
3397 1252 3425 1302 6
3465 1246 3769 1317 ἀγιώτατος

2187 1341 2421 1401 πάππας
2448 1341 2539 1393 ἵνα
2565 1343 2632 1394 τὰ
2667 1341 2767 1410 μὲν
2792 1341 3043 1394 διακόσια
3073 1341 3216 1394 κατά
3250 1343 3396 1410 μῆνα
3423 1341 3489 1393 νὰ
3514 1336 3653 1392 εἶναι
3682 1339 3771 1391 διὰ

2186 1433 2254 1486 τὰ
2294 1435 2422 1504 τρία
2457 1433 2682 1500 ἀδέλφια
2712 1433 2908 1500 ἐπίσης
2939 1432 3264 1501 ἀνέγκιστα,
3295 1434 3359 1485 νὰ
3391 1432 3769 1496 ὲξοδιὰζωνται

2188 1527 2270 1588 εἰς
2298 1525 2506 1595 τροφὴν
2537 1526 2768 1578 ἐκείνων
2797 1525 2891 1576 καὶ
2941 1525 3248 1595 ἀνθρώπων
3285 1525 3618 1594 ὑποχειρίων
3673 1524 3769 1575 αὖ·

2187 1621 2296 1674 τῶν
2329 1617 2567 1688 μικρῶν,
2603 1618 2662 1684 ἓξ
2692 1617 2725 1687 ἢ
2759 1619 2900 1672 έπτὰ
2931 1616 3027 1671 τοῦ
3072 1617 3195 1671 καθ’
3228 1618 3368 1681 ένδς,
3412 1620 3503 1670 καὶ
3533 1619 3610 1678 εἰς
3635 1618 3769 1683 ἀγο-

2190 1712 2292 1782 ρὰν
2337 1711 2434 1762 καὶ
2477 1709 2685 1780 τροφὴν
2721 1709 2935 1774 ἀλόγων
2982 1708 3266 1782 τεσσάρων
3324 1707 3384 1761 τδ
3419 1706 3766 1776 ὀλιγώτερον,

2189 1806 2284 1858 καί⁵
2329 1805 2410 1866 είς
2469 1803 2638 1871 ρόγαν
2685 1804 2794 1854 τῶν
2834 1801 3016 1856 αὐτῶν
3065 1803 3419 1873 ὑποχειρίων,
3475 1803 3556 1863 είς
3613 1801 3768 1853 ἐνδύ-

2194 1912 2343 1964 ματα
2404 1896 2514 1949 τῶν
2568 1893 3046 1958 αὑθεντοπούλων,
3102 1894 3166 1947 νὰ
3227 1890 3367 1946 εἶναι
3421 1892 3562 1947 καλὰ
3619 1891 3771 1944 ἐκ.δᾶ-

2117 1970 2157 2026 B
2191 2006 2358 2059 ματα,
2399 1989 2496 2042 καὶ
2545 1987 2724 2041 κὰπου
2775 1986 2843 2039 νὰ
2896 1985 3242 2057 περισσεύσῃ
3288 1987 3384 2040 καὶ
3429 1986 3648 2048 τίποτες
3679 1985 3769 2036 τὸν

2185 2079 2471 2145 καθ”ἓνα,
2529 2078 2615 2132 διὰ
2649 2079 2713 2131 νὰ
2760 2076 3075 2149 βοηθηθῶσι
3118 2078 3296 2130 κάπου
3350 2079 3430 2141 είς
3481 2077 3767 2130 ἀσθένειάν

2187 2191 2310 2238 τους
2338 2173 2371 2245 ἢ
2403 2175 2482 2236 είς
2514 2172 2683 2242 ἄλλην
2717 2172 2988 2240 ἀνάγκην.
3031 2170 3326 2224 Καὶτοῦτο
3361 2171 3504 2223 θέλει
3537 2173 3602 2223 νὰ
3633 2172 3764 2242 γέκῃ

2190 2267 2248 2334 ἐξ
2281 2265 2546 2333 ἅπαντος,
2577 2266 2673 2320 καὶ
2702 2267 2768 2320 va;
2795 2265 2965 2336 μηδὲν
2990 2265 3124 2338 γένῃ
3157 2263 3380 2327 mem.
3407 2266 3488 2318 Ti
3517 2265 3573 2316 δὲ
3603 2265 3770 2316 λοιπὰ

2189 2359 2387 2414 ἑκατὸν
2422 2359 2666 2414 δουκὰτα
2696 2357 2786 2411 τὸν
2816 2358 2965 2427 μῆνα
3005 2358 3175 2426 ἤγουν
3209 2356 3360 2424 χίλια
3394 2356 3490 2408 καὶ
3519 2355 3768 2408 διακόσια

2191 2453 2279 2508 τὸν
2316 2452 2507 2523 χρόνον
2538 2453 2604 2505 νὰ
2635 2452 3021 2518 ἐξοδιάζωνται
3065 2449 3146 2514 εἷς
3177 2466 3330 2511 τινας
3362 2448 3632 2519 ἄρχοντας
3673 2449 3768 2501 καὶ

2192 2544 2336 2600 καλὰ
2394 2545 2686 2614 πρόσωπα,
2724 2543 2860 2596 ὀποῦ
2902 2544 2967 2596 vi
3016 2538 3160 2598 εἶναι
3221 2541 3341 2612 μετ’
3371 2542 3552 2596 αὐτῶν
3604 2541 3670 2594 νὰ
3702 2541 3771 2594 τὰ

2190 2636 2476 2691 δουλεύουν
2508 2637 2603 2690 καὶ
2655 2636 2722 2689 vd:
2755 2637 2824 2689 τὰ
2861 2635 3296 2706 συντροῳιάζουν
3343 2636 3438 2687 καὶ
3471 2635 3535 2686 νὰ
3568 2635 3636 2686 τὰ
3669 2653 3771 2703 φυ-

2192 2729 2500 2782 λάττουσιν.
2573 2729 2842 2790 Ἀκούσας
2888 2729 2946 2781 δὲ
3009 2730 3036 2781 6
3074 2727 3381 2796 ἀγυώτατος
3436 2726 3669 2790 πάππας
3713 2728 3772 2779 τδ

2194 2820 2352 2873 πόσοι
2386 2816 2527 2873 εἶναι
2560 2819 2753 2882 αὑτοῦ,
2793 2819 3219 2890 ὑπερεθαύμασε
3254 2821 3344 2872 καὶ
3370 2819 3778 2888 καταγινώσκε-

2193 2910 2285 2964 ταί
2321 2926 2426 2979 μας
2454 2926 2468 2938 ·
2502 2910 2598 2962 καὶ
2636 2910 2744 2979 γὰρ
2787 2908 2883 2960 ἐὰν
2926 2908 3006 2971 είς
3038 2909 3132 2961 τὸν
3170 2908 3438 2977 αὐθέντην
3475 2909 3568 2962 τὸν
3601 2927 3775 2978 μακα-

2198 3001 2455 3071 ρισμὲνον
2486 3002 2692 3054 ἐκεῖνον
2723 2999 2970 3053 τοιοῦτον
3000 2999 3290 3070 ἄνθρωπον
3311 2999 3624 3068 ἐθαύμαζον
3654 3002 3773 3064 πῶς

2196 3089 2344 3161 εἶχεν
2399 3090 2499 3143 ἐδὼ
2532 3091 2722 3154 τόεους
2756 3090 2850 3144 καὶ
2897 3091 3272 3162 ἐκατηγόρουν
3308 3090 3396 3142 τὸν
3427 3091 3510 3143 ὅτι
3549 3092 3627 3153 είς
3674 3095 3774 3159 τὴν

2199 3179 2467 3249 ξενιτείαν
2498 3183 2566 3236 νὰ
2589 3183 2767 3253 τρέφῃ
2797 3184 2987 3243 τόσους
3018 3183 3085 3251 μὲ
3119 3184 3248 3248 ξένα
3278 3182 3518 3236 δουκάτα
3558 3184 3650 3234 καὶ
3685 3182 3772 3247 ξέο

2197 3291 2290 3337 νας
2341 3274 2581 3336 ἐλπίδας,
2617 3274 2769 3344 πόσῳ
2827 3273 3028 3342 μᾶλλον
3078 3271 3248 3340 τὼρα,
3300 3271 3435 3325 ὀποῦ
3472 3268 3635 3343 ἦλθον
3671 3275 3769 3325 καὶ

2191 3368 2343 3424 ἄλλοι
2377 3366 2686 3436 πλειότεροι
2737 3365 2889 3434 παρᾶ
2947 3363 3082 3418 ὀποῦ
3115 3360 3254 3435 ἦσαν
3301 3363 3423 3429 ὲδὼ,
3460 3366 3772 3432 καταγινώ-

2195 3459 2420 3521 σκοντές
2456 3473 2565 3511 των
2593 3459 2690 3511 καὶ
2717 3453 3096 3526 κατηγοροῦσί
3128 3472 3256 3521 των,
3291 3457 3386 3509 καὶ
3423 3457 3659 3525 μάλιστα
3687 3457 3768 3518 εἰς

2193 3547 2608 3604 αὐθεντόπουλα
2661 3545 2759 3600 νέα
2803 3547 2899 3599 καὶ
2931 3547 3164 3616 ὀρφανὰ,
3199 3545 3333 3600 ὀποῦ
3383 3545 3508 3599 οὔτε
3555 3547 3774 3614 ἀξίωμα

2191 3639 2316 3693 οὔτε
2347 3639 2518 3708 ὄνομα
2543 3635 2668 3691 οὔτε
2704 3637 2898 3708 φήμην
2928 3636 3137 3708 έχουσι;
3170 3639 3280 3691 Καὶ
3309 3639 3367 3690 οὐ
3413 3640 3574 3708 μόνον
3603 3657 3772 3692 κατα-

2191 3729 2528 3802 γινώσκουσι
2555 3747 2706 3793 τους,
2742 3730 2861 3783 ἀλλ’
2885 3730 3007 3782 οὐδὲ
3043 3729 3331 3799 βούλονται
3357 3733 3426 3783 vd:
3469 3730 3765 3794 ὲξοδιάζω-

2193 3841 2280 3877 σιν
2324 3823 2423 3877 ἕνα
2479 3823 2732 3896 τορνέσιν
2777 3823 2962 3887 πλέον,
3013 3824 3111 3876 καὶ
3152 3823 3400 3888 ἄμποτες
3434 3824 3542 3892 μᾶς
3573 3821 3773 3888 ἔταξαν

2191 3916 2259 3969 vi
2283 3914 2344 3968 τὺ
2374 3914 2659 3984 φυλάξωσι
2697 3913 2925 3978 τελείως
2969 3915 3064 3968 καὶ
3099 3915 3165 3968 νὰ
3205 3916 3372 3985 μηδὲν
3416 3915 3775 3984 μεταϐληοὼο

2193 4026 2299 4074 σιν,
2344 4007 2535 4077 ὥσπερ
2582 4007 2851 4078 ἐποίησαν
2903 4007 3002 4060 καὶ
3053 4007 3269 4063 ἄλλοτε.
3327 4009 3407 4059 Δι’
3443 4007 3575 4060 αὐτὸ
3631 4005 3772 4060 εἶναι

2197 4103 2361 4173 χρεία
2411 4103 2476 4156 νὰ
2512 4102 2777 4172 φροντίζῃ
2805 4102 2838 4170 ἡ
2867 4101 3118 4169 εὐγένειά
3148 4118 3243 4154 σου
3291 4101 3429 4170 μετὰ
3459 4101 3552 4154 τοῦ
3578 4102 3770 4171 ἀρχόν-

2190 4211 2282 4247 του
2312 4192 2407 4246 τοῦ
2457 4192 2839 4261 Κριτοπούλου
2885 4193 2980 4245 τοῦ
3015 4191 3203 4263 ἰατροῦ
3238 4192 3421 4258 τοῦτο,
3453 4191 3587 4245 ὀποῦ
3635 4195 3772 4245 κατᾶ

2189 4284 2460 4356 τὸνπαρὸν
2504 4285 2658 4355 ἔχετε
2700 4284 2802 4356 τὴν
2856 4283 3116 4354 φροντίδα
3159 4284 3270 4338 τῶν
3305 4284 3770 4338 αὑθεντοπούλων.

2202 4378 2716 4448 Ἐπαναστήσωμεν
2773 4377 2860 4439 τίς
2909 4375 2977 4430 νὰ
3032 4377 3100 4429 τὰ
3137 4376 3337 4448 διοικῇ,
3400 4376 3433 4446 ἢ
3484 4378 3568 4439 τίς
3629 4374 3773 4428 εἶναι

2192 4471 2491 4539 ἀναγκαῖος
2521 4471 2589 4523 νᾶ
2640 4469 2918 4540 κρατηθῇ.
2963 4469 3076 4522 Καὶ
3125 4467 3267 4538 μετὰ
3321 4467 3498 4520 ταῦτα
3554 4467 3771 4519 θέλουσι

2195 4563 2460 4633 μερισοῆν
2497 4561 2635 4632 μετὰ
2665 4561 2863 4631 βουλῆς
2894 4560 3078 4629 ἑδικῆς
3115 4577 3222 4629 μας
3246 4560 3328 4621 είς
3361 4557 3602 4618 ἐκείνους
3630 4558 3765 4609 ὀποῦ

507 4658 597 4699 tur
625 4644 786 4713 plane
833 4645 1131 4698 necessarii
1165 4654 1314 4709 sunt,
1370 4654 1428 4698 et
1464 4644 1692 4699 omnino
1729 4644 1921 4698 deesse
1971 4662 2080 4700 non

2193 4651 2440 4706 θέλουσιν
2489 4650 2814 4720 ἀπομένειν,
2879 4647 3083 4720 Ἐμένα
3135 4647 3266 4716 γοῦν
3336 4649 3766 4716 προηγουμένως

507 4745 762 4803 pessum.
803 4735 1073 4788 Praeterea
1103 4749 1241 4802 opus
1275 4743 1361 4789 est
1398 4749 1506 4788 uno
1539 4733 1623 4788 vel
1660 4733 1877 4788 duobus
1906 4750 2085 4789 sacer-

503 4825 730 4879 dotibus
793 4824 1025 4889 Latinis,
1079 4825 1173 4894 qui
1230 4833 1501 4895 perpetuo
1556 4833 1757 4879 canant
1806 4825 2084 4896 liturgiam

505 4916 777 4969 Latinam.
806 4913 1022 4969 Etenim
1057 4929 1257 4984 pueros
1284 4914 1479 4968 Latino
1516 4930 1666 4968 more
1699 4915 1887 4969 vivere
1919 4929 2086 4983 Opor-

509 5018 603 5069 tet,
631 5005 682 5057 id
725 5005 869 5072 quod
904 5005 1069 5058 etiam
1105 5003 1220 5072 ipse
1257 5015 1414 5074 pater
1445 5021 1638 5058 eorum
1669 5006 1864 5058 voluit.
1897 5004 2086 5074 Itaque

508 5099 602 5166 qui
657 5112 754 5151 cos
803 5097 1222 5150 comitabuntur
1273 5112 1554 5165 proceres,
1599 5096 1817 5150 videant
1860 5111 2087 5150 necesse

504 5201 613 5256 est,
649 5204 717 5242 ne
777 5189 1061 5258 principes
1114 5204 1178 5242 cx
1241 5188 1489 5244 Ecclesia
1541 5189 1804 5244 secedant
1861 5199 2088 5259 promer

506 5281 1091 5335 commemorationem
1119 5297 1295 5351 papae,
1315 5281 1785 5350 quemadmodum
1813 5282 1867 5335 in
1889 5281 2088 5334 itinere

515 5375 718 5426 factum
754 5384 859 5428 est.
904 5374 1039 5428 Nam
1091 5374 1138 5428 si
1183 5389 1248 5428 ex
1295 5373 1546 5429 Ecclesia
1594 5375 1879 5438 secedant,
1925 5388 2021 5427 eos
2056 5388 2088 5427 c

512 5465 740 5518 Francia
770 5480 990 5535 quoque
1017 5466 1281 5520 secedere
1315 5475 1558 5536 oportet.
1598 5465 1772 5520 Nemo
1806 5445 1956 5520 enim
1991 5466 2089 5519 ho-

511 5557 714 5609 minem
760 5558 976 5624 tolerat,
1028 5558 1122 5626 qui
1160 5573 1218 5613 se
1269 5558 1498 5628 impium
1542 5567 1598 5612 et
1639 5558 1958 5612 hzerelicum
1993 5574 2091 5630 ap-

512 5648 681 5718 pellet
717 5655 773 5700 et
803 5649 1097 5703 manifesto
1146 5648 1339 5720 fugiat.
1376 5650 1560 5715 Quare
1611 5650 1668 5710 ii.
1711 5663 1853 5717 quos
1899 5664 2092 5703 neces-

509 5739 687 5791 sarios
715 5752 834 5794 esse
867 5741 1186 5802 dixi,suum
1219 5741 1507 5809 judicanto
1538 5756 1754 5806 curare,
1781 5752 1839 5794 ut
1864 5741 1936 5794 ita
1971 5741 2088 5795 ﬁat.

510 5823 781 5881 Prteterea
835 5831 958 5884 volo
1020 5843 1076 5884 ct
1128 5834 1234 5886 illis
1288 5832 1684 5895 commendo,
1720 5841 1782 5886 ut
1835 5832 2081 5896 videant,

513 5931 776 5986 quamum
805 5923 1149 5990 relinquatur
1179 5926 1242 5977 de
1274 5924 1497 5980 ﬂorcnis
1533 5924 1681 5980 inille
1720 5932 1775 5979 et
1807 5923 2084 5981 ducentis.

2173 4743 2440 4812 ,φαίνεταί
2475 4759 2542 4811 με
2569 4741 2643 4804 ὼς
2674 4740 3112 4808 ἀναγκαιότατον
3141 4736 3279 4791 όποῦ
3321 4737 3410 4790 δὲν
3435 4737 3681 4805 ἠμπορεῖ
3707 4741 3772 4788 vi

2190 4835 2373 4907 λείψῃ,
2438 4833 2658 4904 πρῶτον
2708 4837 2736 4885 6
2798 4831 3011 4901 ἰατρὸς,
3066 4828 3323 4899 δεύτερον
3376 4831 3404 4882 6
3447 4827 3769 4888 διδάσκαλος

2193 4925 2417 4996 Ἕλλην,
2461 4924 2652 4996 τρίτον
2695 4925 2724 4978 ὁ
2769 4921 3092 4985 διδάσκαλος
3141 4922 3393 4986 Λατῖνος,
3442 4919 3709 4990 τέταρτον
3743 4922 3770 4971 6

2189 5018 2610 5087 δραγουμάνος·
2660 5009 2809 5070 οὗτοι
2853 5014 2987 5082 γοῦν
3027 5016 3172 5067 είσῖν
3225 5014 3642 5082 ἀναγκαιότατοι
3678 5016 3774 5066 καὶ

2189 5110 2278 5164 δὲν
2328 5110 2577 5178 ὴμπορεί
2628 5108 2696 5160 νὰ
2731 5107 3010 5175 λείψωσιν.
3048 5106 3172 5161 Ἔτι
3217 5106 3273 5158 δὲ
3318 5107 3414 5159 καὶ
3469 5099 3548 5165 εἷς
3597 5105 3632 5176 ἢ
3682 5105 3773 5156 δύο

2191 5201 2484 5264 παππὰδες
2539 5201 2760 5252 Λατῖνοι
2795 5197 2935 5251 εἶναι
2969 5199 3390 5266 ἁναγκαιότατοι
3431 5196 3523 5249 διὰ
3545 5196 3611 5249 νὰ
3644 5197 3776 5265 ψάλ-

2189 5293 2325 5342 ).ιι›σι
2380 5289 2735 5359 λειτουργίαν
2788 5289 3092 5355 Λατινικὴν
3144 5285 3408 5356 συνεχῶς.
3455 5281 3610 5340 Εἶναι
3664 5285 3773 5354 -εὰρ

2193 5380 2352 5451 χρεία
2382 5379 2450 5434 νὰ
2484 5379 2620 5443 ζῶσι
2660 5380 2728 5432 τὰ
2777 5380 2967 5431 παιδία
3016 5377 3346 5441 Λατινικῶς,
3381 5376 3573 5446 ὥσπερ
3614 5375 3774 5427 ἐϐού-

2192 5471 2315 5523 λετο
2346 5471 2442 5523 καὶ
2465 5471 2493 5522 6
2529 5472 2944 5542 μακαρισμένος
2981 5473 3160 5541 πατήρ
3191 5488 3324 5523 των.
3366 5471 3474 5522 Καὶ
3499 5470 3547 5521 οἱ
3582 5467 3750 5538 ἄρχον

2193 5579 2281 5624 τες
2307 5561 2442 5616 ὀποῦ
2475 5561 2724 5616 θέλουσιν
2748 5559 2928 5616 εἶσθαι
2978 5561 3098 5633 μετ’
3129 5563 3400 5626 ἐκείνους,
3441 5558 3582 5614 εἶναι
3617 5561 3778 5629 χρεία.

2194 5654 2262 5704 vi
2311 5653 2658 5724 προσέχωσιν
2713 5657 2791 5718 εἰς
2820 5655 3000 5720 τοῦτο,
3049 5655 3116 5707 vi
3146 5655 3314 5725 μηδὲν
3362 5653 3638 5729 φευγωσιν
3671 5653 3778 5705 ἀπο

2193 5745 2293 5814 τὴν
2329 5744 2629 5814 ἐκκλησίαν
2653 5745 2741 5797 διὰ
2768 5746 2828 5796 τὺ
2865 5746 3214 5814 μνημόσυνον
3245 5743 3340 5797 τοῦ
3377 5745 3598 5807 πάππα,
3627 5739 3781 5794 ὡσὰν

2197 5835 2259 5886 τὸ
2288 5835 2555 5904 ἐποίησαν
2597 5837 2690 5898 είς
2728 5835 2828 5905 τὴν
2880 5837 3123 5905 στράταν
3166 5835 3304 5888 όποῦ
3337 5835 3595 5905 ἤρχεσθε,
3645 5835 3781 5886 διότι

2198 5927 2264 5980 ἂν
2310 5927 2588 5997 φεύγωσιν
2644 5930 2749 5983 ἀπὸ
2808 5930 2906 5998 τὴν
2948 5930 3266 5996 ἐκκλησίαν,
3330 5927 3470 5980 ε’·κκι
3524 5931 3681 5990 γοεά
3721 5928 3782 5977 νᾶ
