4136 6406
398 335 498 402 681

1839 355 1878 412 Ii
1891 354 2098 414 I‘lS'i‘C
2112 357 2236 418 LE;

3561 365 3672 428 63?.

402 454 650 542 φεύγωσι
683 451 778 504 καὶ
813 449 920 504 ἀπὸ
955 454 1051 523 τὴν
1079 455 1363 524 ⁴ιῑραγγὶαν
1391 451 1402 490 ἕ
1441 461 1564 514 οῦδὲ
1593 464 1744 528 τινὰς
1777 469 1883 535 γὰρ
1911 468 1994 520 θέ-

2119 471 2216 527 loc
2253 487 2444 530 autcnr
2469 481 2546 542 tu,
2583 481 2666 533 vir
2699 479 3060 538 nubila-sitne,
3105 494 3208 531 una
3244 480 3528 534 nobiseum
3576 482 3674 534 de-

402 541 486 594 λει
516 542 804 607 ἄνθίωπον
835 545 968 596 ὀποῦ
999 546 1088 598 τδν
1121 548 1380 614 ὀνομάζει
1419 552 1650 606 ἄπιστον
1700 557 1798 609 καὶ
1839 559 1992 624 αίρε-

409 637 586 698 τικῦν,
662 638 755 686 καὶ
805 637 1216 705 ἀποστρέφεταί
1268 659 1360 694 τον
1412 647 1644 712 φανερά.
1695 650 1814 716 Ἀφ’
1868 653 1994 706 ὅτου

413 727 550 796 γοῦν
588 726 767 780 τοῦτοι
799 729 848 779 οί
881 729 1175 792 ἀναγκαῖοι
1207 733 1300 797 οὓς
1349 737 1586 806 εῐπαμεν
1627 741 1690 792 va
1721 759 1996 798 καταστα-

413 821 550 872 θῶσι
579 821 672 871 καὶ¹
709 821 881 890 στηθῇ
915 823 972 874 τὸ
1001 825 1277 893 ’μερτικόν
1307 845 1437 892 των,
1469 830 1590 882 τότε
1619 831 1760 885 θέλει
1789 831 1992 890 εἷσθαι.

414 911 585 965 Τοῦτο
619 911 674 964 δὲ
703 912 846 966 θέλω
873 914 934 966 τὸ
967 916 1062 968 καὶ
1096 918 1280 983 τάξειν
1307 919 1417 988 ἐγὼ
1443 921 1544 974 ἐδὼ
1575 926 1666 976 καὶ
1706 925 1844 978 θέλω
1870 930 1998 990 τοὺς

415 1007 804 1072 καταστήσειν,
838 1007 966 1058 τότε
1010 1007 1194 1062 θέλετε
1240 1013 1370 1063 ἰδεῖν
1402 1011 1463 1064 τὸ
1495 1014 1792 1068 ὑπόλοιπον
1830 1019 1995 1072 πόσον

413 1089 551 1146 εἶναι
585 1097 679 1146 καὶ
711 1096 883 1148 πόσον
913 1098 1180 1167 άπομὲνει
1215 1103 1323 1155 άπὸ
1353 1106 1418 1156 τά
1459 1112 1559 1168 ,ασ¹
1607 1105 1846 1178 φλωρία.
1879 1110 1992 1162 Καὶ

415 1185 536 1236 τότε
572 1187 604 1254 ή
645 1187 900 1255 εὐγένειά
954 1207 1052 1253 σας
1093 1192 1204 1244 ὅλοι
1233 1195 1454 1266 ἀντάμα
1491 1198 1676 1252 Θέλετε
1711 1203 1996 1256 ἀποκατα-

416 1277 638 1344 στήσειν
669 1279 750 1339 τίς
771 1282 834 1332 νά
865 1280 1140 1354 ἀπομείνῃ
1177 1286 1268 1337 καὶ
1295 1286 1348 1339 τι
1370 1291 1433 1340 νά
1462 1288 1561 1361 ἔχῃ
1585 1293 1610 1342 ὁ
1637 1293 1825 1357 καθεὶς
1861 1298 2000 1364 μετὰ

415 1364 614 1454 βουλῆς
654 1369 956 1440 ἡμετέρας.
1005 1372 1208 1442 Ἐμένα
1265 1372 1362 1430 οὖν
1413 1381 1664 1448 φαίνεταί
1720 1403 1845 1454 μου,
1913 1388 1996 1441 ὃτι

415 1457 540 1508 ὅσον
575 1453 717 1511 εἶναι
753 1461 1002 1526 πλείονες
1047 1466 1142 1518 καὶ
1179 1467 1557 1542 ἐλαφρὼτεροι
1588 1453 1729 1529 ὀποῦ
1762 1478 1994 1547 μέλλουν

419 1552 484 1600 vi:
543 1551 822 1620 άρκεθοῦν
861 1555 929 1622 μὲ
966 1555 1150 1624 ὀλίγον
1199 1561 1226 1611 ὁ
1281 1564 1494 1626 καθεὶς.
1556 1565 1696 1621 εἶναι
1730 1571 1785 1623 δὲ
1825 1571 2000 1636 ἄλλως

422 1642 713 1710 χρήσιμοι,
748 1646 906 1698 τόσον
929 1647 1072 1699 θέλει
1109 1648 1284 1704 εἷσθαι
1310 1655 1550 1724 κάλλιον,
1582 1659 1716 1714 διότι
1753 1661 2001 1720 θέλουσιν

421 1734 570 1801 ἔχειν
619 1735 686 1788 τὰ
739 1739 925 1792 παιδία
983 1743 1208 1798 πλείονα
1253 1751 1587 1819 συντροφίαν
1637 1755 1733 1807 καὶ
1777 1757 2000 1812 πλείονα

2099 565 2294 631 libera,
2328 570 2452 635 quis
2487 569 2810 624 retinendus
2847 570 2920 625 sit
2957 571 3162 636 etquid
3201 573 3402 640 cuique
3431 573 3676 625 muneris

2102 657 2478 715 tribuendmn.
2529 661 2606 717 Ae
2640 662 2770 716 mihi
2813 661 3035 731 quidem
3070 663 3310 724 videtur,
3341 679 3450 731 quo
3485 666 3674 734 plures

2099 751 2210 803 sint
2257 760 2310 803 et
2354 761 2576 818 propter
2628 753 2872 806 minutos
2925 754 3140 808 labores
3187 754 3386 807 minori
3425 754 3674 808 contenti

2101 843 2398 911 stipendio.
2432 845 2532 900 hoc
2565 846 2848 914 pulchrius
2879 846 3018 912 fore,
3059 848 3334 916 quoniam
3359 846 3514 916 pueri
3553 847 3678 914 plus

2102 938 2388 992 habebunt
2435 938 2720 1001 comitum,
2773 938 3152 993 ministrorum
3185 947 3242 992 et
3279 939 3528 992 honoris.
3566 937 3672 989 Sed
3715 1001 3724 1012 _

2101 1029 2206 1083 hoc
2229 1045 2335 1083 una
2359 1027 2790 1083 deliberabimus
2808 1036 2864 1082 et
2884 1045 3043 1097 quam
3074 1029 3189 1082 ﬁeri
3218 1037 3395 1098 potest
3421 1029 3678 1098 pulcher-

2101 1125 2240 1176 rime
2289 1121 2666 1176 instituemus.
2717 1121 2940 1174 Interim
2981 1131 3034 1173 tu
3083 1135 3230 1175 nunc
3279 1116 3498 1189 quidem
3550 1135 3673 1174 eum

2100 1214 2390 1283 Gritopulo
2445 1227 2535 1266 res
2583 1226 2886 1282 puerorum
2940 1210 3288 1264 adininistra.
3344 1210 3530 1277 itaque
3584 1227 3676 1262 ne-

2103 1321 2255 1361 cesse
2305 1315 2390 1358 est
2437 1311 2562 1358 ante
2597 1303 2803 1370 omnia,
2847 1317 3039 1357 eorum
3075 1301 3388 1356 educationi
3421 1313 3474 1356 et
3514 1305 3678 1354 ιιιιιιϊ

2107 1399 2206 1451 bus
2237 1395 2610 1465 prospiciatis,
2641 1405 2701 1450 ul.
2731 1395 2929 1448 urbani
2978 1403 3034 1448 et
3063 1393 3270 1448 eruditi
3311 1395 3462 1454 liant,
3509 1393 3550 1446 si
3586 1409 3686 1444 ens

2105 1487 2196 1541 hic
2224 1488 2278 1540 in
2311 1486 2493 1555 aliquo
2525 1485 2736 1540 honore
2765 1501 2888 1540 esse
2919 1484 3107 1539 vultis.
3143 1483 3298 1550 Quod
3337 1483 3438 1535 nisi
3479 1483 3592 1544 liat,
3625 1493 3690 1531 eL

2107 1579 2210 1648 ipsi
2238 1577 2546 1646 etjuvenes
2571 1577 2662 1632 hic
2693 1576 3066 1646 negligemini,
3103 1590 3204 1630 nec
3237 1575 3346 1628 ulla
3376 1575 3540 1628 vestri
3575 1575 3682 1626 exi-

2106 1667 2352 1724 stimatio
2383 1667 2508 1720 erit.
2537 1663 2610 1718 De
2638 1680 2744 1735 qua
2775 1681 2834 1719 re
2861 1681 2985 1719 cum
3019 1664 3194 1719 beatae
3225 1664 3503 1718 memoria:
3533 1663 3653 1732 prin
3673 1691 3690 1708 ι

2106 1760 2250 1830 cipe,
2289 1757 2510 1813 illormn
2548 1766 2722 1827 patre,
2761 1757 3076 1812 collocutus
3108 1770 3252 1822 sum,
3293 1755 3578 1823 voluitque
3609 1753 3687 1820 is,

420 1825 746 1894 δουλοσύνην
775 1831 866 1882 xxi
910 1833 1136 1888 πλείονα
1185 1837 1372 1909 τιμήν.
1410 1841 1604 1909 Ὅμως
1655 1845 1815 1899 τοῦτο
1850 1849 2000 1902 θέλο-

2119 1863 2166 1908 at
2191 1852 2418 1906 omnino
2447 1865 2630 1904 mores
2659 1849 2996 1904 Francorum
3032 1847 3380 1900 imitarentur
3407 1855 3462 1900 et
3491 1845 3696 1899 induco

432 1935 533 1984 μεν
563 1920 622 1970 τὸ
655 1923 964 1990 σκέψασθαι
994 1927 1232 1998 ἀντάμα,
1262 1932 1358 1984 καὶ
1401 1932 1634 2003 θέλομεν
1663 1941 1914 2008 ποιήσειν
1939 1943 2000 1994 τι

423 2011 660 2065 κάλλιον.
713 2014 773 2066 'll
831 2017 1083 2084 εὐγένειά
1137 2038 1228 2075 σου
1283 2021 1424 2078 εἶναι
1483 2029 1625 2080 κατά
1693 2031 1754 2082 τὺ
1822 2035 1996 2104 παρὸν

423 2101 612 2172 ὥσπερ
647 2103 932 2178 διοικητὴς
978 2111 1090 2162 τῶν
1129 2114 1358 2166 παιδίων
1391 2115 1530 2184 μετὰ
1563 2117 1664 2172 τοῦ
1693 2101 2002 2190 Κριτοπού-

423 2195 540 2248 λου.
581 2193 733 2251 Εἶναι
763 2201 897 2266 γοῦν
929 2203 1144 2275 ἀνάγκη
1197 2207 1304 2275 πρὸ
1337 2209 1556 2263 πάντων
1584 2213 1650 2265 νά
1685 2214 2002 2282 φροντίζετε

427 2288 524 2356 τὴν
553 2291 838 2346 πσλδευσέν
866 2311 976 2348 των
1019 2298 1113 2350 καὶ
1153 2301 1218 2352 τὰ
1249 2300 1353 2371 ἢθη
1392 2319 1522 2368 των,
1553 2305 1619 2358 νά
1649 2305 1832 2372 γίνουν
1862 2307 2004 2360 καλὰ

435 2383 529 2434 καὶ
577 2386 1011 2455 πεπαιδευμένα,
1043 2389 1108 2443 ἂν
1154 2391 1336 2445 θέλετε
1371 2393 1438 2446 vi
1483 2395 1647 2464 ἔχουν
1677 2397 1846 2466 τιμὴν
1879 2397 2002 2452 ἐδώ.

435 2473 490 2522 Ei
519 2473 574 2526 δὲ
629 2475 724 2545 μὴ,
757 2477 944 2532 θὲλουν
988 2483 1052 2534 τὰ
1102 2487 1542 2556 καταφρονήσειν
1579 2489 1672 2540 καὶ
1720 2487 1860 2541 αὖτὰ
1911 2489 2008 2542 καὶ

432 2569 558 2628 ἐεᾶς
587 2568 710 2632 ἐδὼ,
743 2571 837 2623 καὶ
861 2575 980 2626 οὐδὲ
1009 2579 1264 2646 στραφείν
1289 2577 1476 2632 θέλουν
1505 2579 1570 2632 νά
1604 2581 1703 2643 σὰς
1730 2579 1894 2635 ίδοῧν.
1919 2581 2005 2635 Ms

441 2661 531 2712 τὸν
573 2664 882 2734 μακαρίτην
917 2669 1008 2718 τὸν
1041 2669 1303 2740 αὐθέντην
1324 2671 1414 2724 τὸν
1441 2672 1654 2740 πατέρα
1685 2690 1810 2738 τους
1846 2677 2002 2726 ἐσυν-

430 2755 674 2825 τύχοιμεν
701 2761 830 2828 περὶ
875 2761 1066 2813 τούτου
1095 2777 1108 2792 ·
1145 2765 1236 2814 καὶ
1285 2765 1490 2826 ἐκεῖνος
1538 2765 1792 2818 ἐϐούλετο
1842 2765 1908 2819 νά
1941 2767 2009 2820 τά

433 2849 630 2922 ἐνδύσῃ
666 2852 760 2904 καὶ
793 2853 860 2904 vi
897 2857 1099 2928 ποιήσῃ
1126 2857 1192 2910 νὰ
1221 2857 1348 2921 ζοῦν
1387 2855 1674 2928 Φράγγικα
1701 2859 2006 2924 παντελῶς,

436 2943 607 3010 ἧγουν
665 2945 730 2996 να
768 2947 1122 3003 ἀκολουθοῦσι
1152 2951 1250 3017 τὴν
1299 2951 1600 3018 ἐκκλησίαν
1653 2953 1796 3006 κατὰ
1829 2954 2012 3008 πάντα

435 3037 584 3089 ὠσὰν
616 3039 833 3092 Λατῖνοι
873 3041 968 3092 καὶ
1015 3041 1136 3111 οὐχὶ
1175 3042 1400 3107 άλλέως,
1437 3043 1501 3096 νά
1542 3045 1866 3098 ἐνδύνωνται
1900 3047 2010 3099 Λα-

2108 1954 2250 2009 reut,
2291 1944 2395 1998 hoc
2421 1951 2504 1997 est
2535 1951 2589 1996 ut
2625 1939 2888 1996 Ecclesiae
2915 1940 3249 1993 interessent
3281 1937 3442 2006 plane
3463 1936 3694 1996 eodem,

2104 2051 2214 2106 quo
2245 2035 2450 2099 Latini,
2483 2033 2664 2096 modo,
2700 2039 2759 2086 ut
2783 2030 2976 2084 Latino
3013 2030 3338 2084 vestimento
3367 2037 3695 2090 uterentur,:

2115 2135 2437 2182 reverenter
2489 2126 2793 2178 salutarent
2839 2137 3054 2194 papam.
3092 2120 3402 2175 cardinales
3447 2129 3504 2172 et
3561 2119 3688 2173 reli-

2105 2235 2246 2289 quos
2275 2219 2571 2288 primores,
2609 2217 2821 2270 detecto
2855 2214 3053 2282 capite,
3084 2223 3144 2266 ut
3165 2214 3430 2266 honorem
3455 2210 3686 2265 exhibe-

2107 2321 2234 2366 rent
2279 2309 2662 2374 salutantibus,
2719 2315 2798 2373 ut,
2852 2307 2893 2360 si
2941 2305 3166 2359 adirent
3217 2304 3552 2357 cardinalem
3604 2303 3687 2355 vel

2109 2405 2277 2458 alium
2338 2401 2572 2454 similem
2639 2398 2964 2468 principem,
3033 2411 3140 2449 non
3197 2395 3537 2457 assiderent,
3593 2393 3722 2446 sed.

2111 2493 2268 2548 ﬂexis
2317 2492 2548 2564 genibus
2581 2488 3036 2559 procumberent,
3086 2488 3262 2540 donec
3309 2487 3376 2540 ab
3413 2485 3505 2538 illo
3532 2485 3692 2554 jube-

2111 2589 2308 2635 rentur
2341 2593 2588 2648 surgere.
2626 2576 2880 2646 Dixitque
2915 2576 3111 2629 beatus
3157 2575 3246 2628 ille
3291 2575 3394 2636 vir,
3443 2589 3584 2639 srepe
3633 2587 3691 2626 se

2113 2669 2181 2725 iis
2209 2670 2510 2740 imperasse
2563 2677 2622 2722 ut
2650 2683 2716 2722 ne
2751 2666 3124 2721 considerent.
3159 2662 3290 2729 Qua:
3319 2661 3482 2730 igitur
3508 2659 3718 2714 omnia.

2114 2762 2273 2817 vobis
2302 2759 2652 2826 commendo,
2694 2769 2752 2812 ut
2795 2757 3067 2811 moneatis
3109 2754 3387 2824 principes
3425 2763 3480 2807 et
3523 2751 3702 2820 probe-

2113 2870 2212 2912 eos
2250 2854 2520 2910 educetis.
2556 2855 2831 2908 Prmterea
2860 2866 3006 2906 cura:
3055 2848 3211 2902 vobis
3241 2856 3380 2911 esto,
3421 2853 3484 2899 ιιι·
3515 2845 3710 2898 ἰιιιῖυςνΔ

2115 2965 2210 3006 sus
2240 2963 2434 3002 eorum
2475 2945 2659 3018 gravis
2691 2946 2856 3014 sitet
2898 2940 3240 3012 magniﬁcus,
3291 2953 3472 2994 sermo
3509 2937 3694 2990 consi-

2118 3044 2361 3105 deratus,
2388 3055 2492 3094 vox
2517 3029 2770 3093 modesta
2799 3047 2854 3090 et
2877 3035 3112 3104 placida,
3135 3033 3316 3087 vultus
3345 3029 3696 3085 verecundus

435 3131 680 3194 τινικῶς,
716 3133 780 3185 v32
818 3133 1046 3202 μάθουν,
1076 3135 1144 3187 vit
1189 3140 1512 3203 γονατίζουν
1554 3141 1682 3203 τοὺς
1719 3141 2014 3211 ὑπερέχονε

2123 3148 2263 3188 neve
2297 3131 2406 3186 huc
2461 3131 2590 3185 illuc
2643 3143 2830 3200 vagus.
2867 3127 3006 3197 Erga
3038 3141 3231 3180 omnes
3272 3139 3460 3180 comes
3489 3133 3546 3178 et
3575 3121 3694 3177 oﬂi‘

437 3241 538 3287 τας
567 3227 665 3316 καὶ
701 3225 934 3278 πάππαν
968 3227 1062 3280 καὶ
1099 3229 1480 3299 καρδιναλίους
1510 3232 1608 3284 καὶ
1656 3235 1782 3296 τοὺς
1815 3235 2008 3298 ἄλλους

437 3319 724 3381 αὐθέντας,
757 3320 823 3371 vi
872 3321 1369 3385 ἀποσκεπάζωνται
1412 3323 1473 3375 τὸ
1509 3325 1710 3392 κεφάλι
1755 3341 1904 3390 τους,
1947 3329 2014 3381 νὰ

436 3405 642 3474 τιμῶσι
673 3407 799 3470 τοὺς
829 3409 1198 3477 χαιρετῶντας
1233 3411 1453 3476 αὐτοὺς,
1505 3415 1634 3466 ὅταν
1664 3415 1914 3482 ὑπάγονν
1949 3420 2014 3470 vi

444 3497 588 3550 ῑδοῦν
620 3498 941 3567 καρδινάλιν
964 3500 997 3568 ἢ
1029 3499 1192 3553 ἄλλον
1218 3503 1406 3572 ὅμοιον
1432 3504 1722 3574 αὐθέντην,
1753 3507 1818 3559 νά
1847 3508 2016 3576 μηδὲν

443 3589 698 3643 καθίσουν
759 3592 962 3656 ποσῶς,
1012 3593 1128 3663 άμὴ
1180 3594 1245 3647 νὰ
1301 3594 1622 3664 γονατίζουν
1678 3597 1772 3648 καὶ
1821 3598 2015 3650 ἁπέκιι

446 3682 573 3732 ὅταν
605 3683 729 3744 τοὺς
759 3683 888 3753 εἴπῃ
920 3685 1127 3746 ἐκεῖνος
1159 3687 1226 3740 νά
1253 3687 1621 3756 σηκωθοῦσιν.
1668 3689 1726 3740 Ὀ
1749 3687 1804 3740 δὲ
1835 3707 2014 3751 μακα-

449 3773 600 3842 ρίτης
649 3777 854 3836 ἐκεῖνος
907 3775 1098 3843 ἔλεγεν
1148 3778 1226 3830 ὅτι
1279 3773 1378 3830 καῖ
1427 3780 1683 3842 πολλάκις
1731 3781 1926 3844 αὐτοὺς
1957 3782 2020 3834 τὸ

445 3866 565 3919 εἶπε
596 3867 660 3919 νὰ
693 3866 858 3937 μηδὲν
903 3867 1230 3925 καθίσωσιν.
1257 3871 1406 3922 Ausi
1434 3867 1528 3924 οὖν
1564 3872 1662 3924 ὅλα
1709 3872 2018 3941 ἐνθυμᾶσθέ

446 3977 513 4012 τα
544 3960 610 4010 vi:
667 3960 788 4024 τοὺς
819 3961 1183 4028 νουθετήσετε
1243 3963 1335 4014 καὶ
1389 3962 1455 4014 νὰ
1512 3963 1641 4024 τοὺς
1697 3963 2018 4017 παιδεύσετε

449 4050 607 4104 καλά.
644 4051 766 4103 Ἐτι
811 4053 1074 4120 ποιήσετε
1109 4052 1192 4104 ὅτι
1241 4053 1300 4105 τδ
1333 4053 1574 4122 βάδισμά
1616 4071 1742 4118 τους
1781 4055 1846 4108 νὰ
1879 4051 2022 4108 εἶναι

451 4141 647 4208 σεμνὸν
679 4143 773 4194 καὶ
803 4144 1008 4210 τίμιον,
1054 4145 1086 4212 ἡ
1117 4144 1304 4214 ὁμιλία
1329 4163 1455 4208 τους
1494 4147 1891 4216 χρησιμωτάτη
1929 4149 2022 4200 καὶ

449 4235 482 4305 ἠ
521 4237 671 4304 φωνή
709 4253 836 4298 τους
861 4237 927 4288 νά
959 4232 1098 4290 εἶναι
1129 4238 1328 4306 μετρία
1353 4238 1447 4290 καὶ
1477 4239 1683 4307 ἠρέμη,
1714 4239 1773 4291 τὸ
1803 4239 2024 4310 βλέμμα

450 4341 575 4387 τους
604 4327 992 4395 προσεκτικδν,
1021 4328 1086 4380 νά
1114 4328 1281 4397 μηδὲν
1310 4328 1588 4398 χάσκωσιν
1611 4329 1811 4382 ἐδῶθεν
1835 4333 2025 4384 κάκεῖ-

451 4419 564 4472 θεν.
601 4420 695 4482 Ἀς
748 4418 946 4488 τιμοῦν
995 4421 1225 4485 πάντας,
1275 4421 1340 4485 ἃς
1390 4421 1639 4490 άγαποῦν
1690 4424 1924 4488 πάντας,
1958 4422 2025 4486 ἃς

2120 3221 2256 3276 eiosi
2293 3230 2478 3286 sunto,
2517 3220 2918 3274 omnibustum
2956 3217 3074 3273 suis
3121 3226 3234 3272 tum
3281 3215 3475 3270 alienis
3511 3213 3720 3269 blandi-

2121 3324 2177 3366 et
2203 3311 2471 3380 aﬂ'abiles,
2503 3315 2727 3368 minime
2754 3313 3002 3382 gloriosi,
3030 3311 3124 3366 sed
3159 3311 3400 3366 demisso
3429 3317 3484 3362 et
3509 3307 3710 3363 sedato

2073 3425 2077 3430 -
2121 3403 2500 3458 animo.Nibil
2525 3404 2912 3474 superbiunto,
2932 3403 3078 3468 quod
3113 3399 3460 3470 imperatoris
3491 3398 3702 3466 posteri

2123 3495 2256 3558 sint,
2293 3494 2386 3547 sed
2419 3494 2716 3563 cogitante,
2755 3509 2877 3548 sese
2901 3495 3074 3563 patria
3101 3495 3333 3563 ejeclns,
3382 3489 3570 3554 orbos,
3605 3489 3708 3540 lio-

2122 3587 2314 3653 Spites,
2345 3585 2626 3642 mendicos
2644 3601 2786 3650 esse,
2813 3585 2906 3655 qui
2929 3586 3164 3640 aliorum
3193 3583 3473 3638 beneﬁciis
3499 3591 3696 3652 egeant

2125 3677 2192 3730 ad
2227 3678 2397 3731 vitam
2420 3679 2858 3740 sustentandam,
2903 3691 3028 3740 nec,
3063 3675 3167 3728 nisi
3199 3675 3458 3728 virtutem
3491 3671 3714 3735 colant,

2125 3767 2428 3834 prudentes
2443 3783 2508 3822 ac
2522 3767 2754 3823 modesti
2769 3769 2903 3833 sint,
2919 3781 3112 3822 omnes
3127 3765 3427 3820 bonoriﬂee
3445 3764 3701 3822 habeant.

2127 3861 2196 3914 ab
2211 3860 2654 3916 aliishonoriﬁee
2673 3860 2922 3915 habitum
2941 3860 3032 3926 iri,
3051 3859 3154 3913 sed.
3169 3859 3226 3912 in
3242 3857 3488 3926 on'mium
3515 3865 3707 3911 ventu.

2129 3967 2222 4008 ros
2249 3967 2372 4008 esse
2409 3951 2698 4006 invidiam.
2727 3951 2859 4018 Quae
2889 3951 3072 4004 omnia
3106 3957 3186 4014 tu,
3217 3949 3300 4002 vir
3331 3947 3700 4007 nobilissime.

2129 4060 2254 4100 cum
2281 4043 2568 4114 Critopulo
2607 4045 2918 4110 considera,
2949 4040 3398 4114 quandoquidem
3445 4041 3494 4094 id
3523 4040 3706 4094 oneris

2135 4136 2228 4190 tibi
2261 4135 2577 4204 impositum
2597 4144 2700 4190 est.
2728 4135 2996 4189 Praeterea
3027 4147 3253 4204 operam
3282 4131 3449 4186 danto
3483 4130 3704 4186 litteris.

2135 4237 2196 4282 ut
2215 4239 2540 4297 progressus
2556 4225 2781 4294 faciant,
2799 4239 2960 4286 neve,
2981 4224 3124 4291 quod
3147 4221 3426 4292 principes
3441 4221 3573 4286 sint,
3599 4219 3708 4272 illis

2131 4335 2326 4376 carere
2341 4337 2398 4374 se
2417 4333 2578 4388 posse
2593 4319 2971 4374 existimanto.
2994 4316 3264 4371 Nobilitas
3287 4331 3407 4384 qua:
3427 4323 3579 4394 caret
3595 4313 3710 4365 vir-

2135 4424 2275 4480 tute,
2327 4411 2488 4468 nihili
2541 4421 2625 4467 est
2661 4413 2716 4466 in
2751 4410 3016 4466 omnibus
3062 4407 3434 4478 principibus,
3493 4406 3706 4459 etiamsi

453 4512 852 4580 συντυχαίνωσι
888 4513 1096 4575 πάντας
1127 4515 1224 4566 καὶ
1252 4515 1380 4576 τοὺς
1405 4514 1614 4577 ὲδικούς
1644 4533 1748 4567 των
1773 4515 1868 4568 καὶ
1899 4517 2014 4578 τοὺς

2137 4521 2331 4576 magna
2361 4519 2527 4576 regna
2559 4512 2618 4560 et
2653 4503 2796 4557 bona
2822 4501 3088 4565 habeant,
3113 4497 3316 4554 nedum
3363 4497 3417 4551 in
3449 4496 3578 4560 illis,
3612 4496 3724 4565 qui

453 4602 636 4667 ξένους
682 4603 824 4672 μετὰ
877 4605 1067 4674 τιμῆς.
1121 4605 1210 4658 Νὰ
1254 4606 1362 4676 μὴν
1411 4603 1551 4658 εἶναι
1605 4607 1932 4672 ἁλαζονικοῖ,
1963 4607 2032 4670 ἃς

453 4689 592 4744 εἶναι
623 4694 872 4747 ταπεινοὶ
902 4695 998 4746 καὶ
1035 4693 1254 4764 ἧρεμοι.
1304 4696 1413 4748 Καὶ
1457 4695 1626 4766 μηδὲν
1664 4695 2030 4765 ἐνθυμοῦνται

455 4784 535 4837 ὅτι
570 4782 713 4837 εἶναι
771 4785 1035 4855 βασιλέως
1068 4786 1351 4853 ἀπόγονοι,
1389 4789 1503 4856 ἁμὴ
1553 4787 1616 4850 ἃς
1665 4787 2031 4858 ἐνθυμοῦνται

455 4877 538 4927 ὅτι
569 4873 708 4928 εἶναι
743 4877 1034 4946 διωγμὲνοι
1065 4877 1172 4929 ἀπὸ
1199 4877 1288 4932 τὸν
1307 4877 1470 4930 τόπον
1501 4895 1632 4943 των,
1665 4878 1917 4949 ὀρφανοὶ,
1945 4877 2032 4940 ξέο

459 4984 559 5028 νοι,
590 4967 920 5037 ὁλόπτωχοι,
965 4970 1046 5022 ὄτι
1100 4965 1238 5020 εἶναι
1269 4969 1428 5038 χρεία
1483 4971 1546 5022 νὰ
1599 4969 1728 5034 ζοῦν
1769 4969 1876 5022 ἀπὸ
1909 4969 2034 5033 ξένα

461 5061 640 5129 χέρια,
671 5062 766 5112 καὶ
795 5063 876 5114 ὃτι
929 5061 994 5115 ἂν
1026 5063 1112 5114 δὲν
1156 5062 1356 5132 ἔχωσιν
1386 5062 1608 5131 ἀρετὴν,
1664 5062 1728 5114 ἂν
1777 5061 1865 5113 δέν
1894 5056 2035 5113 εἶναι

463 5152 740 5220 φρόνιμοι,
776 5151 842 5205 ἂν
871 5153 959 5205 δέν
991 5147 1130 5205 εἷναι
1162 5154 1434 5218 ταπεινοὶ,
1463 5153 1529 5206 ἂν
1558 5153 1647 5204 ὁὲν
1677 5152 1878 5222 τιμῶσι
1903 5153 2038 5205 πάν-

463 5259 584 5305 τας,
614 5242 734 5294 οὺδέ
765 5247 888 5305 τοὺς
920 5244 1108 5297 θέλονν
1131 5245 1393 5314 τιμήσειν
1417 5245 1466 5297 οἱ
1495 5243 1668 5311 ἄλλοι,
1702 5244 1822 5314 ὰμὴ
1850 5241 2038 5296 θέλουν

465 5336 591 5398 τοὺς
627 5335 1079 5404 ἀποστρέφεσθαι
1124 5337 1356 5400 πάντας.
1391 5336 1542 5389 Αὑτά
1577 5331 1670 5389 οῦν
1699 5335 1795 5388 ὅλα
1825 5335 2039 5406 φροντί-

466 5427 590 5482 σετέ
615 5445 683 5480 τα
707 5429 847 5480 καλά
878 5429 910 5499 ἡ
941 5427 1192 5497 εὐγένειά
1219 5445 1312 5480 σου
1339 5427 1476 5498 μετὰ
1503 5425 1712 5480 καὶτοῦ
1737 5426 2042 5497 Κριτοπού-

463 5523 580 5587 λου,
612 5520 804 5590 ἐπειδὴ
833 5521 894 5574 τι
926 5523 1129 5593 γομάρι
1158 5521 1351 5574 ἀπάνω
1380 5536 1477 5583 σας
1508 5517 1671 5573 εἶναι.
1721 5519 1862 5590 Πρὸς
1908 5519 2039 5571 τού-

466 5631 580 5676 τοις
610 5613 676 5676 ἃς
709 5613 1101 5683 ἐπιμελοῦνται
1126 5613 1191 5666 νά
1217 5614 1427 5682 μάθουν
1453 5613 1784 5685 γράμματα,
1813 5613 1883 5666 νὰ
1911 5630 2043 5683 προ-

470 5706 690 5774 κόψουν,
728 5707 794 5760 vi:
829 5706 936 5776 μὴν
964 5705 1326 5774 ἐνθυμοῦνται
1355 5709 1436 5761 ὅτι
1471 5702 1613 5758 εἶναι
1645 5705 1938 5776 εὐγενικοί.
1979 5705 2042 5757 'll

471 5801 720 5868 εὐγένεια
775 5803 944 5871 χωρὶς
987 5801 1194 5871 ἀρετῆς
1241 5801 1330 5856 δέν
1385 5795 1522 5858 εἶναι
1556 5801 1774 5866 τίποτες
1830 5803 1922 5854 καὶ
1967 5801 2046 5863 εἰς

2137 4597 2302 4652 rebus
2323 4595 2586 4650 omnibus
2618 4591 2798 4648 orbati
2833 4599 2984 4646 sunt.
3017 4589 3200 4654 Quare
3237 4601 3464 4642 neeeSse
3497 4595 3584 4641 est
3615 4601 3715 4642 eos,

2133 4691 2348 4745 litteras
2375 4689 2586 4753 colere,
2615 4685 2943 4741 obedientes
2993 4683 3556 4751 obtemperantesque
3589 4695 3710 4734 esse

2136 4783 2262 4850 tibi,
2293 4791 2350 4838 et
2383 4781 2619 4844 medico,
2649 4793 2843 4834 eorum
2876 4779 2971 4847 qui
3002 4773 3305 4830 valetudini
3343 4773 3630 4844 prospicit,
3659 4783 3714 4827 et

2139 4881 2406 4947 magistro
2476 4873 2754 4943 dictisque
2845 4871 3048 4926 vestris
3105 4868 3354 4924 studiose
3423 4867 3716 4922 audientes

2138 4981 2324 5026 sunto.
2361 4969 2596 5038 Insuper
2629 4967 2828 5036 singuli
2866 4967 3086 5020 brevem
3129 4965 3368 5032 aliquam
3405 4961 3715 5016 oralionem

2141 5063 2424 5122 memorias
2469 5060 2791 5125 mandanto,
2849 5075 2956 5128 qua
3019 5071 3212 5127 papam
3262 5055 3418 5108 ﬂexis
3481 5051 3716 5122 genibus

2139 5171 2194 5213 et
2227 5156 2378 5211 nudo
2406 5155 2588 5224 capite
2617 5153 2880 5216 salutent,
2911 5167 3036 5206 cum
3089 5151 3198 5202 huc
3230 5147 3484 5201 venerint
3515 5162 3528 5198 :
3566 5142 3718 5212 quod

2141 5258 2378 5304 eavento
2422 5263 2492 5302 ne
2541 5245 2703 5300 aliter
2736 5244 2961 5298 faciant.
3014 5243 3068 5296 Si
3121 5240 3338 5310 publica
3371 5233 3722 5290 ambulantes

2141 5341 2212 5394 ab
2250 5339 2568 5394 hominibus
2596 5336 2911 5391 salutantur
2935 5331 3252 5402 aperiendis
3283 5326 3582 5396 capitibus,
3612 5323 3722 5390 ipsi

2143 5446 2367 5502 quoque
2396 5437 2564 5498 caput
2592 5436 2690 5482 aut
2721 5427 2880 5495 plane
2907 5433 3004 5479 aut
3035 5424 3160 5493 plus
3202 5421 3452 5473 minusve
3485 5430 3586 5486 pro
3624 5429 3721 5472 cu.—

2141 5523 2318 5594 jusvis
2340 5519 2661 5575 conditione
2690 5517 3004 5587 aperiunto.
3037 5513 3309 5568 Similiter
3347 5511 3392 5562 si
3423 5505 3590 5561 alieni
3622 5507 3722 5560 ho.

2149 5612 2327 5669 norati
2359 5611 2612 5666 homines
2645 5625 2740 5663 eos
2771 5607 2946 5660 visum
2973 5605 3221 5666 veniunt,
3253 5602 3418 5670 digne
3449 5601 3550 5652 hos
3578 5599 3725 5652 exci-

2149 5706 2380 5774 piunto,
2443 5707 2610 5768 caput
2664 5697 2957 5768 aperiunto
3013 5705 3067 5749 et
3129 5711 3228 5764 pro
3280 5707 3377 5746 sua
3445 5705 3726 5758 quemque
3779 5743 3784 5748 ,

2154 5795 2420 5868 dignitate
2467 5793 2726 5850 habento.
2765 5793 3088 5862 Loqunntor
3127 5802 3296 5858 pauca
3347 5784 3596 5858 quidem,
3629 5783 3744 5839 sed.
