4136 6422
433 347 538 412 635

1861 345 2265 410 ΕΡΙΞΤΟΙΛΞ.

3601 357 3667 416 (Ϋὲ
3679 357 3708 414 ξι

439 465 616 526 iam;
645 480 770 532 μου,
800 464 932 516 orto-3
965 460 1108 519 εἶναι
1135 463 1228 516 τοῦ
1259 461 1462 532 Κώμου
1491 463 1582 516 καὶ
1615 458 1747 534 ἦτον
1779 465 1875 516 καὶ
1901 463 2020 516 δον·-

2140 464 2389 532 )ossidet,
2429 481 2563 535 quas
2600 467 2697 522 libi
2735 470 2914 524 tradet
2941 485 3068 526 cum
3107 471 3336 538 reliquis
3363 471 3712 534 habitandas,

442 558 640 628 λευτὴς
665 555 760 610 τοῦ
787 556 942 624 ἁγίου
973 556 1255 609 δεσπότου.
1283 555 1356 606 Τδ
1378 554 1637 618 Τζίκολον
1668 553 1805 608 εἶναι
1833 555 2018 624 ἐνορία

2125 558 2352 612 omnino
2381 567 2452 624 te,
2485 567 2754 628 quantum
2790 563 2998 630 poterit
3030 563 3368 632 adjuturus..

449 668 572 716 του,
604 651 700 704 καὶ
725 647 824 722 ἔχῃ
847 649 941 702 καὶ
975 651 1092 703 ἐκεῖ
1114 647 1276 700 καλὸν
1315 647 1600 718 ὀσπήτιον,
1635 649 1729 702 καὶ
1755 647 1897 700 θέλει
1925 665 2023 710 σας
2064 649 2124 701 τὸ
2189 650 2384 704 δώσειν
2409 651 2474 706 νά
2498 655 2862 724 κατοικήσετε
2898 657 3038 722 ἐκεῖ,
3071 658 3166 710 καὶ
3225 658 3367 710 θέλει
3397 676 3496 722 σας
3528 677 3712 729 συνερε

448 746 644 815 γήσειν
680 743 758 804 είς
781 743 862 795 ὅτι
897 737 1038 794 εἶναι
1069 741 1314 794 δυνατόν.

533 841 620 891 Ἐν
660 837 880 907 Ῥώμης
908 837 1220 904 Αὐγούστου
1247 836 1316 900 0',
1365 837 1526 903 ,αυξεΙ
1559 836 1730 898 ἔτους.
1775 838 1835 889 Ὀ
1885 837 2025 904 Βησ-

453 932 678 1001 σαρὲων,
710 929 1026 998 καρδινὰλις
1070 929 1162 982 καὶ
1193 927 1542 1000 πατριάρχης
1580 929 2023 981 Κωνσταντινου-

451 1024 682 1086 πόλεως.

2209 837 2421 904 Romae,
2461 837 2552 892 die
2583 839 2812 907 Augusti
2845 837 2898 902 9,
2927 853 3072 891 anno
3103 837 3257 891 1465.
3279 837 3550 902 Bessario,
3581 855 3712 888 ι·;ιι’-

2135 930 2334 986 dinalis
2362 941 2416 986 et
2453 931 2762 1000 patriarcha
2789 930 3111 1000 (ipolitanus
3137 930 3238 1000 (α).

2027 1173 2138 1228 VII.

619 1298 702 1354 Ad
733 1296 1054 1351 Theodorum
1083 1295 1304 1351 Gazam.
1337 1325 1406 1334 -—
1449 1277 1579 1358 Qun:
1629 1309 1692 1346 ea:
1729 1292 2250 1360 interpretationibus
2307 1290 2653 1358 TlieOphrasti
2702 1299 2752 1344 et
2802 1291 3109 1345 Aristotelis
3140 1290 3414 1345 commoda
3473 1294 3549 1346 rei

1119 1365 1396 1418 litteraria:
1424 1373 1742 1432 proventura
1777 1364 1874 1417 sibi
1903 1363 2224 1432 promiserit,
2250 1363 2482 1431 ingenue
2518 1361 2802 1430 conﬁtetur
2830 1362 2930 1430 (i).

519 1496 593 1547 Σὺ
619 1495 674 1548 δὲ
702 1493 770 1546 τὰ
794 1491 931 1562 Περὶ
951 1490 1135 1559 φυτῶν
1157 1489 1528 1560 Θεοφράστου,
1558 1489 1654 1542 καὶ
1685 1489 1756 1540 τὰ
1789 1489 2032 1556 Ἀριστο-

448 1589 634 1648 τέλους
673 1583 1016 1656 ἑρμηνεύσας
1048 1581 1439 1652 Προϐλήματα,
1457 1580 1633 1650 μέγαν
1661 1579 1919 1648 διήνυσας
1938 1574 2036 1632 ἆθ-

449 1679 560 1744 λον,
593 1679 688 1730 καὶ
705 1675 848 1746 μέγα
863 1672 1163 1742 δεδώρησαι
1183 1672 1354 1743 δῶρον
1377 1671 1648 1734 Λατίνοις,
1689 1669 1755 1723 τὰ
1782 1669 1881 1738 μὲν
1899 1669 2036 1732 ὅλως

454 1769 556 1822 οὐκ
590 1768 724 1822 ὄντα
755 1764 887 1837 παρ’
921 1764 1122 1829 αὐτοῖς,
1151 1762 1220 1816 τὰ
1267 1763 1324 1817 δὲ
1380 1763 1476 1816 καὶ
1508 1761 1638 1832 παρ’
1686 1762 1819 1831 ἡμῖν
1851 1760 2034 1821 αὐτοῖς

449 1857 594 1912 οὕτω
623 1855 1068 1928 διημαρτημένα,
1121 1854 1198 1916 ὠς
1249 1853 1406 1924 μόλις
1450 1849 1590 1906 εῖναι
1645 1851 1890 1904 συνεῖναι
1923 1849 2034 1903 τῶν

450 1952 788 2019 λεγομένων,
847 1945 1200 2017 ἑρμηνεύσας
1251 1962 1310 1998 τε
1363 1945 1461 1998 καὶ
1488 1943 1666 2000 πάντα
1707 1942 2029 2014 διορθώσας,

453 2043 549 2096 καὶ
579 2042 613 2112 ἢ
640 2041 730 2094 τὸν
752 2037 916 2092 αὐτὸν
945 2037 1090 2102 νοῦν,
1127 2039 1226 2108 τὴν
1251 2035 1422 2102 αὐτὴν
1447 2036 1504 2089 δὲ
1535 2036 1627 2089 καὶ
1661 2035 1826 2101 λέξιν,
1862 2033 2032 2104 ἦγουν

453 2132 486 2202 ἢ
539 2133 637 2184 καὶ
690 2129 1163 2201 παραλλάττοντα,
1223 2129 1339 2182 ἀλλ’
1409 2129 1777 2200 Ἀριστοτέλει
1825 2129 1920 2180 καὶ
1952 2127 2031 2198 τῷ

459 2221 809 2292 προκειμένῳ
871 2221 1270 2290 συγγράμματι
1328 2221 1630 2291 πρέποντα,
1659 2220 1736 2282 ὡς
1795 2219 1856 2272 τὸ
1883 2219 2032 2282 είκδς

457 2315 692 2376 ἀποδούς
718 2330 732 2344 ·
768 2313 848 2366 διό
877 2330 958 2365 σοι
986 2313 1078 2365 καὶ
1135 2312 1311 2382 μέγας
1368 2312 1596 2364 ἐπαίνου
1657 2309 1850 2380 μισθὸς
1879 2311 2032 2382 παρά

456 2408 576 2468 ταῖς
611 2405 720 2456 τῶν
768 2403 1220 2474 πεπαιδευμένων
1268 2404 1474 2474 ψυχαῖς
1501 2405 1854 2457 ἀποκείσεται
1919 2402 2030 2456 τῶν

456 2511 517 2548 τε
552 2493 645 2546 νῦν
688 2494 876 2558 ὄντων,
917 2494 1028 2546 τῶν
1072 2511 1132 2546 τε
1187 2496 1266 2556 είς
1298 2493 1488 2546 ἔπειτα
1513 2493 1806 2564 ἐσομένων.
1841 2495 2030 2563 Μέγαν

463 2587 564 2654 μὲν
588 2579 680 2638 οὖν
703 2585 816 2654 ἔχει
852 2586 1016 2637 πόνον
1050 2585 1110 2638 τὸ
1161 2583 1342 2654 ἔργον,
1375 2585 1564 2638 ἔπειτα
1590 2583 1646 2637 δὲ
1698 2585 1849 2654 ὅμως
1881 2585 2030 2655 αὐτῷ

461 2679 554 2730 καὶ
585 2677 718 2748 τιμή
745 2693 830 2738 τις
850 2677 949 2729 οὐκ
1001 2678 1256 2746 ἀγεννής·
1303 2677 1352 2730 εἰ
1381 2675 1439 2728 δὲ
1483 2675 1560 2747 μὴ
1608 2677 1761 2746 παρὰ
1791 2677 2027 2740 πολλῶν,

459 2771 580 2824 οὐδὲ
617 2771 726 2839 γὰρ
757 2769 940 2822 mnu
963 2769 1011 2822 οἱ
1043 2769 1349 2832 ἐπαΐοντες·
1381 2767 1528 2824 τοῦθ’
1554 2769 1692 2839 ὅπερ
1719 2771 1812 2822 ἐπὶ
1846 2769 2030 2840 πάσης

455 2862 554 2930 τῆς
609 2861 778 2930 ἄλλης
811 2863 1035 2933 ἀρετῆς,
1093 2860 1370 2923 κάνταῦθα
1419 2859 1735 2931 συμϐαίνει·
1785 2861 1852 2930 ἣν
1881 2861 2031 2929 ὅμως

457 2955 750 3024 ἀσκητέον,
785 2955 888 3008 κᾶν
923 2953 1113 3024 μηδεὶς
1139 2957 1166 3006 ὁ
1201 2953 1460 3016 συνειδὼς
1489 2948 1581 3024 ἦν,
1617 2951 1805 3023 μηδεὶς
1836 2953 1864 3004 ό
1895 2952 2028 3004 Θαυ-

460 3047 675 3116 μάζων.
713 3047 774 3100 Εἰ
812 3047 909 3115 μὲν
936 3041 1028 3100 οὖν
1054 3046 1148 3098 καὶ
1176 3045 1337 3109 αὐτὸς
1367 3043 1446 3115 τῷ
1475 3045 1728 3118 ἀρχιερεῖ
1753 3047 1914 3117 κριτῇ
1939 3045 2032 3097 καὶ⁸

461 3142 704 3209 μάρτυρι
764 3139 924 3208 μόνον
977 3141 1144 3210 ἀρκῇ,
1208 3139 1359 3207 σοφῷ
1408 3155 1469 3206 γε
1515 3137 1828 3208 δντιάνδρὶ,
1861 3137 1956 3190 καὶ
1983 3137 2036 3190 εί

2214 1489 2302 1548 Tu
2343 1499 2480 1540 vero
2519 1483 2854 1554 Tlieopliasti
2883 1485 2958 1540 De
3017 1487 3256 1556 plantis,
3309 1498 3366 1544 et
3410 1489 3720 1546 Aristottg'lis

2141 1576 2491 1632 Problemata
2527 1576 2947 1646 interpretatus,
2985 1559 3180 1650 ingens
3217 1583 3497 1654 negotium
3533 1587 3716 1639 absci-

2139 1667 2288 1734 visti,
2322 1681 2632 1738 magnoque
2683 1669 2830 1724 dono
2877 1670 3107 1726 Latinos
3156 1671 3414 1728 donasti:
3449 1681 3719 1745 quaedam,

2139 1773 2261 1828 quae
2299 1759 2451 1814 nullo
2507 1760 2671 1815 modo
2718 1763 2861 1831 apud
2891 1763 3013 1819 illus
3061 1775 3237 1830 erant,
3269 1767 3518 1836 quaedam
3553 1771 3716 1823 etiam

2141 1849 2284 1918 apud
2313 1864 2412 1906 nos
2445 1849 2594 1920 ipsos
2623 1852 2696 1906 ita
2721 1867 2980 1922 perverse
3031 1854 3238 1924 habita,
3273 1866 3334 1912 ut
3367 1858 3456 1912 vix
3489 1859 3714 1930 intellig.

2137 1951 2394 2010 possent:
2425 1945 2524 1998 sed
2559 1946 2826 2001 correctis
2857 1947 3136 2016 omnibus,
3174 1950 3262 2004 vel
3300 1951 3552 2008 eamdem
3593 1969 3714 2007 sen-

2136 2033 2363 2088 tentiam
2392 2036 2476 2090 vel
2506 2035 2758 2092 eamdem
2785 2037 3108 2104 dictionem,
3153 2039 3283 2095 licet
3311 2041 3598 2098 immutata
3635 2060 3716 2098 cs-

2136 2134 2282 2191 sent,
2313 2126 2410 2181 sed
2441 2127 2752 2192 Aristoteli,
2777 2137 2834 2183 et
2851 2131 3138 2200 proposito
3167 2134 3346 2201 operi,
3370 2143 3429 2188 ut
3457 2150 3552 2204 par
3573 2150 3712 2196 ονιῑῐ,

2136 2218 2454 2274 restituens.
2488 2219 2891 2289 Proptereaque
2911 2229 2968 2276 et
2998 2223 3200 2278 eximia
3225 2223 3323 2278 tibi
3356 2225 3538 2281 laudis
3573 2245 3716 2280 mei--

2135 2324 2226 2364 ces
2258 2309 2403 2378 apud
2433 2311 2804 2378 eruditorum,
2849 2323 2964 2367 tum
3019 2313 3114 2383 qui
3163 2329 3312 2369 nunc
3357 2317 3568 2382 vivunt,
3604 2329 3715 2372 tum

2135 2401 2230 2470 qui
2263 2399 2470 2456 futuris
2503 2404 2844 2472 temporibus
2865 2404 3074 2468 vivent,
3105 2406 3318 2460 animos
3355 2407 3540 2464 fuerit.
3565 2408 3626 2476 Ο,
3655 2427 3716 2462 ns

2135 2490 2321 2559 itaque
2353 2505 2606 2562 magnum
2641 2494 2692 2547 in
2741 2508 2800 2548 se
2846 2495 3094 2550 continet
3127 2496 3370 2551 laborem
3397 2538 3412 2562 ,
3447 2499 3540 2553 sed
3581 2500 3736 2552 illud

2135 2581 2312 2638 bonos
2361 2585 2615 2639 sublimis
2671 2595 3074 2655 consequetur;
3117 2589 3222 2643 etsi
3271 2603 3378 2641 non
3421 2604 3450 2642 a
3507 2593 3716 2649 multis.

2134 2689 2314 2744 neque
2343 2676 2491 2730 enim
2515 2675 2668 2732 multi
2706 2687 2838 2732 sunt
2869 2681 2963 2748 qui
2993 2679 3320 2750 intelligant.
3345 2679 3460 2735 Hoc
3481 2683 3714 2746 etenim,

2134 2769 2278 2836 quod
2319 2781 2374 2823 et
2414 2768 2468 2822 in
2487 2769 2612 2823 aliis
2632 2770 2891 2824 omnibus
2918 2771 3140 2834 accidit,
3173 2773 3544 2827 exercendum
3569 2776 3714 2828 nihi—

2132 2859 2374 2916 lominus
2403 2870 2504 2926 est,
2539 2861 2670 2915 licet
2717 2861 2898 2916 nullus
2930 2865 3000 2916 sit
3045 2863 3139 2932 qui
3187 2863 3238 2918 id
3287 2864 3503 2930 callent,
3535 2866 3716 2918 utilius

2131 2951 2203 3005 sit
2249 2951 2340 3021 qui
2373 2953 2451 3006 'id
2510 2952 2834 3008 admiretur.
2882 2952 3066 3020 Quare
3107 2955 3150 3008 si
3197 2963 3256 3008 tn
3319 2971 3541 3025 quoque
3603 2959 3718 3010 solt;

2135 3044 2414 3113 pontiﬁce,
2454 3045 2616 3100 docto
2652 3045 2908 3116 equidem
2947 3047 3099 3110 viro,
3149 3045 3336 3116 judice
3368 3057 3535 3118 atque
3585 3059 3721 3103 teste:

2137 3138 2520 3192 tantummodo
2571 3151 2865 3194 contentus
2897 3153 2992 3200 es.
3037 3141 3137 3194 etsi
3191 3140 3271 3193 vel
3325 3141 3435 3194 duo
3469 3141 3554 3196 vel
3614 3151 3718 3194 ires

455 3251 600 3297 τινες
635 3233 787 3306 δύοῆ
823 3234 970 3305 τρεῖς
1020 3235 1069 3286 oi
1113 3235 1354 3286 συνεῖναι
1378 3233 1475 3285 καὶ
1530 3231 1830 3300 Θαυμάζειν
1860 3229 2026 3296 ἀξίως

2140 3227 2362 3294 fuerint,
2398 3230 2490 3300 qui
2537 3240 2591 3284 ct
2620 3231 2926 3298 intelligere
2951 3231 3282 3286 etadmirari
3307 3241 3562 3302 possunt,
3588 3251 3724 3303 opus.

455 3325 920 3397 δυνάμενοι,ἕχου
956 3325 1055 3378 τοῦ
1101 3324 1288 3393 ἔργου,
1331 3324 1430 3377 καὶ
1453 3318 1514 3376 εὖ
1564 3323 1710 3376 ποίει
1745 3322 2028 3384 Λατίνους,

460 3419 652 3488 σοφούς
678 3436 742 3487 γε
775 3421 869 3472 καὶ
925 3418 1110 3482 ἀξίους
1167 3417 1398 3488 ἄνδρας·
1431 3416 1554 3472 ἐπεὶ
1585 3416 1663 3486 μὴ
1727 3415 1896 3486 ἔχεις,
1937 3413 2032 3479 οὓς

457 3512 565 3563 τῶν
598 3511 707 3564 σῶν
741 3508 803 3562 εὖ
835 3515 1102 3580 ποιήσεις·
1140 3513 1188 3562 εί
1223 3511 1276 3561 δὲ
1307 3511 1402 3562 καὶ
1447 3507 1547 3580 τὴν
1575 3507 1671 3560 τοῦ
1697 3507 1858 3576 δχλου
1892 3524 2034 3578 μαρ-

459 3602 653 3671 τυρίαν
683 3603 858 3664 ποιεῖς
896 3603 1026 3672 περὶ
1055 3601 1322 3666 πλείονος,
1353 3601 1532 3654 καίτοι
1580 3599 1678 3652 τοῦ
1711 3600 2033 3669 Σωκράτους

463 3693 544 3746 ἐνὶ
577 3694 723 3762 μόνῳ
771 3692 868 3746 τοῦ
891 3695 1026 3760 πρὸς
1051 3692 1134 3746 ’ὃν
1160 3695 1188 3747 ὁ
1232 3691 1390 3760 λόγος
1445 3692 1816 3763 ἀρκουμένου»
1868 3692 1902 3762 ἦ
1960 3693 2036 3764 μὴ

462 3785 654 3838 τοῦτο·
687 3786 747 3837 οὐ
783 3787 892 3854 γὰρ
923 3785 1004 3837 σοί
1031 3802 1094 3852 γε
1133 3785 1408 3856 προσήκει
1430 3799 1445 3815 ·
1474 3785 1591 3838 ἀλλ’
1625 3785 1808 3848 ἄλλοις
1839 3800 2034 3856 χρησι-

468 3878 736 3948 μωτέροις
796 3876 1082 3946 σχολάζειν
1132 3875 1480 3948 βουλόμενος.
1544 3877 1850 3946 ἀποσταίης
1899 3877 2037 3938 ὅλως

464 3970 558 4024 τοῦ
586 3969 934 4041 ἑρμηνεύειν·
966 3969 1029 4022 σὺ
1055 3970 1110 4022 δὲ
1142 3970 1216 4038 μὴ
1247 3967 1566 4021 κατατείνου
1593 3967 1795 4038 ζητῶν,
1823 3970 1948 4022 ὅθεν
1971 3969 2037 4023 ἂν

464 4063 673 4132 τροφῆς
705 4061 1017 4130 εὐποροίης,
1055 4061 1222 4132 μηδὲν
1253 4059 1576 4132 ἑρμηνεύων
1602 4075 1618 4091 ·
1655 4063 1722 4114 τὰ
1753 4063 1860 4131 γὰρ
1893 4063 2036 4132 ὴμέ-

464 4170 624 4222 τερα,
647 4153 741 4206 καὶ
773 4153 854 4204 σοὶ
895 4153 1072 4215 κοινὰ,
1129 4155 1221 4204 καὶ
1265 4152 1388 4205 ὅθεν
1445 4153 1606 4222 ἡμεῖς
1636 4154 1732 4205 καὶ
1781 4151 1939 4216 αὐτὸς
1971 4153 2040 4205 ἂν

466 4245 756 4316 τραφείης,
795 4245 889 4297 καὶ
939 4243 1098 4296 τοῦτο
1151 4245 1250 4314 οὐχ
1291 4243 1478 4308 ἁπλῶς
1528 4243 1644 4298 ἀλλ’
1694 4243 1770 4307 ὥς
1821 4261 1905 4308 τις
1931 4245 2039 4298 τῶν

466 4339 603 4406 ἡμῖν
633 4337 939 4407 ὁμοτίμων·
972 4337 1066 4389 καὶ
1093 4339 1140 4390 εἰ
1191 4335 1492 4406 μεταϐῆναι
1527 4335 1709 4390 τοίνυν
1737 4337 1934 4402 δόξειε,
1967 4337 2042 4406 μὴ

467 4431 603 4498 πρὸς
636 4430 818 4497 ἄλλον,
850 4429 985 4484 ἀλλά
1015 4431 1150 4500 πρὶς
1177 4432 1324 4501 ἡμᾶς
1371 4430 1658 4501 μετάϐηθι.

535 4755 608 4824 (il
637 4753 746 4808 Leo
769 4749 1038 4824 A'llat.__De
1068 4750 1366 4809 Theodoris.
1395 4767 1495 4824 ap:
1517 4750 1628 4806 Mai
1647 4751 1899 4806 Biblioth.
1919 4769 2038 4806 nov.

466 4821 713 4886 Patrum,
745 4833 876 4882 lout.
911 4821 993 4886 Vl,
1027 4831 1182 4889 parte
1211 4835 1270 4886 ιι,
1310 4837 1362 4888 p.
1393 4821 1518 4875 {97.

538 4897 612 4961 (ἓ)
647 4895 833 4948 Liceat
864 4892 996 4944 milii
1044 4892 1246 4960 (inquit
1275 4891 1554 4961 Allatius),
1601 4891 1692 4946 hic
1720 4893 1902 4947 obiter
1933 4894 2038 4946 ini-

464 4980 626 5030 quam
659 4979 721 5016 ac
772 4973 1034 5029 perpetuo
1064 4963 1416 5015 comitantem
1464 4964 1732 5019 litteratos
1763 4963 2035 5026 homines,

466 5033 718 5102 amittam
751 5047 816 5084 ac
839 5033 1093 5085 miseram
1113 5033 1486 5086 conditionem
1518 5033 1828 5102 deplorare.
1856 5033 2038 5087 Theo-

466 5103 636 5153 dorus
660 5101 826 5164 Gaza,
859 5102 951 5168 qui
983 5103 1062 5154 vir
1088 5103 1100 5154 l
1137 5111 1216 5155 tot
1241 5104 1548 5156 studiorum
1583 5101 1861 5158 laboribus
1887 5104 2034 5166 apud

464 5171 682 5224 Urit-cos
703 5181 758 5223 et
783 5171 1000 5223 Latinos
1033 5173 1316 5236 emeritus,
1353 5183 1431 5226 tot
1479 5173 1848 5227 voluminibus
1881 5187 2034 5226 coni-

465 5242 657 5308 positis
677 5241 858 5292 clarus
887 5251 940 5292 et
965 5241 1318 5308 conspicuus,
1343 5257 1558 5295 summo
1579 5243 1826 5296 Pontitici
1851 5252 2032 5304 notus,

467 5311 789 5377 purpuratis
847 5310 1102 5364 Patribus
1153 5313 1377 5376 Charus,
1433 5315 1486 5366 in
1539 5313 1686 5366 Italia
1729 5313 2038 5367 studiorum

464 5381 677 5442 altrice,
712 5380 1090 5445 spectantibus
1127 5383 1470 5450 principibus
1499 5385 1633 5436 viris
1660 5393 1716 5438 et
1761 5385 2039 5436 laudanti-

465 5450 589 5512 bus,
624 5451 697 5504 ita
726 5461 868 5518 eget,
897 5461 954 5502 ut
980 5465 1082 5504 nec
1113 5451 1217 5505 sibi
1248 5453 1392 5506 unde
1415 5456 1561 5504 vivat
1585 5453 1732 5506 doni't
1765 5453 1868 5518 sit;
1892 5463 1945 5506 et
1975 5470 2042 5505 ne

465 5518 530 5572 ad
565 5519 972 5574 mendicitatem
1005 5536 1064 5574 se
1109 5522 1448 5584 detruderet,
1492 5525 1736 5577 animum
1786 5539 1816 5575 a
1843 5524 2042 5577 studiis

469 5589 826 5663 abstrahere,
858 5591 1114 5663 eti-alieni
1157 5593 1316 5662 agelli
1362 5593 1548 5660 glebas
1574 5595 1754 5647 colere
1803 5594 2037 5663 cogitur.

467 5657 586 5712 Non
617 5657 899 5714 crederem
929 5662 1044 5729 ipse
1083 5657 1286 5727 hercle,
1335 5657 1390 5716 ιιῖ
1428 5665 1686 5718 idcinniet
1720 5657 2042 5718 Theodorus

2135 3324 2416 3384 continua.
2443 3323 2623 3392 deque
2654 3323 2884 3384 Latinis,
2912 3324 3066 3378 scitis
3099 3327 3258 3395 plane
3305 3335 3364 3379 et
3411 3328 3606 3394 quavis
3656 3342 3712 3379 re

2135 3413 2340 3484 dignis,
2367 3415 2508 3469 bene
2543 3415 2746 3470 mereri
2773 3429 2841 3468 ne
2869 3430 3055 3478 cessa;
3082 3431 3203 3470 cum
3237 3415 3336 3471 tibi
3373 3415 3440 3471 de
3475 3418 3583 3470 tuis
3607 3435 3714 3469 nam

2137 3515 2452 3576 suppetant,
2479 3506 2546 3560 de
2577 3507 2776 3574 quibus
2806 3508 2944 3560 bene
2972 3510 3253 3562 merearis.
3271 3507 3426 3573 Quod
3460 3510 3504 3564 si
3539 3511 3712 3578 plebis

2136 3598 2298 3650 etiam
2353 3597 2728 3650 testimonium
2779 3597 3000 3651 maximi
3052 3599 3228 3660 iacis.
3289 3599 3416 3653 licet
3465 3599 3722 3654 Soemtvs

2139 3703 2251 3742 uno
2287 3696 2526 3750 tantum,
2559 3703 2682 3741 cum
2715 3697 2825 3758 quo
2847 3689 3180 3758 colloquium
3206 3690 3462 3755 iniverat,
3495 3703 3720 3744 conten-

2142 3786 2228 3831 tus
2265 3785 2432 3840 esset,
2464 3785 2561 3831 aut
2595 3791 2662 3832 ne
2697 3779 2748 3832 id
2783 3778 3028 3847 quidem,
3058 3779 3238 3848 neque
3273 3779 3420 3834 enim
3459 3779 3554 3836 tibi
3581 3796 3716 3834 con-

2139 3869 2310 3922 venit.
2365 3867 2472 3923 Sed
2505 3868 2628 3922 aliis
2675 3869 2990 3924 utilioribus
3018 3869 3308 3924 attendere
3355 3870 3568 3932 volens,
3603 3885 3718 3924 om-

2141 3961 2274 4014 nino
2305 3959 2955 4028 ab'interpretationibus
2997 3961 3324 4017 abstinebis.
3369 3962 3434 4015 At
3486 3970 3544 4016 tu
3589 3977 3720 4014 vero

2141 4065 2210 4104 ne
2241 4051 2511 4116 cruciare,
2535 4064 2786 4120 quaerens
2806 4051 2947 4106 unde
2981 4052 3078 4106 tibi
3113 4053 3371 4107 alimenta
3407 4068 3716 4124 compares.

2142 4143 2686 4214 interpretationibus
2717 4144 3000 4213 neglectis.
3025 4143 3216 4200 Nostra
3245 4145 3515 4215 siquidem
3541 4163 3596 4200 et
3624 4148 3718 4199 tibi

2144 4237 2456 4291 communia
2499 4245 2666 4290 sunt:
2715 4247 2771 4290 et
2801 4236 2946 4290 unde
2979 4239 3158 4305 nobis,
3193 4239 3322 4294 inde
3351 4252 3408 4293 et
3443 4241 3540 4296 tibi
3581 4258 3720 4308 [ιι-ηε·-

2144 4327 2436 4382 stabuntur
2466 4327 2747 4389 alimenta,
2771 4341 2879 4380 non
2909 4328 3321 4397 uteunque,sed
3343 4329 3497 4398 quasi
3529 4334 3719 4385 eadem

2145 4437 2254 4492 qua
2281 4433 2336 4477 et
2366 4436 2466 4475 nos
2493 4421 2756 4489 dignitate
2793 4419 3047 4490 fulgeres.
3100 4420 3166 4473 Et
3213 4423 3259 4476 si
3295 4421 3390 4475 tibi
3439 4422 3491 4475 in
3537 4425 3722 4478 animo

2147 4516 2312 4571 fuerit
2341 4515 2524 4570 sedem
2572 4522 2806 4579 mutare,
2851 4529 2958 4566 non
3015 4515 3080 4567 ad
3113 4513 3278 4567 alium
3307 4530 3468 4584 quam
3521 4517 3722 4574 aditus

2141 4625 2386 4679 gressum
2421 4606 2645 4676 dirigito
2661 4605 2736 4676 (2)
2750 4647 2766 4660 .

2144 4751 2428 4816 fateretur,
2489 4761 2546 4805 et
2597 4765 2753 4804 suam
2785 4750 2927 4820 bane
2967 4761 3260 4820 egestatem
3317 4765 3614 4820 exponeret
3671 4761 3719 4808 in

2143 4821 2482 4894 epistolaJad
2516 4821 2866 4894 _Den_tetriu-m
2904 4819 3272 4894 Sgtt:r0p_ulum
3305 4841 3322 4894 7:
3355 4819 3722 4894 Παράδξιγμχ

2140 4893 2196 4964 δέ
2217 4893 2346 4964 ἴσως
2383 4891 2448 4943 ἂν
2466 4891 2582 4964 *εἴη
2605 4891 2666 4943 οὐ
2699 4889 2917 4964 φαῦλον-
2940 4889 3034 4942 διαὶ
3079 4889 3140 4943 τὸ
3201 4889 3477 4964 ἡμέτερον
3506 4909 3521 4926 ·
3561 4889 3720 4964 iurgi;

2142 4963 2252 5030 γὰρ
2284 4961 2617 5034 ἀπορούντές
2659 4977 2794 5034 ποτεΔ
2823 4961 3025 5034 τρόπου
3090 4964 3294 5034 παντὸς
3325 4961 3408 5025 εἰς
3439 4965 3529 5016 τὸν
3580 4961 3720 5034 βεεν,

2142 5034 2331 5101 ἑτέρου
2369 5031 2630 5104 λαϐόντες
2658 5030 2868 5104 χωρίον
2916 5030 3344 5104 ἐγεωργοῦμεν·
3394 5037 3487 5086 καὶ
3545 5030 3719 5104 ταύτῃ

2146 5097 2526 5174 ταγέπιτήδεια
2553 5097 2926 5174 ποριζόμενοι,
2961 5097 3138 5153 οὐδενὶ
3183 5097 3489 5174 γεγόναμεν
3541 5097 3726 5174 φορτιῖ

2146 5173 2232 5242 κοί
2262 5189 2322 5242 τε
2344 5176 2434 5242 και
2457 5169 2720 5241 ἐπαχθεῖς
2755 5169 3034 5232 αἰτοῦντες
3065 5187 3080 5202 ·
3121 5172 3222 5242 σοὶ
3265 5169 3450 5241 μέντόί
3511 5190 3576 5242 γε
3613 5169 3725 5227 ὀὑν

2147 5241 2307 5310 δεμία
2329 5241 2540 5308 ἀνάγκη
2571 5243 2836 5309 γεωργεῖν
2873 5256 2888 5268 ·
2925 5243 3048 5312 ἐμοὶ
3075 5241 3176 5309 μὲν
3199 5243 3308 5312 γὰρ
3333 5243 3362 5295 ό
3390 5241 3532 5294 τότε
3565 5247 3726 5296 πόλε-

2151 5329 2248 5380 μος
2285 5312 2535 5380 ὲπέκλειξ
2573 5313 2673 5380 τὴν
2707 5315 2786 5372 εἰς
2819 5327 2850 5363 τ
2890 5327 2918 5372 ς
2967 5311 3154 5373 πόλεις
3196 5311 3318 5364 ὁδόν
3348 5328 3362 5342 ·
3432 5314 3496 5365 σὺ
3564 5315 3606 5364 δ’
3667 5319 3724 5365 εν

2147 5377 2460 5454 Φλωρεντίξι
2483 5377 2557 5454 εἱ,
2594 5377 2769 5454 πόλει-
2793 5382 3239 5454 ποριστικωτὰτῃ
3282 5381 3520 5450 ἑκάστῳ,
3583 5385 3726 5454 ἅπερ

2148 5452 2213 5504 ἂν
2237 5450 2583 5519 ἐπιτηδεύειν
2617 5451 2935 5522 προέληται.
2963 5450 3254 5520 Exemplar
3281 5455 3474 5521 fuerint
3501 5450 3724 5522 fortasse

2149 5538 2254 5574 non
2295 5523 2494 5574 malum
2526 5537 2607 5574 res
2627 5519 2838 5574 nostrai.
2870 5519 3028 5572 Nobis
3057 5519 3194 5573 enim
3227 5519 3344 5574 cum
3382 5519 3596 5592 prorsus-
3621 5543 3724 5576 nm;

2148 5601 2479 5662 suppeterent
2509 5592 2630 5645 vita:
2669 5592 2986 5662 necessaria,
3015 5601 3250 5644 nostram
3293 5594 3347 5644 in
3382 5595 3554 5646 alieno
3595 5599 3726 5662 mare

2150 5661 2365 5718 colendo
2389 5677 2604 5731 operam
2631 5661 3036 5728 collocavinms;
3061 5663 3234 5731 sicque
3265 5679 3556 5719 ιιεεεδδίινικε
3584 5661 3726 5718 τους-ς

533 5769 605 5832 (α)
631 5769 754 5822 Vide
792 5773 986 5836 Georgii
1017 5776 1264 5826 Plirantza:
1288 5779 1574 5838 Clit-cuicuii,
1605 5787 1719 5828 tom.
1747 5779 1904 5840 CLVI,
1933 5782 2024 5828 col.
2063 5781 2176 5830 ‘Jitl.
