4136 6404
389 369 492 434 689

1815 369 2224 432 EPISTULE.

3561 369 3670 433 690

391 485 833 556 ἀπορῤίπτοντος
863 497 874 510 ·
910 481 1070 551 μήτοι
1116 497 1177 548 γε
1228 481 1346 546 σοῦ,
1408 484 1574 552 μήπω
1625 483 1792 554 μηδὲν
1847 488 1977 554 περὶ

2109 487 2306 542 honem
2345 487 2546 556 ipsum,
2584 486 2852 559 ejusmodi
2898 487 3101 550 virum,
3133 500 3257 540 cum
3309 485 3362 538 in
3395 485 3668 541 Aristote-

395 582 508 634 τῶν
543 595 606 648 γε
645 575 904 630 τοιούτων
939 574 1338 646 ὴκριδωκότος.

473 758 539 811 Εἴ
557 776 609 811 τι
640 752 734 812 οὖν
768 755 893 826 ἐμοὶ
923 755 1110 824 πείθη,
1139 755 1233 808 καὶ
1275 755 1537 810 Πλάτωνα
1599 758 1696 810 καὶ
1738 760 1980 828 Ἀριστο-

401 851 530 918 τέλη
563 847 931 919 σοφωτάτους,
979 847 1307 916 ἡγούμενος,
1357 849 1479 901 κατ’
1513 849 1653 918 ἴχνος
1683 867 1741 902 τε
1774 851 1982 913 τούτοις

402 944 690 1012 ἑπόμενος,
757 941 1020 1010 ἑκάτερον
1087 942 1334 1011 ἡγεμόνα
1395 960 1454 995 τε
1514 943 1717 998 σαυτοῦ
1787 945 1985 1010 ποιοῦ,

404 1032 566 1103 σχολῇ
626 1049 686 1084 τε
740 1031 838 1084 καὶ
889 1030 1123 1100 μελέτῃ,
1187 1031 1532 1094 διδασκάλοις
1598 1049 1658 1083 τε
1715 1028 1793 1094 οἷς
1837 1033 1988 1096 ἄξιον

401 1121 725 1192 χρώμενος,
790 1119 986 1191 πρῶτα
1045 1120 1146 1190 μὲν
1198 1124 1437 1174 συνεῖναι
1482 1122 1576 1174 τοῦ
1641 1123 1837 1192 βάθους
1882 1123 1990 1175 τῶν

404 1218 499 1268 ὐπι
528 1214 711 1268 αὐτῶν
763 1215 1072 1282 εἰρημένων
1126 1213 1432 1266 σπούδασον
1465 1233 1476 1245 ·
1526 1215 1646 1268 οὐδὲ
1685 1215 1794 1286 γὰρ
1854 1200 1991 1269 πάσι

401 1309 515 1370 τοῖς
540 1306 887 1376 βουλομέναις
911 1304 1160 1374 εύληπτα
1193 1305 1414 1373 λέγουσι
1449 1305 1526 1359 τὼ
1558 1306 1718 1377 ἄνδρε
1752 1323 1768 1340 ο
1799 1308 1991 1361 ἔπειτα

405 1400 501 1453 καὶ
531 1401 582 1452 εί
607 1416 660 1450 τι
696 1397 1086 1467 διαφέρεσθον,
1127 1398 1227 1450 οὐκ
1284 1397 1545 1468 ἀμαθίας,
1604 1399 1808 1466 ἄπαγε,
1855 1397 1992 1451 ἀλλὰ

405 1491 504 1557 τῆς
536 1489 780 1558 μεγάλης
807 1505 868 1541 τε
890 1489 1076 1541 αὐτοῖν
1104 1490 1230 1558 περὶ
1262 1489 1455 1556 λόγους
1481 1489 1763 1559 δυνάμεως
1808 1507 1867 1542 τε
1899 1490 1992 1542 καὶ

405 1581 594 1646 ἕξεως,
632 1581 852 1648 καὶτῆς
877 1580 986 1632 τῶν
1043 1579 1401 1649 ζητημάτων,
1459 1579 1548 1634 διὰ
1599 1581 1659 1633 τὸ
1689 1579 1886 1649 ἄδηλόν
1932 1596 1992 1633 τε

406 1673 586 1726 αὐτῶν
619 1675 712 1725 καὶ
753 1671 828 1742 μὴ
863 1672 1057 1740 σαφὲς,
1098 1673 1185 1725 ἐπ’
1217 1674 1510 1742 ἀμφότερα
1539 1673 1734 1744 ῥοπῆς,
1765 1675 1994 1742 σημεῖον

407 1764 751 1832 ποιούμενος,
784 1763 1066 1832 θαύμασον
1101 1765 1200 1834 μὲν
1230 1763 1330 1834 τὴν
1360 1764 1584 1816 ἐκείνων
1635 1763 1853 1832 σοφίαν,
1887 1767 1993 1832 ἀμ-

2088 581 2191 634 lem
2228 581 2352 636 talia
2383 581 2644 650 proiecit;
2678 582 2877 635 nedum
2908 592 2980 647 te,
3014 581 3108 650 qui
3141 580 3192 633 in
3225 580 3293 634 iis
3325 579 3492 633 rebus
3531 595 3676 632 non-

2087 671 2219 725 dum
2247 671 2551 741 quidquam
2579 672 2934 726 aceuravisti.

2158 763 2212 815 Si
2251 763 2383 831 quid
2424 777 2555 832 ergo
2596 763 2728 816 mihi
2761 763 2963 828 credis,
2999 762 3286 817 Platonem
3343 769 3398 814 ttt
3445 772 3501 815 et
3551 760 3676 812 Art-

2087 853 2340 908 stotelem
2386 855 2826 924 sapientissimos
2859 865 3080 924 putans,
3112 864 3168 909 et
3197 853 3392 907 horum
3428 852 3675 923 vestigiis

2091 945 2349 999 insistens
2371 984 2386 1009 .
2421 945 2498 999 tui
2529 955 2828 1015 utrumque
2874 946 3070 1000 ducem
3102 945 3292 1000 facito.
3323 945 3532 999 Tumet
3558 946 3673 997 otio

2090 1047 2146 1092 et
2168 1038 2550 1102 meditatione,
2582 1048 2635 1091 ct
2674 1039 2948 1104 magistris
2993 1054 3148 1099 usus,
3179 1039 3382 1106 quibus
3430 1055 3526 1106 par
3564 1049 3672 1100 est,

2091 1128 2330 1198 primum
2362 1129 2584 1197 quidem
2615 1130 2669 1183 in
2710 1130 2761 1183 id
2791 1131 3074 1194 incumbe,
3111 1141 3169 1184 ttt
3200 1147 3392 1185 eorum
3449 1148 3572 1200 qua»
3605 1131 3674 1183 ab

2091 1221 2364 1275 ambobus
2391 1222 2499 1276 illis
2529 1222 2674 1278 dicta
2707 1232 2836 1277 sunt
2863 1223 3200 1293 profundum
3229 1239 3452 1278 sensum
3491 1224 3678 1292 perci-

2094 1313 2230 1381 pias.
2266 1311 2452 1382 Neque
2481 1313 2628 1368 enim
2666 1313 2870 1368 volenti
2905 1316 3106 1384 cuique
3143 1315 3550 1381 comprehensu
3597 1314 3677 1367 fa-

2094 1405 2220 1460 cilia
2261 1405 2454 1460 dicunt
2488 1406 2592 1460 viri
2617 1406 2694 1460 illi
2723 1407 2856 1462 duo.
2887 1405 3099 1461 Deinde
3128 1419 3184 1461 et
3213 1407 3258 1462 si
3290 1406 3421 1476 quid
3463 1406 3678 1460 dissen-

2096 1497 2259 1561 tiunt,
2282 1512 2392 1550 non
2420 1496 2743 1567 ignorantia:
2768 1499 3084 1570 (apagesis),
3113 1498 3205 1552 sed
3232 1515 3426 1552 eorum
3454 1515 3681 1552 summa:

2096 1586 2392 1654 facultatis,
2415 1599 2468 1642 et
2501 1588 2701 1644 habilis
2729 1591 2794 1642 ad
2835 1590 3230 1660 disputandum
3262 1591 3490 1660 ingenii.
3513 1607 3680 1660 argn-

2098 1688 2342 1734 mentum
2377 1679 2431 1734 id
2455 1695 2578 1736 esse
2607 1690 2878 1746 statuens,
2904 1693 2960 1737 et
2987 1687 3137 1754 quod
3176 1685 3281 1737 illm
3317 1684 3675 1753 quaestiones,

2097 1775 2169 1828 ob
2219 1789 2308 1828 res
2342 1774 2587 1829 incertas
2642 1785 2698 1830 et
2751 1776 3043 1843 obscuras,
3083 1779 3244 1848 paulo
3295 1788 3574 1832 momento
3626 1778 3679 1831 in

407 1863 528 1923 φοῐν
561 1856 616 1908 δὲ
644 1855 875 1926 χάριτας
897 1855 1175 1924 ὁμολόγει,
1200 1849 1276 1909 ὧν
1309 1857 1440 1926 ἡμῖν
1468 1856 1691 1924 ἀγαθῶν
1721 1858 1985 1925 γεγένην-

2109 1871 2378 1930 Itramque
2411 1873 2624 1932 partem
2657 1865 2795 1918 trahi
2821 1867 3053 1936 possint,
3089 1869 3309 1920 illorum
3349 1868 3675 1933 sapientiam

405 1965 464 2007 ei
495 1947 683 2001 αἴτιοι.
734 1946 893 2001 Οὕτω
941 1949 1052 2016 γάρ
1109 1947 1285 2000 ποιῶν
1335 1946 1519 2017 σαυτῷ
1567 1964 1626 2000 τε
1680 1949 1747 2000 τὰ
1799 1947 1992 2018 βελτίω

409 2040 766 2110 βουλεύσεις,
833 2042 957 2110 ἐμοί
1015 2058 1074 2093 τε
1136 2043 1342 2110 χαριῇ,
1404 2041 1500 2092 καὶ
1573 2041 1708 2094 πᾶσι
1765 2042 1878 2102 τοῖς
1930 2035 1988 2092 εὖ

410 2130 722 2200 φρονοῦσιν.
758 2130 847 2195 Ὦς
871 2130 968 2184 νῦν
1001 2147 1066 2198 γε
1123 2132 1434 2200 χαριεῖσθαι
1497 2131 1754 2200 νομίζων,
1788 2131 1992 2198 σφὸδρα

410 2222 693 2293 ὲλύπησας
731 2239 746 2256 ο
781 2225 844 2277 τὸ
879 2223 999 2292 μὲν,
1036 2223 1122 2276 ὅτι
1154 2223 1354 2291 ἄνδρας
1388 2224 1644 2288 ἀναξίους
1674 2221 1996 2292 ὑϐρίζεσθαι

416 2312 590 2378 οὕτως
643 2315 1107 2385 ἀπερικαλύπτως
1153 2315 1500 2385 ἐλοιδόρησας
1531 2330 1543 2344 ·
1577 2315 1635 2367 τὸ
1657 2314 1722 2376 δ’,
1759 2317 1840 2368 ὅτι
1903 2316 1997 2368 καὶ

423 2408 617 2462 σαυτὸν
645 2408 856 2474 ἔδειξας
888 2410 961 2478 μὴ
989 2410 1132 2463 πάνυ
1170 2425 1254 2461 τοι
1279 2408 1346 2462 τά
1371 2407 1602 2460 ἐκείνων
1657 2407 2013 2476 ἠσκημένον.⁵

2101 1951 2397 2018 admirare,
2446 1964 2502 2006 et
2549 1969 2786 2024 quorum
2835 1952 3060 2010 ii'nobis
3111 1957 3380 2010 bonorum
3429 1966 3684 2011 auctores

2101 2045 2344 2111 fuerunt,
2368 2045 2440 2101 ob
2473 2061 2537 2101 ea
2567 2047 2681 2116 ipsa
2716 2049 2984 2103 ambobus
3010 2051 3210 2117 gratias
3241 2049 3400 2102 habe.
3439 2049 3514 2102 Ita
3535 2049 3684 2102 enim

2101 2136 2200 2190 tibi
2227 2136 2452 2206 quidem
2485 2138 2685 2192 melius
2709 2139 3075 2202 consulueris,
3105 2140 3238 2192 mihi
3265 2149 3446 2193 autem
3482 2149 3532 2193 ct
3563 2155 3682 2192 ont-

2103 2228 2269 2282 nibus
2302 2244 2451 2283 sante
2491 2231 2690 2284 mentis
2718 2230 3033 2285 hominibus
3057 2243 3268 2301 gratum
3305 2231 3522 2286 feceris.
3548 2231 3682 2285 Nam

2104 2336 2253 2375 nunc
2301 2322 2550 2391 quidem,
2587 2322 3030 2393 gratiﬁcaturuut
3083 2335 3133 2378 te
3169 2325 3492 2386 arbitratus,
3525 2324 3686 2378 valde.

2105 2412 2375 2467 molestus
2402 2412 2592 2479 luisti;
2630 2424 2750 2468 tum
2779 2415 2905 2483 quia
2931 2416 3358 2470 immerentibus
3391 2417 3470 2470 sic
3505 2416 3682 2485 palam

420 2509 476 2556 et
503 2511 694 2570 aperte
722 2501 1091 2567 maledixisti;
1125 2511 1242 2555 tum
1268 2504 1413 2571 quod
1445 2509 1501 2555 et
1567 2501 1802 2570 tcipsum
1875 2500 1929 2554 in
1998 2502 2220 2559 illorum
2262 2505 2485 2576 scriptis
2541 2523 2652 2562 non
2705 2508 2934 2561 omnino
2978 2519 3262 2562 versatum
3314 2525 3436 2564 esse
3493 2509 3686 2580 prodi-

418 2598 571 2652 disti.

487 2691 761 2761 Θεόδωρόν
783 2708 842 2744 τε
869 2691 938 2744 τὰ
971 2691 1166 2761 βελτίω
1198 2692 1370 2746 ποιῶν
1395 2691 1529 2763 τίμα
1586 2710 1674 2758 τε,
1717 2692 1813 2746 καὶ
1855 2690 2002 2744 διδα-

421 2783 606 2852 σκάλῳ
637 2783 766 2852 περὶ
801 2782 979 2837 πάντα
1008 2784 1145 2852 χρῶ.
1181 2784 1337 2836 Ἐστι
1369 2785 1477 2856 γὰρ
1508 2780 1625 2847 οἷος
1653 2784 1748 2838 καὶ
1799 2782 1857 2835 σὲ
1911 2784 2005 2832 καὶ

421 2878 653 2938 πολλοὺς
687 2876 907 2944 ἐτέρους
962 2875 1195 2944 ὠφελεῖν
1254 2876 1538 2931 δύνασθαι.
1604 2876 1734 2946 Ἐμὲ
1788 2876 1864 2939 δὲ,
1918 2875 2006 2928 ἵνα

424 2973 499 3039 μὴ
520 2970 611 3022 καὶ
639 2965 797 3031 αὖθις
833 2968 1130 3039 πλανηθεὶς
1161 2969 1319 3040 δόξῃς
1365 2987 1454 3039 μοι
1486 2968 1714 3023 τοιαῦτα
1776 2969 1855 3031 είς
1896 2985 2007 3020 τοι-

421 3059 613 3122 ούτους
666 3060 844 3128 λέγων
909 3059 1112 3128 ἄνδρας
1173 3058 1525 3129 χαρίζεσθαι,
1584 3058 1847 3127 φιλοῦντα
1906 3057 2006 3126 μὲν

423 3150 530 3202 ίσθι
564 3151 846 3215 Πλάτωνα,
872 3148 1133 3218 φιλοῦντα
1162 3149 1208 3200 δ’
1249 3150 1618 3219 Ἀριστοτέλη,
1669 3149 1766 3202 καὶ
1792 3146 1867 3209 ὡς
1914 3163 2006 3199 σο-

424 3244 660 3313 φωτάτω
684 3245 978 3313 σεϐόμενον
1003 3243 1272 3313 ἑκατέρω.
1309 3241 1575 3314 Πλήθωνά
1637 3258 1697 3294 τε
1757 3243 1855 3310 τῆς
1917 3258 2011 3309 με·

421 3337 707 3405 γαλονοίας
737 3337 833 3390 καὶ
854 3336 1083 3406 εὐφυΐας
1111 3337 1414 3404 ἀγάμενον,
1452 3335 1549 3404 τῆς
1577 3332 1848 3403 τοσαύτης
1877 3333 2012 3402 πρὸς

436 3430 790 3500 Ἀριστοτέλη
835 3433 1018 3500 μάχης
1050 3445 1111 3484 τε
1171 3429 1266 3482 καὶ
1313 3428 1566 3490 δυσνοίας
1619 3427 1694 3498 μὴ
1746 3427 2010 3480 ἐπαινεῖν.

425 3521 730 3588 Βουλοίμην
755 3523 865 3590 γὰρ
896 3520 962 3574 ἂν
991 3519 1200 3574 ἐκεῖνόν
1218 3536 1278 3571 τε
1333 3518 1724 3587 Ἀριστοτέλει,
1776 3515 1902 3578 τούς
1955 3531 2015 3568 τε

425 3614 621 3675 ἄλλους
645 3616 754 3666 εἴτε
779 3615 893 3666 τοῖν
919 3614 1066 3666 δυοῖν
1098 3615 1378 3682 μεγίστοιν
1439 3611 1753 3680 φιλοσόςοιν
1778 3609 2014 3672 τούτοιν,

428 3703 540 3754 εἴτε
576 3703 726 3772 αὐτῷ
791 3704 1068 3774 Πλήθωνι,
1129 3706 1225 3757 καὶ
1278 3704 1486 3766 ὁποῖοις
1537 3703 1737 3773 δήποτε
1812 3701 2012 3765 ἄλλοις,

433 3796 571 3864 μετὰ
597 3796 872 3864 τοσαύτης
923 3813 988 3864 γε
1041 3797 1289 3867 ἀπαντᾷν
1338 3794 1655 3858 εὐλαϐείας,
1705 3793 1825 3864 μεθ’
1886 3794 2016 3860 ὅσης

441 3887 823 3959 Ἀριστοτέλης
873 3890 1098 3943 ἀντεῖπε
1153 3891 1266 3952 τοῖς
1325 3888 1433 3959 πρὸ
1484 3886 1647 3941 αὐτοῦ
1677 3901 1694 3919 ο
1730 3887 1787 3951 ὃς
1837 3886 2018 3955 λόγοις

429 3987 533 4044 ἀεὶ,
564 3988 656 4038 καὶ
681 3985 757 4048 ὡς
787 3985 882 4038 ἐπὶ
911 3985 970 4038 τὸ
1000 3985 1136 4038 πολὺ
1170 3985 1282 4057 (ιι)
1313 3986 1758 4056 παραιτούμενος
1797 3985 1924 4047 τούς
1960 4002 2018 4038 τε

429 4078 752 4140 ἀκούοντας,
791 4077 886 4141 οὓς
914 4095 974 4130 τε
1002 4077 1241 4145 εὐθύνει,
1269 4077 1595 4138 ἀποδεικνὺς
1634 4077 1695 4130 τὸ
1728 4071 2022 4146 προκείμε-

432 4189 540 4235 νον,
568 4171 676 4223 τῶν
708 4171 985 4240 λοιδοριῶν
1014 4171 1306 4240 ἀπέσχετω
1335 4171 1420 4222 ὅτε
1453 4169 1507 4220 δὲ
1537 4169 1633 4221 καὶ
1665 4169 2022 4238 σφοδρότερον

439 4263 958 4334 κατεφέρεται,καὶ
1015 4265 1134 4316 τότε
1210 4263 1468 4330 φυλάττει
1518 4263 1578 4315 τὸ
1645 4264 1884 4331 μέτριον.
1943 4265 2024 4316 Τά

432 4353 488 4406 δὲ
521 4357 656 4422 aiat],
707 4351 875 4423 φησὶ,
898 4357 1138 4424 χαιρέτω
1190 4355 1325 4422 (12!.
1390 4355 1773 4426 Τερετίσματά
1821 4355 1932 4425 (15)
1963 4373 2023 4407 τε

2184 2688 2539 2743 Theodorum
2578 2689 2706 2742 item
2745 2689 2941 2745 melius
2975 2692 3205 2746 meritus
3231 2691 3371 2755 cole,
3401 2706 3579 2760 COque
3618 2692 3684 2746 ad

2067 2770 2073 2774 ”
2110 2781 2295 2837 omnia
2325 2781 2583 2851 magistro
2620 2793 2790 2836 utere.
2826 2783 2924 2838 Est
2949 2784 3096 2838 enim
3129 2785 3176 2838 is
3199 2785 3492 2855 ejusmodi,
3539 2795 3600 2840 ut
3632 2796 3691 2842 et

2112 2883 2164 2930 te
2197 2875 2369 2945 possit
2418 2883 2475 2929 et
2511 2875 2650 2930 alios
2687 2876 2902 2943 iuvare.
2949 2876 3104 2942 Quod
3144 2878 3208 2930 ad
3248 2892 3333 2932 me
3357 2878 3572 2942 attinet,
3616 2894 3686 2934 ne

2111 2987 2212 3042 per
2244 2984 2492 3025 errorem
2539 2984 2741 3025 rursus
2787 2969 3095 3034 existimes,
3133 2969 3255 3024 talia
3289 2970 3343 3024 in
3383 2971 3516 3026 tales
3548 2971 3694 3028 viros

2112 3063 2389 3117 dicentem
2414 3069 2465 3115 te
2517 3060 2653 3114 mihi
2686 3062 3007 3128 gratiﬁcari,
3039 3062 3177 3115 scito
3206 3077 3289 3117 me
3329 3073 3384 3117 et
3415 3073 3692 3117 amantem

2116 3154 2380 3218 Platonis,
2420 3159 2476 3207 et
2524 3161 2799 3206 amantem
2851 3152 3166 3208 Aristotelis
3195 3163 3251 3207 et
3282 3153 3448 3208 hosce
3494 3153 3690 3208 ambos

2117 3252 2379 3315 tanquam
2415 3242 2864 3314 sapientissimos
2896 3246 3256 3298 venerantem
3293 3261 3308 3298 :
3343 3245 3396 3298 in
3425 3244 3694 3299 Pletltone

2113 3341 2280 3394 etiam
2318 3353 2580 3408 magnum
2605 3337 2884 3407 ingenium
2915 3347 2970 3393 et
3006 3338 3325 3407 prmclaram
3356 3338 3595 3394 indolem
3623 3337 3697 3392 ita

2115 3431 2303 3485 mirari
2343 3446 2448 3493 me,
2491 3438 2542 3485 ul
2597 3429 2864 3484 adversus
2907 3429 3255 3485 Aristotelem
3303 3431 3548 3484 animum
3591 3441 3699 3482 tam

2117 3537 2446 3593 pugnacem,
2482 3530 2593 3576 tam
2617 3521 3219 3586 malevolum,minime
3253 3521 3494 3576 laudem.
3524 3521 3697 3576 Velim

2117 3613 2320 3681 quippe
2352 3620 2406 3664 et
2435 3610 2586 3665 illum
2607 3609 2915 3676 Aristoteli,
2945 3619 3000 3664 et
3026 3611 3164 3665 alios
3191 3611 3418 3680 quosvis
3447 3627 3541 3663 seu
3563 3611 3701 3663 duo-

2119 3705 2222 3759 bus
2251 3703 2706 3774 phiInmpborum
2735 3701 3102 3774 principibus,
3127 3703 3244 3757 sive
3275 3703 3375 3771 ipsi
3417 3702 3698 3763 Pletlmni,

2121 3799 2237 3852 sive
2294 3797 2417 3851 aliis
2469 3797 2918 3866 quibuscunque,
2976 3803 3125 3851 tanta
3169 3796 3414 3849 adhibita
3445 3796 3701 3849 Caulitmc

2121 3902 2480 3953 concurrere,
2514 3897 2720 3956 quanta
2743 3886 3070 3941 Aristotcles
3102 3885 3172 3940 iis
3199 3886 3291 3955 qui
3330 3895 3456 3938 ante
3490 3900 3548 3938 se
3585 3884 3704 3938 fne-

2124 3988 2253 4036 ruut
2297 3979 2652 4034 contradixit.
2695 3979 2904 4048 Nempe
2952 3979 2998 4033 is
3059 3977 3336 4032 rationum
3374 3977 3423 4030 vi
3462 3992 3701 4046 semper,

2121 4082 2176 4126 et
2208 4071 2372 4141 petita
2406 4072 2731 4142 plerumque
2748 4072 2935 4139 venia,
2963 4072 3080 4127 sive
3104 4074 3172 4126 ab
3194 4070 3562 4132 auditoribus,
3589 4071 3704 4125 sive

2123 4161 2192 4215 ab
2233 4162 2298 4214 iis
2337 4176 2476 4230 quos
2509 4161 2891 4229 reprehendit,
2931 4177 3046 4216 rem
3087 4162 3168 4217 sic
3197 4160 3541 4215 demonstrat
3586 4172 3702 4215 uta

2124 4251 2388 4306 conviciis
2419 4251 2714 4307 abetineat.
2751 4253 2893 4320 Quin
2925 4265 2980 4307 et
3010 4253 3098 4308 ubi
3143 4254 3524 4309 vehementius
3555 4254 3712 4307 inve-

2125 4343 2295 4408 hitur,
2329 4353 2444 4399 tum
2500 4360 2723 4416 quoque
2775 4347 2997 4400 modum
3060 4355 3263 4400 servat.
3350 4345 3556 4400 Formw
3612 4363 3710 4398 an-

433 4447 544 4515 γάρ
577 4448 684 4500 εἱσι
715 4463 732 4478 ο
770 4447 865 4500 καὶ
895 4447 944 4499 εἰ
981 4449 1142 4512 εἰσὶν,
1175 4449 1329 4501 οὐδὲν
1370 4451 1506 4517 πρὶς
1556 4449 1651 4501 τὸν
1699 4449 1878 4516 λόγον.
1911 4449 2006 4500 Kal

2125 4444 2249 4499 tem,
2281 4434 2481 4504 inquit,
2517 4435 2748 4489 valeant.
2789 4434 2931 4490 Nam
2971 4447 3018 4489 et
3074 4438 3353 4508 argutiola:
3399 4453 3476 4490 ea:
3533 4445 3705 4490 sunt:

434 4537 609 4598 αὖθις.
635 4539 730 4606 οὐχ
763 4539 974 4608 ἥψαντο
996 4539 1350 4610 διαλεκτικῆς
1374 4541 1424 4593 oi
1457 4541 1671 4610 ἄνδρες,
1700 4532 2018 4611 περίτινων

431 4629 604 4682 ἄλλων
636 4630 831 4696 λέγων.
872 4623 1039 4695 Οὗτος
1062 4633 1090 4684 ὁ
1113 4632 1223 4683 τῶν
1242 4631 1524 4701 λοιδοριῶν
1559 4632 1724 4686 αὐτοῦ
1755 4633 2017 4700 κολοσξών.

516 4805 707 4874 Ἡμεῖς
756 4806 813 4860 δὲ
873 4807 1265 4876 ἀνθρωπίσκοι,
1319 4806 1352 4878 ἦ
1404 4807 1627 4877 πίθηκοί
1691 4825 1839 4872 τινες
1888 4809 2018 4880 np";

436 4901 679 4960 ἐκείνους
731 4899 920 4969 ⁴ἥρωας
981 4898 1132 4960 ὄντες
1199 4901 1545 4969 τολμήσομεν
1574 4931 1578 4936 -
1611 4902 1831 4965 αὐτοὺς,
1868 4902 1969 4971 φεῦ
2004 4903 2018 4958 l

442 4994 679 5064 ἀμαθεῖς
714 4997 918 5064 λέγειν,
976 4997 1072 5049 καὶ
1110 4997 1181 5050 τά
1232 4997 1292 5062 ἐξ
1346 4998 1574 5067 ἀμαθῶν
1605 4997 1716 5070 (Ιᾷ)
1751 4999 2022 5054 σκώπτειν

441 5088 644 5157 μᾶλλον
678 5089 710 5156 ἢ
747 5089 1015 5159 κωμῳδία
1053 5090 1176 5151 rei);
1207 5093 1334 5158 περὶ
1355 5091 1578 5144 Κλέωνά
1608 5109 1668 5144 τε
1699 5093 1791 5145 καὶ
1819 5093 2020 5162 ’Υπὲρ-

438 5179 634 5243 6ολον;
668 5180 811 5244 τίνες
841 5182 992 5244 ὄντες
1029 5199 1043 5247 ;
1082 5181 1243 5233 ποίαν
1275 5182 1498 5250 γνῶσιν,
1531 5184 1692 5236 ποίαν
1719 5185 1826 5238 τῶν
1852 5185 2023 5238 ὄντων

437 5267 654 5337 ἔχοντες
688 5271 1052 5339 ὲπιστήμην;
1109 5272 1308 5342 Μωρία
1352 5273 1528 5336 ταῦτα
1569 5277 1664 5328 καὶ
1711 5276 1879 5346 μανία
1945 5275 2024 5345 τῷ

437 5363 551 5414 ὄντι
575 5362 772 5432 σαφής.
804 5364 958 5432 Μηδὲ
997 5365 1103 5432 γάρ
1129 5367 1262 5428 οἴου,
1289 5360 1333 5418 ὦ
1363 5366 1632 5436 βέλτιστε,
1659 5369 1732 5431 ὡς
1763 5369 1886 5421 εἴτι
1909 5369 2022 5440 (15)

439 5453 711 5524 Πλήθωνι,
747 5457 895 5525 σορῷ
925 5473 982 5508 τε
1007 5458 1098 5508 καὶ
1119 5459 1353 5529 γενναίῳ
1385 5460 1560 5528 ἀ-.δρὶ,
1593 5460 1703 5512 εἴτε
1737 5460 2017 5531 Πλωτίνῳ,

513 5614 626 5682 (Η)
665 5611 739 5674 ὡς
770 5614 1025 5668 ἐπιπολὺ.
1056 5617 1179 5670 cod.
1213 5616 1372 5671 5054.

515 5687 628 5754 (l2)
670 5684 788 5737 Vide
825 5685 1100 5740 Λνὶδιοιέι.
1135 5688 1227 5740 lib.
1250 5704 1304 5741 ιτ
1345 5689 1479 5756 Περὶ
1509 5685 1778 5757 φυσικῆς
1805 5687 2024 5758 ἀκροά-

441 5774 621 5819 σεως.

521 5830 634 5900 {15)
669 5828 1070 5900 Τερετίσματα,
1125 5829 1431 5884 ricadarum
1485 5844 1712 5897 cantus,
1774 5834 2019 5888 cantiun-

2126 4537 2174 4581 ει
2212 4527 2258 4582 si
2287 4537 2431 4589 sunt,
2464 4527 2596 4582 nihil
2624 4532 2695 4582 ad
2725 4544 2858 4582 rem.
2893 4529 2956 4582 Et
2990 4545 3180 4582 rursus
3210 4529 3278 4584 de
3317 4529 3442 4582 aliis
3479 4529 3711 4598 quibus-

2124 4622 2247 4674 dam
2281 4619 2602 4674 hontinibus
2635 4621 2892 4691 loquens,
2927 4619 3046 4685 Illi,
3096 4621 3292 4691 inquit,
3325 4621 3429 4676 viri
3471 4623 3713 4675 dialecti-

2122 4730 2238 4766 cam
2265 4729 2368 4767 non
2394 4715 2705 4782 attigerunt.
2726 4714 2828 4768 llic
2847 4723 2932 4768 est
2953 4714 3003 4768 ei
3028 4715 3405 4769 conviciorum
3435 4716 3704 4769 cumulus.

2192 4805 2304 4860 Nos
2321 4821 2451 4860 vero
2469 4807 2812 4868 homunculi,
2831 4818 2885 4861 et
2906 4808 3127 4876 quidam
3145 4808 3292 4862 velut
3308 4807 3450 4862 simii
3477 4824 3584 4876 pra:
3604 4807 3711 4861 illis

2124 4896 2388 4952 heroibus
2423 4897 2695 4964 indoctos,
2731 4900 2836 4953 heu
2864 4899 2877 4952 ι
2906 4900 3180 4968 appellare
3215 4915 3312 4954 eos
3358 4901 3711 4963 audebimus.

2123 4998 2180 5045 et
2194 4990 2443 5044 convicia
2460 4989 2528 5044 de
2554 4991 2802 5059 plaustro
2829 4991 3145 5059 ingeremns
3161 4989 3416 5045 licentius
3433 5006 3596 5058 quam
3621 5005 3716 5043 co-

2127 5085 2333 5140 tncedia
2360 5085 2477 5151 ipsa
2508 5082 2561 5135 in
2591 5081 2851 5137 Cleonem
2889 5093 2948 5136 et
2978 5083 3388 5154 Hyperbolum?
3416 5081 3715 5152 Ecquiuam

2125 5188 2249 5232 veto
2305 5194 2403 5230 nos
2429 5176 2452 5228 ?
2482 5175 2597 5241 Qua
2624 5177 2962 5244 cognitione,
3002 5192 3108 5245 qua
3135 5193 3316 5230 rerum
3351 5175 3579 5230 scicntia
3630 5175 3714 5240 ine

2125 5269 2357 5326 structi?
2400 5269 2523 5325 “me
2553 5271 2735 5339 reipsa
2767 5269 2999 5325 stultitia
3032 5280 3137 5338 est,
3180 5272 3444 5341 furorque
3475 5269 3710 5325 manife-

2125 5373 2262 5419 stus.
2294 5362 2437 5417 Cave
2477 5363 2625 5416 enim
2669 5361 2888 5426 credas,
2921 5381 2952 5416 υ
2990 5363 3156 5427 bone,
3207 5364 3335 5432 quia
3388 5362 3714 5418 hominibus

2124 5456 2406 5512 Platonem
2434 5463 2487 5508 et
2526 5452 2874 5508 Aristotelem
2927 5455 3266 5525 spirantibus
3295 5471 3390 5528 seu
3437 5453 3714 5526 Plcthoui,

2125 5617 2278 5672 culte.

2199 5692 2313 5758 (Η)
2345 5689 2488 5758 Lego
2520 5687 2768 5757 ἁμαξῶν.

2198 5762 2309 5829 (l3)
2345 5757 2478 5821 εἴτε,
2514 5767 2640 5813 cod.
2675 5759 2813 5812 506i
2847 5773 2859 5810 :
2895 5757 3170 5829 Plut/tonis
3213 5760 3529 5814 mentionem
3557 5757 3718 5814 addi-

2128 5841 2236 5885 tum
2267 5842 2392 5902 puto
2428 5833 2486 5884 al‘
2519 5831 2694 5905 inepto
2733 5829 3000 5885 Plut/tonis
3025 5828 3376 5885 admirutorc.
