4136 6476
1156 577 1269 631 ΧΗ.

434 690 516 741 Ad
549 687 865 743 Ludovicum
898 688 981 742 XI
1019 705 1192 757 regem
1218 691 1402 744 scribit
1443 707 1477 742 η
1505 706 1711 743 sunzn'o
1760 688 2006 757 pontiﬁce

510 760 745 830 legatum
768 777 840 830 se_
855 759 1102 823 electum,
1135 770 1191 813 ut
1231 777 1411 830 pacem
1446 761 1586 812 inter
1621 775 1793 829 regem
1832 761 2006 828 ipsum

509 826 573 881 εί
609 829 764 881 duces
802 826 1127 897 Bnrgundite
1180 826 1243 883 ac
1295 829 1631 895 Britanniis,
1678 826 1863 883 armis
1910 830 2003 882 de-

505 899 709 966 positis,
743 914 1056 967 componere
1078 909 1293 953 curaret
1327 901 1428 970 ia).

512 1033 764 1088 Bessario
791 1033 1094 1088 cardinalis
1120 1033 1478 1088 serenissimo
1522 1032 1755 1104 principi
1796 1042 1854 1087 et
1885 1032 2009 1085 iliu-

434 1124 711 1179 strissimo
760 1123 986 1180 ἀοιιιίιιο
1046 1124 1108 1181 D.
1165 1124 1449 1181 Ludovico
1498 1125 1834 1181 Francorum
1893 1124 2007 1195 regi

433 1216 928 1281 Chrisdanissinto,
958 1217 1181 1272 domino
1212 1217 1341 1272 mihi
1367 1216 1782 1272 colendissimo.

503 1308 870 1364 Serenissime
929 1310 1187 1379 princeps
1232 1317 1288 1365 et
1342 1309 1713 1365 illustrissime
1759 1307 2007 1373 domine,

432 1400 654 1455 domine
690 1400 825 1455 mihi
855 1401 1262 1467 colendissime,
1311 1415 1586 1470 nusquam
1617 1400 1812 1455 deﬂexi
1843 1400 1911 1454 ab
1928 1401 2012 1454 ia-

434 1493 632 1548 stituto
660 1493 857 1548 itinere
894 1504 1081 1563 postea
1108 1509 1271 1563 quam
1302 1506 1426 1546 sum
1465 1508 1532 1547 ex
1557 1491 1707 1548 Urbe
1731 1505 2008 1561 egressus,

436 1585 583 1638 utad
609 1583 943 1655 Maiestatem
984 1585 1228 1642 Vestram
1273 1584 1636 1656 pervenirem.
1663 1582 1795 1638 Nam
1830 1598 2015 1638 meum

432 1676 720 1746 legationis
752 1676 1020 1732 obeundae
1066 1678 1328 1744 cilicium,
1372 1676 1731 1745 piissimaque
1794 1675 2014 1745 pontiﬁ-

435 1771 519 1823 cis
557 1770 779 1824 maximi
810 1771 1060 1825 mandata
1089 1771 1178 1825 vix
1220 1769 1555 1824 valetudinis
1613 1767 1873 1823 curandae
1916 1769 2002 1822 in-

431 1863 754 1932 clinatazque
781 1860 957 1917 aetatis
979 1861 1285 1916 recrcanda:
1314 1859 1552 1931 spatium
1587 1858 2007 1933 relinquebant,

1401 466 1895 525 BE:.SAl{lONIS
1932 464 1989 523 S.
2032 464 2108 523 R.
2150 466 2215 523 ll.
2259 456 2720 521 CARDINALIS

2035 592 2077 643 Α
2108 585 2163 627 et
2187 572 2471 642 proximus
2515 569 2606 630 sit,
2646 576 2701 622 ct
2734 566 2943 620 strictis
2998 578 3165 634 prope
3204 558 3401 633 gladiis
3434 557 3676 628 praelium

3574 449 3681 511 700

2108 665 2444 733 impendeat.
2502 661 2840 731 Maiestatem
2883 658 3055 713 Tuam
3086 670 3216 726 rogo
3271 666 3368 724 per
3411 651 3680 722 majorum

2108 757 2324 811 laudum
2375 751 2765 811 immortalem,
2827 764 2923 819 per
2956 743 3417 803 Christianissimi
3466 758 3669 797 nomen

2109 848 2256 918 quod
2282 846 2643 902 domesticum
2685 846 2771 898 est
2804 854 2861 897 et
2911 840 3339 905 hereditarium,
3366 852 3465 908 per
3502 835 3684 892 excel-

2109 941 2312 996 lentem
2343 939 2568 1010 pictatis
2598 948 2655 993 et
2685 933 3080 991 misericordiae
3112 932 3376 1003 gloriam,
3406 945 3504 1001 per
3521 928 3684 985 Cbri-

2110 1035 2180 1088 sti
2212 1032 2575 1102 maiestatem,
2603 1045 2717 1100 qua
2744 1029 2878 1083 tanti
2906 1026 3058 1097 regni
3085 1022 3458 1095 gubernacula
3472 1021 3680 1092 iamdiu

2113 1135 2292 1187 tenes,
2322 1135 2381 1177 ut
2411 1123 2601 1195 pralio
2633 1121 2915 1177 abstineas
2935 1117 3245 1188 prorogati:
3265 1115 3520 1179 induciis,
3539 1126 3682 1182 quin,

2114 1225 2175 1271 ut
2224 1214 2412 1280 audio,
2445 1214 2536 1269 die
2565 1213 2711 1269 luna:
2741 1210 3056 1281 insequenti
3089 1209 3319 1265 exiturae
3368 1216 3518 1263 sunt.
3575 1207 3683 1275 ligo

2114 1310 2275 1381 paulo
2325 1316 2447 1376 post
2474 1306 2663 1371 adero,
2697 1306 2809 1360 Deo
2858 1305 3039 1368 duce,
3102 1301 3504 1373 Hajestatisque
3552 1297 3683 1354 'l‘ua:

2114 1400 2330 1456 consilii
2370 1398 2829 1470 religiosissimis,
2850 1406 2907 1452 et
2940 1396 3224 1451 voluntate
3248 1394 3455 1464 optima
3484 1407 3547 1447 ea
3567 1407 3685 1446 me-

2113 1492 2274 1547 ditari
2297 1506 2354 1548 et
2385 1492 2647 1562 perlicere
2682 1488 2923 1545 studebo
2951 1505 3073 1560 quae
3093 1488 3215 1551 tibi,
3252 1486 3480 1554 reliquis
3505 1484 3685 1538 omni-

2116 1587 2220 1642 bus
2276 1583 2641 1654 principibus.
2699 1583 2978 1638 communi
3028 1580 3272 1635 libertati
3334 1576 3683 1648 praesidium,

2117 1678 2620 1749 sempiternumque
2653 1675 2874 1745 pietatis
2904 1674 3122 1729 laudem
3148 1673 3408 1726 videntur
3431 1669 3683 1723 allatura.

2116 1769 2237 1824 Misi
2271 1784 2419 1824 nunc
2458 1767 2818 1823 reverendum
2864 1766 3079 1820 Patrem
3120 1764 3184 1816 D.
3233 1762 3684 1817 Bartholomaeum

2118 1861 2407 1930 praesulem
2446 1858 2826 1923 Parcntinum,
2866 1859 3046 1911 virum
3109 1871 3234 1911 cum
3294 1855 3516 1924 ingenio
3559 1868 3685 1908 cum

434 1968 561 2008 cum
621 1923 926 2023 pimsertim
983 1968 1070 2008 res
1100 1952 1321 2009 Gallicae
1345 1923 1601 2022 .undique
1631 1925 1899 2006 tumultus
1950 1959 2009 2006 et
2041 1923 2084 1979 Β
2115 1951 2223 2006 ﬁde
2254 1965 2365 2005 non
2404 1950 2611 2021 vulgari
2646 1949 2964 2021 praeditum,
3003 1952 3096 2017 qui
3131 1950 3248 2003 haec
3284 1962 3408 2002 meo
3464 1946 3690 2000 nomine

435 2046 611 2098 cedes
636 2047 998 2114 parturirent,
1024 2045 1330 2114 armatique
1361 2043 1657 2111 exercitus,
1700 2045 1848 2113 quod
1888 2043 2007 2098 sine

436 2136 674 2190 maximo
719 2137 886 2190 animi
946 2137 1137 2191 dolore
1192 2136 1436 2192 scribere
1492 2147 1601 2189 non
1653 2148 1899 2205 possum,
1935 2134 2002 2189 ad

434 2240 719 2284 cruentam
746 2228 1152 2283 dimicationem
1179 2228 1235 2282 in
1270 2227 1389 2284 dies
1414 2228 1587 2298 magis
1608 2238 2000 2296 compararen-

440 2335 556 2381 tur.
590 2325 705 2381 Hac
727 2341 832 2381 una
884 2326 1219 2396 cogitatione
1246 2336 1302 2381 et
1327 2340 1458 2380 cura
1487 2339 1589 2383 nec
1616 2324 1812 2380 salutis
1850 2338 2006 2386 meae,

439 2433 541 2472 nec
600 2416 997 2473 imbecillitatis
1049 2419 1314 2472 rationem
1366 2417 1532 2471 ullam
1571 2416 1728 2479 duxi.
1756 2426 1882 2471 cum
1914 2426 2010 2470 aut

432 2508 702 2565 Cinisium
727 2522 968 2566 montem
992 2511 1269 2580 Alpesque
1291 2510 1635 2565 diliielllimas
1657 2510 2006 2579 superabant,

436 2610 533 2656 aut
559 2602 830 2672 reliquum
855 2603 960 2657 iter
988 2605 1346 2672 asperrimum
1371 2601 1755 2657 confidebam.
1783 2601 2007 2672 Nullum

432 2694 580 2748 enim
605 2695 841 2749 vehiculi
874 2710 1064 2765 genus,
1121 2693 1258 2749 nulli
1312 2693 1642 2748 acceleratio
1681 2700 1830 2748 tanta
1885 2704 2009 2747 esse

434 2795 671 2857 poterat,
693 2793 952 2856 quantam
991 2785 1150 2842 sedes
1179 2785 1498 2855 apostolica,
1520 2798 1749 2854 meaque
1779 2785 1832 2838 in
1852 2783 2011 2840 Chri-

435 2880 670 2934 stianum
700 2880 1086 2949 nomenpietas
1101 2879 1335 2934 maxime
1363 2878 1672 2949 postulabat
1700 2879 1801 2934 hac
1822 2888 2006 2933 rerum

437 2969 752 3025 conditione
789 2981 847 3025 et
877 2969 1120 3025 fortuna.
1155 2969 1293 3024 Nam
1321 2983 1443 3023 cum
1472 2969 1716 3039 pontifex
1739 2970 2009 3023 maximus

438 3063 581 3118 hanc
612 3064 892 3118 nationem
922 3064 1086 3118 rebus
1112 3063 1283 3134 gestis
1301 3061 1718 3132 amplissimam.
1753 3062 2005 3116 multitu-

436 3151 675 3220 dineque
698 3166 839 3220 pene
862 3142 1152 3214 inﬁnitam,
1182 3150 1343 3221 cuius
1371 3150 1570 3218 opibus
1595 3162 1660 3204 ac
1689 3152 1893 3203 virtute
1915 3150 2008 3205 Dei

440 3240 679 3297 Eccleaia
706 3250 764 3296 ct
803 3241 1062 3296 secundis
1092 3240 1257 3297 rebus
1284 3249 1477 3297 ornata
1498 3250 1603 3305 est,
1643 3250 1699 3297 et
1747 3242 2004 3297 ὀίωοῑηί-

440 3335 545 3389 mis
571 3334 910 3404 temporibus
938 3334 1185 3400 defensa,
1215 3335 1423 3392 mutuis
1462 3335 1830 3392 seditionibus
1886 3334 2006 3391 bel-

437 3425 619 3495 lisque
648 3425 965 3481 laigeiactari
1007 3426 1358 3498 intelligeret,
1394 3427 1661 3498 ingemuit
1711 3428 2010 3482 vehemen-

441 3526 546 3581 ter,
568 3532 633 3571 ac
663 3532 760 3586 pro
787 3516 917 3571 boni
943 3518 1183 3587 pastoris
1227 3518 1404 3574 cilicio
1423 3518 1770 3589 deligendum
1797 3518 2008 3582 statuit,
2046 3574 2049 3577 .

438 3607 532 3677 qui
563 3618 779 3677 gregem
809 3606 1154 3662 Dominicum
1185 3601 1541 3663 dissidentem
1568 3614 1757 3663 mutua
1782 3617 2009 3678 compo-

438 3709 595 3754 ποι-οι
629 3713 765 3768 pace
794 3707 852 3753 ct
881 3697 1089 3767 quieto,
1113 3710 1182 3752 ne
1207 3698 1471 3768 nepotum
1496 3698 1654 3753 faciat
1679 3699 2014 3756 saevissimus

437 3791 624 3862 lupus,
650 3790 737 3846 cui
768 3802 965 3845 nomen
997 3789 1375 3847 Christianum
1400 3791 1608 3861 iamdiu
1641 3798 1722 3847 est
1741 3791 2008 3848 ludibrio.

440 3883 595 3939 Multi
656 3883 876 3953 quidem
921 3882 1141 3953 ingenio
1172 3891 1229 3938 et
1277 3883 1551 3953 sapientia
1603 3885 2014 3954 praesuntiores

439 3975 580 4029 mitti
617 3982 893 4045 poterant,
924 3974 1017 4029 sed
1064 3974 1157 4044 qui
1210 3989 1296 4030 me
1333 3975 1613 4030 voluntate
1660 3980 2012 4046 superarent,

437 4076 494 4122 et
525 4066 711 4123 studio
740 4066 1117 4132 conﬁciendae,
1154 4068 1340 4136 pauci.
1379 4067 1541 4130 Nam.
1574 4078 1637 4123 ut
1666 4075 1862 4125 caetera
1888 4069 2013 4125 aliis

438 4158 763 4225 concedam,
793 4158 1076 4228 religionis
1107 4172 1299 4214 amore
1324 4158 1467 4215 vinci
1492 4168 1654 4231 turpe
1685 4168 1856 4225 esset,
1884 4170 2011 4216 cum

438 4257 703 4304 anteacta:
756 4249 900 4315 vitae,
956 4259 1070 4304 tum
1121 4251 1371 4320 presenti
1426 4252 1596 4307 aetati.
1628 4248 1767 4306 Cum
1824 4260 2010 4309 autem

439 4342 589 4400 omni
615 4341 815 4397 itinere
844 4341 1143 4397 admodum
1170 4356 1477 4414 suspensus
1501 4352 1561 4398 et
1588 4345 1861 4401 sollicitus
1893 4345 2014 4401 iue-

440 4433 567 4500 rim,
589 4441 647 4488 ut
671 4433 827 4503 prius
852 4433 1100 4489 adessem
1122 4446 1283 4505 quam
1317 4448 1511 4490 manus
1540 4443 1969 4492 conseruentur
1992 4474 2009 4502 ,

440 4537 588 4577 nituc
634 4521 870 4578 maxime
902 4538 1074 4593 angor
1108 4532 1162 4579 et
1196 4524 1439 4591 crucior,
1468 4525 1615 4596 quod
1664 4542 1752 4581 me
1791 4536 2010 4597 quoque

2112 2046 2349 2116 rogabit,
2381 2052 2731 2114 exponetque
2780 2044 2885 2098 alia
2919 2043 3185 2098 nonnulla
3237 2057 3451 2097 coram.
3484 2039 3596 2095 Oro
3629 2048 3691 2094 ut

2110 2116 2301 2190 audias
2340 2135 2648 2200 hominem,
2685 2133 2958 2203 iidemque
2988 2133 3194 2187 habeas
3227 2144 3290 2186 ac
3319 2130 3454 2184 mihi
3501 2130 3605 2200 ipsi
3640 2131 3688 2185 si

2110 2228 2384 2296 adessem,
2416 2242 2446 2282 a
2482 2243 2569 2282 me
2585 2227 2734 2281 enim
2761 2226 3130 2298 proﬁciscitur
3161 2235 3216 2280 et
3248 2225 3511 2294 loquitur.
3538 2222 3691 2277 Felix

2110 2322 2182 2376 sit
2207 2320 2455 2392 Maiestas
2487 2321 2708 2382 Vestra,
2742 2319 2832 2376 cui
2869 2332 2957 2375 me
2988 2316 3335 2375 commendo.

2188 2414 2261 2467 lix
2293 2412 2578 2478 Samurro,
2624 2414 2717 2472 die
2752 2413 2963 2468 decima
2998 2413 3192 2483 quinta
3223 2410 3476 2481 Augusti,
3510 2408 3687 2464 milie-

2116 2511 2258 2563 simo
2292 2509 2839 2578 quadringentesimo
2870 2508 3278 2580 septuagesimo
3315 2506 3581 2562 secuiido.

2258 2598 2557 2673 Maiestatis
2596 2598 2816 2668 Vestrae,

2578 2688 2959 2750 Deditissimus
2991 2691 3050 2747 Β.
3081 2687 3378 2748 cardinaiis
3412 2686 3689 2760 Nicanus,

2642 2784 2955 2850 apostolicae
2986 2783 3136 2839 sedis
3161 2783 3396 2853 legatus.

2832 2944 2971 3000 Xill.

2115 3058 2195 3112 Ad
2220 3057 2504 3130 principem
2537 3070 2882 3130 senatumque
2906 3052 3274 3130 Venetiarum,
3313 3052 3691 3130 Bibliothecam

2183 3127 2336 3182 suam
2369 3129 2513 3182 omni
2530 3127 2999 3198 librorum‘genere
3023 3127 3491 3182 instructissimum
3521 3129 3691 3182 eidem

2183 3200 2395 3254 senatui
2426 3198 2594 3269 defert
2633 3215 2696 3253 ac
2719 3199 2881 3253 donat
2915 3198 2998 3269 (ὁ)

2715 3310 2895 3381 (Anno
2916 3307 3110 3381 N69).

2184 3426 2562 3486 illustrissimo
2584 3436 2651 3483 ac
2683 3420 3044 3483 invictissimo
3074 3420 3310 3496 principi
3348 3420 3680 3481 Venetorum

2111 3525 2515 3596 Cbristophoro
2547 3516 2699 3579 Mero
2734 3521 2886 3592 duci,
2928 3531 2985 3578 et
3036 3521 3242 3595 lnclyto
3295 3521 3536 3589 senatui,
3595 3536 3686 3578 sa-

2112 3616 2305 3671 lutem.
3222 3615 3235 3622 '

2187 3702 2457 3777 Equidem
2495 3716 2714 3776 semper
2755 3721 2783 3758 a
2815 3712 3009 3760 tenera
3044 3704 3358 3776 puerilique
3388 3708 3551 3761 atate
3576 3721 3696 3759 om—

2114 3810 2240 3854 nem
2270 3810 2450 3854 meum
2483 3798 2731 3854 laborem
2777 3810 3113 3868 omnem-que
3157 3813 3406 3868 operam,
3439 3798 3688 3854 studium

2113 3905 2412 3961 curamque
2445 3890 2694 3958 adhibui,
2748 3898 2810 3944 ut
2869 3904 3229 3961 quoscunque
3268 3905 3487 3961 possem
3518 3891 3694 3946 libros

2114 3985 2169 4041 in
2202 3980 2349 4039 omni
2382 3983 2800 4053 disciplinarum
2849 3997 3053 4054 genere
3099 3998 3480 4054 compararem
3515 4001 3529 4037 :
3566 3999 3701 4052 pro«

2114 4086 2238 4149 pter
2261 4076 2411 4148 quod
2446 4087 2557 4132 non
2605 4074 2769 4132 modo
2812 4077 3112 4148 plerosque
3155 4085 3208 4130 et
3241 4091 3382 4147 puer
3414 4087 3470 4132 et
3502 4077 3693 4131 adole-

2114 4178 2282 4225 Scens
2327 4180 2491 4223 inanti
2513 4170 2734 4240 propria
2761 4163 3066 4239 conscripsi
3097 4184 3112 4221 :
3156 4168 3251 4222 sed
3281 4167 3555 4240 quidquid
3592 4184 3693 4239 pe-

2113 4259 2292 4314 cuniae
2321 4268 2595 4329 seponere
2628 4257 2910 4313 interdum
2946 4271 3113 4326 parca
3164 4257 3449 4328 frugalitas
3484 4259 3690 4327 potuit,

2113 4348 2168 4404 in
2198 4349 2285 4405 his
2307 4348 2625 4405 coetnendis
2655 4348 2956 4420 absumpsi.
2977 4348 3189 4404 Nullam
3230 4352 3377 4404 enim
3408 4351 3582 4422 magis
3603 4347 3692 4406 d3-

2112 4454 2272 4513 gnam
2308 4450 2476 4512 atque
2509 4442 2832 4512 praeclaram
2859 4441 3285 4510 supellectilem,
3318 4442 3532 4497 nullum
3572 4444 3684 4497 uti-

2113 4534 2308 4589 liorem
2358 4533 2910 4604 praastantioremque
2954 4533 3276 4589 thesaurum
3323 4549 3519 4603 parare
3554 4534 3687 4588 mihi

442 4623 589 4668 tanta
615 4615 898 4670 celeritate
923 4616 1068 4671 fesso
1090 4625 1146 4670 ct
1175 4632 1315 4687 pene
1343 4627 1617 4688 praesente
1643 4616 1774 4672 belli
1800 4618 2008 4673 saevitia
2045 4666 2087 4719 ὓ
2115 4634 2276 4696 posse
2308 4624 2715 4679 existimabam.
2741 4623 2980 4679 Vocibus
3004 4625 3178 4694 pleni,
3215 4625 3360 4694 pleni
3386 4624 3678 4694 antiquita-

438 4707 590 4761 nuila
616 4721 684 4760 ex
717 4716 869 4777 parte
908 4708 1294 4776 conquiescit;
1325 4709 1536 4765 utinam
1579 4725 1690 4765 uno
1727 4720 2010 4767 momento

436 4794 585 4865 apud
639 4795 976 4867 Maiestatem
1012 4799 1225 4864 Tuam,
1276 4790 1786 4873 illustrissimosque
1842 4803 2011 4860 duces

440 4886 797 4957 Burgundum
832 4899 887 4944 et
910 4890 1237 4945 Britannum
1276 4892 1413 4949 mihi
1437 4893 1633 4950 adesse
1679 4894 1890 4963 liceret,
1922 4895 2010 4950 di-

439 4976 557 5031 viso
586 4977 751 5031 etiam
800 4980 905 5034 hoc
931 4982 1261 5051 corpusculo
1316 4983 1370 5038 in
1407 4993 1517 5040 tres
1544 4995 1748 5054 partes,
1791 4995 1852 5040 ut
1898 5001 2010 5041 uno

436 5068 632 5124 ordine
662 5069 831 5124 armis
861 5071 1130 5141 repressis
1161 5072 1230 5128 de
1263 5076 1549 5129 communi
1574 5075 1867 5145 dignitate,
1894 5094 2011 5131 ain-

438 5160 732 5230 plitudine,
778 5162 954 5218 salute
1013 5174 1289 5236 ageretur.
1322 5166 1381 5219 id
1433 5167 1694 5236 quoniam
1734 5167 1852 5223 ﬁeri
1895 5185 2005 5224 non

437 5262 639 5322 potest,
691 5252 1136 5310 molestissimum
1195 5263 1298 5311 est.
1333 5254 1465 5311 Sum
1514 5272 1715 5317 omnes
1757 5258 2010 5315 aditurus

436 5343 695 5398 mandato
725 5341 1018 5415 pontitlcio
1043 5361 1059 5411 ;
1095 5358 1160 5400 ac
1191 5345 1448 5403 instituto
1474 5348 1671 5405 ordine
1710 5350 2008 5420 legationis

436 5436 670 5503 primum
696 5435 764 5490 ad
796 5445 847 5491 te
867 5438 1047 5504 venio,
1070 5436 1540 5497 Christianissime
1568 5441 1844 5512 princeps,
1869 5456 2008 5511 quo-

432 5527 580 5582 niam
612 5516 718 5583 tuae
743 5528 1088 5586 celsitudinis
1107 5531 1248 5585 ratio
1283 5531 1357 5586 ita
1383 5534 1594 5602 poscit;
1622 5548 1706 5587 me
1725 5532 2004 5588 conferam

431 5618 622 5673 dcincc
632 5635 695 5690 ps
721 5619 789 5674 ad
825 5619 1258 5677 illustrissimum
1283 5623 1481 5679 ducem
1524 5624 1853 5679 Britannum
1879 5640 2003 5680 cum

492 5789 564 5858 (ᾳ)
603 5791 860 5858 gxdonini
892 5792 1141 5858 d'Aeherii
1177 5796 1466 5858 Spicilegio,
1494 5800 1541 5845 in
1574 5798 1660 5847 fol.
1697 5805 1814 5847 tom.
1854 5797 1940 5848 Ill.

2118 4716 2191 4771 tis
2231 4715 2517 4785 exemplis,
2562 4713 2707 4784 pleni
2742 4715 3013 4782 moribus,
3054 4715 3202 4784 plcni
3253 4716 3483 4787 legibus,
3534 4712 3679 4784 pleni

2119 4807 2388 4877 religione
2431 4806 2648 4873 vivunt,
2710 4818 3132 4875 conversantur,
3170 4793 3467 4880 loquuntur
3498 4807 3682 4861 nobis-

2120 4910 2269 4955 cum.
2304 4899 2513 4953 llocent
2558 4912 2680 4964 nos,
2712 4900 3029 4964 instituunt,
3061 4904 3444 4967 consolantur.
3492 4914 3690 4970 resque

2115 5002 2148 5043 e
2182 4988 2446 5043 memoria
2500 5002 2688 5044 noetra
2739 4990 3140 5047 remotissimus
3170 4996 3327 5063 quasi
3390 5002 3695 5064 prmscntcs

2115 5078 2401 5145 exhibent,
2438 5088 2495 5134 et
2533 5089 2662 5136 ante
2690 5082 2884 5137 oculos
2926 5085 3082 5139 nobis
3127 5095 3363 5154 ponunt.
3406 5085 3581 5138 Tanta
3610 5095 3695 5138 cst

2112 5185 2304 5225 eorum
2363 5180 2635 5241 potestas,
2688 5181 2839 5228 tanta
2894 5175 3175 5246 dignitas,
3222 5186 3374 5231 tanta
3410 5177 3691 5244 maiestas,

2112 5271 2322 5315 tantum
2353 5261 2593 5333 denique
2614 5279 2842 5329 numen,
2869 5273 2954 5329 ut,
2990 5266 3097 5320 nisi
3131 5266 3257 5319 libri
3289 5263 3489 5325 fori-nt,
3524 5260 3691 5313 rudus

2110 5367 2310 5409 omnes
2335 5368 2585 5408 essemus
2615 5364 2672 5410 et
2701 5355 2947 5423 indocti;
2984 5358 3189 5412 nullam
3212 5356 3331 5413 fere
3367 5353 3684 5423 praeterita-

2111 5459 2229 5507 rum
2268 5460 2458 5500 rerum
2490 5448 2838 5511 memoriam,
2870 5449 3081 5503 nullum
3113 5448 3449 5516 exemplum,
3474 5445 3683 5497 nullam

2108 5534 2349 5605 denique
2406 5546 2508 5591 nec
2554 5537 2918 5593 humanarum
2969 5553 3071 5593 nec
3123 5535 3435 5590 divinarum
3497 5549 3684 5588 rerum

2108 5628 2474 5697 cognitionum
2500 5630 2851 5687 haberemus.
2882 5632 3082 5685 Eadem
3108 5645 3243 5683 urna
3262 5629 3686 5700 qnxliominum

494 5851 586 5928 iiii
599 5851 1134 5928 {ifilglo‘qffq‘r3AqPisIL
1149 5851 1229 5928 ed;
1257 5851 2092 5928 iieic'h."liniminsieidiiGoldasti,
2121 5871 2229 5926 post
2257 5863 2485 5915 llichardi
2507 5868 2569 5914 de
2600 5864 2730 5927 Buri,
2760 5864 2912 5927 cpisc.
2942 5865 3312 5928 Duuc'mensis,
3334 5859 3684 5917 Pliilobiblion.

434 5904 756 5971 FranCoi'urti,
782 5904 1065 5974 itit0,inilz
1098 5904 1347 5966 Bibliothi
1365 5904 1672 5969 uazir‘iiil'ii;
1693 5904 1864 5971 72319“).
