4136 6406
371 430 468 493 τοι

1443 422 1991 482 ΒῘΒΙΑΙΟΤΗΕΩΕ
2023 424 2501 488 (ΣΑἸἌὶΟῧΙὲἒῦ.

3548 429 3654 491 70?.

369 557 604 613 corpora
631 537 896 607 contegit,
930 536 1094 592 etiam
1132 535 1354 590 nomina
1397 537 1960 605 obrucret.Quamvis
1995 545 2032 596 Λ
2066 534 2195 590 dum
2227 552 2312 590 est
2337 539 2616 592 civitatem
2653 547 2913 604 vestram,
2949 539 3093 608 quod
3131 549 3406 608 optamus,
3447 542 3500 596 in
3533 543 3654 600 dies

373 645 558 690 autent
594 634 724 687 huic
751 633 828 686 rei
867 641 982 686 toto
1005 629 1192 684 aniiuo
1225 645 1447 698 semper
1476 631 1848 696 incubuerim,
1877 650 1961 688 ar-

375 727 618 783 dentiori
662 737 842 778 tamen
899 722 1086 778 studio
1119 731 1246 791 post
1299 722 1524 777 Graecia:
1573 724 1873 786 excidium,
1907 737 1962 781 et

375 819 686 876 deﬂendam
745 815 992 886 Byzantii
1034 816 1436 883 captivitatem,
1485 819 1538 870 in
1570 819 1962 886 perquirendis

377 913 534 966 libris
565 909 768 966 Graecis
826 923 1022 962 omnes
1064 923 1213 962 meas
1257 909 1424 968 vires.
1458 923 1678 962 omnem
1735 925 1958 978 operam

377 1019 710 1074 omnemque
773 1001 1090 1056 facultatem
1137 999 1579 1068 iuduswiamqne
1619 1002 1978 1077 consumpsi._

379 1099 620 1153 Verebar
653 1098 800 1151 enim
836 1106 891 1148 ct
933 1094 1417 1149 vehementissime
1451 1093 1816 1148 formidabam
1839 1133 1855 1160 ,
1891 1111 1960 1151 ne

377 1207 500 1245 cum
533 1191 752 1244 caeteris
779 1187 945 1242 rebus
970 1195 1048 1240 tot
1076 1187 1522 1240 exceiIt-ntissimi
1554 1187 1679 1252 viri,
1701 1197 1782 1242 tot
1804 1205 1958 1243 sum-

377 1282 876 1337 morum-virorum
905 1280 1139 1334 sudores
1177 1287 1344 1349 atque
1379 1279 1602 1349 vigilite,
1638 1291 1719 1335 tot
1746 1281 1958 1337 lumina

373 1374 526 1428 eihis
563 1382 722 1428 terra:
755 1372 1204 1441 periclitarentur
1241 1382 1410 1440 atque
1461 1375 1724 1442 perirent,
1767 1391 1959 1444 quem-

377 1465 674 1518 admodum
705 1465 873 1520 etiam
905 1464 1182 1534 superiori
1219 1474 1467 1535 tempore
1520 1475 1728 1520 tantam
1777 1469 1958 1538 jactu-

379 1571 496 1611 ram
529 1556 786 1622 fecimus,
815 1565 876 1611 ut
909 1572 977 1611 ex
1009 1557 1264 1612 ducentis
1295 1559 1488 1630 viginti
1520 1560 1767 1615 millibus
1791 1562 1960 1616 libro-

382 1665 546 1715 rum,
610 1663 751 1718 quos
827 1649 1158 1705 Plutarchus
1223 1651 1400 1706 refert
1471 1653 1528 1706 in
1619 1653 1956 1710 bibliotheca

377 1743 762 1812 Apamzeorum
795 1740 988 1802 fuisse,
1022 1741 1108 1794 vix
1157 1743 1306 1798 mille
1347 1752 1507 1798 astate
1543 1755 1730 1800 nostra
1764 1761 1958 1816 super-

379 1833 510 1888 sint.
539 1831 736 1887 Conati
764 1841 948 1887 autem
989 1849 1206 1902 sumus,
1229 1845 1500 1904 quantum
1530 1838 1584 1891 in
1633 1839 1794 1894 nobis
1827 1839 1954 1904 fuit,

2067 629 2242 698 magis
2285 637 2342 684 et
2399 629 2546 684 vires
2601 640 2656 684 et
2707 645 2908 684 nomen
2948 621 3399 702 propagaturam.
3445 635 3654 690 Dehinc

2066 717 2442 790 intelligebam
2475 722 2687 796 nullum
2725 721 2908 776 locum
2947 739 2974 775 a
3008 737 3097 778 me
3132 724 3256 792 eligi
3307 741 3468 794 posse
3497 745 3652 782 rem-

2067 811 2376 866 modiorcm
2429 829 2492 868 ac
2521 815 2726 868 uestris
2775 817 3080 884 praesertim
3133 817 3652 889 hominibusaptim

2065 917 2207 956 rem.
2240 903 2376 957 Cum
2407 907 2555 958 enim
2589 905 2641 958 in
2681 907 2962 961 civitatem
3018 919 3258 962 vestram
3311 925 3505 966 omnes
3537 911 3652 967 fere

2063 995 2236 1048 totius
2275 997 2428 1048 orbis
2457 997 2712 1051 nationes
2747 1000 2986 1053 maxime
3019 999 3328 1068 confluant,
3365 1011 3476 1055 tum
3511 1019 3654 1072 prac-

2065 1086 2226 1156 eipue
2249 1087 2448 1152 Graeci,
2483 1089 2579 1158 qui
2602 1105 2632 1142 e.
2673 1091 2786 1144 suis
2829 1091 3133 1160 provinciis
3166 1094 3385 1164 navigio
3413 1099 3649 1150 venien-

2065 1185 2168 1240 tes,
2223 1178 2468 1236 Venetiis
2520 1182 2755 1250 primum
2804 1185 3198 1239 descendunt:
3240 1202 3304 1240 ea
3357 1197 3652 1256 preptcrca

2063 1271 2354 1326 vobiscum
2396 1275 2810 1330 necessitudine
2851 1277 3117 1342 devincti,
3169 1287 3232 1332 ut
3289 1279 3356 1333 ad
3409 1292 3648 1334 vestram

2063 1363 2276 1432 appulsi
2317 1363 2536 1426 urbem,
2571 1368 2728 1432 quasi
2778 1369 3012 1422 alterum
3049 1367 3376 1440 Byzantium
3417 1369 3654 1426 introire

2065 1455 2378 1509 videantur.
2419 1457 2550 1511 Post
2585 1457 2704 1511 ha:c
2755 1461 3036 1528 quomodo
3073 1461 3278 1530 poterit
3311 1461 3416 1514 hoc
3449 1463 3654 1516 benefi-

2061 1547 2207 1600 cium
2241 1563 2272 1601 a
2313 1547 2473 1604 nobis
2501 1550 2794 1606 honestius
2826 1554 3020 1616 locari,
3054 1571 3219 1623 quant
3252 1553 3394 1624 apud
3428 1570 3526 1608 eos
3555 1553 3658 1607 ho-

2062 1641 2240 1695 mines
2283 1643 2486 1710 quibus
2526 1660 2629 1714 ego
2679 1646 2867 1700 multis
2903 1662 3096 1701 eorum
3133 1647 3187 1701 in
3235 1663 3320 1701 me
3365 1647 3655 1702 beneficiis

2061 1731 2352 1786 devinctus
2383 1735 2798 1806 obstrictusque
2839 1753 3018 1792 essem
3047 1755 3062 1798 ;
3095 1749 3151 1792 et
3189 1737 3242 1794 in
3292 1755 3358 1794 ca
3405 1739 3651 1803 civitate,

2061 1839 2226 1892 quam
2256 1827 2409 1890 mihi,
2437 1827 2728 1898 subjugata
2754 1829 2984 1894 Graecia,
3009 1849 3104 1900 pro
3131 1833 3308 1902 patria
3336 1833 3652 1904 elegissent,

379 1943 490 1979 ηυη
519 1934 627 1980 mm
657 1928 866 1987 mullos
895 1942 1062 1995 quam
1099 1903 1340 1997 οριξιίιοε
1381 1929 1552 1985 libros
1581 1931 1868 2002 conigere’
1903 1903 1959 1988 ει
1993 1903 2032 1956 Β
2061 1918 2198 1970 etin
2229 1934 2393 1985 quam
2431 1922 2642 1976 accitus
2675 1939 2703 1975 a
2728 1923 2882 1976 vobis
2903 1933 3064 1994 atque
3089 1925 3652 1980 honorificentissime

375 2017 720 2088 singulorum
755 2033 988 2088 operum
1014 2019 1230 2088 singula
1269 2021 1570 2088 volumina,
1611 2023 1801 2094 sicque
1822 2039 1962 2078 cun-

374 2120 462 2165 cta
508 2111 626 2165 fere
675 2111 988 2181 sapientum
1052 2111 1368 2167 Graecorum
1423 2131 1610 2184 opera,
1650 2119 1958 2186 prtesertim

375 2215 498 2270 qua:
537 2215 658 2255 rara
715 2211 877 2256 erant
935 2202 1276 2272 inventoque
1329 2203 1596 2270 difficilia,
1651 2209 1954 2278 coegimus.

377 2291 647 2346 Cancrum
683 2307 808 2346 cum
853 2293 957 2347 hoc
1007 2309 1154 2363 saepe
1183 2306 1366 2350 mente
1398 2309 1724 2367 repeterem,
1763 2318 1957 2372 parum

379 2383 838 2439 desiderio~meo
897 2385 1231 2442 satisfecisse
1281 2389 1543 2456 videbar,
1591 2394 1696 2447 nisi
1753 2397 1962 2464 pariter

381 2474 757 2542 providerem,
793 2484 853 2529 ut
895 2476 1047 2542 libri,
1089 2493 1231 2548 quos
1269 2489 1420 2533 tanto
1470 2483 1654 2537 studio
1684 2493 1740 2538 et
1769 2485 1960 2540 labore

379 2567 681 2634 coegerim,
716 2582 802 2622 me
835 2568 964 2622 vivo
1003 2571 1078 2624 ita
1110 2571 1542 2636 collocarentur,
1577 2583 1635 2628 ut
1664 2577 1828 2638 etiam
1865 2577 1960 2633 dc-

379 2659 580 2714 functo-
619 2659 876 2730 dissipari
912 2672 1009 2717 aut
1055 2663 1286 2718 alienari
1329 2681 1438 2748 non
1493 2679 1739 2737 possent,
1776 2671 1870 2725 sed
1904 2673 1958 2725 in

377 2752 501 2807 loco
523 2752 710 2823 aliquo
743 2764 862 2809 tuto
897 2754 1060 2810 simul
1093 2771 1157 2811 ac
1190 2760 1480 2814 commodo
1511 2760 1578 2814 ad
1610 2775 1958 2820 conununcm

379 2843 692 2912 hominum,
723 2855 833 2902 tam
868 2847 1192 2904 Graecorum
1231 2867 1398 2920 quant.
1421 2851 1771 2922 Latinorum,
1807 2859 1962 2912 utili-

382 2943 548 2990 tatem
586 2947 963 2994 scrvarentur.
1001 2939 1116 2994 Hoc
1140 2941 1310 3011 igitur
1335 2944 1597 3014 cogitanti
1631 2948 1790 3012 mihi,
1820 2948 1962 3002 mul-

383 3035 594 3098 tasque.
625 3028 796 3086 Italia:
856 3031 1022 3086 urbes
1055 3032 1242 3088 animo
1295 3035 1561 3100 volventi,
1613 3039 1728 3094 sola
1777 3049 1961 3095 vestra

381 3119 584 3191 inclyta
617 3131 782 3192 atque
819 3123 1160 3193 amplissima
1213 3125 1410 3184 civitas
1448 3131 1716 3194 occurrit,
1758 3132 1814 3185 in
1854 3149 1962 3203 qua

379 3213 598 3267 animus
629 3229 785 3270 meus
816 3218 964 3270 omni
1011 3233 1076 3271 ex
1107 3229 1265 3288 parte
1300 3223 1743 3292 conquiesceret.
1777 3225 1961 3282 Primo
1987 3238 2034 3302 (ι

379 3303 526 3357 enim
566 3318 676 3359 non
725 3306 1002 3374 videbam,
1051 3324 1217 3378 quem
1271 3312 1454 3368 locum
1486 3316 1692 3386 eligere
1738 3332 1956 3388 possem

382 3396 664 3463 tutiorem,
705 3413 870 3468 quam
891 3415 1020 3454 eum
1047 3403 1142 3472 qui
1183 3404 1444 3473 tequitate
1469 3408 1704 3474 regitur,
1742 3409 1958 3481 legibus

383 3491 624 3548 tenetur,
677 3486 732 3539 in
771 3491 984 3545 unitate
1043 3507 1108 3546 ac
1145 3494 1416 3562 sapientia
1455 3499 1820 3567 gubernatur,
1863 3503 1958 3556 ubi

382 3575 560 3628 virtus
579 3578 956 3646 continentiae,
985 3587 1294 3651 gravitatis,
1327 3587 1582 3657 justitiee,
1616 3589 1746 3645 fidei
1779 3593 1960 3647 domi-

381 3658 570 3711 cilium
597 3670 680 3715 cst
717 3679 732 3729 ;
771 3665 859 3720 ubi
891 3668 1210 3737 imperium,
1245 3685 1306 3727 ut
1346 3679 1647 3732 maximum
1679 3689 1765 3736 est
1794 3691 1960 3752 atque

383 3751 806 3822 amplissimum,
835 3757 912 3812 ita
958 3765 1228 3832 atquahile
1255 3781 1320 3821 ac
1353 3769 1698 3826 moderatum
1727 3789 1742 3840 ;
1788 3751 1958 3830 animi

357 3843 440 3897 'in
492 3847 833 3905 consulendo
879 3852 1070 3922 liberi,
1129 3859 1265 3912 nulli
1297 3859 1543 3930 libidini,
1575 3865 1710 3920 nulli
1759 3867 1962 3923 delicto

385 3937 606 3992 obnoxii
634 3955 650 4004 ;
682 3941 986 4010 prudentes
1017 3943 1234 4015 imperii
1267 3941 1485 4002 clavum
1511 3937 1722 4016 tenent,
1752 3962 1808 4007 et
1831 3955 1960 4009 boni

385 4029 546 4084 malis
591 4043 1010 4103 praeponuntur,
1051 4053 1117 4093 ac
1151 4040 1497 4108 privatorum
1535 4047 1959 4101 commodorum

383 4117 564 4183 obliti,
605 4129 778 4177 totum
810 4141 1014 4194 corpus
1041 4130 1362 4198 reipublicae
1395 4133 1643 4187 unanimi
1687 4151 1959 4194 conswsu

381 4221 436 4267 et
465 4228 678 4269 summa
712 4216 1027 4290 integritate
1053 4233 1369 4292 procurant.
1397 4226 1473 4281 Ex
1501 4228 1708 4297 quibus
1735 4245 1962 4299 sperau-
2057 4248 2062 4252 ·

2066 2021 2324 2080 receptus
2348 2011 2596 2068 fuissem.
2626 2015 2816 2085 Itaque
2852 2017 3111 2072 conscius
3144 2021 3494 2075 mortalitatis
3517 2037 3652 2074 meae

2063 2114 2120 2156 et
2155 2103 2628 2172 ingravescentem
2656 2108 2768 2175 jam
2802 2119 3019 2162 aitatem
3061 2111 3423 2182 diversosque
3446 2113 3652 2182 quibus

2063 2195 2358 2266 affligimur
2389 2197 2640 2261 morbos,
2672 2209 2728 2252 et
2762 2210 2964 2254 cat-tera
3003 2215 3124 2269 qua:
3165 2205 3392 2255 evenire
3427 2217 3653 2272 possent

2064 2291 2442 2354 considerans,
2475 2307 2670 2347 omnes
2713 2294 2884 2348 libros
2941 2311 3094 2349 meos
3132 2297 3420 2374 utriusilue
3457 2298 3653 2367 linguae

2065 2383 2454 2438 Sacratissima:
2495 2385 2596 2438 {edi
2631 2385 2778 2440 beati
2811 2387 2975 2442 Marci
3019 2402 3211 2442 t'CSll‘tl:
3243 2389 3465 2460 inclyta:
3512 2391 3652 2442 (‘it'i-

2067 2472 2197 2525 tatis
2226 2472 2373 2526 dono
2431 2471 2557 2528 dedi
2609 2485 2774 2545 atque
2831 2475 3033 2540 dicavi,
3088 2481 3335 2532 sonticus
3369 2479 3529 2533 talem
3567 2497 3654 2534 nec

2065 2563 2310 2617 animum
2357 2573 2415 2618 et
2445 2565 2787 2623 excellentiae
2823 2579 3022 2624 vesme
3056 2557 3112 2625 et
3149 2571 3476 2641 gratitudini
3519 2588 3652 2626 mea:

2064 2663 2122 2708 et
2143 2671 2309 2725 quam
2333 2657 2468 2711 mihi
2498 2673 2852 2714 communem
2885 2675 3006 2716 esse
3027 2661 3307 2726 voluistis,
3343 2665 3535 2733 patria:
3561 2666 3653 2718 de-

2067 2748 2278 2814 buisse,
2327 2760 2502 2804 utvos
2534 2766 2598 2804 ac
2643 2753 2806 2807 liberi
2841 2755 3162 2824 posterique
3207 2757 3396 2821 vestri,
3438 2757 3532 2827 qui
3567 2774 3653 2814 me

2065 2841 2269 2897 virtute
2303 2859 2367 2898 ac
2393 2847 2662 2914 sapientia
2695 2857 2900 2912 vestra,
2936 2851 3234 2918 multisque
3258 2850 3313 2904 iu
3359 2867 3445 2905 me
3480 2853 3652 2906 bene-

2068 2935 2210 2990 ficiis
2258 2935 2568 3000 addictum,
2622 2940 2871 2994 deditum
2923 2941 3368 3012 obstrictumque
3413 2944 3654 3011 habetis,

2069 3028 2320 3096 ha:re_des
2353 3030 2608 3084 laborum
2647 3047 2922 3098 Incoruur,
2956 3035 3176 3092 fructus
3202 3036 3404 3092 uberes
3437 3039 3658 3094 diutur-

2069 3137 2282 3192 nosque
2319 3123 2589 3192 capiatis;
2639 3125 2842 3180 deinde
2873 3127 3059 3182 caeteri
3109 3127 3202 3198 qui
3240 3129 3510 3185 bonarum
3544 3132 3659 3186 d.s-

2069 3214 2402 3284 ciplinarum
2463 3215 2702 3270 studiosi
2747 3229 2934 3282 erunt,
2981 3227 3167 3274 vestra
3207 3235 3372 3275 causa
3413 3222 3655 3290 capiant.

2069 3305 2419 3376 Quapropter
2445 3318 2503 3361 et
2542 3306 2902 3365 donationem
2957 3310 3155 3380 ipsam,
3189 3323 3246 3368 et
3271 3315 3539 3368 librormn
3573 3316 3658 3368 iu-

2070 3395 2274 3462 dicem,
2324 3406 2381 3451 et
2421 3399 2707 3466 pontificis
2743 3401 2966 3456 maximi
3001 3403 3286 3458 decretura
3337 3406 3406 3459 ad
3448 3421 3660 3461 vestras

2068 3491 2428 3544 excellentius
2472 3491 2765 3556 mittimus,
2803 3505 3094 3563 precantes
3128 3497 3299 3551 Deum
3369 3509 3427 3553 ut
3475 3501 3664 3569 reipu-

2071 3583 2228 3638 blicae
2278 3593 2482 3638 vestra:
2531 3585 2717 3640 omnia
2775 3586 2936 3654 bene,
2983 3589 3225 3644 feliciter
3282 3607 3659 3662 prospereque

2069 3677 2350 3740 eveniant,
2391 3685 2448 3732 ct
2476 3693 2667 3747 pacem
2699 3679 2924 3744 habeat,
2965 3683 3446 3752 tranquillitatem,
3481 3686 3656 3740 otium

2073 3770 2544 3840 concordiamque
2617 3783 2968 3844 perpetuam.
3030 3771 3260 3829 Valeant
3317 3777 3660 3833 excellentia:

2073 3871 2268 3914 vestrae
2297 3860 2557 3916 feliciter.

2139 3951 2389 4021 Viterbii,
2421 3969 2473 4008 IV
2529 3955 2670 4010 Non.
2709 3955 2898 4013 Maias.

2907 4055 3229 4124 BESSARION,

2291 4147 2610 4214 eardiualis,
2632 4146 2944 4218 patriarcha
2983 4150 3660 4224 Constantinopolitanus,

2349 4239 2591 4296 basilica:
2639 4239 2700 4295 Β.
2735 4241 2906 4296 Marci
2935 4241 3185 4297 Venetiis
3216 4243 3441 4298 dicavit.

449 4471 764 4544 Catulogum
787 4472 862 4546 (α)
899 4476 1246 4534 bibliothecae
1268 4479 1610 4544 Bcssarionis
1631 4485 2120 4554 prmstantissimus
2152 4489 2210 4544 Β.
2248 4489 2690 4545 Montfauconius
2723 4490 2932 4546 dudum
2965 4491 3216 4547 exhibuit
3251 4495 3304 4548 in
3337 4511 3434 4550 sua
3463 4493 3658 4552 Biblio-

381 4567 527 4620 theca
585 4569 1018 4626 bibliothecarum
1070 4575 1308 4628 codicum
1341 4593 1468 4632 om.
1501 4579 1608 4632 Sed
1651 4594 1778 4634 cum
1809 4580 1924 4650 ipse
1949 4581 2098 4637 hunc
2131 4581 2450 4654 Catalogum
2486 4584 2912 4639 luculentiorcm
2951 4595 3008 4639 et
3041 4585 3373 4642 exactiorem
3420 4601 3487 4644 ex
3533 4589 3660 4646 Ric-

377 4661 636 4712 car.iiana
672 4660 1002 4718 bibliotheca
1056 4676 1302 4736 erutum,
1350 4681 1407 4724 ct
1447 4672 1573 4741 ipsi,
1609 4684 1667 4726 ut
1711 4673 1956 4740 videtur,

2066 4691 2166 4746 ope
2219 4677 2533 4732 Bessarioni
2579 4677 2880 4746 σύγχρονον
2915 4667 3170 4746 ιιεὼόιιιη,
3221 4695 3336 4734 non
3385 4681 3656 4752 ingratam

381 4766 493 4803 rem
525 4755 766 4812 eruditis
798 4773 886 4813 me
921 4757 1198 4816 facturum
1231 4763 1497 4831 arbitror,
1529 4765 1574 4820 si
1610 4767 1768 4822 illum
1805 4769 1898 4824 hic
1937 4770 2141 4826 iterum
2177 4771 2384 4844 publici
2417 4771 2560 4843 juris
2593 4771 2814 4828 faciam.
2853 4773 2950 4828 Est
2981 4787 3114 4829 vero
3139 4774 3234 4843 qui
3267 4776 3546 4845 sequitur.

379 4871 980 4970 'i‘aiiutalibrorum,
1023 4885 1148 4970 tam
1184 4882 1551 4970 graecorum
1585 4903 1772 4970 quam
1817 4890 2206 4966 Latinorum,
2241 4908 2404 4970 quos
2451 4893 3012 4954 reverendissimus
3061 4893 3122 4954 in
3173 4891 3422 4955 Christo
3477 4895 3654 4955 Pater

460 4952 760 5048 dominus
797 4957 1499 5048 cardina_lis_l‘iictenus,
1545 4952 2656 5048 ae‘episeopusAlba'ttensis,ilono
2681 4952 2862 5032 dedit
2885 4952 3297 5034 serenissima
3331 4982 3394 5032 et
3443 4976 3652 5034 exvel-

465 5029 812 5121 icntissinto
839 5038 1091 5131 vd‘u‘eali
1154 5029 1558 5131 Venetiarum
1602 5029 2444 5131 douiinidaquireconditi
2483 5029 2928 5130 (proutﬁfioma
2968 5051 3322 5113 transmissi
3368 5051 3648 5131 fuerant)

462 5121 534 5210 litt
583 5113 792 5210 capsis
833 5113 1479 5210 XXX-commendati
1516 5124 1708 5210 fuere
1753 5113 2110 5204 magnificis
2151 5113 2225 5190 et
2263 5113 2592 5207 generosis
2623 5132 2902 5193 dominis
2945 5131 3472 5210 procuratoribus
3501 5113 3654 5192 tedis

465 5187 600 5246 Divi
656 5191 876 5288 alorci,
907 5197 1216 5288 tantisper
1251 5203 1471 5288 quoad
1515 5187 2896 5288 instruaturuetﬁe‘x—ornet‘urdomus‘a'liqua,
2929 5187 3332 5271 bibliothecas
3357 5255 3372 5281 ,
3430 5211 3494 5270 in
3529 5227 3652 5286 qua

462 5269 682 5407 repobni
719 5269 955 5356 debent
1004 5269 1122 5353 pro
1152 5269 1478 5341 communi
1517 5285 1909 5347 studentium
1957 5269 2262 5363 utilitate,
2315 5269 2412 5351 ac,
2439 5269 2702 5350 decore—7
2728 5269 3224 5352 e'tﬂo'rnamento
3254 5269 3428 5350 urbis
3465 5269 3651 5367 huius

462 5361 529 5404 ee
559 5363 590 5405 e
643 5365 914 5407 errtmaa.

459 5361 914 5412 (ποιθυθιτιωω.

375 5471 440 5524 In
474 5491 636 5546 capsa
673 5478 894 5558 signate
918 5480 1112 5558 Aoum
1141 5485 1344 5558 codices
1386 5488 1459 5548 Iu',
1493 5505 1720 5558 quorum
1757 5494 1960 5547 inscri—

2073 5505 2188 5551 tum
2221 5495 2424 5551 librum
2459 5495 2743 5568 cujusdam
2773 5497 3026 5554 alterius.
3067 5497 3333 5564 Deinceps
3361 5495 3652 5566 Simplicii,

607 5551 812 5617 ptioncs
841 5553 926 5606 hic
960 5553 1106 5623 infra
1143 5557 1419 5613 adnotata:
1449 5551 1718 5615 videntur.

2071 5587 2126 5642 in
2165 5589 2532 5660 pergamcnis,
2567 5598 2732 5643 etest
2771 5589 2910 5642 liber
2939 5589 3194 5657 pulcher.

2145 5679 2373 5751 Physica
2423 5679 2694 5752 ejusdem,
2727 5680 3233 5751 cum_expositionc
3268 5679 3559 5750 Simplicii,
3599 5682 3656 5738 in

2075 5773 2446 5842 pergamcnis.
3307 5825 3310 5828 .

2153 5865 2472 5935 Simplicius
2515 5884 2566 5922 1n
2605 5865 3028 5936 prtcdicamcnta
3057 5867 3373 5924 Aristotelis
3411 5885 3425 5922 :
3460 5885 3524 5922 ac
3555 5882 3658 5922 cu-

439 5961 512 6032 (a)
541 5963 689 6016 Joan.
716 5967 872 6034 Lami,
901 5969 1100 6024 Delicias
1133 5971 1467 6038 Eruditorum,
1495 5983 1594 6028 tam
1639 5977 1716 6043 ιχ,
1749 5979 2020 6034 Florentiae
2055 5983 2190 6034 mo.

449 5655 620 5713 Totus
651 5660 978 5754 Aristotcles
1011 5675 1210 5736 praeter
1242 5669 1500 5741 logicam,
1529 5675 1580 5726 iu
1618 5675 1965 5744 pergamenis

377 5757 432 5802 ρῑ
463 5766 661 5808 ιιυνυε.

447 5841 678 5914 Physica
711 5847 957 5918 ejusdem
990 5865 1114 5906 cum
1135 5854 1474 5924 expositione
1509 5871 1678 5926 usque
1707 5859 1772 5914 ad
1798 5876 1954 5931 quae
