4136 6456
486 398 596 465 703

486 608 556 665 de
595 611 804 674 anima,
843 612 893 664 in
925 612 1297 679 pergatnetiis,
1336 612 1584 680 pulcher.

560 702 972 771 Theophrastus
1003 702 1070 755 de
1105 702 1338 770 plantis,
1376 704 1429 756 in
1470 705 1837 773 pergamenis.

567 796 902 863 Philopontts
953 795 1008 849 in
1045 795 1247 849 librum
1304 795 1372 849 de
1423 794 1799 852 Getzerationc
1857 809 1911 853 et
1945 815 2070 854 cor-

491 888 772 955 ruptione,
809 896 864 940 et
897 886 1205 942 Alexander
1237 904 1288 941 in
1318 897 1584 953 meteora,
1617 889 1669 942 in
1704 893 2067 961 pergamenis.

564 978 761 1049 Logica
812 980 1127 1035 Aristotelis
1176 996 1300 1035 cum
1337 981 1779 1050 expositionibus
1825 986 1892 1038 ad
1929 985 2072 1055 topic

490 1087 609 1126 eam
642 1085 839 1140 usque,
873 1071 927 1125 in
962 1072 1204 1142 papyris.

563 1163 1119 1233 Physiognomonica,
1150 1162 1449 1232 paradoxa,
1480 1162 1823 1229 mechanica,
1855 1174 1911 1221 et
1942 1180 2074 1235 pro-

493 1258 731 1311 hlemata
762 1255 1099 1318 Aristotelis,
1136 1254 1191 1308 in
1233 1254 1473 1325 papyris.

568 1348 859 1401 Rhetorica
929 1346 1287 1412 Aristotelis,
1353 1355 1408 1399 et
1474 1348 1736 1401 nonnulla
1812 1350 2070 1418 parallela

494 1438 797 1501 Plutarchi,
829 1439 881 1491 in
916 1439 1155 1508 papyris.

565 1530 861 1585 Alexandri
889 1530 1223 1599 quaestiones
1262 1531 1569 1597 naturales,
1605 1533 1870 1597 morales,
1906 1547 1959 1587 et
2001 1534 2071 1591 de

464 1625 702 1690 'anima,
739 1624 794 1678 in
834 1625 1205 1694 pergamenis.

569 1715 828 1782 Quasdam
896 1716 1292 1787 epigrammata
1352 1728 1409 1772 et
1466 1718 1698 1772 moralia
1755 1718 2073 1774 Aristotelis

498 1822 713 1876 magna,
745 1815 801 1860 et
830 1807 1148 1870 Eudemica,
1177 1814 1377 1878 partim
1406 1808 1458 1862 in
1496 1809 1740 1879 papyris,
1779 1807 1984 1878 partim
2016 1809 2069 1862 in

496 1898 864 1968 pergamenis.

569 1991 718 2046 Sexti
758 1990 1016 2061 Empirici
1050 1991 1101 2044 iu
1146 1991 1587 2057 mathematicos,
1625 1991 1680 2044 in
1712 1989 1953 2061 papyris.

571 2084 956 2153 lnterpretatio
1004 2085 1304 2138 multorum
1339 2086 1393 2139 in
1431 2086 1684 2154 Iogicam,
1722 2086 1775 2137 in
1824 2083 2070 2155 papyris.

570 2177 931 2247 Metaphrasis
966 2178 1018 2231 in
1050 2178 1304 2247 logicam,
1335 2178 1388 2231 in
1423 2195 1647 2249 papyro.

572 2272 920 2337 Otuestiones
946 2271 1233 2341 cujusdam
1261 2270 1489 2326 Joannis
1523 2270 1696 2325 Italici
1746 2270 1801 2325 in
1842 2269 2073 2341 logicam

497 2373 556 2418 et
583 2366 843 2433 topicam,
888 2367 941 2418 in
974 2364 1341 2432 pergamenis.

564 2454 840 2511 Ammouii
869 2456 922 2509 in
957 2455 1377 2525 praedicamenta
1411 2454 1747 2510 Aristotelis.

570 2547 838 2616 Simpllcii
890 2546 943 2601 in
984 2548 1183 2603 librmn
1224 2548 1292 2602 de
1327 2549 1469 2604 cmlo
1507 2557 1561 2603 et
1596 2548 1833 2611 mundo,
1871 2548 2070 2616 imper.

496 2639 676 2693 fectus
726 2648 785 2693 et
834 2640 1221 2704 inordinatus;
1282 2650 1341 2695 et
1385 2649 1686 2695 erotemata
1735 2639 2076 2708 Ptochopro—
2116 2692 2121 2696 .

496 2733 700 2801 dromi,
738 2735 792 2787 in
823 2734 1070 2805 papyris,
1109 2744 1215 2789 etc.

567 2825 954 2879 Chortasmeni
1006 2827 1060 2880 in
1102 2826 1331 2901 logie-am
1367 2839 1423 2882 et
1475 2826 1831 2893 rhetoricam,
1880 2824 1935 2880 in
1976 2840 2071 2894 pa-

498 2934 672 2989 pyrts.

500 3077 563 3130 In
591 3094 751 3148 capsa
774 3079 1026 3144 inscripta
1055 3077 1117 3138 Β,
1145 3077 1261 3147 (μιιέ
1284 3087 1359 3131 cst
1396 3078 1639 3148 ponderis
1664 3076 1922 3132 librarum
1944 3077 2073 3147 250,

865 3160 987 3202 sunt
1018 3150 1287 3202 volumina
1325 3150 1689 3223 iul'rascripta.

1473 406 1783 464 IEESSAIH
1816 405 1973 463 ΑΒ
2009 404 2063 464 S.
2096 407 2161 465 ll.
2213 409 2272 464 Ε.
2314 404 2777 464 CARDlNMJS

484 517 694 588 jusdam
725 517 949 573 alterius
985 518 1256 588 expns'tio
1287 519 1338 571 in
1372 521 1607 588 primum
1646 531 1701 574 et
1756 523 2057 573 Sec-niuium
2093 523 2135 579 Α

3637 419 3757 482 701

2245 521 2463 575 liomeri
2496 523 2639 586 Ilias,
2673 524 2725 576 in
2757 528 3122 594 pergamenis,
3148 530 3288 586 lilier
3320 535 3756 597 pulcherrimus.

2244 612 2463 668 Homeri
2493 614 2758 686 Odyssea,
2791 618 2842 670 in
2875 621 3117 691 papyris.

2247 706 2518 762 Eustathii
2554 710 2605 762 in
2642 708 2963 781 Odysseam,
3004 714 3055 768 in
3086 721 3460 787 pergamenis.

2244 798 2515 853 Eustathii
2551 799 2604 854 in
2635 802 2844 871 primos
2870 820 3067 860 novem
3099 806 3273 863 libros
3310 812 3514 880 Iliadis,
3546 815 3596 870 in
3626 830 3757 886 per-

2171 905 2440 959 gaments.

2240 980 2495 1037 Carmina
2522 982 2769 1056 Gregorii
2801 986 3151 1053 Eazianzeni,
3189 993 3242 1046 in
3277 999 3639 1065 pergamenis.

2243 1072 2393 1126 Arati
2438 1082 2611 1142 poeta:
2660 1075 3059 1148 Lycophronis,
3107 1082 3159 1137 in
3209 1090 3578 1156 pergamenis,
3615 1107 3748 1145 cum

2172 1164 2601 1231 expositorihus.

2248 1257 2563 1312 lirotemata
2596 1260 2849 1330 antiqua,
2886 1262 2940 1316 in
2986 1270 3350 1335 pergamenis.

2245 1346 2544 1417 Euripidis,
2577 1351 2630 1404 in
2652 1355 2892 1422 papyris,
2928 1358 3210 1426 tragmdize
3240 1369 3371 1415 tres.

2244 1439 2626 1510 Aristophanis
2658 1447 2945 1500 commilito
2997 1457 3130 1515 tres,
3183 1460 3240 1506 et
3298 1454 3593 1523 Sephoclis
3644 1467 3756 1510 tra-

2174 1532 2367 1600 gmdite
2396 1543 2650 1601 quatuor,
2687 1536 2741 1589 in
2777 1540 3017 1608 papyris.
3105 1544 3142 1575 κ

2250 1624 2314 1677 Et
2336 1624 2595 1679 Nicandri
2632 1626 2896 1696 theriaca,
2939 1632 2993 1685 in
3028 1637 3393 1704 pergameuis.

2215 1783 2279 1838 In
2322 1802 2485 1857 capsa
2521 1787 2736 1866 signato
2769 1787 2840 1866 D_,
2877 1791 3124 1866 ponderis
3154 1795 3410 1850 librarum
3442 1799 3567 1866 2'25,
3599 1813 3724 1857 sunt

2631 1857 2903 1912 volumini:
2932 1862 3295 1933 infrascripta.

2244 1986 2439 2041 Omnia
2467 2002 2634 2056 opera
2668 1989 2913 2046 Platonis
2962 1994 3014 2047 in
3051 1995 3244 2051 eodem
3288 2010 3344 2054 et
3374 2002 3751 2070 pulcherrimo

2175 2078 2476 2146 volumine,
2514 2079 2567 2131 in
2599 2082 2968 2150 pergamenis.

2246 2171 2441 2227 Omnia
2484 2148 2719 2226 Moralia—
2765 2174 3044 2231 Plutarchi
3100 2177 3152 2231 in
3206 2179 3400 2234 eodem
3446 2148 3748 2252 volumine,

2178 2268 2232 2318 ln
2264 2266 2630 2334 pergamenis.

2246 2357 2463 2413 Proculi
2499 2359 2553 2413 in
2590 2359 2970 2417 Parmenidem
3002 2363 3264 2430 Platonis,
3298 2365 3351 2420 in
3385 2371 3752 2440 pergamenis,

2179 2465 2354 2503 novus
2383 2451 2524 2505 liber
2553 2464 2611 2509 et
2645 2456 2899 2523 pulcher.

2248 2542 2464 2599 Proculi
2504 2545 2557 2598 in
2610 2544 2937 2616 theologiam
2986 2548 3256 2615 Platonis,
3297 2558 3353 2605 et
3386 2551 3656 2610 Hieroclis
3698 2557 3753 2611 in

2176 2650 2343 2691 aurea
2389 2636 2636 2692 carmina
2682 2638 3021 2710 Pythagorae,
3081 2656 3258 2697 novus
3305 2643 3453 2698 liber
3517 2655 3573 2700 et
3628 2649 3753 2716 pul—

2177 2730 2332 2785 cher.

2250 2821 2467 2878 Proculi
2526 2825 2581 2880 in
2631 2827 2896 2882 Timaeum
2952 2827 3217 2893 Platonis,
3270 2831 3323 2884 in
3382 2846 3752 2901 pergamams,

2177 2926 2357 2969 novus
2388 2915 2548 2982 liber,
2585 2926 2643 2972 et
2675 2918 2932 2988 pulcher.

2250 3007 2490 3062 Platonis
2531 3010 2780 3064 nonnulli
2835 3012 3060 3083 dialogi,
3111 3024 3166 3070 et
3214 3014 3281 3071 de
3331 3032 3470 3087 rep.,
3534 3018 3585 3072 in
3630 3034 3756 3087 per-

2178 3099 2445 3169 gameuis.

2251 3189 2493 3245 Platonis
2545 3190 2744 3262 dialogi
2802 3209 3045 3272 xxxvtu,
3118 3196 3174 3251 in
3232 3199 3472 3270 papyris,
3526 3208 3579 3255 et
3631 3199 3755 3257 Vita

574 3285 930 3356 Evangelium
971 3284 1206 3339 Matthxi
1232 3298 1356 3338 cum
1392 3286 1826 3355 expositorihus,
1859 3288 1915 3342 in
1952 3304 2074 3359 per-
2101 3260 2145 3319 θ
2181 3281 2349 3351 ipsius
2377 3283 2429 3336 in
2472 3260 2761 3353 principio.

499 3391 772 3448 gamcnts.

573 3468 947 3542 Olympiodori
995 3468 1052 3524 in
1099 3468 1367 3540 quosdam
1412 3468 1665 3541 dialogos
1714 3470 1981 3538 Platonis,
2025 3471 2078 3527 in

504 3564 884 3634 pergameuis.’

581 3658 850 3715 Arrianus
881 3656 936 3710 in
966 3657 1301 3727 Epictetum,
1330 3656 1386 3712 in
1411 3657 1655 3730 papyris.

576 3750 773 3805 Plotini
809 3751 1083 3805 nonnullae
1109 3751 1413 3816 orationes,
1448 3751 1501 3805 in
1536 3752 1904 3820 pergamenis.

580 3842 799 3897 Maximi
833 3842 1105 3898 Platonici
1142 3842 1445 3906 orationes,
1486 3844 1539 3897 in
1575 3844 1945 3913 pergamenis.

564 3933 845 3989 lamhlichi
886 3934 939 3988 in
988 3935 1276 4005 epistolam
1325 3935 1641 4005 Porphyrii,
1688 3935 1746 3989 in
1794 3950 2079 4005 pergame-

500 4026 608 4082 nis.

570 4121 861 4193 Porphyrii
893 4121 1142 4192 dialogus
1192 4122 1247 4176 in
1286 4123 1708 4192 prmdicamcnta
1742 4120 2078 4185 Aristotelis,

496 4224 558 4272 et
590 4216 961 4280 dialecticam,
1007 4225 1064 4269 ct
1106 4215 1536 4283 arithmeticam,
1589 4213 1974 4283 theologicam,
2022 4212 2077 4265 in

502 4309 870 4382 pergamenis.
1602 4326 1603 4329 η

2252 3375 2553 3441 lamhlichi,
2619 3379 2685 3434 de
2716 3380 2826 3435 vita
2860 3382 3200 3454 Pythagorm,
3230 3386 3294 3441 in’
3319 3390 3680 3459 pergamenis.

2252 3467 2456 3522 Plotini
2489 3485 2653 3539 opera
2680 3474 2886 3540 omnia,
2930 3475 2983 3529 in
3021 3479 3267 3548 papyris.

2253 3559 2571 3616 Damasccui
2605 3564 2673 3619 de
2707 3565 2993 3635 principiis
3026 3568 3080 3621 in
3108 3569 3514 3639 Parmenidem,
3538 3574 3591 3628 in
3628 3591 3758 3647 pcr-

2179 3668 2446 3723 gaments.

2252 3746 2467 3802 Proauli
2502 3748 2612 3804 duo
2645 3750 2769 3806 hhri
2804 3751 2872 3807 de
2916 3752 3189 3825 theologia
3236 3757 3500 3827 Platonis,
3567 3773 3619 3817 et
3649 3764 3759 3818 ele-

2180 3840 2434 3894 mentalis
2462 3843 2707 3911 ejusdem
2739 3846 3034 3915 theologia.

2254 3931 2492 3987 Historia
2546 3934 2614 3989 de
2669 3936 2839 3990 rebus
2885 3939 3054 4007 gestis
3107 3939 3349 3995 Mauritii
3400 3943 3758 4015 Imperamris

2182 4022 2307 4077 lihri
2336 4033 2482 4089 octo,
2511 4033 2567 4079 et
2599 4025 2899 4097 Esculapii
2933 4029 3459 4102 Tradaniexpositio
3486 4037 3543 4092 in
3573 4039 3759 4092 Arith-

2182 4117 2457 4183 melicam,
2491 4120 2544 4173 in
2576 4122 2941 4189 pergameuis.

2252 4206 2547 4278 Nicephori
2580 4209 2855 4282 Gregorae,
2891 4211 2944 4265 in
2981 4216 3350 4285 pergamenis.

2250 4296 2635 4370 Xenophontis
2677 4311 2802 4372 post
2847 4303 3251 4374 Thucydidem,
3298 4317 3354 4362 et
3388 4307 3456 4363 de
3489 4308 3656 4364 dictis
3703 4323 3757 4368 et

571 4401 840 4471 Simplicii
876 4401 927 4454 in
961 4411 1071 4455 tres
1111 4399 1281 4455 libros
1311 4400 1379 4455 de
1425 4401 1631 4463 anima,
1665 4410 1721 4454 et
1750 4399 1992 4463 Proeuli,
2023 4406 2082 4454 et
2178 4387 2339 4445 faelis
2368 4391 2632 4458 SOCraliS.
2679 4403 2737 4450 et
2788 4395 2909 4479 alia:
2942 4398 3191 4466 quaedam
3226 4405 3527 4466 orationes,
3567 4408 3620 4458 in
3658 4421 3755 4473 pa-

499 4494 734 4560 llermse,
770 4495 822 4548 in
856 4493 1121 4561 quosdam
1169 4492 1425 4565 Dialogos
1457 4492 1724 4557 Platonis,
1778 4492 1832 4546 in
1884 4506 2080 4563 perga-

500 4587 700 4644 mellis.

575 4679 870 4735 llerodiani
918 4679 987 4734 de
1019 4680 1149 4733 octd
1181 4677 1512 4742 Caesaribus,
1562 4685 1620 4732 et
1664 4675 1869 4732 Zosimi
1901 4677 2077 4734 histo-

503 4772 627 4832 rici,
658 4771 711 4823 in
746 4770 1116 4840 pergamenis.

572 4865 847 4919 lleliotlori
877 4863 1211 4932 Ethiopica,
1242 4863 1298 4918 in
1332 4862 1701 4934 pergamenis.

570 4957 905 5027 Phocylidis,
948 4954 1316 5025 Thcoguidis,
1370 4954 1648 5022 Pollucis,
1683 4965 1739 5011 et
1773 4956 1878 5011 alia
1927 4968 2077 5025 quas

497 5055 649 5121 dam,
684 5055 738 5108 in
772 5054 1016 5123 papytis.

575 5148 813 5202 Historia
846 5144 1221 5215 Pachymeris,
1259 5144 1313 5198 in
1349 5143 1594 5215 papyris.

570 5244 636 5296 Et
668 5239 1044 5311 Xenophontis
1072 5241 1348 5293 Ascensus
1375 5236 1525 5307 Cyri,
1558 5236 1615 5290 in
1648 5235 1889 5307 papyris.

568 5335 815 5392 Philonis
844 5333 1127 5388 orationes
1162 5330 1460 5392 nonnullae,
1496 5329 1549 5383 in
1580 5330 1953 5399 pergamenis.

497 5488 559 5543 In
603 5502 763 5557 capsa
807 5484 1144 5558 signala__C,_
1174 5482 1423 5558 ponderis
1469 5482 1732 5558 librarum
1778 5479 1909 5547 220,
1943 5486 2071 5533 sunt

1025 5555 1145 5608 libri
1175 5554 1525 5622 infrascripti.

569 5687 787 5741 Homeri
825 5687 970 5753 Ilias,
1003 5685 1267 5758 Odyssea,
1299 5685 1526 5758 Hymni,
1583 5685 1794 5742 Belium
1830 5687 2072 5742 murium

498 5788 557 5832 et
590 5795 846 5831 ranarum
876 5797 889 5842 ;
922 5778 1110 5844 Quinti
1146 5780 1591 5850 supplementum
1622 5778 1828 5844 Iliadis,
1862 5779 1913 5832 in
1948 5794 2072 5849 per-

497 5871 765 5938 gamcnis.

2180 4484 2351 4555 pyris.

2110 4607 2153 4662 ο
2249 4575 2474 4646 Joseplii
2502 4578 2567 4633 de
2590 4580 2929 4649 captivitate,
2970 4583 3022 4637 in
3059 4588 3425 4655 pergamenis.

2248 4667 2471 4738 Joseplii
2503 4671 2569 4725 de
2597 4672 2941 4741 captivitate,
2975 4676 3030 4729 in
3070 4679 3439 4747 pergameuis,
3478 4686 3533 4729 et

2250 4758 2476 4817 Zonarac
2499 4774 2557 4817 et
2584 4763 2869 4820 Choniata:
2905 4767 3177 4835 historia},
3216 4771 3268 4823 in
3301 4768 3537 4839 papyris.

2239 4917 2301 4973 In
2332 4937 2494 4991 capsa
2522 4922 2733 4992 signata
2766 4923 2813 4977 E
2840 4926 3088 4994 ponderis
3122 4926 3379 4980 librarum
3415 4923 3543 4992 950,
3573 4931 3696 4978 sunt

2666 4997 2871 5048 codices
2902 4996 3259 5067 iufrascripti.

2248 5124 2471 5179 Diodori
2503 5125 2752 5182 historici
2785 5144 2815 5182 a
2850 5144 2882 5182 χ
2938 5130 2994 5183 in
3033 5146 3101 5184 xx
3144 5131 3377 5196 librum,
3426 5132 3479 5185 in
3518 5129 3759 5198 papyris.

2250 5218 2473 5273 Diodori
2507 5218 2576 5273 ah
2601 5234 2657 5273 χι
2686 5221 2751 5274 ad
2787 5237 2853 5275 xv
2883 5236 3081 5293 usque,
3111 5222 3165 5275 in
3196 5223 3567 5291 pergamenis.

2249 5309 2441 5378 Apiani
2476 5310 2830 5367 historiarum
2870 5314 3269 5375 Romanarum,
3304 5322 3361 5364 et
3402 5309 3658 5367 aliarum,
3705 5305 3759 5358 in

2178 5402 2417 5471 papyris.

2251 5495 2560 5566 Theogenis
2596 5506 2650 5551 et
2674 5496 2965 5563 Chariclae,
3001 5498 3055 5551 in
3089 5491 3462 5565 pergamenis.

2248 5588 2471 5642 Diodori
2508 5590 2632 5644 libri
2666 5607 2698 5643 γ
2736 5590 2926 5660 primi,
2960 5590 3013 5643 in
3048 5586 3291 5657 papyris.

2250 5679 2439 5735 Dionis
2474 5680 2843 5735 Romanarum
2876 5680 3272 5745 historiarum;
3296 5678 3352 5734 in
3396 5675 3636 5748 papyris.

2250 5772 2510 5830 Herodoti
2559 5776 2613 5830 in
2664 5774 2909 5850 papyris,
2957 5784 3012 5828 et
3062 5772 3268 5829 Juliani
3326 5771 3582 5846 qutt'dam
3640 5784 3761 5825 ora-

2181 5869 2375 5924 tiones.
