4136 6400
391 355 512 420 τιῚὸ

470 464 746 518 Chronica
776 460 1088 530 cujusdam,
1129 460 1182 513 in
1221 464 1460 532 papyris.

473 553 860 610 Demosthenis
887 552 1170 606 orationes
1203 567 1417 618 omnes,
1454 552 1506 604 in
1539 553 1903 622 pergamcnis.

470 644 763 701 Strabonis
804 643 872 695 ab
921 659 970 695 xi
1014 657 1188 710 usque
1237 643 1304 696 ad
1357 641 1546 708 liuent,
1584 659 1708 698 cum
1755 645 1982 699 adnota-

404 740 648 794 tionibus
679 735 937 800 Gemisti,
969 733 1022 788 in
1048 733 1294 804 papyris.

479 829 756 885 Plutarchi
806 825 1067 896 parallela
1117 827 1336 891 omnia,
1381 827 1524 881 liber
1559 829 1984 897 pulcherrimus.

477 923 738 978 Isocratis
773 922 1057 976 orationes
1088 934 1200 984 Jun,
1237 927 1293 975 et
1327 919 1564 990 Dionysii
1597 921 1665 975 de
1699 921 1984 974 nominum

403 1011 831 1082 compositione.

477 1101 692 1172 Syriani
732 1101 1034 1170 Sephis'tie,
1058 1109 1116 1153 et
1143 1099 1373 1153 aliorum
1403 1098 1456 1152 in
1477 1097 1774 1152 nonnullas
1805 1107 1986 1166 partes

405 1195 740 1256 Rhetoricis,
783 1197 838 1248 in
873 1193 1244 1264 pergamenis.

477 1283 694 1336 Libanii
726 1283 1180 1346 declamationes,
1208 1281 1261 1334 in
1293 1281 1535 1352 papyris.

479 1373 656 1443 Lysiae
705 1373 988 1426 orationes
1021 1388 1194 1440 nix;
1239 1373 1506 1442 Dionysii,
1557 1373 1631 1430 De
1671 1376 1988 1430 charactere

407 1463 614 1534 Lysize;
639 1463 854 1534 Gorgiae
881 1465 934 1518 in
967 1465 1186 1518 laudem
1215 1465 1455 1520 llelenze.

480 1554 864 1609 Aladamantis
903 1554 1184 1609 orationes
1219 1556 1338 1609 dum
1367 1572 1380 1620 ;
1418 1556 1762 1610 Antisthcn-is
1790 1557 1992 1612 oratio-

411 1660 511 1700 nes
537 1647 659 1700 dua:
685 1665 699 1712 ;
729 1647 986 1709 Demadis
1015 1648 1192 1702 oratio
1227 1663 1358 1700 una.

483 1738 730 1806 Agathize
776 1737 1022 1792 historia:
1063 1739 1310 1807 quinque
1345 1738 1522 1803 libris,
1567 1751 1620 1794 et
1653 1740 1722 1796 de
1755 1743 1992 1796 nomini-

409 1829 514 1883 bus
549 1839 604 1882 et
638 1829 932 1884 ordinibus
962 1831 1340 1900 antiquorum.

482 1921 822 1992 Theognidis
845 1930 1022 1991 poetae
1049 1939 1062 1987 ;
1091 1923 1410 1996 Phocylidis
1436 1943 1452 1994 ;
1485 1927 1650 1982 Aurci
1679 1940 1870 1981 versus
1897 1925 1996 1995 P'y-

413 2013 656 2082 thagorae
683 2029 698 2076 ;
725 2011 934 2066 Moschi
967 2013 1159 2068 Siculi.

483 2106 668 2158 Musaei
717 2106 862 2160 Hero
924 2115 978 2161 et
1031 2105 1300 2173 Leander,
1345 2101 1593 2179 Dionysii
1645 2107 1874 2178 Longini
1929 2107 1997 2163 de

424 2199 804 2268 magnitudine
836 2201 1130 2262 orationis,
1165 2199 1218 2253 in
1253 2217 1399 2271 perg;
1425 2201 1623 2266 menis,
1648 2209 1757 2255 etc.

481 2289 772 2342 Naucratis
802 2289 1054 2343 convivia
1081 2289 1206 2344 libri
1243 2301 1389 2356 octo,
1426 2291 1480 2343 in
1513 2289 1888 2360 pergamcnis.

486 2379 824 2451 Thucydidis
861 2383 1116 2448 historia,
1162 2381 1214 2435 in
1253 2385 1492 2453 papyris.

472 2538 538 2594 I-n
559 2556 714 2608 capsa
737 2541 948 2611 signata
1035 2553 1159 2596 sunt
1190 2543 1310 2596 libri
1333 2544 1476 2609 infra
1504 2545 1686 2612 scripti
1705 2544 1949 2615 pondrris

995 2613 1256 2667 librarum
1287 2615 1415 2668 2.10.

492 2750 678 2805 Dionis
711 2749 1092 2822 Chrysostomi
1126 2753 1404 2808 orationes
1439 2753 1735 2823 octoginta,
1780 2753 1832 2806 in
1873 2767 1984 2821 pcr-

413 2843 678 2913 gamenis.

493 2927 738 3004 Dionysii
797 2933 1226 2996 llalicarnassei,
1293 2933 1560 2988 Demetrii
1623 2929 1997 3006 Phalerensis,

416 3027 740 3094 Alexandri,
793 3026 1100 3092 Menandri,
1159 3026 1439 3089 Aristidis,
1499 3025 1743 3094 Apsinis,
1795 3024 2000 3076 Monita

415 3129 698 3176 oratorum
734 3119 904 3173 multa
937 3130 991 3172 et
1028 3118 1290 3188 praeclara
1323 3117 1389 3172 de
1427 3121 1640 3172 ratione
1662 3109 1905 3169 dicendi.

487 3215 779 3270 Urationes
810 3211 1050 3278 Libanii,
1081 3213 1134 3265 in
1171 3211 1414 3280 papyris.

490 3304 748 3372 Epistolas
779 3301 1062 3371 cujusdam
1098 3301 1380 3354 Michaelis
1405 3297 1630 3360 Gabrw,
1665 3299 1720 3352 in
1756 3297 1998 3365 papyris.

488 3395 703 3450 Libanii
735 3394 1196 3466 Declamationes,
1225 3393 1277 3445 in
1313 3387 1688 3462 pergatneuis.

492 3487 704 3542 Libanii
741 3487 1022 3556 Epistola-,
1052 3489 1104 3538 in
1139 3484 1380 3554 papyris.

493 3580 754 3643 Qua-edam
791 3593 958 3646 opera
995 3577 1256 3630 Arisridis
1285 3594 1298 3642 ;
1333 3576 1548 3630 Proculi
1585 3573 1854 3628 naturalis
1885 3575 2004 3630 ele-

425 3668 724 3732 tnentatio;
786 3667 980 3736 legalia
1040 3669 1291 3736 qumdam
1353 3669 1568 3722 Alcinoi
1623 3671 1690 3722 de
1753 3668 2006 3736 dogmate

425 3762 688 3826 Platonis,
725 3763 778 3813 in
811 3761 1058 3830 papyris.

495 3854 757 3908 Aristidis
790 3856 1096 3918 orationes,
1135 3853 1187 3906 in
1223 3853 1592 3924 pergamenis.

495 3947 683 4001 Dionis
708 3945 1077 4000 Romanarum
1107 3946 1470 3999 historiarum
1507 3961 1535 3997 a
1571 3961 1693 3998 XLIV
1732 3943 1800 3996 ad
1848 3944 2009 4014 quin-

423 4041 804 4112 quagesimum
845 4055 1019 4108 usque
1049 4054 1277 4102 nonum,
1310 4039 1366 4092 in
1399 4040 1771 4106 pergamcnis.

496 4133 764 4188 Aristidis
789 4133 1098 4195 orationes,
1135 4131 1187 4184 in
1215 4133 1461 4201 papyris.

497 4225 800 4284 Rhetorica
847 4227 1234 4296 Hermogenis,
1249 4267 1252 4271 .
1266 4223 1632 4278 Aritlnnetica
1663 4221 2007 4290 Nicomachi,

430 4323 758 4378 Geometriae
787 4321 912 4375 libri
949 4335 1061 4380 si-x,
1095 4329 1150 4372 et
1175 4318 1460 4373 Geodmsia
1493 4319 1820 4389 in-payyris.

496 4411 792 4464 Rhetorica
827 4408 1214 4478 Hermogenis,
1249 4411 1302 4464 in
1341 4410 1584 4480 papyris.

1849 347 2252 410 EPISTULE.

3557 343 3669 405 706

2161 461 2490 525 (ilconicdis,
2523 461 2574 514 in
2607 461 2846 532 papyris,
2881 468 2936 520 ct

2163 553 2438 607 Ptolcman
2505 551 2914 624 Quadriparlita
2980 567 3104 606 cum
3161 549 3539 620 expositione,
3609 560 3668 604 et

2091 645 2264 698 multa
2295 645 2398 698 alia
2431 645 2484 698 iu
2517 644 2946 710 Astronomiain,
2977 643 3028 697 in
3057 641 3428 712 pergamenis.

2089 777 2152 830 In
2196 792 2356 846 capsa
2396 777 2608 846 signata
2627 775 2668 833 G
2691 777 2934 844 ponderis
2963 775 3221 830 librarum
3251 774 3358 829 240
3386 784 3511 828 sunt
3550 775 3670 829 libri

2117 921 2122 932 Ι
2685 848 2826 916 infra
2861 849 3070 915 scripti.

2160 951 2506 1016 Geometrica
2561 959 2826 1022 Euclidis,
2859 969 2917 1014 et
2953 959 3085 1015 Data
3117 961 3390 1030 ejusdem,
3441 959 3666 1029 Sphaera

2093 1052 2410 1114 Theodosii,
2445 1053 2783 1121 Apparentia
2825 1061 2882 1106 et
2912 1053 3194 1108 Catholica
3257 1053 3524 1114 Euclidis,
3557 1053 3667 1106 Lo-

2091 1145 2209 1214 gica
2241 1143 2512 1208 Barlaam,
2558 1153 2614 1197 et
2663 1143 2962 1211 Almagesti
3000 1143 3308 1208 Ptolomazi,
3339 1145 3394 1199 in
3427 1147 3670 1215 papyris.

2161 1235 2511 1303 Almagestus
2545 1233 2817 1290 Ptolenuei
2866 1251 2990 1290 cum
3025 1237 3369 1306 expositione
3403 1237 3668 1301 Theonis,

2093 1325 2236 1380 liber
2265 1329 2563 1396 pretiosus,
2595 1327 2648 1381 in
2683 1328 2923 1398 papyris.

2164 1413 2482 1470 Geometria
2528 1409 2798 1481 Euclidis,
2847 1423 2904 1470 et
2951 1415 3188 1470 aliorum
3235 1415 3534 1471 multorum
3577 1431 3674 1472 au-

2095 1515 2314 1562 clcrum
2349 1517 2578 1562 nuinero
2606 1523 2738 1561 xrm
2769 1507 3110 1564 theoremata
3141 1510 3500 1580 geometrica,
3531 1511 3675 1567 liber

2096 1601 2398 1668 pretiosus,
2439 1601 2492 1653 in
2522 1601 2764 1670 papyris.

2167 1691 2407 1746 Albaeus
2437 1689 2649 1756 Graece,
2703 1691 3012 1759 Geodaasia,
3063 1692 3261 1748 tabulae
3292 1693 3544 1761 Persicrc,
3594 1705 3676 1750 ta-

2099 1783 2245 1838 bula:
2291 1782 2559 1847 Theonis,
2605 1783 2828 1838 Proculi
2878 1783 2934 1838 in
2985 1785 3413 1840 Astronomiam.
3445 1786 3678 1852 Quadri-

2099 1877 2298 1944 partita
2331 1873 2634 1942 Ptolemaei,
2680 1886 2736 1931 et
2772 1876 2877 1931 alia
2925 1876 2982 1930 in
3027 1875 3460 1943 Astronomiam,
3493 1879 3546 1934 in
3581 1895 3676 1950 pa-

2100 1970 2270 2040 pyris.

2171 2060 2346 2130 Magni
2405 2060 2723 2131 Logothctre
2767 2061 2824 2116 in
2875 2061 3311 2128 Astronomiam,
3345 2062 3398 2116 in
3445 2079 3674 2133 papyro,

2099 2151 2243 2206 liber
2279 2167 2442 2204 unus.

2171 2243 2376 2300 Ilusica
2413 2243 2696 2298 Ptolemaei
2728 2259 2852 2300 cum
2889 2245 3236 2313 expositione
3267 2244 3577 2312 Laurentii,
3621 2249 3676 2301 in

2102 2350 2330 2404 papyro.

2174 2426 2396 2480 Tabulae
2445 2427 2724 2484 Ptolemaei
2773 2428 2826 2481 in
2881 2427 3269 2497 compendium
3312 2428 3568 2494 redactze,
3623 2429 3678 2484 in

2103 2532 2334 2587 papyro.
2691 2565 2694 2568 .

2171 2611 2432 2676 Quaedam
2467 2610 2667 2666 tabul:e
2701 2612 3058 2682 Astrologica:
3085 2627 3255 2683 parvo
3283 2611 3584 2679 volumine,
3625 2612 3682 2665 in

2103 2707 2476 2773 pergamenis.
3431 2693 3434 2696 ’

2173 2796 2530 2852 Arithmetica
2553 2798 2903 2862 Nicomachi;
2937 2799 3086 2853 Arati
3117 2797 3502 2859 Phaenomena,
3528 2795 3687 2850 Cleo-

2105 2888 2302 2950 medis,
2335 2897 2392 2943 et
2415 2905 2504 2943 scx
2535 2889 2660 2942 libri
2687 2890 3036 2951 Gcometriaz,
3067 2891 3117 2941 in
3151 2889 3394 2959 papyris.

2175 2980 2542 3035 Arithmctica
2593 2981 2912 3037 Nicomachi
2967 2982 3310 3049 Philosophi,
3349 2983 3400 3034 in
3445 2981 3683 3050 papyris.

2177 3073 2492 3127 Cleomedis
2521 3089 2645 3127 cum
2682 3075 3052 3143 expositione,
3078 3083 3136 3129 et
3163 3075 3525 3128 Arithmelica
3559 3087 3690 3128 cum:

2028 3169 2072 3225 (ζ
2105 3163 2450 3230 expositione
2479 3163 2796 3233 Philoponi,
2833 3166 2884 3217 in
2913 3165 3155 3235 papyris.

2175 3256 2506 3324 Cleoniedis,
2542 3267 2600 3312 et
2623 3257 2983 3313 Arithmetica
3017 3257 3308 3328 Diophanti
3339 3258 3460 3314 libri
3492 3275 3586 3315 sex
3627 3263 3680 3314 in

2105 3361 2334 3416 papyro.

2177 3439 2340 3494 Liber
2373 3441 2564 3510 legalis
2615 3437 3008 3514 compendium
3056 3443 3437 3514 Armenopoli,
3481 3444 3534 3498 in
3587 3459 3686 3514 pa-

2108 3533 2280 3601 pyris.

2181 3625 2345 3680 Liber
2374 3627 2560 3697 legalis
2587 3629 2642 3683 in
2678 3629 3060 3698 alphabetum,
3095 3627 3150 3682 in
3182 3627 3550 3698 pergamenis.

2181 3717 2410 3782 Similis,
2445 3720 2497 3770 in
2534 3719 2908 3787 pergamenis,
2939 3727 2995 3773 et

2181 3809 2410 3874 Similis,
2447 3810 2501 3863 in
2539 3811 2910 3880 pergamenis.

2109 3941 2174 3994 In
2207 3959 2370 4011 capsa
2409 3944 2618 4012 signata
2643 3942 2691 3996 11
2714 3943 2960 4010 ponderis
2993 3941 3252 3994 librarum
3281 3939 3388 3995 230
3419 3949 3542 3995 sunt
3573 3941 3692 3996 libri

2700 4013 2848 4081 infra
2877 4014 3087 4081 scripti.

2183 4124 2436 4194 Epitoma
2483 4139 2553 4178 ιι
2613 4124 2886 4180 librorum
2939 4127 3122 4196 legum
3165 4141 3263 4196 per
3313 4126 3690 4196 alphabetum,

2113 4220 2168 4272 in
2202 4219 2568 4286 pergamenis.
3321 4271 3326 4278 ,

2185 4307 2564 4362 lnstitutiones
2591 4307 2813 4380 Graecae,
2847 4309 2901 4363 in
2938 4309 3306 4380 pergamenis.

2183 4401 2350 4456 Liber
2377 4401 2591 4470 legalis,
2628 4381 2980 4471 (lo'mpilatio,
3007 4413 3063 4458 et
3091 4405 3490 4460 collectaneum
3525 4410 3690 4464 trium

497 4501 885 4557 Demosthenis
925 4512 1206 4554 orationes
1255 4501 1676 4570 quinquaginta,
1727 4509 1784 4554 et
1833 4499 2008 4568 epita-
2041 4517 2088 4576 υ
2119 4495 2545 4563 imperatorum,
2581 4497 2633 4547 in
2662 4497 2903 4567 papyris.

427 4589 556 4658 phia
591 4589 788 4660 Lysiae,
827 4594 880 4644 in
921 4593 1165 4661 papyris.

503 4681 892 4736 Demosthenis
924 4685 1205 4736 orationes
1233 4699 1368 4748 xxii,
1405 4685 1674 4753 prommia
1718 4682 2010 4737 conciona-

429 4779 592 4837 toria,
628 4777 712 4829 vel
747 4776 1120 4844 demegorica,
1173 4787 1230 4829 et
1261 4776 1523 4851 Epistula:
1556 4791 1674 4840 sex,
1719 4777 1772 4830 in
1817 4792 2010 4845 pergas

428 4867 628 4920 menis.

499 4959 744 5014 Euclidis
772 4959 1108 5028 Geometria,
1151 4961 1207 5014 in
1237 4961 1479 5031 papyris.

498 5049 812 5106 Cleomedis
853 5052 1052 5106 tabulae
1077 5050 1316 5108 Persicae
1348 5071 1362 5117 ;
1395 5051 1696 5108 Erisocinae
1735 5051 2012 5106 Arithme-

435 5144 560 5208 tica,
595 5155 651 5198 et
683 5143 954 5216 imagines
987 5145 1331 5201 Philostrati.

499 5233 668 5290 Liber
697 5238 749 5290 in
775 5253 886 5292 ouo
911 5239 1344 5308 suntjudicialia
1371 5241 1677 5310 complura,
1708 5241 1762 5295 in
1794 5243 2016 5312 papyris

429 5329 580 5382 corio
610 5329 808 5384 rubet).

500 5421 656 5475 Alter
688 5423 907 5485 similis,
940 5425 1096 5480 corio
1127 5425 1305 5496 nigro.

504 5510 730 5568 Tabula:
763 5515 1038 5584 Persicae;
1071 5529 1123 5572 et
1156 5518 1457 5589 descriptio
1489 5517 1784 5574 Astrolabii
1828 5517 1882 5572 iu
1921 5534 2018 5588 pa-

434 5608 603 5678 pyris.

508 5699 788 5757 Ptolema‘i
819 5703 1124 5773 Almegisti,
1150 5703 1203 5758 in
1233 5705 1599 5773 pergamcnis.

507 5789 790 5850 Ptolemaei
819 5793 1192 5866 Geographia,
1225 5795 1278 5850 in
1313 5795 1681 5868 pergamenis.

681 5895 959 5954 Parnm.
991 5900 1110 5959 Gn.
1168 5895 1312 5954 CLX
1329 5895 1372 5954 Ι.

2189 4584 2442 4638 Meletius
2471 4585 2538 4640 de
2575 4595 2772 4640 natura
2809 4589 3078 4656 hominis,
3115 4591 3170 4644 in
3206 4591 3450 4662 papyris.

2196 4677 2274 4732 De
2307 4693 2438 4732 cura
2469 4694 2736 4747 equorum
2773 4681 3074 4736 multorum
3121 4693 3433 4752 auctorum,
3465 4683 3520 4739 in
3569 4701 3691 4755 per-

2115 4772 2386 4840 gamenis.

2191 4865 2266 4919 De
2313 4865 2578 4920 varietate
2645 4875 2702 4922 et
2747 4867 2950 4924 virtute
3000 4869 3428 4939 elementorum,
3477 4871 3531 4927 in
3595 4889 3692 4944 pa-

2117 4971 2287 5026 pyris,

2195 5049 2544 5104 Dioscorides
2577 5049 2630 5103 in
2663 5051 3017 5118 medicinam,
3055 5067 3109 5106 In
3147 5054 3514 5125 pergamenis.

2188 5141 2420 5198 Oribasii
2451 5143 2508 5197 in
2541 5143 2895 5208 medicinam,
2923 5145 2977 5199 in
3009 5145 3234 5215 papyris
3263 5146 3392 5201 libri
3425 5156 3686 5216 quatuor,

2116 5245 2172 5290 et
2233 5235 2302 5291 de
2357 5235 2694 5304 agricultura
2747 5236 3092 5292 diversorum
3134 5245 3446 5304 auctorum,
3501 5239 3557 5293 in
3603 5253 3696 5308 pa-

2119 5329 2287 5400 pyris.

2188 5418 2436 5474 Actuarii
2465 5417 2532 5474 de
2567 5418 2760 5483 urinis,
2800 5417 2854 5473 in
2883 5419 3126 5489 papyris.

2189 5513 2342 5566 Pauli
2365 5511 2610 5582 Aiginctze
2635 5512 2856 5578 medici,
2895 5514 2949 5564 in
2984 5511 3351 5580 pergamenis.

2193 5604 2419 5658 Eusebii
2454 5602 2520 5658 de
2550 5603 2897 5658 Constantini
2935 5603 3082 5668 Vita,
3119 5603 3174 5657 in
3214 5605 3455 5674 papyris,

2195 5697 2397 5767 Legum
2451 5698 2726 5765 epitOnia,
2789 5705 2841 5750 et
2899 5693 3152 5752 Canones
3196 5697 3589 5768 conciliorum,
3639 5699 3700 5754 in

2119 5791 2490 5864 pergamenis.

3181 5883 3264 5944 23
