4136 6432
384 368 487 436 ἺΗ
1350 351 1854 413 ΒΕΞΒᾹΙΚΙΟΧᾹὲ
1894 351 1951 410 S.
2002 352 2068 413 ll.
2117 350 2176 410 Ε.
2233 345 2691 407 ῖἈιὶῡίΝΛῙΛὸ

3540 338 3651 400 712

459 472 837 550 Citt'ysostotni
865 469 1136 547 expositio
1168 467 1220 521 in
1258 466 1490 536 primam
1524 464 1588 519 ad
1622 462 1963 527 Corinthios,
1994 465 2042 525 Λ
2144 460 2469 516 Psalterium
2505 473 2628 515 cum
2663 454 3010 528 expositione
3047 451 3406 519 Theodoreti,
3444 452 3496 506 in
3525 469 3651 522 per-

390 576 445 628 in
485 566 848 643 pergamenis.

461 663 646 719 Sancti
676 654 863 712 Basilii
898 650 1147 715 Moralia,
1188 647 1242 701 in
1270 646 1647 717 pergameuis.

459 750 709 823 Gregorii
742 741 1075 804 Nazianzcni
1127 739 1419 796 Orationes
1449 737 1683 792 diversae
1705 775 1718 800 ,
1753 736 1805 789 in
1843 750 1966 806 per-

389 846 651 918 gamenis.

455 933 700 1006 Gregorii
725 927 1055 987 Nazianzeni
1087 924 1398 988 Orationes,
1436 923 1491 976 in
1529 920 1772 993 papyris.

455 1025 836 1099 Chrysostomi
886 1022 942 1077 in
974 1017 1328 1079 Psalterium,
1363 1024 1418 1070 et
1463 1013 1711 1086 ejusdem
1748 1010 1822 1065 De
1854 1009 1969 1063 vir-

388 1124 637 1197 ginitate,
671 1118 871 1175 etaliae
901 1098 1186 1168 orationes
1213 1109 1479 1182 pulchrae,
1514 1107 1568 1160 in
1598 1103 1967 1176 pergameuis.

458 1212 644 1269 Sancti
669 1208 917 1278 Gregorii
949 1202 1280 1262 Nazianzeni
1316 1201 1603 1256 orationes
1640 1212 1811 1251 xxvttt
1843 1210 1967 1249 cum

389 1305 754 1377 expositione,
787 1301 841 1355 in
871 1300 1111 1371 papyris.

465 1422 524 1497 in
559 1455 723 1510 capsa
758 1439 975 1510 signata
1131 1431 1376 1510 ponderis
1412 1431 1680 1510 librarum
1708 1427 1815 1482 27.0
1849 1432 1971 1480 sunt

912 1506 1031 1560 libri
1052 1506 1209 1574 infra
1238 1502 1445 1571 scripti.

461 1610 838 1699 Chrysostomi
861 1622 1265 1685 Hexaemeron,
1295 1615 1349 1670 in
1387 1612 1754 1685 pergamenis.

460 1715 836 1790 Chrysostomi
886 1701 1265 1769 llexaem'eron
1293 1706 1470 1778 prima
1501 1719 1650 1776 pars,
1686 1703 1741 1758 in
1780 1716 1973 1773 perga-

394 1822 591 1861 lliClHS.
707 1854 711 1859 .

463 1897 695 1951 Sanctus
715 1892 1013 1964 Gregorius
1040 1890 1343 1962 Nyssenus,
1378 1887 1431 1941 in
1464 1883 1832 1957 pergamenis.

461 1988 713 2061 Gregorii
753 1985 986 2058 Nysscni
1023 1991 1215 2038 contra
1248 1979 1603 2044 Eunomium,
1635 1980 1696 2031 in
1724 1974 1967 2047 papyris.

463 2080 849 2152 Hetapbrastac
878 2078 1085 2131 mensis
1111 2071 1481 2143 Septembris,
1510 2072 1566 2124 in
1598 2067 1967 2140 pergameuis.

465 2175 795 2230 Sanctorum
829 2168 1108 2230 Dorothei,
1147 2165 1318 2229 Isaiae,
1350 2162 1539 2230 Marci,
1570 2172 1627 2217 et
1661 2160 1868 2231 Dialogi
1902 2158 1970 2214 de

392 2268 502 2323 vita
542 2265 871 2329 monastiea,
903 2263 955 2316 in
992 2257 1363 2331 pergamenis.

464 2357 650 2413 Sancti
706 2355 814 2435 Ifiili
877 2354 1156 2409 orationes
1208 2348 1441 2404 diversae
1492 2356 1548 2403 et
1608 2345 1862 2416 Optimae,
1914 2342 1967 2398 in

390 2452 760 2524 pergatnenis.

464 2542 651 2600 Sancti
698 2541 939 2612 Ephrem
971 2539 1251 2595 orationes
1296 2535 1366 2589 de
1397 2529 1706 2588 monastica
1749 2529 1881 2592 vita,
1917 2527 1969 2580 in

392 2634 737 2706 pergamcnis

463 2720 792 2801 Sanctorum
826 2723 1048 2779 Patrum
1082 2720 1216 2775 Vita:
1245 2734 1343 2788 per
1361 2714 1715 2772 Theodorum
1748 2712 1874 2785 Cyri
1904 2709 1970 2765 ad
2013 2758 2019 2764 .

394 2818 698 2876 Palladium
736 2816 1009 2881 clausum,
1061 2823 1120 2869 et
1161 2812 1230 2867 de
1263 2806 1644 2872 Brachmanis,
1670 2809 1731 2879 in
1781 2820 1973 2875 perga-

342 2929 362 2956 ι
393 2911 594 2966 mcnis.

467 2999 749 3056 Erimachi
784 3007 840 3052 et
868 2998 1005 3061 lsac,
1039 2994 1094 3049 in
1125 2963 1500 3065 pergamenis.

469 3095 800 3147 Sanctorum
840 3087 1065 3144 Patrum
1112 3095 1417 3138 memoratu
1462 3082 1654 3153 digna,
1699 3080 1754 3135 in
1784 3093 1977 3151 perga-

400 3202 603 3241 ιιιειιιε.

469 3278 707 3333 Sanctus
735 3266 969 3339 Marcus,
999 3270 1052 3325 in
1087 3267 1454 3341 pergatnenis.

400 3414 466 3470 In
503 3428 665 3482 capsa
693 3410 907 3481 signata
931 3407 964 3465 9
992 3405 1243 3482 ponderis
1272 3402 1538 3482 librarum
1567 3398 1673 3456 250
1699 3407 1823 3455 sunt
1851 3398 1979 3453 libri

996 3476 1138 3549 infra
1179 3476 1380 3544 scripti.

477 3598 804 3655 Psalterium
839 3610 969 3652 cum
999 3588 1438 3662 expositionibus
1477 3583 1839 3656 plurimorum
1874 3581 1976 3636 do-

402 3707 619 3749 ctorum
655 3691 947 3760 Optimum,
978 3687 1033 3741 in
1075 3682 1440 3755 pergamenis.

482 3786 648 3841 Vetus
705 3782 1161 3843 Testamentum,
1227 3776 1455 3831 Genesis
1514 3772 1617 3840 Vl,
1677 3784 1848 3841 usque
1911 3750 1979 3822 ad

405 3879 655 3944 E-Adram,
694 3879 746 3929 in
778 3871 1145 3945 pergamenis.

2069 557 2338 625 gamenis.

2146 643 2313 712 Vetus
2356 641 2793 707 Testamentum,
2835 638 3069 694 Genesis
3100 650 3272 695 usque
3320 632 3388 687 ad
3428 633 3649 699 Esther,

2071 736 2127 790 in
2158 733 2534 806 .pergamenis.

2145 828 2394 896 Quatuor
2434 825 2733 896 Evangelia
2764 838 2888 879 cum
2919 822 3385 894 expositionibus,
3428 819 3482 874 in
3528 831 3653 888 per-

2073 920 2339 993 gamenis.

2074 1080 2137 1134 In
2171 1094 2338 1149 capsa
2377 1079 2591 1148 signata
2636 1075 2833 1149 {ipsum
2865 1070 3161 1149 librinipfra
3200 1070 3385 1140 scripti
3410 1066 3657 1139 ponderis

2658 1141 2726 1199 lib
2735 1161 2916 1224 rerum
2946 1141 3075 1196 250.

2154 1281 2404 1351 Procopii
2438 1279 2711 1348 expositio
2744 1290 2913 1345 super
2944 1273 3164 1335 Isaiam,
3198 1272 3248 1326 in
3283 1266 3655 1340 pergamenis.

2147 1373 2333 1428 Sancti
2384 1370 2621 1440 Ephrem
2682 1368 2868 1421 llltlltiﬁ
2906 1365 3200 1421 Orationes
3248 1361 3317 1416 de
3374 1362 3489 1413 vita
3542 1374 3659 1412 mo-

2077 1465 2307 1530 nastica,
2345 1464 2399 1516 in
2430 1462 2793 1531 pergameuis.

2146 1555 2487 1611 Theodoreti
2515 1554 2571 1608 in
2600 1551 2881 1621 Epistolas
2911 1547 3091 1611 Paull,
3120 1547 3173 1600 in
3210 1541 3580 1615 pergamcnis.

2150 1645 2537 1717 Expositiones
2573 1642 2628 1697 in
2658 1642 2833 1696 libros
2860 1637 3173 1694 Salomonis
3214 1644 3269 1691 et
3292 1634 3415 1700 Job,
3446 1635 3503 1688 in
3532 1648 3659 1703 per-

2078 1739 2345 1811 gamenis.

2006 1820 2051 1880 Β
2149 1833 2429 1888 Climacus
2480 1842 2605 1885 cum
2652 1825 3005 1898 expositione
3058 1822 3190 1878 Elia:
3244 1818 3547 1886 Cretensis,
3601 1817 3657 1869 in

2119 1938 2327 1978 θυννίς.

2119 1940 2146 1978 a
2226 1940 2327 1978 rts.

2082 1941 2116 1994 Ρ
2150 1940 2276 2084 fit),
2321 2011 2645 2076 Proverbia,
2693 2009 3093 2075 Ecclesiastes,
3138 2005 3368 2062 Cantica
3420 2001 3662 2057 cantico-

2080 2127 2223 2179 rum,
2254 2107 2535 2180 Sapientia
2566 2106 2897 2173 Salomonis,
2927 2104 3090 2162 Jesus
3106 2098 3323 2180 Sirach,
3349 2096 3660 2171 Pmphettn,

2077 2176 2299 2272 Tobias,
2330 2176 2561 2269 παίω,
2596 2200 3036 2255 Maehabteorum
3112 2197 3237 2252 tum
3291 2176 3426 2263 des,
3464 2202 3522 2247 et
3564 2193 3660 2248 Jo-

2080 2299 2237 2369 seplti
2271 2296 2418 2368 quod
2453 2294 2597 2349 ratio
2629 2293 2698 2349 sit
2740 2291 3078 2349 moderatrix
3120 2288 3421 2345 atlectuum
3456 2286 3659 2349 animi,

2080 2392 2137 2447 in
2170 2385 2542 2460 pergamenis.

2155 2481 2523 2538 Ecclesiastes
2546 2484 2603 2533 et
2626 2474 2852 2532 Cantica
2877 2484 3002 2527 cum
3046 2468 3415 2539 expositione,
3451 2468 3505 2521 in
3530 2482 3658 2537 per-

2079 2575 2353 2646 gamenis.
2796 2583 2815 2593 ί

2154 2665 2473 2726 Proverbia,
2511 2661 2874 2718 Ecclesiastes
2906 2667 2964 2715 et
3012 2655 3239 2712 Cantica
3282 2668 3409 2709 eum
3440 2651 3663 2722 exposi-

2085 2760 2257 2824 tione,
2286 2767 2342 2812 et
2363 2755 2566 2811 Justini
2591 2754 2661 2808 de
2689 2752 2820 2807 Fide
2845 2750 3156 2813 Catholica,
3195 2757 3252 2804 et
3272 2748 3448 2803 sancti
3480 2744 3666 2801 Basilii
3714 2744 3718 2749 ’

2083 2851 2228 2922 quod
2281 2865 2391 2904 non
2439 2848 2511 2903 sit
2557 2847 2703 2902 idem
2759 2843 3069 2900 substantia
3115 2849 3172 2896 et
3216 2838 3551 2911 hypostasis,
3610 2838 3669 2891 in

2084 2941 2455 3014 pergamenis.

2154 3032 2480 3088 Psalterium
2514 3041 2642 3083 cum
2689 3026 3034 3097 expositione
3066 3023 3379 3097 'Zygabeni,
3425 3023 3479 3076 in
3533 3038 3663 3093 per-

2085 3121 2352 3194 gamenis.

2006 3184 2050 3243 c
2156 3214 2406 3281 Quatuor
2431 3211 2765 3282 Evangeliaa
2800 3211 3179 3282 pulcherrimo
3244 3208 3532 3265 volumine
3559 3223 3670 3262 co-

2092 3318 2290 3380 operto
2328 3322 2454 3361 cum
2490 3306 2691 3372 serico,
2726 3306 2782 3360 in
2812 3304 3182 3375 pergamenis.

2157 3399 2398 3462 Melissa,
2424 3396 2730 3452 Cassianus
2778 3404 2835 3450 et
2871 3395 3163 3460 Maximus,
3204 3391 3660 3465 in'pergamenit.

2160 3493 2406 3561 Quatuor
2452 3490 2750 3562 Evangelia
2798 3505 2966 3559 parvo
3006 3488 3312 3555 volumine,
3362 3487 3419 3542 in
3469 3500 3662 3556 perga-

2090 3600 2293 3641 ments.

2160 3675 2559 3737 Oetateuehus.
2590 3675 2799 3746 Regum
2849 3673 2976 3729 libri
3023 3681 3282 3744 quatuor,
3331 3669 3672 3726 Macltaba‘o-

2091 3784 2214 3823 rum
2251 3769 2377 3847 libri
2416 3769 2548 3830 duo,
2587 3769 2640 3821 in
2684 3768 3052 3838 pergamenis.

478 4041 545 4094 Et
581 4054 709 4094 ecce
740 4036 1036 4105 Catalogus
1078 4031 1170 4086 ille
1202 4028 1546 4085 Bibliotheca
1584 4026 1942 4090 Bessarionis,
1996 4029 2090 4095 qui
2135 4025 2190 4078 in
2231 4023 2573 4079 Bibliotheca
2609 4023 2974 4081 Riccardiana
3016 4035 3337 4079 asservatur
3381 4022 3570 4076 Pluteo
3610 4019 3669 4075 S.

403 4135 588 4190 ordine
621 4131 674 4187 11
698 4147 845 4185 num.
877 4139 934 4184 et
961 4136 1126 4196 que'tn
1161 4140 1271 4179 non
1299 4123 1406 4178 alia
1435 4123 1503 4177 de
1539 4134 1709 4176 causa
1743 4117 2143 4173 luculentiorcm
2187 4126 2236 4170 et
2267 4117 2615 4181 exactiorem,
2642 4131 2804 4186 quam
2839 4117 2904 4176 is.
2935 4131 3099 4185 quem
3131 4115 3190 4168 Β.
3229 4111 3673 4168 Montl‘aueonius

402 4225 667 4297 vulgavit,
699 4223 835 4286 dixi,
864 4235 1029 4292 quam
1054 4217 1185 4290 quia
1219 4226 1277 4271 et
1309 4214 1657 4287 syncltronos
1692 4210 2037 4277 Bessarioni,
2077 4216 2138 4261 ut
2168 4207 2353 4274 innui,
2390 4221 2513 4261 esse
2548 4207 2810 4273 videtur;
2836 4214 2892 4262 et
2932 4208 2977 4260 is
3012 4221 3178 4274 quem
3229 4205 3363 4259 dum
3405 4202 3579 4257 libros
3614 4201 3670 4254 in

405 4320 585 4390 capsis
613 4317 949 4373 collocarent
1001 4286 1412 4366 concinnarunt
1446 4304 1551 4371 illi,
1603 4302 1698 4374 qui
1739 4302 1867 4357 huic
1910 4298 2134 4367 negotio
2170 4306 2445 4368 prmerant
2479 4316 2494 4352 :
2525 4297 2601 4351 ita
2640 4307 2699 4351 ut
2749 4312 2859 4352 non
2896 4296 2971 4350 sit
3008 4293 3401 4361 dubitandum,
3437 4293 3571 4363 quin
3615 4286 3672 4343 hi

405 4385 553 4475 libri,
600 4410 695 4482 qui
726 4416 1113 4469 recensentur,
1147 4403 1227 4459 illi
1261 4401 1362 4473 ipsi
1392 4401 1529 4463 sint,
1564 4411 1704 4467 quos
1733 4393 1960 4451 Venetis
1988 4392 2243 4448 Bessario
2276 4391 2523 4446 donavit.
2575 4390 2761 4455 Certe,
2794 4404 2957 4461 quem
2993 4386 3445 4442 Montfauconius
3473 4385 3671 4449 edidit,

407 4527 514 4565 non
540 4510 647 4564 hoc
674 4506 910 4578 simplici
949 4513 1006 4559 et
1043 4502 1403 4558 tumultuario
1435 4499 1659 4567 adgestu
1697 4494 2042 4563 compositus
2071 4501 2179 4556 est,
2213 4492 2309 4545 sed
2345 4488 2652 4544 secundum
2681 4488 3089 4542 elementorum
3123 4483 3375 4538 ordinem
3410 4499 3423 4537 ι
3458 4497 3524 4536 ex
3561 4498 3672 4552 quo

406 4609 551 4659 forte
587 4577 1091 4668 multoiposterior
1123 4609 1245 4649 esse
1290 4592 1653 4660 intelligatur.
1690 4587 1770 4642 Illi
1804 4599 2014 4652 autem,
2063 4586 2270 4655 qui-bus
2315 4592 2494 4649 vacat,
2546 4591 2853 4651 utrumque.
2874 4578 3197 4649 Catalogum
3235 4577 3490 4632 conferre
3523 4588 3679 4646 pote-

409 4711 562 4762 runt.
594 4707 758 4767 atque
779 4698 855 4750 ita
882 4705 1217 4763 cognoscere
1250 4703 1317 4742 an
1350 4701 1545 4741 omnes
1581 4683 1794 4753 illiipsi
1831 4683 1959 4737 libri
1988 4681 2193 4736 servati
2224 4680 2338 4735 siet
2361 4721 2376 4744 ,
2411 4694 2482 4732 an
2506 4677 2600 4731 alii
2627 4675 2828 4730 deinde
2858 4674 3070 4730 fuerint
3096 4671 3294 4734 additi,
3339 4687 3408 4725 an
3435 4673 3544 4726 ttlla
3567 4673 3677 4728 alia

408 4789 725 4848 ditlcrentia
758 4789 905 4842 inter
954 4800 1052 4839 eos
1097 4780 1431 4837 intercedat.
1482 4777 1784 4846 Catalogus
1824 4784 1999 4842 certe,
2033 4788 2196 4844 quem
2230 4773 2349 4842 ipse
2379 4770 2575 4841 prodo,
2603 4771 2671 4822 ab
2703 4769 2928 4823 bomine
2979 4767 3162 4823 minus
3214 4769 3681 4838 perito'sCriptus

411 4886 655 4948 “deum
688 4888 745 4933 et
779 4877 1007 4947 quidem
1034 4873 1249 4929 (ιι-ειη),
1283 4870 1337 4922 id
1369 4869 1517 4938 quod
1548 4867 1759 4939 evincit
1793 4867 1911 4935 ipsa
1941 4866 2255 4921 Graecarum
2290 4862 2562 4918 vocalium
2601 4860 2986 4932 pronuntiatio
3013 4876 3026 4924 ;
3058 4869 3115 4914 et
3149 4861 3337 4918 minus
3365 4860 3679 4916 litterarum

412 4979 732 5035 Latinarum
773 4967 1019 5031 erudito,
1053 4964 1201 5032 quod
1231 4957 1660 5031 ortltugrapltiea
1701 4956 1900 5010 menda
1947 4962 2232 5026 arguunt;
2269 4962 2324 5006 et
2354 4952 2519 5022 paulo
2544 4951 2866 5016 indoctiori,
2893 4951 3040 5018 quod
3072 4950 3364 5006 nominum
3390 4952 3680 5022 corruptio

414 5067 629 5150 [tissiva
669 5068 1038 5123 demonstrat.
1071 5055 1185 5113 Nos
1225 5064 1405 5109 tamen
1443 5054 1707 5122 pleraque
1739 5050 1963 5113 menda,
1995 5048 2177 5118 quoad
2226 5045 2346 5100 ﬁeri
2388 5046 2592 5115 potuit,
2630 5041 3024 5110 substulimus,
3051 5051 3106 5098 et
3135 5042 3204 5097 ad
3239 5044 3681 5099 emendatiorem

410 5133 768 5234 s'c‘riptionem
824 5153 1157 5224 redrgimus,
1199 5148 1328 5201 licet
1359 5148 1528 5199 multa
1557 5145 1761 5198 intacta
1796 5140 2213 5212 reliquerimus,
2252 5137 2348 5192 ubi
2391 5151 2590 5192 sensus
2619 5151 2688 5192 ex
2717 5152 2888 5207 pravo
2918 5136 3085 5190 etiam
3118 5134 3305 5206 positu
3340 5133 3683 5206 deprehendi

412 5227 763 5330 aliquatenus
797 5255 1035 5320 poterat.
1081 5241 1362 5299 Caeterum
1407 5242 1462 5292 in
1496 5238 1602 5293 hoc
1634 5234 1893 5307 Catalogo
1932 5235 2261 5306 perlegendo
2296 5230 2564 5288 nonnulla
2596 5227 2914 5299 observavi,
2947 5243 3072 5300 quae
3111 5229 3203 5285 hic
3236 5243 3529 5285 recensere
3574 5229 3679 5283 Le-

414 5352 553 5408 etori
574 5346 811 5426 erudito
841 5343 1117 5412 ingratum
1147 5351 1259 5390 non
1293 5333 1484 5398 fuerit,
1520 5342 1575 5387 et
1614 5341 1745 5387 sunt
1768 5346 1891 5400 qua:
1927 5338 2260 5399 sequuntur.

2095 5494 2406 5565 discipulus
2433 5492 2560 5558 luit,
2598 5492 2756 5562 cujus
2787 5504 3008 5563 quoque
3054 5496 3238 5545 exstat
3271 5486 3555 5545 Methodtu
3599 5503 3713 5559 δυο,

2106 5589 2319 5658 noptica
2345 5586 2651 5641 rhetorices:

2175 5681 2343 5735 Cares
2396 5677 2960 5734 Esnsn..Erotemata
3013 5672 3498 5743 Ptocltoprodomi;
3531 5669 3689 5740 cujus

2110 5773 2277 5827 multa
2318 5771 2421 5826 alia
2469 5788 2657 5842 opera,
2714 5781 2766 5825 et
2813 5768 3064 5839 qua‘dam
3116 5769 3251 5837 alias
3300 5766 3504 5837 ignota,
3540 5780 3691 5819 cont-

3102 5855 3117 5887 τι

483 5512 652 5565 Caesa
698 5508 764 5563 A.
789 5505 1026 5561 Joannes
1055 5500 1278 5558 Italicus
1312 5501 1365 5554 in
1398 5498 1673 5569 Logicam,
1714 5506 1763 5551 et
1800 5496 1989 5566 Topica

417 5603 739 5659 Aristotelis.
776 5599 918 5653 Phil.
949 5596 1202 5650 Lahbeus
1230 5599 1629 5649 conuuemorat
1658 5598 1870 5645 tantum
1894 5589 1995 5642 Itu-

411 5700 501 5765 jus
523 5692 982 5748 commentarium
1007 5689 1062 5742 in
1088 5687 1288 5742 librum
1321 5685 1461 5755 Περὶ
1480 5682 1810 5755 ἑρμηνείαςς
1841 5679 1997 5734 Lam-

418 5789 615 5845 becius
647 5799 802 5853 vero,
842 5784 1013 5839 alium
1044 5783 1097 5839 in
1129 5780 1355 5852 Topica.
1389 5778 1487 5835 llic
1522 5775 1802 5832 Michaelis
1833 5772 1998 5830 Pselli
