4136 6418
441 505 547 567 713

1899 498 2299 576 ῖριδτοιεε.

3611 497 3716 564 7H

433 627 812 674 memorantur
853 629 908 669 tn
937 613 1208 683 Catalogo
1250 627 1383 666 mss.
1418 611 1780 680 quorumdam
1807 611 2026 668 Grmco-
2055 625 2100 682 Α
2133 613 2359 668 Albacus
2406 613 2615 679 Graece,
2651 615 2791 670 forte
2831 631 3030 671 nomen
3082 625 3442 684 corruptum;
3478 625 3534 670 et
3565 623 3712 672 certe

433 725 558 764 rum
597 710 889 770 librorum,
947 723 1166 761 mecum
1206 721 1234 760 a
1287 722 1336 760 v.
1374 705 1444 761 el.
1489 703 1750 775 Scipione
1800 705 2020 760 Maﬂ'eio

433 801 741 858 liberaliter
772 799 1204 854 communicato.

504 894 674 948 Capsa
731 893 792 946 Β.
851 891 1267 962 Olympiodorus
1329 891 1380 944 in
1438 893 1704 962 quosdam
1765 897 2020 969 Dialogos

435 987 808 1050 Platonis;et
841 983 1197 1054 Evangelium
1245 983 1484 1038 Matthtei
1528 1001 1652 1040 cum
1705 988 2018 1058 Expositio-

433 1079 624 1133 nibus.
657 1078 862 1132 Plotini
893 1077 1178 1132 nonnullze
1203 1079 1509 1142 orationes,
1545 1082 1768 1150 plurimi
1797 1085 2022 1152 quidem

432 1168 723 1236 faciendae,
763 1169 810 1224 si
855 1167 1091 1225 diversze
1141 1179 1272 1225 sunt
1316 1171 1384 1224 ab
1422 1173 1541 1244 ejus
1587 1175 1746 1230 libris
1775 1179 1867 1247 qui
1915 1181 2023 1234 cir-

434 1261 848 1315 cumferuntur.

505 1351 678 1407 Capsa
709 1351 772 1406 D.
811 1351 1074 1407 Proculus
1103 1355 1158 1410 in
1197 1355 1579 1412 Parmenidem
1609 1359 1870 1416 Platonis.
1909 1361 2021 1415 Da-

439 1461 744 1510 mascenns,
776 1445 1016 1510 scilicet,
1053 1455 1112 1501 ut
1149 1447 1388 1510 videtur,
1428 1449 1738 1506 Damascius
1767 1451 1834 1508 de
1865 1455 2023 1508 Prin-

436 1537 597 1605 cipiis
635 1547 693 1592 et
735 1538 787 1590 in
820 1538 1225 1594 Parmeniden].
1261 1540 1502 1595 llistoria
1547 1543 1614 1598 de
1655 1545 1821 1600 rebus
1851 1547 2021 1616 gestis

441 1629 684 1683 Mauritii
741 1629 1116 1698 imperatoris,
1181 1639 1238 1685 et
1285 1633 1512 1701 Asclepii
1565 1649 1662 1689 seu
1714 1635 2022 1706 Λῑεεαιαρξί

439 1723 726 1788 Tralliani,
763 1738 874 1776 non
911 1723 1166 1788 Tradani,
1195 1727 1468 1794 expmitio
1495 1728 1545 1780 in
1578 1727 2018 1785 Arithmeticam.

438 1815 558 1870 Duo
593 1815 810 1872 codices
841 1815 1058 1886 Josephi
1109 1817 1175 1874 de
1221 1817 1563 1888 captivitate,
1596 1839 1692 1878 seu
1745 1823 1892 1878 bello
1927 1822 2022 1878 Ju-

437 1909 624 1962 daico.

2127 707 2272 776 apud
2307 708 2784 765 Montl'auconium
2829 710 3029 780 legitur
3071 711 3300 764 Aeacus.
3353 710 3616 762 Proculus
3653 709 3708 762 in

2130 803 2563 858 Astronomium.
2601 804 2808 859 Musica
2861 804 3138 860 Ptolemwi
3189 819 3312 858 cum
3359 803 3708 872 expositione

2129 894 2430 950 Laurentii.
2465 897 2871 968 Compendium
2903 898 3261 968 ArmenOpoli.

2197 991 2366 1044 Capsa
2422 991 2487 1044 11.
2545 991 2896 1060 Compilatio.
2953 1003 3007 1046 et
3060 991 3472 1044 Colleclanenm
3527 991 3708 1058 legum

2129 1085 2299 1139 trium
2343 1083 2761 1152 imperatorum.
2805 1083 3043 1136 Melctius
3091 1083 3156 1136 de
3193 1083 3392 1136 Natura
3439 1083 3702 1134 hominis.

2195 1175 2364 1231 Capsa
2416 1177 2458 1232 l.
2528 1177 2660 1232 Acta
2711 1177 2919 1246 quintm
2974 1173 3190 1245 synodi.
3251 1173 3604 1242 Philosophia
3652 1183 3706 1227 et

2129 1269 2430 1340 Theologia
2483 1271 2822 1325 Damasceni.
2873 1269 3064 1324 Sancti
3117 1267 3328 1322 Thema:
3383 1267 3596 1334 primus
3653 1275 3708 1320 et

2131 1364 2412 1418 secundus
2446 1373 2636 1418 contra
2678 1363 2928 1433 gentiles,
2968 1361 3156 1416 Graece
3187 1379 3200 1427 ;
3235 1376 3358 1414 nam
3393 1360 3706 1414 Demetrius

2127 1455 2407 1524 (Iydoaius
2447 1457 2786 1511 Crtecehoc
2831 1471 2972 1526 Opus
3016 1455 3316 1510 convertit.
3357 1453 3413 1506 In
3451 1453 3705 1520 sequenti

2127 1547 2363 1600 articulo
2390 1547 2680 1618 legendum
2723 1557 2806 1602 est
2850 1549 2922 1602 ad
2961 1546 3244 1601 Contorem
3295 1546 3706 1605 Antiochenam,

2127 1647 2182 1692 et
2227 1649 2310 1692 est.
2361 1640 2666 1696 Declaratia
2713 1643 3066 1710 quorumdam
3121 1643 3469 1696 articulorum
3520 1650 3704 1694 contra

2127 1730 2364 1795 Cra'cos,
2417 1732 2676 1787 Armenos
2726 1744 2774 1788 et
2821 1734 3143 1789 Saracenos.
3191 1735 3330 1801 Quid
3387 1735 3517 1789 illud
3553 1733 3708 1788 Cinoi

2128 1822 2221 1886 sit,
2267 1823 2460 1892 ignoro
2504 1840 2749 1896 prorsus,
2791 1827 2898 1884 nisi
2947 1827 3090 1882 forte
3130 1827 3363 1893 Cydottii
3405 1827 3700 1898 legendum

2128 1923 2232 1978 est,
2267 1925 2326 1969 ut
2355 1933 2384 1970 e
2415 1917 2828 1972 Mnntlanconio
2856 1920 3158 1990 colligitur.

510 2002 680 2056 Caesa
713 2001 775 2057 E.
810 2003 1106 2074 Theogenes
1151 2005 1592 2074 Mathematicus,
1637 2019 1694 2064 et
1742 2011 2016 2067 Charicles
2053 1976 2098 2031 Β
2195 1976 2364 2063 Caesa
2399 2010 2462 2064 Κ.
2517 2011 2774 2079 Epistulae
2821 1976 3144 2067 multorum.
3191 2012 3366 2068 Ovidii
3415 2011 3706 2066 Metamor—

439 2095 710 2158 Bledicus,
764 2107 822 2150 ut
878 2098 1113 2154 videtur.
1175 2099 1454 2156 Plutarchi
1499 2102 1770 2157 Parallela
1809 2105 2014 2168 omnia,

439 2187 584 2242 liber
615 2189 1044 2258 pulcherrimus.
1090 2191 1140 2246 Is
1170 2207 1292 2246 esse
1339 2209 1448 2247 non
1499 2206 1678 2263 potest
1727 2196 1816 2250 ille
1851 2212 2016 2266 quem

439 2279 754 2334 Bessarioni
779 2284 1205 2337 commodarum
1233 2285 1488 2338 monachi
1523 2286 1864 2342 Benedictini
1899 2287 2021 2341 Flo-

439 2369 644 2424 rentini
673 2387 688 2436 ;
721 2370 814 2424 ille
844 2372 992 2424 enim
1031 2381 1240 2440 partem
1279 2381 1492 2428 tantum
1529 2375 1806 2432 Plutarchi
1838 2379 2020 2432 Paral-

439 2462 674 2518 lelorum
711 2464 1072 2529 continebat;
1106 2475 1162 2519 et
1199 2469 1464 2520 memoria
1493 2479 1674 2523 exstat
1711 2471 1764 2524 in
1795 2471 1902 2526 alio
1931 2487 2021 2526 co-

443 2556 566 2611 dice
595 2555 976 2626 pulcherrimo
1001 2557 1396 2612 Parallelorum
1422 2561 1722 2630 Plutarchi,
1754 2568 1844 2634 qui
1873 2569 2017 2637 apud

441 2650 667 2705 eosdem
704 2651 1010 2706 monachos
1064 2657 1368 2722 remansit;
1416 2663 1473 2709 ut
1501 2659 1668 2712 etiam
1709 2659 1894 2715 videre
1937 2675 2020 2717 est

439 2743 584 2812 apud
606 2743 1074 2800 Monti’auconium
1109 2747 1166 2800 in
1200 2745 1382 2802 Diario
1411 2749 1620 2816 Italico,
1649 2763 1704 2806 et
1739 2753 1792 2806 in
1830 2753 2021 2808 Biblio-

443 2843 590 2890 theca
635 2835 1108 2892 Bibliothecarum.
1146 2839 1268 2893 Non
1311 2839 1720 2908 Aladamuntis,
1753 2845 1847 2897 sed
1881 2846 2022 2899 Alci-

438 2928 735 2992 damantis,
767 2927 1060 2998 legendum
1101 2938 1209 2996 est,
1254 2933 1534 2988 orationes
1565 2934 1704 2988 dum.
1742 2927 2016 3006 Agat/tias,

443 3019 512 3074 de
559 3021 887 3076 nominibus
932 3030 989 3076 et
1038 3021 1332 3078 ordinibus
1387 3027 1650 3081 acierum.
1699 3025 2018 3094 Naucratis,

442 3112 548 3167 hoc
576 3123 663 3168 est
695 3115 936 3169 Athenaei
975 3113 1307 3172 Naucratita:
1339 3117 1624 3185 Convivia,
1657 3135 1752 3175 seu
1787 3122 2020 3193 Deipno-

439 3206 720 3276 mphistaz.

2123 2102 2326 2167 phnses
2349 2101 2560 2157 Graece.
2615 2103 2806 2160 Flores
2857 2121 2920 2159 ex
2970 2105 3206 2160 diversis
3257 2105 3578 2158 auctoribus
3611 2120 3706 2171 per

2124 2193 2416 2260 quemdam
2467 2195 2788 2250 Mat-arium.
2843 2195 3102 2266 Epistolas
3149 2196 3302 2251 Pauli
3341 2197 3554 2258 Graece.
3603 2196 3704 2249 La-

2123 2285 2236 2339 tine
2267 2295 2323 2338 et
2351 2285 2640 2342 llebraice.
2673 2287 2993 2358 Dogmatica
3040 2289 3357 2342 Armatura.
3391 2288 3556 2343 Liber
3587 2305 3704 2340 mo-

2123 2380 2369 2434 nasticus
2403 2381 2665 2434 Antiochi.

2191 2475 2358 2531 Caesa
2389 2473 2452 2530 Ο.
2495 2477 2670 2530 Prima
2707 2490 2831 2543 pars
2863 2475 3034 2530 sancti
3071 2475 3302 2538 Thamar,
3336 2475 3550 2530 Graece.

2193 2566 2366 2621 Caesa
2395 2567 2456 2622 P.
2503 2565 2719 2621 Laudes
2759 2567 2816 2620 Β.
2853 2565 3095 2636 Virginis
3137 2567 3438 2620 multorum
3485 2580 3704 2622 sancte-

2126 2677 2244 2713 rum
2257 2699 2268 2714 ι

2195 2751 2366 2804 Caesa
2398 2750 2463 2817 Q.
2508 2751 2806 2805 Sermones
2837 2751 3150 2820 panegyrici
3186 2751 3412 2806 diversi.
3446 2750 3700 2805 Carmina

2124 2842 2459 2896 Nazianzeni
2500 2857 2623 2897 cun:
2673 2842 3030 2911 Expositione
3071 2842 3304 2913 Dionysii
3343 2841 3701 2912 Areopagita'.

2125 2935 2182 2990 Si
2235 2951 2362 2990 vere
2411 2935 2481 2990 ita
2517 2936 2682 2990 habet
2727 2937 3034 3006 inscriptio,
3081 2937 3210 2992 hinc
3248 2937 3479 2990 multum
3523 2937 3700 3007 jnvari

2123 3026 2286 3081 video
2339 3025 2559 3080 illorum
2620 3028 2980 3096 opinionem,
3041 3029 3134 3097 qui
3185 3037 3415 3082 censent
3467 3028 3706 3082 Pseudo-

2129 3119 2450 3190 Dionysium
2514 3117 2900 3190 ArCOpagitam
2968 3120 3168 3174 szeculo
3233 3120 3454 3190 demum
3511 3120 3705 3189 quinto

2129 3212 2350 3265 vixisse.
2380 3211 2484 3264 Sed
2513 3221 2644 3281 puto
2669 3213 2850 3266 locum
2883 3213 3332 3282 interpunctione
3359 3211 3630 3272 laborare,
3651 3225 3706 3266 ιιι

518 3301 690 3355 Capsa
745 3298 808 3354 F.
877 3297 1193 3363 Menander,
1242 3301 1336 3370 qui
1389 3299 1478 3355 hic
1529 3317 2014 3370 commemoratur,
2049 3315 2092 3374 ε
2127 3303 2864 3372 legendumessezCarmina
2885 3305 3343 3359 Nazianzenicum
3363 3306 3704 3374 expositione.

439 3395 632 3450 rhetor
687 3409 811 3448 esse
861 3392 1102 3457 videtur,
1169 3409 1280 3448 non
1339 3396 1611 3450 comicus.
1679 3395 2020 3454 Minucianus

439 3488 650 3542 rhetor.
687 3485 945 3556 Epistola:
977 3485 1264 3556 cujusdam
1311 3485 1590 3540 Michaelis
1627 3487 1836 3543 Gabrw.
1871 3489 2022 3544 Clea-

449 3579 612 3632 medis
663 3578 886 3634 Tabulae
935 3577 1194 3634 Persicae.
1239 3579 1374 3633 Illud
1411 3579 1702 3634 Erisocinae
1744 3580 2021 3635 Arithmc-

451 3669 582 3733 tica,
631 3671 794 3726 credo
846 3681 1194 3742 corruptum,
1244 3689 1346 3729 nec
1407 3673 1566 3728 facile
1599 3689 1628 3727 a
1675 3689 1761 3730 me
1799 3675 2018 3730 restitui

453 3769 654 3831 potest.
689 3763 827 3818 Num
861 3765 1150 3835 legendum
1207 3765 1599 3836 Chrysococca',
1650 3767 1806 3836 cujus
1853 3768 2018 3821 etiam

450 3850 676 3907 Tabula:
705 3853 756 3907 in
789 3855 1140 3912 Astronnmia
1171 3865 1551 3912 memorantur
1576 3858 1718 3928 apud
1748 3857 2020 3912 Montt‘au-

443 3947 604 4000 conia
617 3962 666 3999 m
685 3945 708 3998 ?

511 4039 685 4095 Capsa
726 4040 790 4095 G.
834 4041 1174 4112 Apparentia
1201 4053 1256 4097 et
1295 4041 1582 4096 Catholica
1630 4043 1882 4098 Euclidis.
1917 4043 2021 4100 Lo-

440 4133 630 4201 gistiea
663 4135 942 4188 Barlaam.
987 4135 1355 4204 Almagestum
1387 4135 1664 4190 Ptolemaei
1699 4151 1824 4191 cum
1857 4153 2024 4206 expo-

441 4226 644 4280 sitione
678 4225 964 4295 Theonis;
1017 4244 1141 4297 quae
1185 4229 1460 4296 expositio
1507 4239 1686 4282 exstat
1740 4227 1905 4281 etiam
1966 4229 2020 4281 in

445 4319 780 4374 bibliotheca
831 4319 1220 4384 Laurentiana,
1271 4321 1326 4374 ni
1374 4320 1558 4376 fallor.
1597 4321 1892 4375 Multorum
1923 4335 2021 4380 au-

443 4422 660 4466 ctorum
709 4427 948 4470 numero
1003 4413 1162 4470 XLIV
1212 4413 1580 4469 Theoremata
1644 4411 2018 4468 Geometrica.

2129 3395 2416 3464 Dionysius
2471 3396 2794 3466 Areopagita
2853 3413 2975 3450 cum
3019 3395 3363 3465 Expositione
3415 3396 3704 3466 theologica

2135 3489 2472 3542 Damasceni.

2197 3580 2367 3634 Caesa
2404 3579 2459 3632 S.
2505 3579 2924 3632 Observandum
2958 3579 3110 3633 venit
3156 3579 3286 3633 illud
3315 3621 3328 3644 ,
3370 3581 3543 3633 sancti
3585 3579 3704 3633 Mu-

2127 3669 2258 3721 a‘imi
2285 3669 2600 3737 philosophi.
2641 3669 2776 3721 lilud
2807 3685 2958 3732 vero,
2995 3670 3282 3724 Aristobuli
3312 3669 3557 3722 monachi
3582 3687 3706 3720 con-

2130 3773 2216 3816 tra
2267 3763 2500 3821 Jutlwos.
2557 3773 2691 3832 puto
2741 3763 3034 3831 legendum
3091 3759 3414 3815 Christodnli
3461 3763 3704 3814 attonat-hi

2127 3862 2313 3909 contra
2351 3854 2600 3918 ,Ιηιιιιιοε;
2633 3864 2688 3908 ct
2717 3854 2940 3923 quidem
2973 3853 3138 3922 hujus
3175 3852 3377 3922 Dialogi
3416 3868 3468 3906 Ix
3511 3863 3698 3906 COlllI‘a

2125 3947 2344 4002 .ludaaos
2375 3949 2428 4000 in
2481 3946 2813 4000 bibliotheca
2853 3945 2916 4000 D.
2965 3945 3130 3999 Marci
3168 3944 3416 4001 Venetiis
3457 3956 3699 4007 exstant,

2130 4040 2292 4092 sicuti
2325 4037 2616 4092 Florentia:
2653 4037 2704 4090 in
2741 4036 3072 4096 bibliotheca
3101 4035 3484 4090 Riceardiana.

2197 4129 2479 4192 CarsnT.
2533 4129 2888 4190 Auctoritates
2943 4130 3006 4181 de
3067 4129 3360 4190 attributis,
3423 4128 3700 4193 resiliecrc

2129 4225 2388 4278 videntur
2421 4223 2657 4278 hmrcsin
2685 4222 3102 4276 Palamitarum.

2197 4314 2364 4370 CAPSA
2396 4315 2449 4382 I2}.
2490 4315 2734 4385 Proc0p5i
2769 4313 3040 4381 expositio
3073 4329 3238 4382 super
3268 4309 3482 4367 lsaiain.

511 4555 580 4608 Et
611 4555 724 4608 haec
758 4556 982 4625 quidem
1029 4556 1232 4620 obiter,
1267 4553 1398 4608 dum
1445 4553 1766 4624 Catalogurn
1798 4551 2062 4620 legerem,
2118 4546 2478 4602 Observabam
2513 4545 2646 4600 mihi
2695 4544 3174 4600 animadversione
3219 4543 3494 4613 digniora,
3525 4544 3701 4600 relin-

441 4657 617 4710 quens
645 4643 772 4697 aliis
801 4657 866 4697 ea
903 4643 1074 4695 multa
1107 4643 1342 4712 seligere
1376 4641 1430 4694 in
1465 4655 1624 4694 usum
1669 4655 1854 4702 suum,
1883 4653 2008 4708 quae
2057 4637 2150 4694 hic
2197 4637 2650 4707 praestantissima
2682 4647 2834 4693 sunt.
2863 4636 2974 4692 Etsi
3009 4653 3142 4694 vero
3179 4639 3320 4692 alius
3349 4638 3545 4692 horum
3573 4657 3699 4696 om-

442 4739 597 4790 nium
633 4738 906 4792 librorum
936 4739 1232 4809 Catalogus
1253 4738 1643 4793 exactissimus
1670 4753 1698 4790 a
1736 4736 1869 4789 viris
1897 4735 2238 4790 doctissimis
2266 4735 2630 4790 concinnatus
2663 4749 2839 4804 nuper
2865 4733 3108 4788 Venetiis
3131 4735 3334 4804 publici
3356 4737 3496 4806 juris
3525 4738 3701 4793 lactus

439 4835 550 4900 sit,
589 4845 770 4888 tamen
802 4843 858 4887 et
893 4850 992 4887 cur
1023 4835 1172 4888 hunc
1203 4835 1590 4902 perantiquum
1625 4843 1681 4886 et
1709 4831 1850 4885 forte
1900 4830 2258 4900 archetypum
2313 4829 2430 4899 ipse
2480 4829 2771 4892 ediderim,
2814 4830 3008 4885 eadem
3048 4829 3104 4894 in
3147 4845 3309 4885 causa
3357 4831 3530 4898 fuere,
3579 4849 3701 4902 quo:

439 4927 718 4996 superius,
749 4941 872 4980 cum
906 4927 974 4982 de
1001 4943 1088 4992 eo,
1125 4941 1288 4998 quem
1323 4927 1768 4982 Montl‘auconius
1795 4927 1990 4987 edidit,
2027 4925 2194 4978 verba
2227 4924 2492 4990 iacerem,
2522 4925 2574 4979 in
2605 4926 2846 4980 medium
2878 4927 3102 4980 adduxi.

501 5127 810 5188 Sequenlem
835 5126 1096 5188 epistolam
1124 5141 1238 5191 cum,
1257 5129 1448 5177 duabus
1476 5130 1685 5178 timuisti
1725 5129 1983 5180 Plethonis
2015 5131 2072 5180 ad
2099 5131 2412 5180 Bessarionis
2437 5132 2644 5191 quresita
2669 5129 3096 5191 ,responsiunibus
3129 5131 3282 5180 edidit
3305 5134 3475 5183 I-‘ranc.
3503 5131 3694 5188 Diony-

437 5191 542 5256 sius
561 5194 852 5256 Lamusatus
875 5193 923 5238 in
951 5191 1082 5239 notis
1107 5192 1164 5238 ad
1189 5190 1402 5256 (‘iaconii
1435 5192 1806 5256 liiltliotheeam,
1831 5193 1986 5242 Paris.
2018 5194 2128 5240 1751
2165 5195 2269 5248 101.,
2297 5193 2384 5240 sed
2402 5255 2407 5256 γ
2424 5190 2550 5256 adeo
2575 5190 2834 5256 mendum,
2863 5201 2914 5240 ut
2937 5193 3015 5240 vix
3044 5205 3222 5256 scttsus
3245 5196 3493 5256 expiscari
3517 5199 3694 5254 possit.

381 5313 386 5318 _
435 5251 512 5320 με
547 5252 884 5320 niattuseripto
915 5265 1015 5320 quo
1049 5263 1270 5320 usus_es_r._
1299 5253 1590 5320 Cantusatus
1627 5255 1888 5320 nimicum
1921 5256 2127 5320 lectore
2161 5255 2570 5320 communicavit._
2623 5254 2838 5320 [ἐξῆψε-εξ
2877 5257 2924 5301 in
2971 5255 3081 5320 cod.
3121 5251 3529 5320 hlatrithXXX'
3553 5259 3702 5314 tradit.

435 5312 581 5377 goat).
621 5312 841 5377 Yriarte,
864 5312 948 5376 qui
992 5317 1132 5364 initia
1156 5313 1296 5363 dedit
1343 5319 1390 5363 in
1416 5315 1649 5376 Catalogu
1673 5314 1816 5363 codd.
1853 5317 1934 5366 Gr.
1975 5315 2176 5376 Malrit.,
2211 5329 2260 5376 p.
2285 5315 2396 5372 295,
2441 5315 2600 5364 omnia
2638 5317 2796 5372 adhuc
2821 5315 2980 5366 latere
3031 5316 3265 5377 inquiens
3289 5319 3438 5366 etiam
3481 5320 3529 5364 in
3581 5312 3697 5364 mss.

433 5373 683 5426 Cesareis.

565 5490 646 5543 A'.
682 5487 1048 5555 Βησσαρίων
1083 5483 1436 5554 καρδινιίλις
1473 5483 1553 5549 τῷ
1601 5485 1899 5552 Πλήθωνι.

506 5581 710 5649 Κοινῆς
751 5583 917 5632 πᾶσιν
950 5577 1366 5647 ὲνεσπαρμένης
1416 5577 1624 5638 ἐννοίας
1675 5579 1768 5630 καὶ
1800 5577 2004 5648 ταύτης

433 5673 832 5742 ἀληθεστάτης,
871 5671 1042 5742 μηδὲν
1085 5669 1307 5739 μηδαμῆ
1361 5667 1605 5721 ἀναίτιον
1654 5663 1817 5732 εἶναι,
1873 5669 2014 5736 πλὴν

433 5765 528 5817 τοῦ
587 5767 805 5836 πρώτου
865 5765 957 5817 καὶ
1011 5765 1232 5816 πάντων
1283 5762 1480 5824 αἰτίου,
1517 5761 1616 5812 οὐκ
1655 5761 1870 5826 ὀλίγους
1905 5761 2012 5810 τῶν

435 5855 724 5917 Πλάτωνος
781 5857 1014 5924 ἑταίρων
1071 5855 1142 5916 ὡς
1199 5854 1460 5922 Ιιρὸκὶον,
1511 5851 1772 5920 Ἑρμείαν
1824 5867 1882 5900 τε
1920 5853 2014 5901 καὶ

433 5947 754 6017 Δαμὰσκιον
787 5949 1196 6019 (Δαμᾶσκειον),
1227 5951 1323 6016 τήν
1349 5963 1402 5998 τε
1437 5943 1636 6014 ψυχὴν,
1671 5943 1792 6006 τούς
1819 5959 1878 6010 γε
1913 5945 2014 6013 (τε)

2041 5497 2094 5558 D
2125 5485 2230 5554 πρὸ
2265 5483 2437 5552 αὐτῆς
2471 5484 2679 5546 πάντας
2711 5483 2819 5535 εἴτε
2845 5484 3068 5553 von-rod,-
3093 5502 3150 5537 τε
3183 5486 3274 5537 καὶ
3309 5485 3552 5556 νοεροὺξ,
3586 5489 3696 5542 εἴτε

2119 5579 2340 5648 νοεροὺς
2367 5578 2521 5638 Οεοῦς
2549 5577 2994 5639 αὐθυποστὰτους
3030 5577 3170 5631 εἶναι
3194 5579 3515 5647 τιθεμένους
3549 5583 3702 5651 εὑρί-

2126 5683 2350 5736 σκομεν.
2385 5669 2544 5720 Εἴποι
2588 5668 2632 5719 δ’
2679 5670 2746 5721 ἄν
2793 5686 2874 5730 τις
2921 5671 3045 5736 μηδ’
3090 5670 3156 5722 ἂν
3209 5671 3344 5739 μηδὲ
3381 5671 3698 5744 Πορφυρίῳ,

2135 5760 2449 5829 ’Ῐαμΰλίχῳ,
2503 5761 2768 5829 Συριαγῷ,
2824 5765 2918 5813 καὶ
2975 5761 3052 5831 τῷ
3105 5762 3280 5832 λοιπῷ
3329 5764 3436 5815 τῶν
3489 5765 3701 5835 ἁνδρῶι

2123 5853 2346 5904 ἐκείνων
2397 5853 2589 5922 Οιάσνρ,
2626 5856 2752 5923 περί
2785 5872 2846 5922 γε
2883 5857 2976 5909 τοῦ
3019 5857 3276 5910 roma-ton
3313 5862 3404 5910 xz".
3448 5862 3692 5914 τοιούτου

2125 5944 2452 6013 πράγματος
2493 5947 2665 6009 illo);
2714 5949 2888 6002 δοκεῖν
2947 5951 3070 6014 τούς
3124 5966 3186 6019 γε.
3239 5953 3740 6025 προειρημένουςν
