4136 6376
591 371 699 437 ’ἵὲἱ

2044 380 2132 441 ΕΙ
2152 383 2172 443 Ι
2183 332 2461 448 ΞΤΟΪΛΕ.

3751 387 3868 455 72⁶Σ

592 489 710 554 εἴγε
745 481 815 559 ἦν
842 487 1247 559 ἐπιμεληθῆναί
1271 506 1329 543 τε
1362 489 1535 546 αὐτοῦ
1570 492 1663 547 καί
1710 494 1948 564 ἀσκῆσαι
1982 495 2179 566 βουλη-
2210 505 2252 561 Λ
2284 498 2522 570 ἀνάγκη.
2573 498 2631 552 '0
2671 498 2716 552 δ’
2754 498 2858 553 ὑπὸ
2898 500 3005 554 τῶν
3039 500 3140 573 τῆς
3192 502 3439 573 μοιχείας
3477 502 3731 574 θεμάτων
3756 504 3857 576 τὴν

600 579 805 651 θῶμεν,
844 582 940 635 καὶ
984 580 1117 633 αὐτὸ
1148 580 1482 636 ἐπιδίδωσιν.
1529 584 1691 638 Ἀλλά
1737 586 1833 640 καί⁸
1870 587 2061 641 τούτου
2088 589 2175 642 δό-

594 671 696 736 ξαν
723 671 846 724 τινὰ
875 672 1192 742 ἡγήσασθαι
1222 672 1323 738 δεῖ,
1371 675 1472 744 τὴν
1504 674 1598 728 τοῦ
1639 677 1714 740 ὡς
1752 679 2090 749 ἐπιμελητέα
2118 697 2176 733 τε

599 759 792 825 αὐτοῦ,
827 761 922 814 καὶ
960 763 1230 830 ἀσκητέα,
1267 760 1336 836 ἦς
1380 766 1472 818 καὶ
1514 767 1785 836 πρότερον
1824 771 2179 839 ἐγγεγονυίας

600 854 681 923 ’ιῷ
745 854 1035 925 φρονοῦντι
1085 856 1243 927 ⁴ἡμῶν
1296 858 1406 911 οὐδ’
1447 858 1514 912 ἂν
1554 861 1952 933 ἐπιμεληθῆναι
2011 863 2177 917 αὐτοῦ

595 941 702 1000 οἷοί
740 949 863 1002 ποτ’
913 947 1145 1019 εἴημεν,
1182 949 1536 1021 βουληθῆναι,
1573 953 1715 1005 ὥστε
1774 953 1867 1007 καὶ
1916 951 2063 1007 οὕτω
2116 954 2176 1007 τὸ

600 1039 837 1108 φρονοῦ)
872 1040 1032 1110 ἡμῶν
1065 1042 1167 1114 τὴν
1211 1042 1469 1114 βούλησιν
1509 1044 1595 1113 ἐφ’
1638 1044 1835 1098 ἐαυτοῦ
1874 1049 2045 1100 κινεῖν
2075 1046 2181 1100 ύπὸ

598 1135 703 1199 τῆς
752 1133 1011 1205 τοιαύτης
1057 1134 1191 1189 αὐτὸ
1247 1139 1518 1207 πρότερον
1570 1138 1941 1210 κεκινημένης
1997 1138 2181 1210 δόξης.

602 1221 764 1278 Οὕτω
794 1222 888 1277 οὖν
916 1225 979 1278 τὸ
1019 1226 1378 1298 αὐτοκίνητον
1422 1226 1547 1281 οὔτε
1580 1228 1651 1281 τά
1692 1229 1778 1298 ἐφ’
1828 1231 1961 1300 ἡμῖν
2007 1230 2183 1301 ὀρθῶς

603 1317 883 1385 λεγόμενα
901 1318 1001 1388 τὴν
1028 1320 1379 1390 εἱμαρμένην
1426 1320 1666 1392 ἀναιρεῖ.
1700 1321 1930 1391 Δηλοῦσι
1978 1322 2037 1376 δὲ
2087 1322 2181 1377 καί

601 1410 653 1461 οἰ
673 1407 771 1471 τὰς
801 1410 983 1477 φωνάς
1009 1410 1215 1474 ταύτας
1247 1412 1462 1483 πρῶτοι
1507 1414 1904 1482 ὀνομάσαντες,
1927 1416 2025 1485 τὴν
2078 1415 2182 1486 μὲν

601 1499 850 1565 Πλάτων,
886 1501 987 1571 τὴν
1023 1501 1069 1554 δ’
1102 1503 1151 1555 οἱ
1200 1504 1457 1569 Στωϊκοὶ,
1486 1506 1547 1558 06
1579 1507 1672 1558 καὶ
1714 1507 1815 1579 τὴν
1840 1508 2182 1579 εἱμαρμένην

597 1591 979 1663 ἀναιροῦντες,
1016 1594 1154 1648 ἀλλὰ
1214 1595 1419 1665 μᾶλλον
1447 1597 1545 1649 καὶ
1589 1597 1866 1669 τιθέμενοι
1914 1601 1982 1669 τῇ
2016 1599 2177 1673 δόξῃο

520 1748 525 1751 _
596 1683 650 1736 οἱ
675 1684 773 1754 μὲν
794 1685 904 1755 γάρ
928 1686 1163 1744 Στωϊκοὶ
1177 1689 1272 1743 καὶ
1304 1688 1795 1759 παρακελεύονται,
1827 1691 2010 1743 ἐκεῖνα
2033 1690 2183 1761 θαμὰ

596 1775 829 1843 ἐπάγειν
858 1777 926 1831 τὰ
959 1777 1216 1848 ίαμϐεῖαυ
1273 1779 1445 1840 ’Λγοῦ
1496 1780 1553 1833 δέ
1599 1797 1691 1848 με,
1726 1779 1854 1845 Ζεῦ,
1884 1781 1977 1833 καί
2011 1779 2076 1831 σὺ
2108 1778 2179 1847 γῆ

2282 591 2384 659 τῆς
2424 592 2772 663 εἱμαρμένης
2803 592 3092 664 ἀναίρεσιν
3128 594 3566 665 ἰσχυριζόμενος,
3605 594 3701 650 άτε
3750 595 3857 650 ἀπὸ

2287 682 2593 750 δυσκρίτων
2625 683 2736 737 τῶν
2765 684 3025 738 τοιούτων
3054 685 3223 738 ὄντων
3262 684 3515 755 θεμάτων
3561 686 3859 756 ἐπιχειρῶν

2281 775 2375 828 καὶ
2404 775 2512 829 οὐδ’
2540 777 2607 831 ἂν
2638 776 2801 839 αὐτὸς
2829 777 2970 831 κατά
2993 792 3052 828 τε
3080 776 3140 829 τὸ
3171 775 3319 839 εἰκὸς
3346 775 3530 839 καλῶς
3555 776 3856 845 κεκρικὼς,

2282 867 2508 931 εἰκότως
2536 869 2658 922 οὐδὲ
2693 869 2826 939 ἡμῖν
2869 868 3116 931 πιθανός.
3158 868 3399 921 Ἐκείνου
3437 867 3538 936 μὲν
3584 868 3678 921 ἐπὶ
3716 870 3853 922 πᾶσι

2279 957 2491 1021 τούτοις
2517 957 2925 1030 προσθήσομεν,
2959 959 3034 1022 ὡς
3091 959 3211 1012 οὐδὲ
3243 959 3343 1029 τὴν
3384 957 3480 1011 τοῦ
3547 957 3685 1011 Θεοῦ
3722 960 3859 1027 πρό-

2282 1066 2483 1118 γνωσιν
2536 1050 2896 1121 συναιροῦντα
2961 1052 3027 1122 τῇ
3062 1050 3160 1118 τῆς
3188 1049 3531 1120 εἱμαρμένης
3578 1048 3857 1119 ἀναιρέσει

2282 1140 2442 1209 λόγου
2468 1179 2483 1202 ,
2542 1139 2724 1204 καλῶς
2788 1140 3008 1194 λύουσιν
3058 1142 3107 1193 οἰ
3162 1140 3494 1211 πειρώμενοι
3555 1140 3857 1209 φάσκοντες

2282 1232 2374 1289 τὸν
2403 1231 2536 1288 Θεὸν
2575 1234 2896 1305 ὡρισμένως
2929 1232 2999 1287 τὰ
3033 1233 3266 1303 ἀόριστα
3295 1233 3588 1303 γινώσκειν
3615 1248 3630 1261 ο
3664 1234 3712 1287 εἰ
3750 1232 3854 1301 μέν

2284 1325 2394 1396 γὰρ
2449 1324 2511 1378 τὸ
2559 1325 2815 1395 ἀόριστον
2866 1326 3052 1395 σχέσις
3088 1342 3172 1388 τις
3202 1323 3332 1396 περὶ
3388 1323 3450 1377 τὸ
3496 1324 3801 1387 διπλάσιον,
3829 1322 3858 1375 6

2284 1417 2470 1486 σχέσις
2505 1414 2587 1481 ὸν,
2621 1414 2776 1469 τοῦδε
2823 1414 2923 1485 μὲν
2951 1413 3266 1482 διπλασίου,
3307 1413 3499 1485 ἐτέρου
3542 1412 3598 1467 δὲ
3636 1413 3696 1465 τὸ
3727 1412 3860 1465 αὐτὸ

2282 1507 2483 1580 ἣμισυ,
2518 1491 2648 1571 ἴσως
2699 1507 2925 1571 εἰκότως
2973 1508 3041 1562 ἂν
3092 1508 3184 1561 καὶ
3236 1507 3461 1561 ἐδόκουν
3512 1506 3693 1571 λέγειν
3725 1522 3773 1558 τι
3809 1505 3859 1557 οί

2281 1599 2426 1655 οὕτω
2463 1600 2738 1669 λέγοντες.
2786 1601 2939 1655 Ἐπεὶ
2962 1600 3018 1653 δέ
3048 1601 3208 1671 εἰπερ
3234 1617 3287 1653 τι
3316 1598 3444 1652 ἄλλο
3470 1596 3738 1652 ἀπόλυτον
3767 1598 3862 1650 καὶ

2281 1692 2341 1745 τὸ
2374 1694 2623 1765 ἀόριστον
2647 1694 3029 1764 παραπλήσιον
3052 1691 3118 1746 ἂν
3145 1690 3230 1763 εἴη
3260 1691 3321 1745 τὸ
3352 1691 3644 1760 λεγόμενον
3671 1689 3861 1759 ὥσπερ

2291 1785 2357 1837 ἂν
2381 1785 2472 1838 τὸν
2498 1784 2630 1838 Θεὸν
2660 1784 2901 1854 ἔφασκον
2953 1785 3047 1837 τὸν
3074 1783 3200 1854 βοῦν
3230 1785 3519 1853 ἄνθρωπον
3539 1782 3669 1836 ὄντα
3698 1781 3861 1850 γινώ-

596 1869 939 1940 πεπρωμένη
972 1870 1081 1939 ὅπη
1124 1870 1245 1925 ποθ’
1285 1871 1413 1942 ὑμῖν
1440 1871 2009 1943 εἰμιδιατεταγμένος.
2042 1872 2182 1942 Πρὸς
2211 1856 2257 1916 Β
2287 1894 2460 1943 σκειν,
2491 1878 2524 1948 ἢ
2576 1878 2667 1931 τὸν
2712 1879 3001 1949 ἄνθρωπον
3066 1878 3292 1947 ἀστέρα.
3322 1877 3457 1932 Ποία
3498 1870 3596 1935 ,οὖν
3635 1876 3859 1945 γνῶσις,

596 1959 656 2013 δὲ
693 1960 917 2024 τούτους
967 1963 1062 2024 καὶ
1092 1963 1375 2033 φαίνονται
1426 1965 1769 2035 ἁπανταχοῦ,
1812 1965 1881 2018 τὰ
1929 1965 2173 2034 δόγματα

596 2041 740 2100 εἶναι
763 2046 833 2101 τὰ
852 2050 1110 2105 κινοῦντα
1134 2054 1165 2122 ἡ
1175 2053 1281 2121 μᾶς
1304 2052 1680 2123 θρυλλοῦντες,
1716 2055 1812 2107 καὶ
1841 2055 1952 2117 τοῖς
1973 2054 2175 2125 μοχθη-

598 2138 716 2208 ροῖς
752 2138 826 2208 μὴ
862 2140 1212 2209 χαλεπαίνειν
1240 2143 1505 2209 ἀξιοῦσιν,
1538 2145 1635 2198 an
1670 2145 1778 2198 ὑπὸ
1815 2146 1920 2198 τῶν
1968 2146 2175 2216 δογμά-

595 2248 705 2284 των
729 2232 1200 2306 ἀναγκαζομένοις
1226 2239 1373 2291 κακά
1398 2239 1529 2310 δρᾷν
1556 2240 1651 2293 καὶ
1678 2240 1907 2295 ἄκουσιν
1936 2241 2178 2312 ἐξαμαρ-

593 2322 876 2379 τάνουσιν.
910 2326 971 2379 Εἰ
1006 2326 1118 2399 γάρ
1147 2329 1216 2381 τά
1242 2331 1490 2401 δόγματα
1523 2333 1672 2402 ἡμᾶς
1701 2337 1841 2387 κινεῖ
1862 2330 1927 2387 αὖ
1956 2335 2174 2407 ἀνάγκῃ

596 2416 773 2487 δήπου
808 2421 904 2472 καὶ
930 2423 1071 2474 κινεῖ
1095 2438 1110 2454 ο
1145 2424 1237 2476 καὶ
1269 2423 1495 2478 Πλάτων
1522 2425 1579 2478 δέ
1610 2426 1888 2496 πανταχοῦ
1924 2426 2171 2495 φαίνεται

510 2586 518 2592 ⁸
595 2510 695 2562 σὺν
745 2511 960 2584 ἀνάγκη
1006 2513 1106 2585 τὴν
1155 2515 1337 2588 ψυχὴν
1387 2517 1660 2586 αἱρεῖσθαι
1699 2518 1915 2573 ἄττ’ἆν·
1945 2518 2175 2589 αἱρῆται

593 2602 784 2669 ἀξιῶν.
816 2605 899 2659 Τά
926 2605 971 2659 δ’
1005 2608 1062 2660 ἐν
1107 2611 1219 2672 τοῖς
1270 2610 1464 2680 μύθοις
1527 2611 1693 2664 αὐτοῦ
1739 2611 1799 2663 ού
1846 2610 1953 2681 χρὴ
1999 2613 2074 2675 ὡς
2106 2610 2174 2664 δι’

594 2695 886 2762 ἀκριϐείας
916 2698 1134 2754 ἀπάντα
1159 2701 1431 2772 λεγόμενα
1459 2703 1643 2775 ζητεῖν
1664 2720 1678 2735 ο
1713 2705 1847 2758 ίδιον
1877 2704 1984 2772 γὰρ
2011 2702 2171 2756 τοῦτο

590 2784 702 2847 τῶν
735 2787 944 2855 μύθων,
980 2791 1055 2861 μὴ
1082 2792 1301 2849 ἅπαντα
1328 2794 1397 2848 δι’
1430 2796 1722 2866 ἀκριϐείας
1762 2794 1962 2863 λέγειν.
2007 2795 2174 2847 Οὐδέν

590 2894 674 2930 τοι
702 2874 867 2951 ἦττον
898 2883 1058 2936 κάκεῖ
1103 2886 1431 2954 ἑμφαίνεταί
1462 2904 1544 2951 τις
1595 2888 1811 2957 ἀνάγκη
1843 2888 2043 2957 ψυχαῖς
2072 2885 2174 2955 τῆς

593 2970 706 3023 τῶν
746 2970 879 3041 βίων
925 2976 1191 3046 αἱρέσεως
1215 2994 1228 3008 ’
1264 2981 1411 3033 κατά
1449 2981 1739 3052 συνήθειαν
1775 2982 1884 3049 γάρ
1909 2997 2042 3047 φησι
2075 2979 2170 3032 τοῦ

595 3064 864 3135 προτέρου
904 3066 1023 3134 βίου
1058 3070 1152 3123 καὶ
1180 3070 1303 3124 καθ’
1336 3072 1528 3144 είρμόν
1556 3089 1700 3126 τινα·
1739 3074 1787 3126 εἰ
1818 3072 1874 3126 δὲ
1908 3071 2034 3126 καθ’
2062 3070 2174 3139 είρ-

600 3164 721 3222 μον.
772 3158 884 3213 οὐδ’
917 3161 1048 3216 ἄνευ
1094 3164 1302 3228 αἰτίαςο
1347 3167 1446 3220 οὐκ
1489 3168 1618 3222 ἀνευ
1666 3166 1870 3233 αἰτίας,
1922 3167 2013 3220 καὶ
2072 3165 2170 3218 σὺν

2291 1972 2479 2040 ἕτερόν
2503 1990 2556 2024 τι
2588 1971 2713 2042 περί
2776 1975 2871 2025 τοῦ
2906 1971 3356 2042 γιγνωσκομένου
3390 1971 3422 2041 ἢ
3451 1973 3480 2026 ό
3523 1973 3641 2025 ἐστι
3688 1970 3749 2023 τὸ
3779 1985 3861 2034 γι⁴

2285 2063 2663 2130 γωσκόμενον
2682 2062 3013 2130 γιγνῶσκον;
3041 2061 3163 2114 Ἐτι
3190 2062 3354 2114 πᾶσιν
3374 2060 3723 2131 ὡμολόγηται
3747 2062 3861 2123 τοῖς

2291 2154 2497 2221 σοφοῖς,
2535 2153 2625 2205 τὸν
2654 2153 2789 2206 Θεὸν
2817 2153 3033 2208 ἅπαντα
3065 2153 3100 2208 ἃ
3121 2153 3268 2207 ποιεῖ
3295 2151 3649 2223 γιγνώσκειν.
3683 2152 3745 2205 Εἰ
3765 2150 3861 2204 οῦν

2287 2244 2365 2314 τῷ
2410 2248 2591 2315 ποιεῖν
2622 2245 2838 2299 ἅπαντα
2867 2245 3206 2316 ’γιγνώσκει,
3243 2245 3337 2299 καὶ
3377 2246 3548 2313 όρίζοι
3582 2245 3649 2299 ἂν
3687 2243 3861 2312 δήπου

2288 2333 2404 2389 ἄττ’
2433 2336 2500 2388 ἂν
2527 2337 2748 2389 ποιοῖτε
2776 2336 2871 2389 καὶ
2896 2336 3193 2404 γιγνώσκοι
3217 2336 3309 2390 καὶ
3334 2336 3487 2389 οὐδὲν
3511 2335 3578 2389 ἂν
3609 2332 3863 2404 ἀόριστον

2287 2429 2370 2498 εῐη
2406 2420 2480 2479 ὧν
2530 2427 2597 2482 ἂν
2628 2428 2791 2491 αὐτὸς
2820 2429 2929 2482 εῖτε
2962 2427 3186 2496 ἀμέσως
3217 2427 3327 2480 εῖτε
3379 2426 3470 2480 διά
3500 2426 3686 2495 μέσων
3715 2427 3863 2477 ποιοῖ

2286 2538 2346 2573 τε
2378 2521 2473 2574 καὶ
2503 2519 2800 2588 γιγνώσκοι
2823 2537 2836 2551 ⁸
2868 2519 3095 2573 ἅπαντα
3115 2519 3158 2572 δ’
3192 2519 3259 2573 ἂν
3303 2518 3476 2572 ὁπόσα
3507 2516 3716 2586 ἀγαθοῦ
3739 2516 3864 2586 ἔχη-

2286 2628 2376 2663 ται
2417 2611 2561 2663 ποιεῖ
2587 2628 2646 2663 τε
2694 2610 2788 2663 καὶ
2834 2609 3155 2679 γιγνώσκει,
3189 2609 3238 2661 εί
3272 2608 3459 2679 μέλλοι
3493 2608 3570 2679 μὴ
3600 2606 3859 2676 κόλουρος

2295 2702 2395 2766 ὢν,
2426 2701 2590 2756 αὐτοῦ
2619 2704 2653 2773 ἦ
2685 2720 2743 2756 τε
2780 2704 3007 2771 πρόνοια
3029 2702 3367 2774 ληφθήσεται
3398 2702 3491 2755 καὶ
3520 2701 3741 2765 γνῶσις.
3778 2700 3859 2751 Τὰ

2286 2792 2343 2845 δὲ
2383 2793 2527 2845 κακά
2561 2791 2655 2847 ἀτε
2686 2793 2776 2846 τοῦ
2796 2792 2944 2857 ὄντος
2964 2791 3090 2849 ὄντα
3117 2792 3414 2859 ἀπτώσεις,
3449 2791 3559 2845 066'
3583 2791 3649 2844 ἂν
3684 2790 3862 2854 αἰτίας

2286 2886 2843 2958 δέοιτο.⁶ὪστόύδἸἂν
2869 2889 2897 2941 ό
2925 2887 3056 2951 Θεὸς
3081 2886 3159 2954 τῷ
3180 2888 3281 2956 τῆς
3306 2888 3388 2949 είς
3427 2887 3701 2955 τῶσχατον
3731 2900 3865 2953 προ-

2287 2979 2438 3041 νοίας
2469 2995 2527 3031 τε
2568 2978 2662 3031 καί⁵
2692 2979 3042 3049 εἱμαρμένης
3071 2979 3216 3048 λόγῳ
3249 2977 3318 3048 τῇ
3367 2975 3574 3031 τούτων
3623 2975 3865 3045 ἐνέχοιτο

2290 3070 2459 3140 αἰτία.
2493 3070 2583 3123 Σοὶ
2600 3069 2820 3123 τοσαῦθ’
2848 3071 3009 3141 ἡμεῖς
3027 3073 3083 3133 ἐς
3109 3070 3179 3124 τά
3205 3069 3530 3141 ἠπορημένα
3562 3067 3865 3138 συμϐαλλό-

2296 3160 2455 3230 μεθα,
2490 3160 2653 3215 ἱκανά
2676 3161 2741 3230 δὴ
2780 3161 2936 3231 ἀνδρὶ
2962 3161 3059 3232 οἴῳ
3088 3177 3198 3232 περ
3220 3161 3326 3218 σοί.

1468 3458 1868 3512 ΔΠΟΚΡΙΣΙΣ
1900 3458 2086 3512 ΓΕΜΙ
2094 3459 2141 3511 Σ
2149 3461 2223 3514 ID
2236 3460 2283 3513 Υ
2302 3460 2502 3514 ΠΡΟΣ
2538 3458 3023 3514 ΒΗΣΣΑΡΙΩΝΑ.

685 3594 903 3667 Ἐπειδὴ
973 3595 1067 3649 καὶ
1122 3566 1445 3667 μαρτυριῶν
1497 3595 1609 3649 δέοι
1666 3596 1804 3661 πρὸς
1860 3595 1929 3649 τά
1974 3611 2177 3665 ’προγε⁶
2206 3596 2251 3660 C
2284 3596 2536 3668 ἀλλήλοιν
2568 3597 2844 3667 όμωνύμω
2884 3594 3055 3652 ἐστίν.
3096 3596 3268 3667 ’Υπὲρ
3299 3597 3356 3651 δέ
3388 3598 3482 3651 τοῦ
3531 3599 3629 3668 τῆς
3660 3599 3858 3670 εἱμαρ-

612 3690 897 3758 γραμμένα
926 3707 1010 3743 σοι
1041 3689 1182 3757 ὑπὲρ
1221 3688 1321 3759 μὲν
1351 3689 1480 3759 περὶ
1505 3688 1618 3742 τῶν
1647 3688 1740 3743 τοῦ
1781 3689 2178 3759 αύτοπαραγώ-

613 3794 708 3847 γου
740 3796 830 3849 μοι
856 3778 1170 3851 εἰρημένων
1198 3778 1298 3833 οὐκ
1346 3779 1412 3834 ἂν
1440 3778 1624 3847 ἔχοιμί
1654 3796 1739 3832 σοι
1772 3779 2083 3849 μαρτυρίαν
2112 3779 2176 3847 δή

602 3885 722 3922 τινα
769 3869 1145 3939 παρασχέσθαι
1166 3883 1185 3900 ⁸
1209 3869 1270 3922 o6
1295 3872 1402 3938 γὰρ
1438 3868 1714 3932 ούδάύτὸς
1745 3869 1840 3941 ὅλῃ
1874 3868 2070 3940 γνώμῃ
2098 3870 2179 3922 εῖ-

598 3944 818 4032 ρηκαδ
867 3961 1071 4033 εἴρηκα
1097 3974 1113 3990 ⁶
1149 3960 1286 4015 ἀλλὰ
1327 3959 1585 4015 τοσοῦτον
1626 3961 1788 4032 μόνον
1840 3960 2176 4026 ἐνδείξασθαι

599 4054 949 4126 βουλόμενος,
983 4055 1067 4108 ὅτι
1110 4054 1161 4107 εἰ
1193 4052 1339 4107 οὕτω
1388 4053 1665 4121 τιθέμενοι
1697 4053 1907 4122 λέγοιεν
1955 4053 2016 4108 τὸ
2044 4052 2177 4109 αὐτὸ

595 4146 933 4217 παράγωγον
956 4145 1008 4198 οἱ
1037 4144 1313 4214 λέγοντες,
1346 4145 1445 4197 οὐκ
1472 4143 1539 4197 ἂν
1571 4143 1633 4213 δὴ
1672 4144 1829 4198 αύτοί
1866 4144 2049 4208 αὐτοῖς
2078 4162 2176 4199 πε-

596 4238 937 4311 ριπίπτοιεν.-
981 4236 1156 4307 ’Υπὲρ
1187 4238 1243 4290 δέ
1294 4234 1390 4290 τοῦ
1449 4235 1720 4306 μεθεκτοῦ
1774 4236 1850 4299 ὡς
1901 4236 2172 4307 πλεοναχῆ

593 4332 814 4399 λέγεται
843 4329 907 4383 τὸ
945 4328 1233 4398 μεθεκτὸν,
1271 4328 1548 4396 ἀνάγνωθι
1599 4327 1690 4380 τὸν
1744 4328 2029 4389 Πλάτωνος
2071 4330 2173 4400 μὲν

590 4421 1009 4492 Παρμενίδην·
1044 4420 1299 4490 εὑρήσεις
1344 4420 1454 4490 γὰρ
1518 4420 1638 4473 ἐκεῖ
1693 4418 2017 4489 ἀμφοτέρας
2072 4420 2173 4484 τὰς

593 4516 841 4584 μεθέξεις
875 4517 934 4567 ἐν
957 4515 1022 4583 τῇ
1063 4513 1172 4566 τῶν
1199 4513 1327 4585 τῇδε
1357 4512 1494 4583 πρὸς
1519 4515 1589 4567 τὰ
1623 4513 1790 4583 νοητά
1819 4513 1936 4583 εἴδη
1979 4529 2172 4566 κοινω-

577 4609 822 4680 νίᾳ,καί
851 4609 951 4677 τὴν
1003 4607 1125 4677 μὲν,
1172 4605 1250 4672 ὡς
1307 4606 1546 4676 μάλιστα
1597 4604 2166 4677 ἀποδοκιμαζομένην,

584 4704 686 4775 τὴν
720 4703 765 4755 δ’
802 4703 879 4765 ὡς
909 4703 1139 4774 ἥκιστα,
1166 4700 1266 4771 τὴν
1315 4701 1438 4753 κατ’
1474 4702 1656 4754 αἰτίαν
1688 4700 1753 4771 δὴ
1798 4701 1856 4752 ἐν
1890 4695 1972 4761 οἷς
2005 4718 2164 4770 φησι,

582 4793 655 4847 τά
684 4793 784 4864 μὲν
806 4792 921 4861 εῖδη
949 4791 1129 4846 ταῦτα
1158 4790 1311 4845 ὥσπε
1322 4808 1354 4860 ρ
1380 4790 1805 4861 παραδείγματα
1840 4791 2066 4845 ἑστάναι
2108 4793 2167 4844 ἐν

583 4889 653 4957 τῇ
686 4885 869 4956 φύσει,
912 4884 982 4937 τὰ
1031 4884 1077 4936 δ’
1129 4883 1266 4937 ἀλλα
1310 4883 1523 4946 τούτοις
1587 4884 1857 4939 ἐοικέναι⁴
1879 4885 1971 4937 καὶ
2021 4880 2162 4938 εἶναι

585 4977 953 5048 ὁμοιώματα,·
994 4977 1088 5029 καὶ
1122 4976 1155 5047 ἡ
1188 4975 1428 5045 μέθεξις,
1459 4975 1596 5047 αὕτη
1621 4977 1735 5039 τοῖς
1764 4975 1948 5040 ἄλλοις
1976 4977 2165 5045 γίγνε-

591 5068 719 5122 σθαι
765 5069 875 5121 τῶν
924 5069 1084 5123 εἱδῶν
1110 5069 1209 5121 οὐκ
1239 5068 1371 5139 άλλη
1402 5084 1487 5132 τις
1520 5068 1553 5139 ἥ
1586 5069 1911 5140 εἰκασθῆναι
1942 5069 2126 5133 αὐτοῖς
2154 5086 2166 5099 ο

581 5160 822 5216 ἐνταῦθα
849 5161 960 5230 γὰρ
989 5158 1114 5214 κατ’
1147 5161 1325 5215 αἰτίαν
1353 5161 1446 5213 καὶ
1476 5163 1682 5231 ταύτην
1731 5162 1829 5232 τὴν
1870 5163 2168 5232 παραδειγ-

587 5251 832 5320 ματικὴν
860 5251 956 5304 καὶ
983 5252 1045 5305 06
1092 5250 1193 5319 τὴν
1235 5253 1356 5305 κατ’
1391 5251 1676 5322 ἐμπλοκὴν
1728 5252 1949 5322 μέθεξιν
1990 5254 2162 5307 καλεῖ.

584 5344 721 5414 Περὶ
758 5342 815 5396 δὲ
844 5343 946 5416 τῆς
970 5342 1066 5397 τοῦ
1098 5344 1251 5405 ὄντος
1275 5343 1598 5413 ὁμωνυμίας
1627 5346 1700 5412 μή
1736 5362 1794 5397 σε
1822 5345 2162 5414 ταραττέτω,

581 5437 643 5489 τὸ
670 5435 740 5489 τά
769 5436 899 5507 τῇδε
932 5439 1040 5499 τοῖς
1073 5438 1286 5507 νοητοῖς
1324 5436 1595 5507 ὁμώνυμα
1629 5435 1922 5504 λέγεσθαι·
1944 5416 2019 5489 ‘06
2053 5437 2161 5507 γὰρ

581 5528 632 5580 εἱ
660 5528 789 5597 τῇδε
824 5526 1115 5597 ἄνθρωπος
1142 5527 1220 5597 τῷ
1241 5527 1418 5597 νοητῷ
1447 5526 1737 5596 ὁμώνυμος
1797 5527 1919 5581 καθ’
1949 5528 1977 5580 ὂ
1996 5529 2163 5597 ἄμφι)

576 5619 876 5690 ἀνθρώπω,
898 5620 1006 5691 ᾔδη
1042 5606 1270 5691 ἀνάγκη
1299 5622 1392 5674 καὶ
1426 5620 1554 5674 ὄντα
1582 5619 1852 5690 ὁμώνυμα
1884 5616 2024 5673 εἶναι
2049 5636 2062 5651 ⁸
2099 5623 2158 5674 06

580 5709 824 5779 γάρούδ’
858 5711 907 5762 εἰ
936 5712 963 5763 ό
996 5710 1287 5773 θαλάττιος
1320 5709 1469 5762 κύων
1499 5709 1577 5779 τῷ
1603 5711 1842 5780 χερσαίῳ
1871 5711 2160 5781 ὁμώνυμος

574 5800 698 5857 καθ’
732 5802 914 5856 ὂκόνε
969 5802 1135 5873 ἄμφω
1167 5801 1474 5866 καλεῖσθαι,
1526 5802 1623 5870 ἥδη
1664 5804 1756 5854 καὶ
1813 5803 1936 5868 ζώω
1988 5803 2158 5855 τεύξω

2285 3687 2453 3757 μένης
2485 3686 2646 3755 λόγου
2675 3687 2934 3757 οὐδεμίαν
2963 3686 3131 3756 άλλην
3146 3703 3247 3747 ,σοι
3293 3688 3603 3758 παρέξομαι
3651 3706 3860 3760 μαρτυρ

2282 3779 2404 3847 ρίαν
2433 3780 2462 3838 ᾗ
2497 3778 2596 3849 τὴν
2643 3779 2812 3833 αὐτοῦ
2860 3778 3170 3842 Πλάτωνος,
3222 3779 3442 3849 ἐκείνην
3494 3777 3594 3850 τὴν
3636 3781 3702 3833 ἐκ
3756 3780 3859 3849 τῆς

2292 3870 2697 3938 Ἐπινομίδος.
2742 3871 2806 3924 Ἦ
2830 3870 2977 3940 ψυχὴ
3006 3870 3062 3923 δέ
3100 3870 3349 3940 ἀνάγκην
3381 3864 3476 3923 οῦν
3511 3870 3857 3941 κεκτημένης

2278 3960 2508 4016 ἁπασῶν
2536 3960 2794 4030 ἀναγκῶν
2814 3960 2951 4016 πολὺ
2978 3961 3210 4031 μεγίστη
3238 3961 3468 4029 γίγνοιτ’
3493 3959 3582 4014 ἄν’
3611 3961 3855 4031 ἄρχουσα

2276 4054 2409 4121 γάρ,
2438 4050 2556 4106 ἀλλ’
2576 4052 2678 4105 οὐκ
2704 4052 2986 4124 ἀρχομένη
3013 4051 3314 4120 νομοθετεῖ.
3343 4051 3416 4105 Τὸ
3436 4051 3491 4105 δέ
3512 4052 3859 4121 ἀμετάστρο-

2277 4162 2396 4213 φον,
2427 4145 2555 4198 ὅταν
2595 4143 2742 4214 ψυχὴ
2775 4143 2837 4197 τὸ
2875 4144 3096 4215 ἄριστον
3144 4143 3284 4197 κατά
3316 4143 3408 4197 τὸν
3454 4143 3681 4214 ἄριστον
3729 4143 3859 4215 βου»

2273 4238 2537 4307 λεύσηται
2590 4235 2741 4303 νοῦν,
2768 4236 2953 4290 τέλεον
2983 4236 3227 4291 ἐκϐαίνει
3276 4236 3353 4306 τῷ
3384 4235 3499 4290 ὄντι
3555 4238 3696 4291 κατὰ
3730 4236 3856 4292 νοῦν

2272 4331 2367 4385 καὶ
2398 4328 2553 4383 οὐδὲν
2587 4329 2800 4399 ἀδάμας
2837 4329 2905 4381 ἃν
2975 4326 3142 4382 αὐτοῦ
3181 4331 3452 4399 κρεῖττον,
3481 4329 3604 4382 ούδέ
3646 4330 3854 4396 ἀμετα-

2273 4422 2645 4494 στροφώτερον
2670 4421 2736 4476 ἄν
2756 4438 2885 4475 ποτε
2907 4421 3137 4491 γένοιτο·
3158 4421 3292 4474 ἀλλὰ
3314 4420 3484 4485 ὄντως
3498 4422 3646 4490 τρεῖς
3666 4424 3855 4492 μοῖραι
3914 4422 3923 4433 “

2271 4515 2581 4585 κατέχουσα
2613 4514 2947 4584 φυλάττουσι
2968 4512 3152 4568 τελέον
3179 4507 3319 4566 εῖναι
3348 4513 3410 4565 τὸ
3437 4511 3703 4585 βελτίστῃ,
3728 4512 3853 4583 βουο

2271 4607 2339 4676 λῇ
2369 4605 2797 4677 βεϐουλευμένον
2820 4605 3068 4659 ἑκάστων
3088 4603 3247 4658 θεῶν.
3267 4600 3423 4657 Οὕτω
3447 4588 3641 4657 πολλοῦ
3661 4602 3854 4657 δέουσα

2268 4698 2368 4764 τῆς
2412 4694 2509 4749 τοῦ
2552 4696 2845 4760 Πλάτωνος
2875 4694 3094 4767 ἔχεσθαι
3128 4695 3369 4758 διανοίας
3405 4694 3456 4747 οἰ
3484 4693 3853 4767 τεθηλυμένης

2268 4790 2450 4861 ψυχῆς
2476 4790 2576 4859 τὴν
2608 4788 2707 4858 τῆς
2736 4789 3078 4860 εἱμαρμένης
3127 4784 3269 4842 εἶναι
3311 4787 3470 4853 δόξαν
3516 4788 3842 4858 φάσκοντες,

2270 4881 2346 4934 ὅτ’
2396 4882 2604 4943 ἐκεῖνος
2656 4882 2722 4950 τῇ
2793 4879 3181 4952 φρονιμωτάτῃ
3237 4878 3382 4951 ψυχῇ
3438 4879 3536 4950 τὴν
3588 4877 3854 4948 μεγίστην

2272 4972 2529 5040 ἀναγκῶν
2579 4972 2908 5040 ἐπιτίθησιν.
2949 4970 3090 5023 Ἀλλ’
3127 4970 3257 5035 ἴσως
3307 4971 3519 5041 οἰηθείη
3569 4971 3636 5024 ἄν
3660 4987 3744 5031 τις
3778 4972 3852 5039 μή

2271 5066 2366 5118 καί
2397 5066 2462 5135 τῇ
2495 5062 2691 5135 ἄφρονι
2714 5063 2859 5135 ψυχῇ
2893 5064 3140 5134 ἀνάγκην
3168 5062 3331 5117 αὐτόν
3362 5079 3510 5125 τινος
3534 5063 3843 5117 ἐκτιθέναι*

2270 5157 2409 5211 ἀλλά
2460 5156 2556 5210 καὶ
2587 5159 2719 5228 περὶ
2773 5158 2874 5227 τῆς
2932 5157 3191 5234 τοιαύτης
3224 5157 3384 5227 δῆλός
3419 5159 3538 5209 ἐστι
3564 5175 3571 5182 ’
3598 5155 3667 5207 Π)
3681 5154 3844 5221 άτων,

2267 5249 2552 5319 πανταχοῦ
2585 5249 2725 5320 βοῶν
2749 5266 2809 5302 τε
2843 5252 2938 5304 καὶ
2958 5249 3361 5318 διατεινόμενος
3394 5248 3469 5311 ὡς
3496 5244 3670 5311 οὐδείς
3698 5247 3841 5300 ἐκὼι

2267 5344 2458 5410 κακὸς,
2492 5342 2608 5396 ἀλλ’
2642 5343 2870 5404 ἄκοντες
2920 5343 2970 5394 οί
3006 5344 3166 5395 κακοὶ
3192 5339 3354 5394 κακοὶ
3390 5340 3675 5407 γίγνονται
3713 5341 3841 5407 ἐξατ

2273 5436 2639 5507 μαρτάνοντες
2656 5451 2672 5464 ·
2694 5435 2742 5486 εἰ
2768 5434 2815 5488 δ’
2832 5434 3080 5497 ἄκοντες,
3105 5431 3306 5502 δηλαδὴ
3332 5431 3415 5484 ὅτι
3445 5432 3539 5485 καὶ
3573 5430 3665 5484 ὑπ’
3688 5432 3855 5498 ἀνάγ-

2269 5545 2372 5597 κης
2407 5527 2572 5588 τινός.
2614 5526 2818 5579 Ἐκεῖνο
2853 5525 3036 5594 μέντοι
3078 5521 3153 5591 μὴ
3185 5522 3246 5573 σὲ
3304 5519 3640 5583 λανθανέτω,
3675 5519 3703 5571 ὂ
3753 5523 3852 5575 καὶ

2270 5620 2396 5681 τοὺς
2429 5618 2662 5681 πολλοὺς
2697 5616 2923 5691 λεληθὸς
2955 5613 3160 5683 σφόδρα
3188 5612 3478 5682 ταράττει·
3510 5612 3584 5675 ὡς
3617 5612 3714 5666 ἕνα
3748 5614 3850 5682 μὲν

2258 5713 2471 5781 τρόπον
2501 5711 2713 5781 ἀνάγκη
2748 5710 2971 5778 λέγεται
3004 5709 3125 5762 καθ’
3171 5708 3238 5779 ἢν
3282 5708 3391 5761 πᾶν
3429 5707 3491 5762 τὸ
3532 5708 3607 5779 μὴ
3632 5708 3848 5778 ἐνδεχό·

2270 5820 2431 5872 μενον
2471 5803 2644 5866 ἄλλως
2706 5808 2854 5872 σχεῖν
2911 5803 3205 5869 ἀναγκαῖον
3252 5799 3499 5868 λέγεται.
3532 5800 3759 5872 Ἕτερον
3803 5798 3853 5852 δ’
