4136 6408
488 355 515 414 7
528 356 595 416 3‘)

1466 356 1969 420 BESSARIONIS
2011 356 2070 416 s.
2116 355 2186 415 Β.
2235 354 2306 417 Ε.
2346 318 2811 412 οΑιιοιΝᾹιιε

3648 346 3756 410 740

493 470 721 533 πολλοὺς
755 468 948 535 ἄλλους
979 470 1085 523 τῶν
1128 469 1324 541 ἡρώων
1357 472 1606 545 ἐκείνων,
1637 474 1867 544 ποιῆσαι
1916 474 2062 528 ἀπα·
2092 478 2137 534 Α
2169 471 2301 542 φυίᾳ
2335 470 2474 531 σωᾶς
2505 468 2805 537 ἀπορῥήτφ
2834 466 2923 519 καί
2951 465 3097 536 δεινῇ
3129 466 3403 539 ξυμφορᾷ,
3436 469 3559 540 ἥτις
3582 469 3754 541 ἄρδην

495 564 613 634 θείᾳ
649 561 742 614 καὶ
769 560 1042 629 ἐπιεικείᾳ
1066 559 1489 631 ἡγλαῖσμένους,
1524 562 1974 634 μεγαλοπρεπείᾳ
2006 581 2065 617 τε

491 654 588 708 καὶ
630 652 894 723 πραότητι
938 652 1032 705 καὶ
1065 655 1131 723 τῇ
1163 654 1298 722 πρὶς
1326 654 1425 717 τὰς
1452 656 1719 727 ἐπηρείας
1769 655 1865 711 καὶ
1901 656 2067 727 βλασ-

491 745 701 814 φημέας
760 744 1080 815 δυσκινησίᾳ
1124 746 1220 799 καὶ
1267 749 1553 819 καρτερίᾳ.
1609 747 1829 801 Βεὸαιοῖ
1876 764 1968 817 μοι
1998 748 2067 801 τὰ

490 836 758 908 εἰρημένα
812 836 848 890 ἃ
893 838 1095 899 πάντες
1150 838 1329 891 ῐσασιν
1379 839 1782 911 εὐφημοῦντες,
1815 841 1912 894 καὶ
1964 840 2063 911 οὐχ

489 933 695 1002 ἥκιστα
716 931 924 984 τούτων
950 921 1013 983 οὗ
1048 930 1276 1001 ἔναγχος
1303 933 1331 985 ὁ
1352 916 1509 1002 λόγος
1543 933 1938 1004 ἐμνήσθη,”τὴν
1966 934 2064 987 τοῦ

491 1021 685 1092 ἀνδρὸς
716 1022 1021 1076 ἐπιείκειαν
1066 1026 1161 1078 καὶ
1191 1024 1576 1095 μακροθυμίαν
1623 1026 1811 1096 ὐμνῶν
1850 1028 1943 1079 καὶ
1982 1025 2067 1090 ὡς

492 1116 641 1180 εἰκὸς
674 1119 786 1179 τοῖς
822 1118 1067 1180 ἐπαίνοις
1096 1117 1348 1185 ἀγάλλων
1380 1116 1474 1171 καὶ
1509 1100 1647 1189 πρός
1680 1118 1888 1181 πάντας
1924 1119 2067 1184 διεξ-

488 1206 608 1271 ιὼν,
638 1208 732 1260 καὶ
766 1207 1061 1278 διαρρήδην
1120 1206 1430 1278 κηρύττων,
1462 1209 1717 1274 πλείονας
1758 1211 1927 1265 αὐτοῦ
1968 1211 2066 1282 τῆς

483 1299 688 1370 ἀρετῆς
740 1299 1123 1370 ἐξαρτώμενος
1179 1299 1418 1369 ἐραστάς
1460 1317 1518 1353 τε
1570 1301 1664 1353 καὶ
1716 1300 2062 1369 θαυμαστὰς,

485 1395 589 1462 τήν
623 1411 680 1446 τε
717 1393 997 1463 εὐφημίαν
1029 1394 1125 1445 καὶ
1171 1398 1297 1455 τοὺς
1342 1394 1604 1456 ἐπαίνους
1650 1392 1931 1457 ἐκτείνων,
1968 1392 2065 1446 καὶ

485 1484 840 1555 παράδειγμα
891 1485 1168 1554 προτιθεὶς
1200 1484 1520 1551 εὐδαίμονος
1565 1484 1683 1555 βίου
1718 1483 1808 1537 καὶ
1850 1482 2062 1552 σώφρο-

484 1592 598 1639 νος,
631 1575 727 1627 καὶ
774 1576 887 1636 τοῖς
937 1575 1187 1638 παλαιοῖς
1239 1575 1470 1636 ἐκείνοις
1511 1574 1605 1628 καὶ
1640 1575 1937 1645 μακαρίοις
1965 1578 2060 1628 ἀν-

481 1670 671 1739 δράσιν
712 1667 1001 1740 ἐγκρίνων.

561 1805 724 1861 Ἀλλά
756 1803 967 1875 μήποτε
1026 1803 1092 1858 τά
1144 1804 1242 1875 μὲν
1275 1803 1412 1859 ἄλλα
1457 1804 1914 1878 πλεονεκτήματα
1960 1807 2057 1861 καὶ
2091 1823 2133 1885 Β

478 1899 577 1962 τὰς
610 1898 812 1969 ἀρετὰς
841 1895 1099 1965 ἐπιμελὲς
1125 1894 1273 1967 αὐτῷ
1307 1897 1522 1965 ἐγένετο
1553 1898 1921 1969 κατορθῶσαι,
1956 1916 2059 1952 σω-

486 1987 757 2061 φροσύνης
787 1988 843 2041 δέ
873 2005 950 2057 πη
974 1989 1067 2045 καὶ
1096 1988 1455 2060 κοσμιότητος
1478 1987 1801 2059 ὠλιγώρησε
1836 1990 1935 2061 τῆς
1967 1992 2061 2044 ἀν-

484 2082 780 2154 θρωπίνοις
806 2080 922 2151 (70)
956 2082 1191 2150 μάλιστα
1217 2080 1604 2151 προσηκούσης
1633 2094 1645 2109 ο
1678 2081 1711 2152 ἢ
1738 2083 2057 2153 περιείληφε

485 2177 586 2245 μὲν
613 2174 892 2243 κάκείνην,
919 2172 1177 2243 ἀμυδρῶς
1203 2171 1248 2224 δ’
1279 2172 1449 2243 αὐτῆς
1483 2172 1843 2244 μετέσχηκεν,
1868 2172 2057 2243 ὥσπερ

478 2266 604 2330 τοὺς
638 2268 869 2330 πολλοὺς
906 2266 1124 2341 ὁρῶμεν
1153 2266 1444 2329 ποιοῦντας
1482 2267 1589 2320 τῶν
1619 2285 1682 2337 γε
1707 2268 1804 2322 νῦν
1839 2270 2057 2338 περιόν-

480 2373 590 2415 των
626 2362 720 2416 καὶ
752 2360 895 2427 μέγα
923 2357 1265 2429 φρονούντων
1299 2358 1387 2411 ἐπ’
1415 2360 1608 2430 ἀρετῇ,
1643 2359 1692 2412 οἳ
1722 2361 1930 2423 πάντας
1960 2362 2057 2432 ρᾳ-

480 2455 609 2519 δίως
638 2451 980 2517 κολούουσιν,
1012 2450 1372 2522 ὑπερηφανίᾳ
1402 2450 1749 2522 ἐνισχημὲνοι
1791 2452 1937 2523 δεινῇ
1963 2452 2055 2504 καὶ

478 2544 829 2617 ἀμϐλυωπίᾳ,
864 2542 958 2595 τοῦ
981 2543 1186 2611 γνῶναι
1218 2544 1357 2612 σφᾶς
1395 2543 1593 2606 αὐτοὺς
1629 2542 1850 2609 dimov;
1893 2543 2055 2597 Ἀλλά

479 2643 579 2695 κάν
606 2638 783 2709 τούτῳ
824 2639 932 2689 τίνι
966 2636 1167 2705 μᾶλλον
1200 2636 1361 2688 αὐτοῦ
1398 2635 1658 2703 ἐπιμελὲς
1708 2636 1930 2703 ἐγένετο
1958 2652 2053 2688 κο-

480 2732 750 2803 σμιότητα
782 2727 1114 2798 κτήσασθαι,
1154 2726 1573 2796 ἐλευθεριότητα
1602 2744 1660 2779 τε
1708 2730 1801 2778 καὶ
1830 2728 2055 2798 μετριό-

478 2843 637 2897 τητα,
693 2823 961 2892 ἀκρασίας
1008 2821 1190 2890 πάσης
1217 2819 1549 2889 ὑπεριδόντι,
1574 2819 1771 2902 τῶν-τε
1798 2821 1895 2889 τῆς
1924 2819 2054 2891 ὕλης

479 2919 794 2986 θελγήτρων
833 2914 924 2965 καὶ
968 2912 1170 2982 ἡδονῶν
1226 2912 1318 2964 καὶ
1365 2912 1463 2980 τῆς
1509 2913 1749 2983 ἀρρήτου
1797 2914 2056 2984 γοητείας

478 3011 573 3064 καὶ
594 3008 701 3061 τῶν
728 3005 933 3073 ἰύγγων
978 3004 1172 3072 αὐτῆς,
1199 3004 1284 3071 ἐφ’
1316 2997 1396 3064 οἷς
1422 3003 1470 3054 οί
1508 3002 1724 3066 πλείους
1757 3004 2054 3075 ἐπτόηνται

479 3102 571 3153 καὶ
600 3099 1004 3167 προστετήκασι
1037 3095 1352 3164 κεχηνότες,
1383 3096 1553 3165 μόνην
1585 3094 1937 3165 εὐδαιμονίαν
1958 3095 2053 3165 τὴν

477 3194 682 3247 τούτων
738 3189 1038 3244 ἀπόλαυσιν
1083 3187 1447 3257 λογιζόμενοι,
1492 3189 1561 3241 τὰ
1613 3189 1656 3240 δ’
1689 3189 1825 3244 ἄλλα
1874 3192 2051 3247 πάντα
2083 3179 2131 3238 D

478 3285 689 3354 κούφην
724 3284 917 3346 madv;
953 3278 1071 3333 Τίνι
1103 3278 1149 3331 δ’
1182 3278 1357 3341 οὕτως
1399 3279 1633 3351 ἐμέλησε
1670 3282 2051 3352 μετριότητθῖν

475 3379 649 3446 τύφου
690 3375 889 3436 παντὸς
929 3374 1022 3427 καὶ
1049 3372 1206 3442 δόξης
1238 3372 1548 3442 ὑπεριδόντι
1576 3374 1763 3442 κενῆς,
1813 3375 1953 3447 ὑπὲρ
1986 3371 2054 3446 ἧς

477 3472 610 3523 ἔνιοι
642 3467 784 3520 πάνυ
830 3465 923 3519 τοῦ
955 3465 1015 3518 εὖ
1049 3465 1266 3536 ἔχοντος
1298 3465 1683 3537 ἀπηνέχθησαν
1733 3468 1828 3520 καὶ
1882 3468 2055 3522 πλείω

475 3565 610 3618 ἅττα
645 3563 798 3631 παρὰ
855 3559 914 3612 τὸ
968 3558 1087 3611 δέον
1141 3555 1481 3611 διανοοῦνται
1538 3559 1631 3612 καὶ
1684 3559 1904 3628 λέγουσι
1956 3563 2052 3619 καὶ

477 3654 714 3715 ποιοῦσι,
753 3653 1029 3722 βαίνοντες
1057 3652 1291 3706 κατόπιν
1331 3653 1490 3715 σκιᾶς
1521 3652 1553 3722 ἢ
1590 3652 1919 3721 μεθέποντες
1948 3655 2051 3707 αύ-

476 3747 573 3815 τὴν
607 3745 912 3813 σφαλερῶς,
952 3742 1141 3796 άλλοτε
1178 3742 1346 3813 άλλης
1381 3742 1644 3810 δοκούσης
1691 3745 1784 3797 καὶ
1811 3746 1936 3808 τοὺς
1966 3762 2052 3798 τε·

473 3838 711 3907 τηκότας
741 3836 879 3904 αὐτῇ
918 3834 1114 3906 ῥαδίως
1141 3831 1536 3905 ὲξαπατώσηςῖ

558 3946 1034 4016 Ἐλευθεριότητος
1063 3945 1121 3998 δέ
1153 3944 1281 4015 πέρι
1315 3945 1540 4016 ἀρκέσει
1573 3945 1843 4015 δήπουθεν
1884 3942 1959 4003 ὧν
1988 3949 2048 4001 ἐν

472 4039 585 4101 τοῖς
610 4037 723 4091 ἀνω
751 4037 933 4101 λόγοις
956 4034 1260 4105 ἐμνήσθην,
1288 4034 1380 4088 τοῦ
1412 4035 1571 4104 λόγου
1600 4037 1903 4107 ἀρχόμενος
1955 4040 2050 4093 καὶ

473 4134 585 4193 τοῖς
613 4128 913 4197 ἐγκωμίοις
941 4128 1264 4197 ἐπιχειρῶν.

556 4237 785 4306 ’Λρετῆς
828 4234 927 4305 μὲν
980 4233 1073 4287 οῦν
1122 4234 1251 4306 πέρι
1302 4234 1476 4299 οὔτως
1508 4239 1640 4307 ἡμῖν
1696 4240 1724 4291 ὁ
1772 4218 2047 4305 θειότατος

474 4329 586 4397 ἔχει
609 4329 874 4397 δεσπότης
927 4327 1006 4396 τῷ
1060 4327 1197 4382 δντι.
1254 4328 1448 4382 Καίτοι
1506 4332 1681 4401 μυρία
1732 4331 1827 4385 τοῦ
1854 4332 2048 4403 ἀνδρὸς

474 4420 699 4489 παρῆκα
730 4420 1203 4488 πλεονεκτήματα,
1236 4420 1478 4490 ἀτεχνῶς
1520 4422 1614 4476 τὸν
1659 4422 1827 4495 ἄνδρα
1859 4424 2049 4495 ἠδικη-

2173 566 2391 619 ἀπαντα
2424 562 2690 631 ἀνέτρεψε
2737 558 2835 612 καὶ
2881 558 3159 631 διέφθειρε
3202 560 3459 626 καθάπαξ
3498 562 3754 630 ἐξαφανί-

2173 673 2314 710 σασα
2363 654 2460 709 καὶ
2510 656 2590 717 εἰς
2621 653 2681 706 τὸ
2724 650 2799 722 μὴ
2835 651 2896 706 ὃν
2930 652 3329 724 κατενεχθῆναι
3374 641 3673 725 συνήλασε,
3698 655 3755 709 τι

2168 748 2461 801 διανοεῖται
2483 747 2579 802 καὶ
2599 746 2650 798 τί
2680 745 2861 811 ποιεῖς
2893 743 3097 821 Βουλὴν
3124 744 3488 817 ἐντεθύμηται
3515 745 3752 816 συνετὴν

2169 839 2258 893 καὶ
2326 838 2426 908 τῆς
2482 836 2651 892 αὐτοῦ
2687 836 2967 903 θειότητος
3018 836 3115 892 καὶ
3174 838 3527 906 μεγαλονοίας
3568 839 3749 909 ἀξίαν,

2170 930 2464 1002 προσθείην
2490 931 2535 984 δ’
2556 930 2625 985 ἂν
2643 931 2736 984 καὶ
2760 930 2861 1001 τῆς
2888 931 3027 1000 πρὸς
3057 930 3119 985 τὸ
3155 928 3474 1001 Ἑλληνικὸν
3510 934 3606 985 καὶ
3643 931 3749 1003 βαρ

2170 1024 2368 1078 σίλειον
2402 1023 2561 1091 γένος
2590 1023 2848 1095 στοργῆς,
2888 1023 3025 1094 ὅπερ
3064 1022 3197 1087 Θεός
3230 1040 3287 1077 τε
3321 1024 3419 1078 καὶ
3456 1023 3621 1093 φύσις
3654 1025 3753 1077 καὶ

2169 1120 2492 1187 προαίρεσις
2522 1114 2752 1186 εὐγενὴς
2779 1115 2958 1185 γενῶν
2993 1114 3251 1169 ἁπάντων
3296 1115 3569 1186 θειότερον
3610 1116 3747 1170 ἀνα-

2165 1208 2402 1277 δέδειχεν
2426 1206 2714 1278 ἄντικρυς,
2751 1207 2912 1278 μόνον
2942 1208 3011 1262 τά
3036 1208 3255 1264 πάντων
3289 1209 3463 1278 γενῶν
3504 1209 3751 1278 ἀτεχνῶς

2166 1300 2308 1370 ὑπὲρ
2344 1299 2524 1353 πάντα
2556 1302 2893 1370 κεκτημένον
2936 1301 3391 1372 πλεονεκτήματα
3430 1301 3533 1370 τήν
3562 1317 3621 1353 τε
3648 1300 3748 1373 ἄῤ-

2166 1399 2329 1466 ρητον
2355 1395 2785 1465 καλοκαγαθίαν,
2818 1396 3010 1467 ὥσπερ
3064 1414 3168 1450 που
3223 1397 3314 1450 καί
3349 1415 3431 1461 τις
3477 1397 3580 1465 ἔφη
3633 1397 3747 1451 τῶν

2163 1488 2331 1543 πάλαι
2370 1489 2572 1558 σοφῶν,
2615 1489 2831 1556 διεξιὼν
2878 1490 3113 1543 eorum“
3150 1509 3171 1542 ι
3209 1490 3271 1543 Ei
3304 1490 3360 1544 δὲ
3401 1493 3434 1561 ἡ
3466 1489 3746 1561 βάρϐαρος

2161 1580 2407 1651 διαφέρει
2437 1582 2559 1644 ταῖς
2595 1582 2948 1651 εὐκαρπίαις,
2983 1581 3305 1636 πλεονεκτεῖ
3334 1581 3436 1652 μὲν
3464 1585 3584 1645 ταῖς
3613 1599 3742 1652 τρο-

2164 1671 2662 1741 φαῖς.,ἐλαττοῦται
2709 1673 2766 1727 δέ
2797 1675 2910 1736 τοῖς
2941 1675 3300 1744 τρεφομένοις
3325 1690 3341 1707 ·
3394 1675 3532 1746 μόνη
3567 1677 3677 1745 γάρ
3707 1676 3742 1746 ἠ

2174 1764 2364 1827 Ἐλλάς
2393 1764 2637 1834 ἀκριϐῶς
2667 1766 3094 1836 ἀνθρωπογονεῖ,
3123 1767 3293 1834 φυτὸν
3346 1767 3597 1839 οὐράνιον
3645 1768 3743 1822 καὶ

2165 1856 2453 1928 βλάστημα
2482 1858 2644 1922 θεῖον,
2671 1858 3057 1930 ἡκριὸωμένον
3084 1861 3347 1932 λογισμὸν
3370 1861 3738 1915 ἀποτίκτουσα

2162 1950 2252 2005 καὶ
2284 1952 2655 2020 οἰκειούμενον
2687 1952 2969 2023 ἐπιστήμη
2988 1969 3005 1986 ·
3036 1953 3096 2005 τὸ
3123 1953 3180 2006 δέ
3207 1954 3382 2008 αῐτιον
3402 1971 3417 1987 ο
3447 1954 3739 2025 λεπτότητι

2159 2040 2325 2110 ἀέρος
2357 2043 2390 2112 ἡ
2428 2038 2639 2098 διάνοια
2669 2043 2916 2111 πέφυκεν
2944 2045 3282 2109 ἀκονᾶσθαιὲ
3313 2046 3394 2099 διδ
3429 2047 3523 2100 καὶ
3566 2047 3738 2117 Ἥρά-

2159 2131 2369 2195 κλειτος
2422 2134 2522 2187 οὐκ
2557 2135 2665 2187 ἀπὸ
2714 2135 2920 2189 σκοποῦ
2952 2153 3085 2205 φησι
3111 2152 3126 2170 ο
3165 2137 3352 2206 Δεπτὴ
3406 2136 3549 2209 ξηρὴ
3588 2138 3737 2208 ψυχὴ

2160 2226 2448 2297 σοφωτάτη
2474 2242 2531 2279 τε
2564 2227 2658 2280 καὶ
2682 2228 2877 2299 ἀρίστη
2899 2247 2914 2263 ο
2954 2248 2974 2282 ι
3005 2231 3107 2284 κάν
3130 2247 3273 2293 τινες
3301 2230 3397 2284 νῦν
3423 2230 3555 2284 αὐτὸ
3584 2232 3736 2297 ἀφει-

2155 2314 2260 2379 δῶς
2295 2315 2539 2370 κολούειν
2583 2318 2825 2389 τολμῶσι
2864 2320 2941 2391 τῷ
2973 2325 3221 2391 περιόντι
3275 2320 3376 2392 τῆς
3432 2320 3736 2392 βασκανίας

2156 2408 2251 2461 καὶ
2282 2407 2572 2478 πονηρίας.

2226 2498 2435 2570 Βουλὴν
2476 2498 2659 2552 τοίνυν
2699 2496 3007 2568 λελόγισται
3043 2500 3355 2572 θαυμασίαν
3395 2504 3491 2557 καὶ
3518 2504 3733 2558 πολλῶν

2155 2592 2396 2646 ἐπαίνων
2447 2592 2627 2658 ἀξίαν,
2677 2592 3034 2665 βιϐλιοθήκην
3066 2596 3289 2666 ποιῆσαι
3334 2596 3567 2666 βιϐλίοις
3598 2616 3734 2651 παν-

2154 2687 2317 2746 τοίοις
2346 2684 2796 2758 ξυμϐεϐλημένην
2828 2688 3163 2758 Ἑλληνικοῖς
3186 2706 3200 2720 ·
3232 2689 3261 2743 δ
3292 2690 3356 2762 δὴ
3377 2691 3473 2745 καὶ
3491 2692 3731 2763 ’ἐξήνυσε

2154 2778 2289 2845 τυχῇ
2346 2776 2549 2847 ἀγαθῇ,
2581 2779 2638 2830 ἐν
2683 2782 2749 2849 τῇ
2790 2779 2899 2835 τῶν
2954 2781 3162 2835 πόλεων
3222 2782 3588 2858 λαμπροτάτῃ
3632 2787 3731 2855 τῆς

2166 2865 2395 2929 Ἰταλίας
2412 2866 2714 2936 ἐξαρτύσας
2735 2870 3047 2944 αὐτὴν(71),
3071 2876 3201 2946 παρ’
3220 2875 3287 2947 ἢν
3305 2875 3506 2947 μᾶλλον
3522 2876 3734 2948 θαυμά-

2160 2958 2347 3022 ζουσιν
2364 2959 2500 3030 (72).
2522 2960 2780 3033 Ἕλληνες
2804 2964 3054 3035 μεθόριον
3081 2983 3194 3019 οιον
3215 2966 3380 3023 οὖσαν
3397 2966 3622 3031 Ἰταλιας
3639 2971 3734 3024 καὶ

2170 3048 2492 3114 Ἀσιάτιδος,
2526 3052 2754 3121 μυρίους
2811 3055 3051 3119 ὑποστὰς
3112 3056 3307 3122 πόνους
3352 3062 3446 3115 καὶ
3483 3061 3735 3131 δαπάνην

2157 3141 2267 3195 οὐδ’
2297 3140 2450 3195 ἐστιν
2489 3145 2664 3197 εἰπεῖν
2694 3146 2898 3216 ὁπόσην
2932 3150 3256 3219 χρημάτων.
3288 3152 3401 3205 Καὶ
3432 3151 3528 3205 νῦν
3553 3152 3733 3219 ἔξεστι

2155 3232 2271 3295 τοῖς
2322 3231 2667 3301 αἱρουμένοις
2714 3224 2810 3288 καὶ
2864 3236 3181 3308 δυναμένοις
3234 3242 3584 3312 ἐντυγχάνειν
3637 3246 3735 3298 αύ-

2155 3326 2266 3386 τοῖς
2292 3323 2405 3395 (75)
2423 3326 2518 3395 τῆς
2541 3324 2748 3378 ἐκεῖθεν
2770 3326 3037 3394 ὠφελείας
3059 3329 3444 3397 ἐπαπολαύειν,
3472 3334 3567 3387 καὶ
3596 3336 3735 3403 μετά

2157 3416 2445 3486 ῥᾳστώνης
2479 3434 2507 3469 τ
2519 3420 2695 3488 ρνφᾷν
2725 3420 2819 3476 καὶ
2849 3421 3152 3490 ἀνειμένως
3177 3425 3269 3476 τὸν
3308 3422 3422 3493 βίον
3449 3424 3730 3491 διεξιέναι,

2153 3510 2254 3578 τῆς
2289 3508 2567 3578 ἀκηράτου
2620 3509 2804 3579 θοίνης
2836 3512 3058 3583 ἐκείνης
3089 3514 3563 3571 ἐπαπολαύουσινο
3598 3518 3732 3572 ἄσυ-

2155 3600 2245 3650 λον
2275 3596 2390 3667 (74)
2424 3597 2699 3669 θησαυρὸν
2730 3600 2881 3664 ὄντα,
2922 3602 3183 3673 κειμήλια
3214 3604 3357 3674 ίερά,
3403 3606 3731 3676 παράδεισον

2154 3687 2374 3756 λογικὸν
2417 3689 2607 3743 ἄνθεσι
2655 3691 2911 3760 κομῶντα
2957 3695 3218 3758 παντοίας
3255 3694 3471 3765 σοφίας,
3515 3698 3730 3771 τρυφὴν

2154 3784 2416 3852 χαρίτων,
2468 3783 2652 3852 πηγὴν
2701 3783 2976 3853 λαμυρὰν,
3008 3787 3125 3855 φῶς
3166 3789 3493 3859 ἐπέραστον,
3523 3793 3625 3862 τήν
3668 3811 3730 3849 τε

2154 3876 2503 3946 κεκτημένην
2531 3878 2624 3929 τὸν
2649 3879 2891 3933 τοιοῦτον
2919 3879 3197 3951 θησαυρὸν
3227 3883 3386 3938 πόλιν
3417 3888 3729 3956 κοσμοῦντα

2151 3966 2229 4037 τῷ
2258 3967 2374 4019 ὄντι
2407 3970 2503 4021 καὶ
2541 3970 2647 4037 πρὸ
2675 3970 2847 4039 αὐτῆς
2876 3971 2965 4025 τὸν
3005 3975 3180 4028 αἴτιον
3206 3976 3302 4029 τοῦ
3343 3983 3600 4035 τοσούτου
3634 3988 3729 4036 καὶ

2150 4061 2395 4116 τοιούτου
2425 4061 2592 4116 καλοῦ
2617 4078 2631 4093 ·
2669 4063 2755 4132 ἐφ’
2779 4056 2822 4131 ᾧ
2852 4064 2944 4119 τὸν
2991 4066 3162 4137 ἄνδρα
3194 4068 3366 4139 ἔγωγε
3400 4074 3635 4143 μέγιστα
3664 4080 3726 4134 ἐν

2152 4154 2394 4225 θαύματι
2434 4156 2703 4210 ποιεῖσθαι
2735 4159 2989 4213 οὐδέποτε
3027 4163 3328 4233 παύσομαι,
3367 4169 3462 4222 καὶ
3492 4171 3724 4240 χάριτας

2150 4247 2301 4316 αύτῷ
2346 4247 2648 4319 διαρρήδην
2707 4249 2992 4318 ὁμολογεῖν
3044 4255 3299 4309 τοσούτου
3340 4260 3434 4312 καὶ
3476 4277 3538 4315 το
3560 4264 3725 4321 ούτου

2151 4338 2319 4391 καλοῦ
2382 4339 2629 4407 γεγονότι
2682 4340 2962 4414 προξένῳο
3029 4340 3105 4399 ὧν
3165 4349 3377 4414 γένοιτό
3431 4370 3560 4407 ποτε
3630 4360 3728 4410 καὶ

2151 4430 2493 4497 παιδαγωγοὶ
2537 4431 2699 4499 ἄξιοι,
2750 4433 2941 4501 σοφίας
2997 4436 3297 4503 ἐαλωκότες
3346 4442 3539 4513 ίμέρῳ,
3571 4440 3637 4518 ἧς
3663 4466 3728 4517 γε

472 4510 604 4573 κὼς.
625 4510 734 4603 ,καὶ
767 4512 945 4603 σιφῖῇ
973 4510 1257 4603 πᾳρεξκὼί
1289 4513 1358 4603 id
1391 4514 1627 4583 μεγάλα.
1669 4515 1764 4569 τοῦ
1798 4533 1857 4569 τε
1882 4518 2045 4585 λόγου
2080 4531 2124 4587 ι)
2151 4521 2265 4577 οὗθ’
2296 4518 2430 4592 ἧκεν
2461 4523 2575 4577 οὗθ’
2605 4525 2725 4594 ἣξει
2760 4528 2890 4580 ποτὲ
2920 4529 3105 4585 θεόθεν
3145 4532 3201 4596 ἐς
3235 4510 3557 4603 ἀνθρώπους
3587 4510 3731 4594 θειδ-

473 4600 802 4662 σπεύδοντος
830 4600 931 4669 ἡδη
960 4600 1052 4651 καὶ
1077 4600 1177 4668 τῆς
1209 4601 1384 4670 ἀλκῆς
1418 4604 1831 4669 ἐπιλελοιπυίας
1872 4623 1939 4675 με
1969 4608 2046 4679 τῷ

471 4691 716 4760 περιόντι
759 4691 859 4759 τῆς
903 4690 1208 4755 ἀσθενείας.
1241 4694 1479 4749 Κάκεῖνο
1514 4697 1721 4765 μέντοι,
1752 4699 1846 4752 καὶ
1873 4698 2047 4765 οὕτως

468 4781 632 4849 ἔχων,
656 4781 768 4843 τοῖς
794 4781 1106 4850 εἰρημένοις
1132 4784 1426 4855 προσθήσω
1455 4787 1871 4860 πλείστηνιὸσην
1900 4786 2045 4845 οἰσον

466 4871 548 4942 τῷ
575 4869 729 4940 ἀνδρὶ
749 4868 1020 4924 εὔκλειαν.
1045 4871 1109 4923 Τί
1134 4873 1199 4941 δη
1219 4873 1377 4927 τοῦτό
1399 4876 1548 4931 ἐστιν
1570 4896 1586 4944 ;
1623 4878 1796 4949 Ὁρῶν
1820 4897 2047 4952 τοιγαρ-

468 4962 566 5018 οῦν
596 4964 697 5034 τὴν
728 4965 920 5033 σοφίαν
948 4966 1041 5017 καὶ
1072 4966 1170 5037 τὴν
1199 4968 1307 5020 τῶν
1335 4967 1510 5037 λόγων
1550 4973 1746 5044 τέχνην
1780 4974 2048 5029 ἐπιλελοι-

470 5058 639 5109 πυῖαν
669 5059 858 5128 σχεδὸν
885 5057 946 5111 τὸ
959 5057 1271 5131 Ἑλληνικὸν
1304 5059 1468 5130 φῦλον
1490 5064 1583 5115 καὶ
1620 5068 1905 5137 μονονουχὶ
1935 5086 2048 5120 κιν-

467 5150 793 5204 δυνεύουσαν
828 5153 890 5206 τὸ
924 5155 1189 5224 παράπαν
1223 5154 1631 5227 ἀποσϐεσθῆναι
1665 5162 1733 5229 τῇ
1782 5161 2044 5231 κατειλη-

468 5288 958 5363 ιηοιηίῃίιλοοεοί)
985 5306 1255 5363 summam
1299 5291 1618 5363 patientiam
1646 5293 1899 5363 laudans,
1941 5297 2041 5351 Ba-

467 5358 623 5433 silina
646 5360 785 5433 ίθίιί.
808 5377 827 5423 ;
852 5361 985 5433 inde
1017 5362 1250 5431 profecit
1273 5358 1588 5433 Gregorius.

538 5428 655 5505 (Ἱο)
677 5430 956 5505 Excidisse
974 5428 1189 5505 videtur
1212 5428 1497 5499 articuius,
1530 5435 1610 5489 sic
1636 5453 1650 5491 :
1674 5435 1785 5505 Τῆς
1809 5438 1921 5498 τοῖς
1949 5438 2041 5491 ἀν-

465 5495 783 5563 θρωπίνοις.
810 5504 942 5557 Soni
975 5504 1273 5559 similitudo
1304 5495 1597 5560 omittendi
1642 5495 1807 5562 causa
1847 5495 2036 5563 fuerit.

467 5564 669 5621 Saltem
704 5572 799 5638 τῆς
830 5581 989 5626 abeat
1029 5576 1082 5627 in
1121 5576 1256 5637 τοῖς.

544 5640 679 5761 (ipe
703 5639 965 5765 Vl'eLtBtIiis.
1017 5646 1091 5699 De
1151 5643 1491 5703 Bessarionis
1534 5646 1870 5703 bibliotheca
1911 5649 2036 5705 vide

544 5728 565 5765 ιι
684 5727 714 5759 ι»
747 5747 759 5762 .
795 5728 809 5761 ι
896 5752 910 5765 .

463 5720 629 5774 ευμτθ
652 5712 759 5762 cui.
787 5712 910 5767 701.

536 5778 648 5847 ιῖἴὶ)
674 5778 874 5846 Cttch
910 5783 1039 5850 παρ’
1166 5815 1232 5823 -
1260 5786 1462 5844 Forsan
1496 5788 1842 5857 θαμίζουσιν,
1885 5792 2033 5860 quod

2151 4633 2308 4687 τερον
2335 4617 2544 4686 χρῆμα.
2574 4617 2689 4670 Νῦν
2717 4635 2781 4687 γε
2811 4619 2872 4673 τὸ
2901 4622 3076 4691 ἥμισυ
3104 4624 3455 4696 ἐξείργασται
3482 4632 3728 4701 ἀτεχνῶς

2150 4706 2245 4762 τοῦ
2299 4708 2555 4760 τοσούτου
2612 4709 2804 4774 καλοῦ,
2834 4711 2909 4776 ὡς
2936 4713 3003 4769 ἂν
3039 4717 3115 4786 μὴ
3155 4721 3502 4773 παντάπασιν
3525 4724 3728 4792 οῐχοιτο

2148 4799 2212 4851 τὸ
2263 4799 2359 4868 τῆς
2400 4797 2706 4869 Ἑλληνίδος
2739 4804 2931 4872 σοφίας
2984 4805 3272 4865 θεσπέσιον
3322 4812 3415 4865 καὶ
3450 4813 3727 4870 θειότατον

2149 4890 2366 4962 χρῆμα·
3236 4900 3239 4909 ⁷

2220 4984 2395 5040 Τοῦτο
2454 4986 2552 5057 μὲν
2607 4983 2699 5041 οὖν
2732 4990 2973 5045 τοιοῦτον
3010 4993 3364 5065 ἐξείργασται
3395 4998 3543 5068 αὐτῷ
3568 5014 3581 5030 ⁸
3620 5002 3725 5055 κά-

2147 5077 2296 5129 κεῖνο
2323 5077 2379 5130 δέ
2406 5079 2466 5130 οὺ
2494 5079 2675 5147 ῥᾴδιον
2704 5085 2882 5152 σιωπῇ
2915 5086 3169 5154 παριέναι
3195 5104 3212 5119 ο
3232 5090 3479 5163 ἀδικήσω
3501 5094 3611 5163 γάῤ
3631 5097 3725 5147 τὸν

2147 5169 2315 5239 ἀνδρα
2348 5172 2685 5240 περιφανῶς,
2722 5175 2783 5227 τὸ
2808 5176 3050 5231 τοιοῦτον
3078 5180 3177 5235 οὐκ
3225 5181 3461 5247 ἐκτιθεὶς
3495 5186 3589 5239 καὶ
3611 5188 3721 5247 τοῖς

2148 5316 2342 5380 secure
2373 5303 2675 5380 potuissem
2706 5308 2955 5380 recipere

2218 5372 2330 5440 (75)
2364 5375 2445 5427 An
2471 5376 2680 5438 αὐτῆςῖ

2222 5444 2337 5511 (Ίό)
2371 5444 2473 5509 Qui
2506 5456 2816 5514 sequuntur
2864 5452 3159 5507 accusativi
3193 5470 3301 5508 non
3335 5455 3541 5512 habent
3573 5456 3721 5512 unde

2144 5515 2439 5637 pendeant.
2472 5514 2539 5568 Et
2570 5518 2709 5570 infra
2742 5520 2794 5573 in
2832 5522 3148 5589 κοσμοῦντα
3177 5541 3284 5578 non
3318 5536 3402 5579 est
3450 5532 3720 5596 synlaxis.

2193 5584 2237 5635 cl
2269 5584 2527 5637 librarius
2577 5603 2704 5637 suas
2752 5603 2932 5637 nanus
2964 5593 3075 5637 egit
3103 5598 3340 5637 unguium
3399 5597 3482 5637 νρΙ
3532 5606 3720 5637 mmlnr

2193 5584 2244 5663 ei
2269 5584 2527 5663 librariug
2560 5603 2704 5663 _suas
2752 5584 3075 5663 partes:egit
3102 5598 3360 5663 pessime,
3399 5584 3498 5651 vel'
3531 5606 3725 5651 auctor

2143 5653 2247 5707 sibi
2283 5654 2395 5779 i530
2423 5655 2617 5723 defuit,
2647 5667 2702 5713 et
2739 5653 2859 5729 dum
2888 5653 3157 5718 ell'uderat
3187 5682 3297 5719 non
3332 5653 3511 5735 potuit
3542 5672 3726 5723 serius

2143 5738 2299 5777 enirn
2345 5740 2457 5779 are.

2142 5738 2457 5783 enitendum.
