  <div class='ocr_page' id='page_1' title='image "/cluster/home/n/w/nwhite01/storage/ocr_20150623/161/coo.31924054870666/462.png"; bbox 0 0 4136 6408; ppageno 0'>
   <div class='ocr_carea' id='block_1_1' title="bbox 3566 422 3697 483">
    <p class='ocr_par' dir='ltr' id='par_1_1' title="bbox 3566 422 3697 483">
     <span class='ocr_line' id='line_1_1' title="bbox 3566 422 3697 483; baseline -0.008 -1"><span class='ocrx_word' id='word_1_1' title='bbox 3566 422 3697 483; x_wconf 57' lang='grc'><strong>736⁵⁸</strong></span> 
     </span>
    </p>
   </div>
   <div class='ocr_carea' id='block_1_2' title="bbox 3355 538 3670 607">
    <p class='ocr_par' dir='ltr' id='par_1_2' title="bbox 3355 538 3670 607">
     <span class='ocr_line' id='line_1_2' title="bbox 3355 538 3670 607; baseline 0.006 -18"><span class='ocrx_word' id='word_1_2' title='bbox 3355 538 3670 607; x_wconf 70' lang='grc' dir='ltr'><strong>νενόμισταί</strong></span> 
     </span>
    </p>
   </div>
   <div class='ocr_carea' id='block_1_3' title="bbox 421 423 2814 487">
    <p class='ocr_par' dir='ltr' id='par_1_3' title="bbox 421 423 2814 487">
     <span class='ocr_line' id='line_1_3' title="bbox 421 423 2814 487; baseline -0.003 0"><span class='ocrx_word' id='word_1_3' title='bbox 421 423 527 487; x_wconf 65' lang='grc' dir='ltr'><strong>ἨΞ</strong></span> <span class='ocrx_word' id='word_1_4' title='bbox 1274 424 1673 487; x_wconf 72' lang='lat' dir='ltr'><strong>GEORGII-IS</strong></span> <span class='ocrx_word' id='word_1_5' title='bbox 1714 427 2335 487; x_wconf 71' lang='lat' dir='ltr'><strong>TRM’EZUNTIUS.</strong></span> <span class='ocrx_word' id='word_1_6' title='bbox 2374 452 2441 463; x_wconf 89' lang='lat'><strong>—-</strong></span> <span class='ocrx_word' id='word_1_7' title='bbox 2485 425 2814 485; x_wconf 73' lang='lat' dir='ltr'><strong>NOTITH.</strong></span> 
     </span>
    </p>
   </div>
   <div class='ocr_carea' id='block_1_4' title="bbox 419 537 3311 611">
    <p class='ocr_par' dir='ltr' id='par_1_4' title="bbox 419 537 3311 611">
     <span class='ocr_line' id='line_1_4' title="bbox 419 537 3311 611; baseline -0.001 -20"><span class='ocrx_word' id='word_1_8' title='bbox 419 542 601 594; x_wconf 80' lang='grc' dir='ltr'><strong>τάτων</strong></span> <span class='ocrx_word' id='word_1_9' title='bbox 634 538 901 601; x_wconf 67' lang='grc' dir='ltr'><strong>ἑκάστους</strong></span> <span class='ocrx_word' id='word_1_10' title='bbox 925 582 938 605; x_wconf 89' lang='grc'><strong><em>,</em></strong></span> <span class='ocrx_word' id='word_1_11' title='bbox 1002 539 1094 592; x_wconf 69' lang='grc' dir='ltr'><strong>καὶ</strong></span> <span class='ocrx_word' id='word_1_12' title='bbox 1130 541 1383 608; x_wconf 76' lang='grc' dir='ltr'><strong>πατράσι·</strong></span> <span class='ocrx_word' id='word_1_13' title='bbox 1424 543 1519 594; x_wconf 74' lang='grc' dir='ltr'><strong>καὶ</strong></span> <span class='ocrx_word' id='word_1_14' title='bbox 1558 542 1787 611; x_wconf 81' lang='grc' dir='ltr'><strong>ἄρχουσι</strong></span> <span class='ocrx_word' id='word_1_15' title='bbox 1832 540 2041 603; x_wconf 74' lang='grc' dir='ltr'><strong>τούτοις</strong></span> <span class='ocrx_word' id='word_1_16' title='bbox 2095 541 2316 593; x_wconf 76' lang='grc' dir='ltr'><strong>ὁτουοῦν</strong></span> <span class='ocrx_word' id='word_1_17' title='bbox 2348 541 2482 601; x_wconf 77' lang='grc' dir='ltr'><strong>ὅλως</strong></span> <span class='ocrx_word' id='word_1_18' title='bbox 2516 538 2951 607; x_wconf 54' lang='grc' dir='ltr'><strong>ἀγαθοῦίσφὲσεν</strong></span> <span class='ocrx_word' id='word_1_19' title='bbox 2993 537 3269 606; x_wconf 70' lang='grc' dir='ltr'><strong>ὑπάρξασι</strong></span> <span class='ocrx_word' id='word_1_20' title='bbox 3296 579 3311 602; x_wconf 88' lang='grc'><em>,</em></span> 
     </span>
    </p>
   </div>
   <div class='ocr_carea' id='block_1_5' title="bbox 420 632 3423 706">
    <p class='ocr_par' dir='ltr' id='par_1_5' title="bbox 420 632 3423 706">
     <span class='ocr_line' id='line_1_5' title="bbox 420 632 3423 706; baseline 0 -15"><span class='ocrx_word' id='word_1_21' title='bbox 420 655 485 706; x_wconf 81' lang='grc' dir='ltr'><strong>γε</strong></span> <span class='ocrx_word' id='word_1_22' title='bbox 521 654 533 667; x_wconf 85' lang='grc'><em>’</em></span> <span class='ocrx_word' id='word_1_23' title='bbox 582 638 679 691; x_wconf 78' lang='grc' dir='ltr'><strong>καὶ</strong></span> <span class='ocrx_word' id='word_1_24' title='bbox 708 637 852 691; x_wconf 80' lang='grc' dir='ltr'>πάνυ</span> <span class='ocrx_word' id='word_1_25' title='bbox 884 634 1138 696; x_wconf 74' lang='grc' dir='ltr'><strong>δικαίως.</strong></span> <span class='ocrx_word' id='word_1_26' title='bbox 1172 635 1386 691; x_wconf 85' lang='lat' dir='ltr'><strong>Desinit</strong></span> <span class='ocrx_word' id='word_1_27' title='bbox 1424 655 1437 690; x_wconf 86' lang='lat'><strong>:</strong></span> <span class='ocrx_word' id='word_1_28' title='bbox 1475 638 1572 691; x_wconf 71' lang='grc' dir='ltr'><strong>καὶ</strong></span> <span class='ocrx_word' id='word_1_29' title='bbox 1602 639 1728 699; x_wconf 78' lang='grc' dir='ltr'><strong>τοὺς</strong></span> <span class='ocrx_word' id='word_1_30' title='bbox 1750 637 1983 690; x_wconf 78' lang='grc' dir='ltr'><strong>ἐνταῦθα</strong></span> <span class='ocrx_word' id='word_1_31' title='bbox 2015 637 2211 703; x_wconf 74' lang='grc' dir='ltr'><strong>λόγους</strong></span> <span class='ocrx_word' id='word_1_32' title='bbox 2260 637 2402 704; x_wconf 76' lang='grc' dir='ltr'>ὑπὲρ</span> <span class='ocrx_word' id='word_1_33' title='bbox 2435 636 2591 706; x_wconf 84' lang='grc' dir='ltr'><strong>ὑμῶν</strong></span> <span class='ocrx_word' id='word_1_34' title='bbox 2625 635 2808 705; x_wconf 71' lang='grc' dir='ltr'><strong>ἔργοις</strong></span> <span class='ocrx_word' id='word_1_35' title='bbox 2849 635 3030 693; x_wconf 72' lang='grc' dir='ltr'><strong>αὐτοῖς</strong></span> <span class='ocrx_word' id='word_1_36' title='bbox 3072 632 3423 700; x_wconf 70' lang='grc' dir='ltr'><strong>βεϐαιώσετε-</strong></span> 
     </span>
    </p>
   </div>
   <div class='ocr_carea' id='block_1_6' title="bbox 500 726 3669 799">
    <p class='ocr_par' dir='ltr' id='par_1_6' title="bbox 500 726 3669 799">
     <span class='ocr_line' id='line_1_6' title="bbox 500 726 3669 799; baseline -0.003 -14"><span class='ocrx_word' id='word_1_37' title='bbox 500 732 627 786; x_wconf 64' lang='lat' dir='ltr'><strong>Haec</strong></span> <span class='ocrx_word' id='word_1_38' title='bbox 666 730 1013 785; x_wconf 87' lang='lat' dir='ltr'><strong>Bessarionis</strong></span> <span class='ocrx_word' id='word_1_39' title='bbox 1043 730 1220 782; x_wconf 88' lang='lat' dir='ltr'><strong>oratio</strong></span> <span class='ocrx_word' id='word_1_40' title='bbox 1252 745 1361 783; x_wconf 91' lang='lat' dir='ltr'><strong>non</strong></span> <span class='ocrx_word' id='word_1_41' title='bbox 1394 728 1558 784; x_wconf 87' lang='lat' dir='ltr'><strong>modo</strong></span> <span class='ocrx_word' id='word_1_42' title='bbox 1591 730 1733 799; x_wconf 83' lang='lat' dir='ltr'><strong>typis</strong></span> <span class='ocrx_word' id='word_1_43' title='bbox 1762 740 1847 784; x_wconf 90' lang='lat' dir='ltr'><strong>est</strong></span> <span class='ocrx_word' id='word_1_44' title='bbox 1880 730 2109 793; x_wconf 87' lang='lat' dir='ltr'><strong>intacta,</strong></span> <span class='ocrx_word' id='word_1_45' title='bbox 2141 730 2235 784; x_wconf 89' lang='lat' dir='ltr'><strong>sed</strong></span> <span class='ocrx_word' id='word_1_46' title='bbox 2270 730 2325 784; x_wconf 90' lang='lat' dir='ltr'><strong>in</strong></span> <span class='ocrx_word' id='word_1_47' title='bbox 2365 744 2496 783; x_wconf 86' lang='lat' dir='ltr'><strong>mss.</strong></span> <span class='ocrx_word' id='word_1_48' title='bbox 2528 730 2694 783; x_wconf 91' lang='lat' dir='ltr'><strong>etiam</strong></span> <span class='ocrx_word' id='word_1_49' title='bbox 2723 726 3076 781; x_wconf 79' lang='lat' dir='ltr'><strong>bibliothecis</strong></span> <span class='ocrx_word' id='word_1_50' title='bbox 3108 726 3463 795; x_wconf 85' lang='lat' dir='ltr'><strong>infrequens;</strong></span> <span class='ocrx_word' id='word_1_51' title='bbox 3497 728 3669 782; x_wconf 76' lang='lat' dir='ltr'><strong>Vene-</strong></span> 
     </span>
    </p>
   </div>
   <div class='ocr_carea' id='block_1_7' title="bbox 419 818 3656 889">
    <p class='ocr_par' dir='ltr' id='par_1_7' title="bbox 419 818 3656 889">
     <span class='ocr_line' id='line_1_7' title="bbox 419 818 3656 889; baseline -0.002 -13"><span class='ocrx_word' id='word_1_52' title='bbox 419 824 509 878; x_wconf 90' lang='lat' dir='ltr'><strong>tiis</strong></span> <span class='ocrx_word' id='word_1_53' title='bbox 538 831 721 875; x_wconf 90' lang='lat' dir='ltr'><strong>tamen</strong></span> <span class='ocrx_word' id='word_1_54' title='bbox 750 829 934 875; x_wconf 80' lang='lat' dir='ltr'><strong>exstat</strong></span> <span class='ocrx_word' id='word_1_55' title='bbox 961 819 1015 873; x_wconf 89' lang='lat' dir='ltr'><strong>in</strong></span> <span class='ocrx_word' id='word_1_56' title='bbox 1048 820 1235 875; x_wconf 64' lang='lat' dir='ltr'><strong>Graeca</strong></span> <span class='ocrx_word' id='word_1_57' title='bbox 1261 819 1324 873; x_wconf 84' lang='grc' dir='ltr'><strong>ι).</strong></span> <span class='ocrx_word' id='word_1_58' title='bbox 1362 818 1528 872; x_wconf 73' lang='lat' dir='ltr'><strong>Marci</strong></span> <span class='ocrx_word' id='word_1_59' title='bbox 1576 818 1907 874; x_wconf 74' lang='lat' dir='ltr'><strong>bibliotheca</strong></span> <span class='ocrx_word' id='word_1_60' title='bbox 1948 820 2203 873; x_wconf 84' lang='lat' dir='ltr'><strong>codicum</strong></span> <span class='ocrx_word' id='word_1_61' title='bbox 2240 835 2371 873; x_wconf 86' lang='lat' dir='ltr'><strong>mss.</strong></span> <span class='ocrx_word' id='word_1_62' title='bbox 2400 819 2525 873; x_wconf 88' lang='lat' dir='ltr'><strong>cod.</strong></span> <span class='ocrx_word' id='word_1_63' title='bbox 2565 818 3021 884; x_wconf 75' lang='lat' dir='ltr'><strong>CCCCCXXXIII,</strong></span> <span class='ocrx_word' id='word_1_64' title='bbox 3056 820 3201 873; x_wconf 86' lang='lat' dir='ltr'><strong>inter</strong></span> <span class='ocrx_word' id='word_1_65' title='bbox 3232 820 3383 872; x_wconf 89' lang='lat' dir='ltr'><strong>varia</strong></span> <span class='ocrx_word' id='word_1_66' title='bbox 3410 820 3656 889; x_wconf 82' lang='lat' dir='ltr'><strong>ejusdem</strong></span> 
     </span>
    </p>
   </div>
   <div class='ocr_carea' id='block_1_8' title="bbox 421 912 3662 985">
    <p class='ocr_par' dir='ltr' id='par_1_8' title="bbox 421 912 3662 985">
     <span class='ocr_line' id='line_1_8' title="bbox 421 912 3662 985; baseline -0.002 -13"><span class='ocrx_word' id='word_1_67' title='bbox 421 916 721 973; x_wconf 82' lang='lat' dir='ltr'><strong>cardinalis</strong></span> <span class='ocrx_word' id='word_1_68' title='bbox 768 930 935 985; x_wconf 84' lang='lat' dir='ltr'><strong>opera</strong></span> <span class='ocrx_word' id='word_1_69' title='bbox 959 954 975 979; x_wconf 95' lang='lat'><strong>,</strong></span> <span class='ocrx_word' id='word_1_70' title='bbox 1020 914 1127 968; x_wconf 92' lang='lat' dir='ltr'><strong>hoc</strong></span> <span class='ocrx_word' id='word_1_71' title='bbox 1162 914 1322 968; x_wconf 90' lang='lat' dir='ltr'><strong>titulo</strong></span> <span class='ocrx_word' id='word_1_72' title='bbox 1354 929 1463 968; x_wconf 89' lang='lat' dir='ltr'><strong>non</strong></span> <span class='ocrx_word' id='word_1_73' title='bbox 1510 913 1645 967; x_wconf 87' lang='lat' dir='ltr'><strong>satis</strong></span> <span class='ocrx_word' id='word_1_74' title='bbox 1681 924 1936 968; x_wconf 90' lang='lat' dir='ltr'><strong>accurato</strong></span> <span class='ocrx_word' id='word_1_75' title='bbox 1971 934 1985 970; x_wconf 91' lang='lat'><strong>:</strong></span> <span class='ocrx_word' id='word_1_76' title='bbox 2016 914 2332 971; x_wconf 80' lang='lat' dir='ltr'><strong>Encomium</strong></span> <span class='ocrx_word' id='word_1_77' title='bbox 2370 915 2423 968; x_wconf 81' lang='lat' dir='ltr'><strong>in</strong></span> <span class='ocrx_word' id='word_1_78' title='bbox 2473 914 2879 981; x_wconf 76' lang='lat' dir='ltr'><strong>Trapezuntimu</strong></span> <span class='ocrx_word' id='word_1_79' title='bbox 2906 954 2920 977; x_wconf 91' lang='lat'><strong>,</strong></span> <span class='ocrx_word' id='word_1_80' title='bbox 2964 915 3043 976; x_wconf 77' lang='lat' dir='ltr'><strong>sl;</strong></span> <span class='ocrx_word' id='word_1_81' title='bbox 3080 912 3497 983; x_wconf 68' lang='grc' dir='ltr'><strong>Τραπεζοῦντα.</strong></span> <span class='ocrx_word' id='word_1_82' title='bbox 3533 912 3662 965; x_wconf 80' lang='lat' dir='ltr'><strong>Eam</strong></span> 
     </span>
    </p>
   </div>
   <div class='ocr_carea' id='block_1_9' title="bbox 415 1005 3668 1078">
    <p class='ocr_par' dir='ltr' id='par_1_9' title="bbox 415 1005 3668 1078">
     <span class='ocr_line' id='line_1_9' title="bbox 415 1005 3668 1078; baseline -0.003 -13"><span class='ocrx_word' id='word_1_83' title='bbox 415 1026 551 1066; x_wconf 77' lang='lat' dir='ltr'><strong>vero</strong></span> <span class='ocrx_word' id='word_1_84' title='bbox 585 1010 676 1063; x_wconf 89' lang='lat' dir='ltr'><strong>hie</strong></span> <span class='ocrx_word' id='word_1_85' title='bbox 702 1023 1035 1078; x_wconf 87' lang='lat' dir='ltr'><strong>apponerem</strong></span> <span class='ocrx_word' id='word_1_86' title='bbox 1065 1007 1271 1073; x_wconf 85' lang='lat' dir='ltr'><strong>libens,</strong></span> <span class='ocrx_word' id='word_1_87' title='bbox 1309 1007 1412 1061; x_wconf 90' lang='lat' dir='ltr'><strong>nisi</strong></span> <span class='ocrx_word' id='word_1_88' title='bbox 1443 1008 1712 1077; x_wconf 79' lang='lat' dir='ltr'><strong>prolixior</strong></span> <span class='ocrx_word' id='word_1_89' title='bbox 1747 1008 1892 1063; x_wconf 90' lang='lat' dir='ltr'><strong>foret</strong></span> <span class='ocrx_word' id='word_1_90' title='bbox 1918 1008 2163 1078; x_wconf 47' lang='lat' dir='ltr'><strong>{implet</strong></span> <span class='ocrx_word' id='word_1_91' title='bbox 2194 1009 2340 1063; x_wconf 92' lang='lat' dir='ltr'><strong>enim</strong></span> <span class='ocrx_word' id='word_1_92' title='bbox 2374 1007 2608 1077; x_wconf 86' lang='lat' dir='ltr'><strong>amplius</strong></span> <span class='ocrx_word' id='word_1_93' title='bbox 2634 1007 2743 1061; x_wconf 86' lang='lat' dir='ltr'><strong>duo</strong></span> <span class='ocrx_word' id='word_1_94' title='bbox 2773 1017 2825 1061; x_wconf 77' lang='lat' dir='ltr'><strong>et</strong></span> <span class='ocrx_word' id='word_1_95' title='bbox 2853 1006 3071 1077; x_wconf 80' lang='lat' dir='ltr'><strong>triginta</strong></span> <span class='ocrx_word' id='word_1_96' title='bbox 3108 1005 3233 1059; x_wconf 93' lang='lat' dir='ltr'><strong>folia</strong></span> <span class='ocrx_word' id='word_1_97' title='bbox 3270 1006 3478 1060; x_wconf 88' lang='lat' dir='ltr'><strong>minute</strong></span> <span class='ocrx_word' id='word_1_98' title='bbox 3513 1020 3668 1059; x_wconf 90' lang='lat' dir='ltr'><strong>com-</strong></span> 
     </span>
    </p>
   </div>
   <div class='ocr_carea' id='block_1_10' title="bbox 414 1098 1175 1171">
    <p class='ocr_par' dir='ltr' id='par_1_10' title="bbox 414 1098 1175 1171">
     <span class='ocr_line' id='line_1_10' title="bbox 414 1098 1175 1171; baseline -0.009 -14"><span class='ocrx_word' id='word_1_99' title='bbox 414 1103 790 1171; x_wconf 74' lang='lat' dir='ltr'><strong>pendioseque</strong></span> <span class='ocrx_word' id='word_1_100' title='bbox 824 1108 1041 1155; x_wconf 81' lang='lat' dir='ltr'><strong>exarata</strong></span> <span class='ocrx_word' id='word_1_101' title='bbox 1072 1098 1175 1168; x_wconf 91' lang='lat' dir='ltr'><strong>(a).</strong></span> 
     </span>
    </p>
   </div>
   <div class='ocr_carea' id='block_1_11' title="bbox 476 1215 1727 1280">
    <p class='ocr_par' dir='ltr' id='par_1_11' title="bbox 476 1215 1727 1280">
     <span class='ocr_line' id='line_1_11' title="bbox 476 1215 1727 1280; baseline 0.001 -16"><span class='ocrx_word' id='word_1_102' title='bbox 476 1218 549 1280; x_wconf 87' lang='lat' dir='ltr'><strong>(a)</strong></span> <span class='ocrx_word' id='word_1_103' title='bbox 576 1217 792 1276; x_wconf 85' lang='lat' dir='ltr'><strong>Yriarte,</strong></span> <span class='ocrx_word' id='word_1_104' title='bbox 819 1216 1038 1277; x_wconf 76' lang='lat' dir='ltr'><strong>Catalog.</strong></span> <span class='ocrx_word' id='word_1_105' title='bbox 1062 1216 1171 1264; x_wconf 92' lang='lat' dir='ltr'><strong>cod.</strong></span> <span class='ocrx_word' id='word_1_106' title='bbox 1195 1216 1276 1266; x_wconf 89' lang='lat' dir='ltr'><strong>Gr.</strong></span> <span class='ocrx_word' id='word_1_107' title='bbox 1318 1215 1496 1263; x_wconf 81' lang='lat' dir='ltr'><strong>Malrit.</strong></span> <span class='ocrx_word' id='word_1_108' title='bbox 1528 1228 1573 1275; x_wconf 90' lang='lat' dir='ltr'><strong>p.</strong></span> <span class='ocrx_word' id='word_1_109' title='bbox 1618 1218 1727 1265; x_wconf 78' lang='lat'><strong>288.</strong></span> 
     </span>
    </p>
   </div>
   <div class='ocr_carea' id='block_1_12' title="bbox 417 1330 3666 1374">
    <p class='ocr_par' dir='ltr' id='par_1_12' title="bbox 420 1330 3666 1374">
     <span class='ocr_line' id='line_1_12' title="bbox 420 1330 3666 1374; baseline -0.002 -5"><span class='ocrx_word' id='word_1_110' title='bbox 420 1332 455 1365; x_wconf 57' lang='grc' dir='ltr'><strong>Ιςν</strong></span> <span class='ocrx_word' id='word_1_111' title='bbox 480 1359 1571 1369; x_wconf 55' lang='lat'><strong>~———————————_—_——____._____.</strong></span> <span class='ocrx_word' id='word_1_112' title='bbox 1594 1362 1705 1367; x_wconf 60' lang='lat'><strong>..___</strong></span> <span class='ocrx_word' id='word_1_113' title='bbox 1728 1362 1773 1369; x_wconf 58' lang='grc' dir='ltr'><strong>ν..</strong></span> <span class='ocrx_word' id='word_1_114' title='bbox 1798 1361 2157 1368; x_wconf 63' lang='grc'><strong>-.-,,,,--.-</strong></span> <span class='ocrx_word' id='word_1_115' title='bbox 2180 1361 2211 1365; x_wconf 79' lang='lat'><strong>___</strong></span> <span class='ocrx_word' id='word_1_116' title='bbox 2242 1362 2287 1365; x_wconf 39' lang='grc' dir='ltr'><strong>Δρ,</strong></span> <span class='ocrx_word' id='word_1_117' title='bbox 2336 1362 2359 1366; x_wconf 87' lang='grc'><strong>,,</strong></span> <span class='ocrx_word' id='word_1_118' title='bbox 2414 1362 2595 1366; x_wconf 39' lang='grc' dir='ltr'><strong>,μηλα---η</strong></span> <span class='ocrx_word' id='word_1_119' title='bbox 2614 1362 2619 1365; x_wconf 94' lang='grc'>.</span> <span class='ocrx_word' id='word_1_120' title='bbox 2638 1362 2697 1367; x_wconf 48' lang='lat'><strong>,-,</strong></span> 
     </span>
    </p>
   </div>
   <div class='ocr_carea' id='block_1_13' title="bbox 868 1360 1271 1369">
    <p class='ocr_par' dir='ltr' id='par_1_13' title="bbox 868 1360 1271 1369">
     <span class='ocr_line' id='line_1_13' title="bbox 868 1360 1271 1369; baseline 0.002 -2"><span class='ocrx_word' id='word_1_121' title='bbox 868 1360 1271 1369; x_wconf 70' lang='lat'><strong>——-————————</strong></span> 
     </span>
    </p>
   </div>
   <div class='ocr_carea' id='block_1_14' title="bbox 1277 1362 1678 1369">
    <p class='ocr_par' dir='ltr' id='par_1_14' title="bbox 1277 1362 1678 1369">
     <span class='ocr_line' id='line_1_14' title="bbox 1277 1362 1678 1369; baseline -0.002 -1"><span class='ocrx_word' id='word_1_122' title='bbox 1277 1362 1571 1369; x_wconf 47' lang='lat'><strong>————_~._—.</strong></span> <span class='ocrx_word' id='word_1_123' title='bbox 1594 1362 1678 1367; x_wconf 54' lang='grc' dir='ltr'><strong>ηα-</strong></span> 
     </span>
    </p>
   </div>
   <div class='ocr_carea' id='block_1_15' title="bbox 937 1361 3163 1850">
    <p class='ocr_par' dir='ltr' id='par_1_15' title="bbox 937 1361 3163 1850">
     <span class='ocr_line' id='line_1_15' title="bbox 937 1361 3163 1850; baseline 0.001 -104"><span class='ocrx_word' id='word_1_124' title='bbox 937 1361 3163 1850; x_wconf 57' lang='lat' dir='ltr'><strong>animantium</strong></span> 
     </span>
    </p>
   </div>
   <div class='ocr_carea' id='block_1_16' title="bbox 1806 1944 2303 2038">
    <p class='ocr_par' dir='ltr' id='par_1_16' title="bbox 1806 1944 2303 2038">
     <span class='ocr_line' id='line_1_16' title="bbox 1806 1944 2303 2038; baseline 0.008 -5"><span class='ocrx_word' id='word_1_125' title='bbox 1806 1944 2303 2038; x_wconf 83' lang='lat' dir='ltr'><strong>NOTlTlA</strong></span> 
     </span>
    </p>
   </div>
   <div class='ocr_carea' id='block_1_17' title="bbox 982 2143 2994 2211">
    <p class='ocr_par' dir='ltr' id='par_1_17' title="bbox 982 2143 2994 2211">
     <span class='ocr_line' id='line_1_17' title="bbox 982 2143 2994 2211; baseline -0.001 -14"><span class='ocrx_word' id='word_1_126' title='bbox 982 2144 1078 2209; x_wconf 81' lang='lat' dir='ltr'><strong>(Ex</strong></span> <span class='ocrx_word' id='word_1_127' title='bbox 1106 2146 1261 2197; x_wconf 68' lang='lat' dir='ltr'><strong>Allat-</strong></span> <span class='ocrx_word' id='word_1_128' title='bbox 1279 2145 1351 2197; x_wconf 87' lang='lat' dir='ltr'><strong>De</strong></span> <span class='ocrx_word' id='word_1_129' title='bbox 1383 2146 1682 2211; x_wconf 78' lang='lat' dir='ltr'><strong>Georgiis-n.</strong></span> <span class='ocrx_word' id='word_1_130' title='bbox 1718 2145 1773 2197; x_wconf 88' lang='lat' dir='ltr'><strong>L.</strong></span> <span class='ocrx_word' id='word_1_131' title='bbox 1797 2160 1877 2209; x_wconf 92' lang='lat' dir='ltr'><strong>ap.</strong></span> <span class='ocrx_word' id='word_1_132' title='bbox 1904 2144 2095 2195; x_wconf 78' lang='lat' dir='ltr'><strong>Fabric.</strong></span> <span class='ocrx_word' id='word_1_133' title='bbox 2117 2143 2250 2197; x_wconf 87' lang='lat' dir='ltr'><strong>Bibl.</strong></span> <span class='ocrx_word' id='word_1_134' title='bbox 2276 2145 2361 2196; x_wconf 87' lang='lat' dir='ltr'><strong>Gr.</strong></span> <span class='ocrx_word' id='word_1_135' title='bbox 2386 2146 2468 2196; x_wconf 89' lang='lat' dir='ltr'><strong>ed.</strong></span> <span class='ocrx_word' id='word_1_136' title='bbox 2496 2146 2693 2207; x_wconf 83' lang='lat' dir='ltr'><strong>Harles,</strong></span> <span class='ocrx_word' id='word_1_137' title='bbox 2721 2150 2842 2196; x_wconf 87' lang='lat' dir='ltr'><strong>tom.</strong></span> <span class='ocrx_word' id='word_1_138' title='bbox 2863 2144 2994 2205; x_wconf 86' lang='lat' dir='ltr'><strong>Xll.)</strong></span> 
     </span>
    </p>
   </div>
   <div class='ocr_carea' id='block_1_18' title="bbox 479 2440 3664 2517">
    <p class='ocr_par' dir='ltr' id='par_1_18' title="bbox 479 2440 3664 2517">
     <span class='ocr_line' id='line_1_18' title="bbox 479 2440 3664 2517; baseline -0.001 -19"><span class='ocrx_word' id='word_1_139' title='bbox 479 2442 556 2498; x_wconf 86' lang='lat' dir='ltr'><strong>De</strong></span> <span class='ocrx_word' id='word_1_140' title='bbox 589 2442 811 2517; x_wconf 78' lang='lat' dir='ltr'><strong>Georgii</strong></span> <span class='ocrx_word' id='word_1_141' title='bbox 835 2442 1189 2516; x_wconf 81' lang='lat' dir='ltr'><strong>Trapezuntii</strong></span> <span class='ocrx_word' id='word_1_142' title='bbox 1219 2445 1419 2517; x_wconf 81' lang='lat' dir='ltr'><strong>patria,</strong></span> <span class='ocrx_word' id='word_1_143' title='bbox 1452 2444 1561 2501; x_wconf 88' lang='lat' dir='ltr'><strong>vita</strong></span> <span class='ocrx_word' id='word_1_144' title='bbox 1594 2456 1650 2502; x_wconf 87' lang='lat' dir='ltr'><strong>et</strong></span> <span class='ocrx_word' id='word_1_145' title='bbox 1702 2446 1903 2502; x_wconf 83' lang='lat' dir='ltr'><strong>studiis</strong></span> <span class='ocrx_word' id='word_1_146' title='bbox 1925 2446 2065 2502; x_wconf 82' lang='lat' dir='ltr'><strong>habe</strong></span> <span class='ocrx_word' id='word_1_147' title='bbox 2101 2444 2201 2501; x_wconf 88' lang='lat' dir='ltr'><strong>tibi</strong></span> <span class='ocrx_word' id='word_1_148' title='bbox 2227 2446 2344 2501; x_wconf 63' lang='lat' dir='ltr'><strong>haec</strong></span> <span class='ocrx_word' id='word_1_149' title='bbox 2378 2460 2443 2500; x_wconf 82' lang='lat' dir='ltr'><strong>ex</strong></span> <span class='ocrx_word' id='word_1_150' title='bbox 2473 2443 2669 2515; x_wconf 79' lang='lat' dir='ltr'><strong>elogiis</strong></span> <span class='ocrx_word' id='word_1_151' title='bbox 2692 2440 2847 2498; x_wconf 87' lang='lat' dir='ltr'><strong>Pauli</strong></span> <span class='ocrx_word' id='word_1_152' title='bbox 2869 2440 3008 2497; x_wconf 84' lang='lat' dir='ltr'><strong>Jovii</strong></span> <span class='ocrx_word' id='word_1_153' title='bbox 3040 2459 3053 2495; x_wconf 86' lang='lat'><strong>:</strong></span> <span class='ocrx_word' id='word_1_154' title='bbox 3081 2442 3371 2498; x_wconf 86' lang='lat' dir='ltr'><strong>Paternam</strong></span> <span class='ocrx_word' id='word_1_155' title='bbox 3396 2440 3664 2512; x_wconf 77' lang='lat' dir='ltr'><strong>originem</strong></span> 
     </span>
    </p>
   </div>
   <div class='ocr_carea' id='block_1_19' title="bbox 404 2534 3664 2613">
    <p class='ocr_par' dir='ltr' id='par_1_19' title="bbox 404 2534 3664 2613">
     <span class='ocr_line' id='line_1_19' title="bbox 404 2534 3664 2613; baseline -0.001 -22"><span class='ocrx_word' id='word_1_156' title='bbox 404 2551 437 2591; x_wconf 80' lang='lat' dir='ltr'><strong>a</strong></span> <span class='ocrx_word' id='word_1_157' title='bbox 467 2537 693 2593; x_wconf 84' lang='lat' dir='ltr'><strong>Pontica</strong></span> <span class='ocrx_word' id='word_1_158' title='bbox 725 2538 929 2593; x_wconf 87' lang='lat' dir='ltr'><strong>celebri</strong></span> <span class='ocrx_word' id='word_1_159' title='bbox 963 2540 1098 2594; x_wconf 87' lang='lat' dir='ltr'><strong>urbe</strong></span> <span class='ocrx_word' id='word_1_160' title='bbox 1130 2541 1329 2607; x_wconf 80' lang='lat' dir='ltr'><strong>traxit;</strong></span> <span class='ocrx_word' id='word_1_161' title='bbox 1372 2540 1503 2596; x_wconf 89' lang='lat' dir='ltr'><strong>licet</strong></span> <span class='ocrx_word' id='word_1_162' title='bbox 1546 2543 1600 2595; x_wconf 92' lang='lat' dir='ltr'><strong>in</strong></span> <span class='ocrx_word' id='word_1_163' title='bbox 1634 2539 1798 2596; x_wconf 83' lang='lat' dir='ltr'><strong>Creta</strong></span> <span class='ocrx_word' id='word_1_164' title='bbox 1835 2549 1999 2595; x_wconf 90' lang='lat' dir='ltr'><strong>natus</strong></span> <span class='ocrx_word' id='word_1_165' title='bbox 2031 2539 2110 2613; x_wconf 93' lang='lat' dir='ltr'><strong>(a)</strong></span> <span class='ocrx_word' id='word_1_166' title='bbox 2144 2549 2315 2603; x_wconf 88' lang='lat' dir='ltr'><strong>esset,</strong></span> <span class='ocrx_word' id='word_1_167' title='bbox 2356 2538 2711 2609; x_wconf 85' lang='lat' dir='ltr'><strong>Trapezuntii</strong></span> <span class='ocrx_word' id='word_1_168' title='bbox 2775 2537 2880 2593; x_wconf 87' lang='lat' dir='ltr'><strong>sibi</strong></span> <span class='ocrx_word' id='word_1_169' title='bbox 2912 2552 3135 2601; x_wconf 88' lang='lat' dir='ltr'><strong>nomen,</strong></span> <span class='ocrx_word' id='word_1_170' title='bbox 3170 2536 3297 2605; x_wconf 86' lang='lat' dir='ltr'><strong>quia</strong></span> <span class='ocrx_word' id='word_1_171' title='bbox 3331 2534 3397 2589; x_wconf 91' lang='lat' dir='ltr'><strong>ad</strong></span> <span class='ocrx_word' id='word_1_172' title='bbox 3452 2534 3664 2605; x_wconf 76' lang='lat' dir='ltr'><strong>Trape-</strong></span> 
     </span>
    </p>
   </div>
   <div class='ocr_carea' id='block_1_20' title="bbox 406 2628 3666 2704">
    <p class='ocr_par' dir='ltr' id='par_1_20' title="bbox 406 2628 3666 2704">
     <span class='ocr_line' id='line_1_20' title="bbox 406 2628 3666 2704; baseline 0 -24"><span class='ocrx_word' id='word_1_173' title='bbox 406 2638 633 2682; x_wconf 79' lang='lat' dir='ltr'><strong>zuntem</strong></span> <span class='ocrx_word' id='word_1_174' title='bbox 670 2628 1033 2700; x_wconf 73' lang='lat' dir='ltr'><strong>Cappadociae</strong></span> <span class='ocrx_word' id='word_1_175' title='bbox 1068 2633 1261 2699; x_wconf 88' lang='lat' dir='ltr'><strong>urbem</strong></span> <span class='ocrx_word' id='word_1_176' title='bbox 1294 2648 1469 2704; x_wconf 72' lang='lat' dir='ltr'><strong>genus</strong></span> <span class='ocrx_word' id='word_1_177' title='bbox 1518 2642 1806 2704; x_wconf 88' lang='lat' dir='ltr'><strong>paternum</strong></span> <span class='ocrx_word' id='word_1_178' title='bbox 1845 2633 2144 2697; x_wconf 82' lang='lat' dir='ltr'><strong>referebat,</strong></span> <span class='ocrx_word' id='word_1_179' title='bbox 2190 2632 2448 2697; x_wconf 86' lang='lat' dir='ltr'><strong>adscivit,</strong></span> <span class='ocrx_word' id='word_1_180' title='bbox 2479 2642 2539 2687; x_wconf 90' lang='lat' dir='ltr'><strong>ut</strong></span> <span class='ocrx_word' id='word_1_181' title='bbox 2579 2631 2852 2702; x_wconf 90' lang='lat' dir='ltr'><strong>Gyraldus</strong></span> <span class='ocrx_word' id='word_1_182' title='bbox 2885 2630 2956 2701; x_wconf 93' lang='lat' dir='ltr'><strong>(b)</strong></span> <span class='ocrx_word' id='word_1_183' title='bbox 3007 2638 3185 2699; x_wconf 90' lang='lat' dir='ltr'><strong>putat,</strong></span> <span class='ocrx_word' id='word_1_184' title='bbox 3219 2629 3441 2682; x_wconf 30' lang='lat' dir='ltr'><strong>veritus.</strong></span> <span class='ocrx_word' id='word_1_185' title='bbox 3465 2628 3666 2683; x_wconf 81' lang='lat' dir='ltr'><strong>veteris</strong></span> 
     </span>
    </p>
   </div>
   <div class='ocr_carea' id='block_1_21' title="bbox 413 2720 3666 2797">
    <p class='ocr_par' dir='ltr' id='par_1_21' title="bbox 413 2720 3666 2797">
     <span class='ocr_line' id='line_1_21' title="bbox 413 2720 3666 2797; baseline 0.002 -26"><span class='ocrx_word' id='word_1_186' title='bbox 413 2731 588 2786; x_wconf 69' lang='lat' dir='ltr'><strong>poetae</strong></span> <span class='ocrx_word' id='word_1_187' title='bbox 624 2722 966 2791; x_wconf 87' lang='lat' dir='ltr'><strong>Epimenidis</strong></span> <span class='ocrx_word' id='word_1_188' title='bbox 1011 2725 1081 2794; x_wconf 89' lang='lat' dir='ltr'><strong>(c)</strong></span> <span class='ocrx_word' id='word_1_189' title='bbox 1112 2725 1470 2789; x_wconf 81' lang='lat' dir='ltr'><strong>versiculum,</strong></span> <span class='ocrx_word' id='word_1_190' title='bbox 1503 2742 1667 2797; x_wconf 89' lang='lat' dir='ltr'><strong>quem</strong></span> <span class='ocrx_word' id='word_1_191' title='bbox 1701 2735 1757 2780; x_wconf 84' lang='lat' dir='ltr'><strong>et</strong></span> <span class='ocrx_word' id='word_1_192' title='bbox 1780 2727 2071 2781; x_wconf 68' lang='lat' dir='ltr'><strong>aemulatus</strong></span> <span class='ocrx_word' id='word_1_193' title='bbox 2096 2736 2180 2780; x_wconf 91' lang='lat' dir='ltr'><strong>est</strong></span> <span class='ocrx_word' id='word_1_194' title='bbox 2208 2726 2347 2781; x_wconf 85' lang='lat' dir='ltr'><strong>alter</strong></span> <span class='ocrx_word' id='word_1_195' title='bbox 2371 2732 2533 2793; x_wconf 90' lang='lat' dir='ltr'><strong>poeta</strong></span> <span class='ocrx_word' id='word_1_196' title='bbox 2554 2723 2925 2779; x_wconf 85' lang='lat' dir='ltr'><strong>Callimachus</strong></span> <span class='ocrx_word' id='word_1_197' title='bbox 2960 2721 3056 2791; x_wconf 80' lang='grc' dir='ltr'><strong>(ά).</strong></span> <span class='ocrx_word' id='word_1_198' title='bbox 3089 2720 3226 2775; x_wconf 90' lang='lat' dir='ltr'><strong>Cum</strong></span> <span class='ocrx_word' id='word_1_199' title='bbox 3258 2720 3502 2777; x_wconf 73' lang='lat' dir='ltr'><strong>feliciore</strong></span> <span class='ocrx_word' id='word_1_200' title='bbox 3524 2722 3666 2794; x_wconf 86' lang='lat' dir='ltr'><strong>stylo</strong></span> 
     </span>
    </p>
   </div>
   <div class='ocr_carea' id='block_1_22' title="bbox 413 2814 3665 2889">
    <p class='ocr_par' dir='ltr' id='par_1_22' title="bbox 413 2814 3665 2889">
     <span class='ocr_line' id='line_1_22' title="bbox 413 2814 3665 2889; baseline 0 -20"><span class='ocrx_word' id='word_1_201' title='bbox 413 2814 602 2870; x_wconf 66' lang='lat' dir='ltr'><strong>Graeca</strong></span> <span class='ocrx_word' id='word_1_202' title='bbox 633 2816 689 2870; x_wconf 80' lang='lat' dir='ltr'><strong>in</strong></span> <span class='ocrx_word' id='word_1_203' title='bbox 720 2816 975 2871; x_wconf 90' lang='lat' dir='ltr'><strong>Latinum</strong></span> <span class='ocrx_word' id='word_1_204' title='bbox 1000 2828 1369 2885; x_wconf 89' lang='lat' dir='ltr'><strong>verterentur,</strong></span> <span class='ocrx_word' id='word_1_205' title='bbox 1406 2820 1595 2874; x_wconf 75' lang='lat' dir='ltr'><strong>Romae</strong></span> <span class='ocrx_word' id='word_1_206' title='bbox 1629 2820 1741 2874; x_wconf 90' lang='lat' dir='ltr'><strong>fere</strong></span> <span class='ocrx_word' id='word_1_207' title='bbox 1771 2820 1981 2889; x_wconf 90' lang='lat' dir='ltr'><strong>primus</strong></span> <span class='ocrx_word' id='word_1_208' title='bbox 2006 2818 2322 2873; x_wconf 68' lang='lat' dir='ltr'><strong>Graecorum</strong></span> <span class='ocrx_word' id='word_1_209' title='bbox 2354 2818 2577 2873; x_wconf 84' lang='lat' dir='ltr'><strong>habitus</strong></span> <span class='ocrx_word' id='word_1_210' title='bbox 2609 2826 2716 2883; x_wconf 88' lang='lat' dir='ltr'><strong>est,</strong></span> <span class='ocrx_word' id='word_1_211' title='bbox 2750 2816 2908 2888; x_wconf 89' lang='lat' dir='ltr'><strong>plura</strong></span> <span class='ocrx_word' id='word_1_212' title='bbox 2935 2815 3082 2870; x_wconf 84' lang='lat' dir='ltr'><strong>enim</strong></span> <span class='ocrx_word' id='word_1_213' title='bbox 3126 2830 3192 2869; x_wconf 87' lang='lat' dir='ltr'><strong>ex</strong></span> <span class='ocrx_word' id='word_1_214' title='bbox 3227 2814 3430 2870; x_wconf 73' lang='lat' dir='ltr'><strong>Grzecis</strong></span> <span class='ocrx_word' id='word_1_215' title='bbox 3473 2814 3665 2869; x_wconf 89' lang='lat' dir='ltr'><strong>Latina</strong></span> 
     </span>
    </p>
   </div>
   <div class='ocr_carea' id='block_1_23' title="bbox 409 2910 3664 2985">
    <p class='ocr_par' dir='ltr' id='par_1_23' title="bbox 409 2910 3664 2985">
     <span class='ocr_line' id='line_1_23' title="bbox 409 2910 3664 2985; baseline 0 -21"><span class='ocrx_word' id='word_1_216' title='bbox 409 2912 566 2976; x_wconf 81' lang='lat' dir='ltr'><strong>fecit,</strong></span> <span class='ocrx_word' id='word_1_217' title='bbox 585 2927 685 2967; x_wconf 89' lang='lat' dir='ltr'><strong>nec</strong></span> <span class='ocrx_word' id='word_1_218' title='bbox 716 2912 1034 2969; x_wconf 90' lang='lat' dir='ltr'><strong>infeliciter.</strong></span> <span class='ocrx_word' id='word_1_219' title='bbox 1070 2914 1294 2985; x_wconf 83' lang='lat' dir='ltr'><strong>Ingenio</strong></span> <span class='ocrx_word' id='word_1_220' title='bbox 1327 2915 1429 2970; x_wconf 89' lang='lat' dir='ltr'><strong>fuit</strong></span> <span class='ocrx_word' id='word_1_221' title='bbox 1456 2916 1594 2981; x_wconf 89' lang='lat' dir='ltr'><strong>acri,</strong></span> <span class='ocrx_word' id='word_1_222' title='bbox 1630 2914 1837 2979; x_wconf 87' lang='lat' dir='ltr'><strong>vivido,</strong></span> <span class='ocrx_word' id='word_1_223' title='bbox 1862 2915 1991 2969; x_wconf 90' lang='lat' dir='ltr'><strong>licet</strong></span> <span class='ocrx_word' id='word_1_224' title='bbox 2017 2917 2071 2970; x_wconf 92' lang='lat' dir='ltr'><strong>in</strong></span> <span class='ocrx_word' id='word_1_225' title='bbox 2100 2916 2239 2971; x_wconf 86' lang='lat' dir='ltr'><strong>alios</strong></span> <span class='ocrx_word' id='word_1_226' title='bbox 2269 2915 2565 2985; x_wconf 89' lang='lat' dir='ltr'><strong>iniquiore.</strong></span> <span class='ocrx_word' id='word_1_227' title='bbox 2599 2914 2665 2967; x_wconf 91' lang='lat' dir='ltr'><strong>Et</strong></span> <span class='ocrx_word' id='word_1_228' title='bbox 2690 2926 2887 2983; x_wconf 65' lang='lat' dir='ltr'><strong>praeter</strong></span> <span class='ocrx_word' id='word_1_229' title='bbox 2911 2926 3078 2965; x_wconf 93' lang='lat' dir='ltr'><strong>unum</strong></span> <span class='ocrx_word' id='word_1_230' title='bbox 3105 2910 3479 2973; x_wconf 85' lang='lat' dir='ltr'><strong>Aristotelem,</strong></span> <span class='ocrx_word' id='word_1_231' title='bbox 3499 2924 3664 2980; x_wconf 84' lang='lat' dir='ltr'><strong>quem</strong></span> 
     </span>
    </p>
   </div>
   <div class='ocr_carea' id='block_1_24' title="bbox 410 3003 3666 3077">
    <p class='ocr_par' dir='ltr' id='par_1_24' title="bbox 410 3003 3666 3077">
     <span class='ocr_line' id='line_1_24' title="bbox 410 3003 3666 3077; baseline 0.001 -21"><span class='ocrx_word' id='word_1_232' title='bbox 410 3004 532 3072; x_wconf 90' lang='lat' dir='ltr'><strong>ipse</strong></span> <span class='ocrx_word' id='word_1_233' title='bbox 558 3004 731 3058; x_wconf 72' lang='lat' dir='ltr'><strong>veluti</strong></span> <span class='ocrx_word' id='word_1_234' title='bbox 762 3019 968 3059; x_wconf 93' lang='lat' dir='ltr'><strong>numen</strong></span> <span class='ocrx_word' id='word_1_235' title='bbox 1003 3005 1395 3071; x_wconf 82' lang='lat' dir='ltr'><strong>venerabatur,</strong></span> <span class='ocrx_word' id='word_1_236' title='bbox 1423 3017 1653 3061; x_wconf 64' lang='lat' dir='ltr'><strong>cteteros</strong></span> <span class='ocrx_word' id='word_1_237' title='bbox 1686 3021 1895 3073; x_wconf 87' lang='lat' dir='ltr'><strong>omnes,</strong></span> <span class='ocrx_word' id='word_1_238' title='bbox 1934 3006 2029 3061; x_wconf 85' lang='lat' dir='ltr'><strong>sed</strong></span> <span class='ocrx_word' id='word_1_239' title='bbox 2064 3006 2351 3061; x_wconf 87' lang='lat' dir='ltr'><strong>Platonem</strong></span> <span class='ocrx_word' id='word_1_240' title='bbox 2386 3006 2689 3077; x_wconf 74' lang='lat' dir='ltr'><strong>praecipue,</strong></span> <span class='ocrx_word' id='word_1_241' title='bbox 2720 3005 2835 3060; x_wconf 89' lang='lat' dir='ltr'><strong>acri</strong></span> <span class='ocrx_word' id='word_1_242' title='bbox 2864 3021 2926 3060; x_wconf 90' lang='lat' dir='ltr'><strong>ac</strong></span> <span class='ocrx_word' id='word_1_243' title='bbox 2962 3004 3230 3058; x_wconf 87' lang='lat' dir='ltr'><strong>maledico</strong></span> <span class='ocrx_word' id='word_1_244' title='bbox 3256 3003 3420 3058; x_wconf 90' lang='lat' dir='ltr'><strong>dente</strong></span> <span class='ocrx_word' id='word_1_245' title='bbox 3464 3004 3666 3059; x_wconf 87' lang='lat' dir='ltr'><strong>dilace-</strong></span> 
     </span>
    </p>
   </div>
   <div class='ocr_carea' id='block_1_25' title="bbox 410 3086 3665 3173">
    <p class='ocr_par' dir='ltr' id='par_1_25' title="bbox 410 3086 3665 3173">
     <span class='ocr_line' id='line_1_25' title="bbox 410 3086 3665 3173; baseline 0.001 -21"><span class='ocrx_word' id='word_1_246' title='bbox 410 3099 574 3153; x_wconf 81' lang='lat' dir='ltr'><strong>ravit.</strong></span> <span class='ocrx_word' id='word_1_247' title='bbox 610 3099 748 3155; x_wconf 86' lang='lat' dir='ltr'><strong>llinc</strong></span> <span class='ocrx_word' id='word_1_248' title='bbox 798 3100 1098 3155; x_wconf 89' lang='lat' dir='ltr'><strong>multorum</strong></span> <span class='ocrx_word' id='word_1_249' title='bbox 1143 3102 1285 3167; x_wconf 87' lang='lat' dir='ltr'><strong>odia,</strong></span> <span class='ocrx_word' id='word_1_250' title='bbox 1319 3102 1415 3156; x_wconf 89' lang='lat' dir='ltr'><strong>sed</strong></span> <span class='ocrx_word' id='word_1_251' title='bbox 1468 3102 1808 3156; x_wconf 88' lang='lat' dir='ltr'><strong>Bessarionis</strong></span> <span class='ocrx_word' id='word_1_252' title='bbox 1855 3102 2203 3172; x_wconf 86' lang='lat' dir='ltr'><strong>potissimum</strong></span> <span class='ocrx_word' id='word_1_253' title='bbox 2237 3102 2308 3173; x_wconf 83' lang='grc' dir='ltr'><strong>(ε)</strong></span> <span class='ocrx_word' id='word_1_254' title='bbox 2342 3086 2613 3157; x_wconf 78' lang='lat' dir='ltr'><strong>calamum</strong></span> <span class='ocrx_word' id='word_1_255' title='bbox 2664 3103 2719 3156; x_wconf 90' lang='lat' dir='ltr'><strong>in</strong></span> <span class='ocrx_word' id='word_1_256' title='bbox 2763 3118 2822 3157; x_wconf 92' lang='lat' dir='ltr'><strong>se</strong></span> <span class='ocrx_word' id='word_1_257' title='bbox 2855 3102 3176 3166; x_wconf 87' lang='lat' dir='ltr'><strong>concitavit,</strong></span> <span class='ocrx_word' id='word_1_258' title='bbox 3212 3111 3267 3155; x_wconf 91' lang='lat' dir='ltr'><strong>et</strong></span> <span class='ocrx_word' id='word_1_259' title='bbox 3320 3117 3444 3156; x_wconf 92' lang='lat' dir='ltr'><strong>cum</strong></span> <span class='ocrx_word' id='word_1_260' title='bbox 3472 3116 3665 3155; x_wconf 79' lang='lat' dir='ltr'><strong>eorum</strong></span> 
     </span>
    </p>
   </div>
   <div class='ocr_carea' id='block_1_26' title="bbox 412 3196 3681 3267">
    <p class='ocr_par' dir='ltr' id='par_1_26' title="bbox 412 3196 3681 3267">
     <span class='ocr_line' id='line_1_26' title="bbox 412 3196 3681 3267; baseline 0 -19"><span class='ocrx_word' id='word_1_261' title='bbox 412 3196 677 3263; x_wconf 71' lang='lat' dir='ltr'><strong>impetum</strong></span> <span class='ocrx_word' id='word_1_262' title='bbox 707 3197 825 3264; x_wconf 90' lang='lat' dir='ltr'><strong>ipse</strong></span> <span class='ocrx_word' id='word_1_263' title='bbox 862 3196 1137 3251; x_wconf 88' lang='lat' dir='ltr'><strong>sustinere</strong></span> <span class='ocrx_word' id='word_1_264' title='bbox 1179 3212 1288 3251; x_wconf 91' lang='lat' dir='ltr'><strong>non</strong></span> <span class='ocrx_word' id='word_1_265' title='bbox 1334 3207 1542 3266; x_wconf 87' lang='lat' dir='ltr'><strong>posset,</strong></span> <span class='ocrx_word' id='word_1_266' title='bbox 1577 3196 1852 3265; x_wconf 69' lang='lat' dir='ltr'><strong>prmsidiis</strong></span> <span class='ocrx_word' id='word_1_267' title='bbox 1900 3197 1978 3252; x_wconf 88' lang='lat' dir='ltr'><strong>illi</strong></span> <span class='ocrx_word' id='word_1_268' title='bbox 2019 3197 2263 3267; x_wconf 88' lang='lat' dir='ltr'><strong>undique</strong></span> <span class='ocrx_word' id='word_1_269' title='bbox 2294 3198 2359 3251; x_wconf 84' lang='lat' dir='ltr'><strong>ad</strong></span> <span class='ocrx_word' id='word_1_270' title='bbox 2411 3197 2580 3252; x_wconf 87' lang='lat' dir='ltr'><strong>vitam</strong></span> <span class='ocrx_word' id='word_1_271' title='bbox 2612 3196 3028 3252; x_wconf 88' lang='lat' dir='ltr'><strong>sustentandam</strong></span> <span class='ocrx_word' id='word_1_272' title='bbox 3058 3211 3087 3250; x_wconf 92' lang='lat' dir='ltr'><strong>a</strong></span> <span class='ocrx_word' id='word_1_273' title='bbox 3132 3197 3536 3265; x_wconf 83' lang='lat' dir='ltr'><strong>potentioribus</strong></span> <span class='ocrx_word' id='word_1_274' title='bbox 3569 3198 3681 3251; x_wconf 78' lang='lat' dir='ltr'><strong>ho—&#39;</strong></span> 
     </span>
    </p>
   </div>
   <div class='ocr_carea' id='block_1_27' title="bbox 411 3289 3667 3361">
    <p class='ocr_par' dir='ltr' id='par_1_27' title="bbox 411 3289 3667 3361">
     <span class='ocr_line' id='line_1_27' title="bbox 411 3289 3667 3361; baseline 0.001 -19"><span class='ocrx_word' id='word_1_275' title='bbox 411 3290 591 3343; x_wconf 83' lang='lat' dir='ltr'><strong>stibus</strong></span> <span class='ocrx_word' id='word_1_276' title='bbox 614 3290 957 3353; x_wconf 89' lang='lat' dir='ltr'><strong>interclusis,</strong></span> <span class='ocrx_word' id='word_1_277' title='bbox 987 3291 1183 3344; x_wconf 74' lang='lat' dir='ltr'><strong>misere</strong></span> <span class='ocrx_word' id='word_1_278' title='bbox 1214 3290 1380 3344; x_wconf 90' lang='lat' dir='ltr'><strong>vitam</strong></span> <span class='ocrx_word' id='word_1_279' title='bbox 1410 3305 1573 3359; x_wconf 78' lang='lat' dir='ltr'><strong>agere</strong></span> <span class='ocrx_word' id='word_1_280' title='bbox 1599 3302 1823 3344; x_wconf 84' lang='lat' dir='ltr'><strong>coactus</strong></span> <span class='ocrx_word' id='word_1_281' title='bbox 1852 3300 1956 3345; x_wconf 91' lang='lat' dir='ltr'><strong>est.</strong></span> <span class='ocrx_word' id='word_1_282' title='bbox 1993 3289 2058 3344; x_wconf 80' lang='lat' dir='ltr'><strong>Et</strong></span> <span class='ocrx_word' id='word_1_283' title='bbox 2083 3306 2215 3345; x_wconf 84' lang='lat' dir='ltr'><strong>sane</strong></span> <span class='ocrx_word' id='word_1_284' title='bbox 2248 3300 2519 3347; x_wconf 89' lang='lat' dir='ltr'><strong>tantarum</strong></span> <span class='ocrx_word' id='word_1_285' title='bbox 2567 3292 2909 3346; x_wconf 87' lang='lat' dir='ltr'><strong>simultatum</strong></span> <span class='ocrx_word' id='word_1_286' title='bbox 2947 3290 3167 3346; x_wconf 86' lang='lat' dir='ltr'><strong>turbine</strong></span> <span class='ocrx_word' id='word_1_287' title='bbox 3197 3306 3495 3361; x_wconf 89' lang='lat' dir='ltr'><strong>oppressus</strong></span> <span class='ocrx_word' id='word_1_288' title='bbox 3528 3307 3667 3361; x_wconf 90' lang='lat' dir='ltr'><strong>pene</strong></span> 
     </span>
    </p>
   </div>
   <div class='ocr_carea' id='block_1_28' title="bbox 413 3385 3666 3459">
    <p class='ocr_par' dir='ltr' id='par_1_28' title="bbox 413 3385 3666 3459">
     <span class='ocr_line' id='line_1_28' title="bbox 413 3385 3666 3459; baseline 0.001 -19"><span class='ocrx_word' id='word_1_289' title='bbox 413 3388 789 3449; x_wconf 90' lang='lat' dir='ltr'><strong>occubuisset,</strong></span> <span class='ocrx_word' id='word_1_290' title='bbox 825 3385 878 3438; x_wconf 91' lang='lat' dir='ltr'><strong>ni</strong></span> <span class='ocrx_word' id='word_1_291' title='bbox 909 3399 1001 3438; x_wconf 85' lang='lat' dir='ltr'><strong>rex</strong></span> <span class='ocrx_word' id='word_1_292' title='bbox 1034 3385 1353 3453; x_wconf 83' lang='lat' dir='ltr'><strong>Apbnnsus,</strong></span> <span class='ocrx_word' id='word_1_293' title='bbox 1385 3386 1530 3456; x_wconf 90' lang='lat' dir='ltr'><strong>quod</strong></span> <span class='ocrx_word' id='word_1_294' title='bbox 1556 3388 1803 3443; x_wconf 83' lang='lat' dir='ltr'><strong>Andreas</strong></span> <span class='ocrx_word' id='word_1_295' title='bbox 1835 3388 1981 3443; x_wconf 89' lang='lat' dir='ltr'><strong>illius</strong></span> <span class='ocrx_word' id='word_1_296' title='bbox 2016 3389 2158 3444; x_wconf 85' lang='lat' dir='ltr'><strong>filius</strong></span> <span class='ocrx_word' id='word_1_297' title='bbox 2192 3390 2244 3443; x_wconf 92' lang='lat' dir='ltr'><strong>in</strong></span> <span class='ocrx_word' id='word_1_298' title='bbox 2271 3388 2588 3459; x_wconf 70' lang='lat' dir='ltr'><strong>praefatione</strong></span> <span class='ocrx_word' id='word_1_299' title='bbox 2642 3389 2969 3445; x_wconf 77' lang='lat' dir='ltr'><strong>Ptolemaica</strong></span> <span class='ocrx_word' id='word_1_300' title='bbox 2994 3388 3057 3442; x_wconf 89' lang='lat' dir='ltr'><strong>ad</strong></span> <span class='ocrx_word' id='word_1_301' title='bbox 3088 3387 3301 3444; x_wconf 83' lang='lat' dir='ltr'><strong>Sixtum</strong></span> <span class='ocrx_word' id='word_1_302' title='bbox 3355 3386 3666 3457; x_wconf 77' lang='lat' dir='ltr'><strong>pontiﬁcem</strong></span> 
     </span>
    </p>
   </div>
   <div class='ocr_carea' id='block_1_29' title="bbox 409 3479 3665 3553">
    <p class='ocr_par' dir='ltr' id='par_1_29' title="bbox 409 3479 3665 3553">
     <span class='ocr_line' id='line_1_29' title="bbox 409 3479 3665 3553; baseline -0.001 -14"><span class='ocrx_word' id='word_1_303' title='bbox 409 3485 598 3544; x_wconf 85' lang='lat' dir='ltr'><strong>refert.</strong></span> <span class='ocrx_word' id='word_1_304' title='bbox 627 3480 909 3548; x_wconf 82' lang='lat' dir='ltr'><strong>Neapolim</strong></span> <span class='ocrx_word' id='word_1_305' title='bbox 938 3479 1279 3543; x_wconf 82' lang='lat' dir='ltr'><strong>advocasset,</strong></span> <span class='ocrx_word' id='word_1_306' title='bbox 1316 3488 1372 3533; x_wconf 87' lang='lat' dir='ltr'><strong>et</strong></span> <span class='ocrx_word' id='word_1_307' title='bbox 1414 3481 1467 3534; x_wconf 92' lang='lat' dir='ltr'><strong>in</strong></span> <span class='ocrx_word' id='word_1_308' title='bbox 1500 3496 1678 3535; x_wconf 87' lang='lat' dir='ltr'><strong>annos</strong></span> <span class='ocrx_word' id='word_1_309' title='bbox 1706 3482 1954 3551; x_wconf 79' lang='lat' dir='ltr'><strong>singulos</strong></span> <span class='ocrx_word' id='word_1_310' title='bbox 1993 3483 2263 3550; x_wconf 87' lang='lat' dir='ltr'><strong>desponsa</strong></span> <span class='ocrx_word' id='word_1_311' title='bbox 2299 3483 2537 3551; x_wconf 90' lang='lat' dir='ltr'><strong>pecunia</strong></span> <span class='ocrx_word' id='word_1_312' title='bbox 2566 3497 2673 3536; x_wconf 90' lang='lat' dir='ltr'><strong>non</strong></span> <span class='ocrx_word' id='word_1_313' title='bbox 2701 3481 2989 3544; x_wconf 89' lang='lat' dir='ltr'><strong>mediocri.</strong></span> <span class='ocrx_word' id='word_1_314' title='bbox 3039 3482 3274 3536; x_wconf 90' lang='lat' dir='ltr'><strong>comiter</strong></span> <span class='ocrx_word' id='word_1_315' title='bbox 3319 3482 3665 3553; x_wconf 77' lang='lat' dir='ltr'><strong>benigneque</strong></span> 
     </span>
    </p>
   </div>
   <div class='ocr_carea' id='block_1_30' title="bbox 408 3574 3666 3646">
    <p class='ocr_par' dir='ltr' id='par_1_30' title="bbox 408 3574 3666 3646">
     <span class='ocr_line' id='line_1_30' title="bbox 408 3574 3666 3646; baseline -0 -15"><span class='ocrx_word' id='word_1_316' title='bbox 408 3576 766 3645; x_wconf 69' lang='lat' dir='ltr'><strong>suscepisset.</strong></span> <span class='ocrx_word' id='word_1_317' title='bbox 802 3574 859 3629; x_wconf 91' lang='lat' dir='ltr'><strong>lu</strong></span> <span class='ocrx_word' id='word_1_318' title='bbox 890 3583 1083 3627; x_wconf 71' lang='lat' dir='ltr'><strong>exacta</strong></span> <span class='ocrx_word' id='word_1_319' title='bbox 1113 3581 1397 3627; x_wconf 85' lang='lat' dir='ltr'><strong>senectute</strong></span> <span class='ocrx_word' id='word_1_320' title='bbox 1431 3586 1854 3641; x_wconf 89' lang='lat' dir='ltr'><strong>repuerascens,</strong></span> <span class='ocrx_word' id='word_1_321' title='bbox 1881 3583 1937 3629; x_wconf 91' lang='lat' dir='ltr'><strong>et</strong></span> <span class='ocrx_word' id='word_1_322' title='bbox 1970 3575 2237 3629; x_wconf 89' lang='lat' dir='ltr'><strong>memoria</strong></span> <span class='ocrx_word' id='word_1_323' title='bbox 2263 3584 2537 3630; x_wconf 91' lang='lat' dir='ltr'><strong>tantarum</strong></span> <span class='ocrx_word' id='word_1_324' title='bbox 2570 3590 2755 3630; x_wconf 89' lang='lat' dir='ltr'><strong>rerum</strong></span> <span class='ocrx_word' id='word_1_325' title='bbox 2788 3574 3097 3644; x_wconf 89' lang='lat' dir='ltr'><strong>deperdita,</strong></span> <span class='ocrx_word' id='word_1_326' title='bbox 3135 3585 3193 3629; x_wconf 84' lang='grc' dir='ltr'><strong>ιιι</strong></span> <span class='ocrx_word' id='word_1_327' title='bbox 3236 3578 3303 3629; x_wconf 92' lang='lat' dir='ltr'><strong>de</strong></span> <span class='ocrx_word' id='word_1_328' title='bbox 3348 3590 3414 3629; x_wconf 91' lang='lat' dir='ltr'><strong>eo</strong></span> <span class='ocrx_word' id='word_1_329' title='bbox 3444 3590 3666 3646; x_wconf 84' lang='lat' dir='ltr'><strong>quoque</strong></span> 
     </span>
    </p>
   </div>
   <div class='ocr_carea' id='block_1_31' title="bbox 413 3666 3653 3739">
    <p class='ocr_par' dir='ltr' id='par_1_31' title="bbox 413 3666 3653 3739">
     <span class='ocr_line' id='line_1_31' title="bbox 413 3666 3653 3739; baseline -0.001 -14"><span class='ocrx_word' id='word_1_330' title='bbox 413 3671 580 3725; x_wconf 78' lang='lat' dir='ltr'><strong>refert</strong></span> <span class='ocrx_word' id='word_1_331' title='bbox 610 3668 853 3739; x_wconf 80' lang='lat' dir='ltr'><strong>Raphael</strong></span> <span class='ocrx_word' id='word_1_332' title='bbox 885 3668 1299 3733; x_wconf 79' lang='lat' dir='ltr'><strong>Volaterranos,</strong></span> <span class='ocrx_word' id='word_1_333' title='bbox 1326 3668 1422 3721; x_wconf 93' lang='lat' dir='ltr'><strong>lib.</strong></span> <span class='ocrx_word' id='word_1_334' title='bbox 1449 3683 1560 3731; x_wconf 81' lang='lat' dir='ltr'><strong>xxi,</strong></span> <span class='ocrx_word' id='word_1_335' title='bbox 1587 3667 1681 3737; x_wconf 93' lang='lat' dir='ltr'><strong>qui</strong></span> <span class='ocrx_word' id='word_1_336' title='bbox 1708 3677 1837 3721; x_wconf 87' lang='lat' dir='ltr'><strong>ante</strong></span> <span class='ocrx_word' id='word_1_337' title='bbox 1866 3668 2186 3721; x_wconf 83' lang='lat' dir='ltr'><strong>memoriam</strong></span> <span class='ocrx_word' id='word_1_338' title='bbox 2210 3667 2464 3722; x_wconf 85' lang='lat' dir='ltr'><strong>amissam</strong></span> <span class='ocrx_word' id='word_1_339' title='bbox 2492 3670 2603 3738; x_wconf 83' lang='lat' dir='ltr'><strong>jam</strong></span> <span class='ocrx_word' id='word_1_340' title='bbox 2630 3683 2821 3724; x_wconf 88' lang='lat' dir='ltr'><strong>senem</strong></span> <span class='ocrx_word' id='word_1_341' title='bbox 2859 3684 2999 3738; x_wconf 91' lang='lat' dir='ltr'><strong>puer</strong></span> <span class='ocrx_word' id='word_1_342' title='bbox 3022 3666 3310 3722; x_wconf 88' lang='lat' dir='ltr'><strong>audiverat</strong></span> <span class='ocrx_word' id='word_1_343' title='bbox 3338 3667 3653 3733; x_wconf 85' lang='lat' dir='ltr'><strong>docentem,</strong></span> 
     </span>
    </p>
   </div>
   <div class='ocr_carea' id='block_1_32' title="bbox 414 3760 3663 3834">
    <p class='ocr_par' dir='ltr' id='par_1_32' title="bbox 414 3760 3663 3834">
     <span class='ocr_line' id='line_1_32' title="bbox 414 3760 3663 3834; baseline 0.001 -17"><span class='ocrx_word' id='word_1_344' title='bbox 414 3765 467 3818; x_wconf 93' lang='lat' dir='ltr'><strong>in</strong></span> <span class='ocrx_word' id='word_1_345' title='bbox 506 3765 641 3818; x_wconf 89' lang='lat' dir='ltr'><strong>urbe</strong></span> <span class='ocrx_word' id='word_1_346' title='bbox 676 3766 829 3819; x_wconf 88' lang='lat' dir='ltr'><strong>solus</strong></span> <span class='ocrx_word' id='word_1_347' title='bbox 856 3763 1058 3817; x_wconf 85' lang='lat' dir='ltr'><strong>detrito</strong></span> <span class='ocrx_word' id='word_1_348' title='bbox 1092 3762 1145 3816; x_wconf 89' lang='lat' dir='ltr'><strong>in</strong></span> <span class='ocrx_word' id='word_1_349' title='bbox 1185 3762 1372 3830; x_wconf 83' lang='lat' dir='ltr'><strong>pallio,</strong></span> <span class='ocrx_word' id='word_1_350' title='bbox 1404 3763 1657 3832; x_wconf 85' lang='lat' dir='ltr'><strong>pileatus,</strong></span> <span class='ocrx_word' id='word_1_351' title='bbox 1692 3770 1747 3816; x_wconf 90' lang='lat' dir='ltr'><strong>et</strong></span> <span class='ocrx_word' id='word_1_352' title='bbox 1779 3760 1991 3815; x_wconf 91' lang='lat' dir='ltr'><strong>nodoso</strong></span> <span class='ocrx_word' id='word_1_353' title='bbox 2048 3761 2295 3831; x_wconf 89' lang='lat' dir='ltr'><strong>scipione</strong></span> <span class='ocrx_word' id='word_1_354' title='bbox 2334 3760 2554 3834; x_wconf 85' lang='lat' dir='ltr'><strong>jamjam</strong></span> <span class='ocrx_word' id='word_1_355' title='bbox 2590 3763 2791 3818; x_wconf 88' lang='lat' dir='ltr'><strong>ruituri</strong></span> <span class='ocrx_word' id='word_1_356' title='bbox 2825 3760 3076 3832; x_wconf 85' lang='lat' dir='ltr'><strong>corporis</strong></span> <span class='ocrx_word' id='word_1_357' title='bbox 3114 3760 3355 3816; x_wconf 90' lang='lat' dir='ltr'><strong>membra</strong></span> <span class='ocrx_word' id='word_1_358' title='bbox 3382 3761 3663 3820; x_wconf 86' lang='lat' dir='ltr'><strong>sustinens</strong></span> 
     </span>
    </p>
   </div>
   <div class='ocr_carea' id='block_1_33' title="bbox 410 3855 3662 3926">
    <p class='ocr_par' dir='ltr' id='par_1_33' title="bbox 410 3855 3662 3926">
     <span class='ocr_line' id='line_1_33' title="bbox 410 3855 3662 3926; baseline 0.001 -16"><span class='ocrx_word' id='word_1_359' title='bbox 410 3855 743 3921; x_wconf 84' lang='lat' dir='ltr'><strong>oberrabat;</strong></span> <span class='ocrx_word' id='word_1_360' title='bbox 779 3856 929 3926; x_wconf 76' lang='lat' dir='ltr'><strong>juxta</strong></span> <span class='ocrx_word' id='word_1_361' title='bbox 962 3855 1220 3909; x_wconf 66' lang='lat' dir='ltr'><strong>Minerva:</strong></span> <span class='ocrx_word' id='word_1_362' title='bbox 1248 3855 1527 3909; x_wconf 87' lang='lat' dir='ltr'><strong>habitasse</strong></span> <span class='ocrx_word' id='word_1_363' title='bbox 1576 3855 1782 3921; x_wconf 88' lang='lat' dir='ltr'><strong>ferunt,</strong></span> <span class='ocrx_word' id='word_1_364' title='bbox 1814 3855 1869 3909; x_wconf 92' lang='lat' dir='ltr'><strong>in</strong></span> <span class='ocrx_word' id='word_1_365' title='bbox 1900 3870 2008 3923; x_wconf 88' lang='lat' dir='ltr'><strong>qua</strong></span> <span class='ocrx_word' id='word_1_366' title='bbox 2046 3863 2103 3910; x_wconf 90' lang='lat' dir='ltr'><strong>et</strong></span> <span class='ocrx_word' id='word_1_367' title='bbox 2140 3867 2392 3911; x_wconf 90' lang='lat' dir='ltr'><strong>mortuus</strong></span> <span class='ocrx_word' id='word_1_368' title='bbox 2439 3856 2746 3926; x_wconf 90' lang='lat' dir='ltr'><strong>sepelitur;</strong></span> <span class='ocrx_word' id='word_1_369' title='bbox 2778 3866 2829 3911; x_wconf 90' lang='lat' dir='ltr'><strong>et</strong></span> <span class='ocrx_word' id='word_1_370' title='bbox 2869 3872 2939 3910; x_wconf 89' lang='lat' dir='ltr'><strong>ne</strong></span> <span class='ocrx_word' id='word_1_371' title='bbox 2970 3858 3104 3913; x_wconf 88' lang='lat' dir='ltr'><strong>tanti</strong></span> <span class='ocrx_word' id='word_1_372' title='bbox 3148 3857 3249 3913; x_wconf 85' lang='lat' dir='ltr'><strong>viri</strong></span> <span class='ocrx_word' id='word_1_373' title='bbox 3298 3871 3497 3913; x_wconf 90' lang='lat' dir='ltr'><strong>nomen</strong></span> <span class='ocrx_word' id='word_1_374' title='bbox 3551 3872 3662 3913; x_wconf 91' lang='lat' dir='ltr'><strong>una</strong></span> 
     </span>
    </p>
   </div>
   <div class='ocr_carea' id='block_1_34' title="bbox 407 3948 3653 4020">
    <p class='ocr_par' dir='ltr' id='par_1_34' title="bbox 407 3948 3653 4020">
     <span class='ocr_line' id='line_1_34' title="bbox 407 3948 3653 4020; baseline -0.001 -16"><span class='ocrx_word' id='word_1_375' title='bbox 407 3966 533 4006; x_wconf 80' lang='lat' dir='ltr'><strong>eum</strong></span> <span class='ocrx_word' id='word_1_376' title='bbox 576 3951 698 4019; x_wconf 87' lang='lat' dir='ltr'><strong>ipso</strong></span> <span class='ocrx_word' id='word_1_377' title='bbox 734 3958 981 4019; x_wconf 88' lang='lat' dir='ltr'><strong>tempore</strong></span> <span class='ocrx_word' id='word_1_378' title='bbox 1010 3948 1349 4014; x_wconf 81' lang='lat' dir='ltr'><strong>elaberetur,</strong></span> <span class='ocrx_word' id='word_1_379' title='bbox 1378 3962 1686 4003; x_wconf 90' lang='lat' dir='ltr'><strong>marmorea</strong></span> <span class='ocrx_word' id='word_1_380' title='bbox 1719 3949 2077 4017; x_wconf 84' lang='lat' dir='ltr'><strong>inscriptione</strong></span> <span class='ocrx_word' id='word_1_381' title='bbox 2141 3950 2345 4020; x_wconf 78' lang='lat' dir='ltr'><strong>ﬂgitur.</strong></span> <span class='ocrx_word' id='word_1_382' title='bbox 2375 3948 2504 4010; x_wconf 89' lang='lat' dir='ltr'><strong>Sed,</strong></span> <span class='ocrx_word' id='word_1_383' title='bbox 2538 3950 2642 4007; x_wconf 84' lang='lat' dir='ltr'><strong>heu</strong></span> <span class='ocrx_word' id='word_1_384' title='bbox 2695 3962 2882 4002; x_wconf 91' lang='lat' dir='ltr'><strong>rerum</strong></span> <span class='ocrx_word' id='word_1_385' title='bbox 2932 3948 3061 4003; x_wconf 87' lang='lat' dir='ltr'><strong>fatal</strong></span> <span class='ocrx_word' id='word_1_386' title='bbox 3098 3949 3236 4018; x_wconf 90' lang='lat' dir='ltr'><strong>lapis</strong></span> <span class='ocrx_word' id='word_1_387' title='bbox 3281 3949 3369 4003; x_wconf 88' lang='lat' dir='ltr'><strong>ille</strong></span> <span class='ocrx_word' id='word_1_388' title='bbox 3406 3948 3653 4002; x_wconf 86' lang='lat' dir='ltr'><strong>omnium</strong></span> 
     </span>
    </p>
   </div>
   <div class='ocr_carea' id='block_1_35' title="bbox 416 4040 3656 4115">
    <p class='ocr_par' dir='ltr' id='par_1_35' title="bbox 416 4040 3656 4115">
     <span class='ocr_line' id='line_1_35' title="bbox 416 4040 3656 4115; baseline -0.003 -12"><span class='ocrx_word' id='word_1_389' title='bbox 416 4046 596 4103; x_wconf 83' lang='lat' dir='ltr'><strong>oculis</strong></span> <span class='ocrx_word' id='word_1_390' title='bbox 643 4045 772 4100; x_wconf 82' lang='lat' dir='ltr'><strong>dum</strong></span> <span class='ocrx_word' id='word_1_391' title='bbox 800 4060 831 4102; x_wconf 89' lang='lat' dir='ltr'><strong>e</strong></span> <span class='ocrx_word' id='word_1_392' title='bbox 857 4042 1324 4115; x_wconf 76' lang='lat' dir='ltr'><strong>Seevophylaceio</strong></span> <span class='ocrx_word' id='word_1_393' title='bbox 1354 4043 1647 4097; x_wconf 75' lang='lat' dir='ltr'><strong>ecclesiam</strong></span> <span class='ocrx_word' id='word_1_394' title='bbox 1686 4042 2091 4113; x_wconf 78' lang='lat' dir='ltr'><strong>ingrediuntur,</strong></span> <span class='ocrx_word' id='word_1_395' title='bbox 2123 4051 2353 4113; x_wconf 88' lang='lat' dir='ltr'><strong>prostat.</strong></span> <span class='ocrx_word' id='word_1_396' title='bbox 2391 4042 2682 4111; x_wconf 77' lang='lat' dir='ltr'><strong>Inscriptio</strong></span> <span class='ocrx_word' id='word_1_397' title='bbox 2723 4042 2912 4095; x_wconf 90' lang='lat' dir='ltr'><strong>attritu</strong></span> <span class='ocrx_word' id='word_1_398' title='bbox 2954 4042 3153 4111; x_wconf 89' lang='lat' dir='ltr'><strong>pedum</strong></span> <span class='ocrx_word' id='word_1_399' title='bbox 3180 4040 3656 4096; x_wconf 85' lang='lat' dir='ltr'><strong>obambulantium</strong></span> 
     </span>
    </p>
   </div>
   <div class='ocr_carea' id='block_1_36' title="bbox 406 4118 3759 4206">
    <p class='ocr_par' dir='ltr' id='par_1_36' title="bbox 406 4118 3759 4206">
     <span class='ocr_line' id='line_1_36' title="bbox 406 4118 3759 4206; baseline -0.001 -12"><span class='ocrx_word' id='word_1_400' title='bbox 406 4141 690 4194; x_wconf 83' lang='lat' dir='ltr'><strong>hominum</strong></span> <span class='ocrx_word' id='word_1_401' title='bbox 716 4139 935 4200; x_wconf 81' lang='lat' dir='ltr'><strong>abrasa,</strong></span> <span class='ocrx_word' id='word_1_402' title='bbox 980 4147 1244 4206; x_wconf 87' lang='lat' dir='ltr'><strong>tempore,</strong></span> <span class='ocrx_word' id='word_1_403' title='bbox 1275 4146 1329 4190; x_wconf 89' lang='lat' dir='ltr'><strong>et</strong></span> <span class='ocrx_word' id='word_1_404' title='bbox 1358 4151 1426 4190; x_wconf 92' lang='lat' dir='ltr'><strong>eo</strong></span> <span class='ocrx_word' id='word_1_405' title='bbox 1454 4152 1563 4189; x_wconf 91' lang='lat' dir='ltr'><strong>non</strong></span> <span class='ocrx_word' id='word_1_406' title='bbox 1596 4136 1668 4189; x_wconf 89' lang='lat' dir='ltr'><strong>ita</strong></span> <span class='ocrx_word' id='word_1_407' title='bbox 1703 4136 1872 4206; x_wconf 78' lang='lat' dir='ltr'><strong>longo</strong></span> <span class='ocrx_word' id='word_1_408' title='bbox 1903 4136 2137 4205; x_wconf 72' lang='lat' dir='ltr'><strong>aufugit,</strong></span> <span class='ocrx_word' id='word_1_409' title='bbox 2174 4136 2312 4191; x_wconf 90' lang='lat' dir='ltr'><strong>adeo</strong></span> <span class='ocrx_word' id='word_1_410' title='bbox 2356 4146 2416 4189; x_wconf 91' lang='lat' dir='ltr'><strong>ut</strong></span> <span class='ocrx_word' id='word_1_411' title='bbox 2467 4146 2665 4206; x_wconf 65' lang='lat' dir='ltr'><strong>praeter</strong></span> <span class='ocrx_word' id='word_1_412' title='bbox 2698 4135 2862 4190; x_wconf 91' lang='lat' dir='ltr'><strong>unius</strong></span> <span class='ocrx_word' id='word_1_413' title='bbox 2904 4134 3260 4206; x_wconf 87' lang='lat' dir='ltr'><strong>Trapezuutii</strong></span> <span class='ocrx_word' id='word_1_414' title='bbox 3292 4134 3532 4189; x_wconf 82' lang='lat' dir='ltr'><strong>nominis</strong></span> <span class='ocrx_word' id='word_1_415' title='bbox 3564 4150 3663 4189; x_wconf 79' lang='lat' dir='ltr'><strong>ve-</strong></span> <span class='ocrx_word' id='word_1_416' title='bbox 3750 4118 3759 4125; x_wconf 54' lang='grc'><em>’</em></span> 
     </span>
    </p>
   </div>
   <div class='ocr_carea' id='block_1_37' title="bbox 406 4228 3657 4303">
    <p class='ocr_par' dir='ltr' id='par_1_37' title="bbox 406 4228 3657 4303">
     <span class='ocr_line' id='line_1_37' title="bbox 406 4228 3657 4303; baseline -0.002 -15"><span class='ocrx_word' id='word_1_417' title='bbox 406 4233 591 4303; x_wconf 77' lang='lat' dir='ltr'><strong>stigia,</strong></span> <span class='ocrx_word' id='word_1_418' title='bbox 651 4246 793 4287; x_wconf 72' lang='lat' dir='ltr'><strong>caeca</strong></span> <span class='ocrx_word' id='word_1_419' title='bbox 844 4231 1134 4301; x_wconf 85' lang='lat' dir='ltr'><strong>inscriptio</strong></span> <span class='ocrx_word' id='word_1_420' title='bbox 1175 4230 1381 4285; x_wconf 89' lang='lat' dir='ltr'><strong>sensim</strong></span> <span class='ocrx_word' id='word_1_421' title='bbox 1431 4244 1790 4295; x_wconf 78' lang='lat' dir='ltr'><strong>evanescens,</strong></span> <span class='ocrx_word' id='word_1_422' title='bbox 1858 4229 2112 4286; x_wconf 90' lang='lat' dir='ltr'><strong>avolarit.</strong></span> <span class='ocrx_word' id='word_1_423' title='bbox 2155 4230 2413 4284; x_wconf 79' lang='lat' dir='ltr'><strong>Extrema</strong></span> <span class='ocrx_word' id='word_1_424' title='bbox 2459 4238 2745 4285; x_wconf 91' lang='lat' dir='ltr'><strong>senectute</strong></span> <span class='ocrx_word' id='word_1_425' title='bbox 2797 4230 3113 4285; x_wconf 86' lang='lat' dir='ltr'><strong>doctrinam</strong></span> <span class='ocrx_word' id='word_1_426' title='bbox 3143 4245 3297 4285; x_wconf 89' lang='lat' dir='ltr'><strong>suam</strong></span> <span class='ocrx_word' id='word_1_427' title='bbox 3341 4228 3657 4284; x_wconf 90' lang='lat' dir='ltr'><strong>universam</strong></span> 
     </span>
    </p>
   </div>
   <div class='ocr_carea' id='block_1_38' title="bbox 405 4320 3657 4395">
    <p class='ocr_par' dir='ltr' id='par_1_38' title="bbox 405 4320 3657 4395">
     <span class='ocr_line' id='line_1_38' title="bbox 405 4320 3657 4395; baseline -0.001 -15"><span class='ocrx_word' id='word_1_428' title='bbox 405 4325 673 4381; x_wconf 86' lang='lat' dir='ltr'><strong>oblivioni</strong></span> <span class='ocrx_word' id='word_1_429' title='bbox 704 4324 998 4379; x_wconf 87' lang='lat' dir='ltr'><strong>tradidisse</strong></span> <span class='ocrx_word' id='word_1_430' title='bbox 1033 4327 1098 4395; x_wconf 78' lang='lat' dir='ltr'><strong>(fl</strong></span> <span class='ocrx_word' id='word_1_431' title='bbox 1129 4335 1182 4378; x_wconf 91' lang='lat' dir='ltr'><strong>et</strong></span> <span class='ocrx_word' id='word_1_432' title='bbox 1202 4339 1348 4379; x_wconf 89' lang='lat' dir='ltr'><strong>anno</strong></span> <span class='ocrx_word' id='word_1_433' title='bbox 1386 4322 1523 4377; x_wconf 70' lang='grc'>1486</span> <span class='ocrx_word' id='word_1_434' title='bbox 1558 4321 1869 4375; x_wconf 83' lang='lat' dir='ltr'><strong>decessisse</strong></span> <span class='ocrx_word' id='word_1_435' title='bbox 1909 4320 2301 4378; x_wconf 85' lang='lat' dir='ltr'><strong>Genebrardus</strong></span> <span class='ocrx_word' id='word_1_436' title='bbox 2334 4322 2386 4376; x_wconf 91' lang='lat' dir='ltr'><strong>in</strong></span> <span class='ocrx_word' id='word_1_437' title='bbox 2424 4322 2579 4377; x_wconf 85' lang='lat' dir='ltr'><strong>Sixto</strong></span> <span class='ocrx_word' id='word_1_438' title='bbox 2611 4322 2679 4376; x_wconf 74' lang='grc' dir='ltr'><strong>ιν</strong></span> <span class='ocrx_word' id='word_1_439' title='bbox 2719 4330 2775 4377; x_wconf 81' lang='lat' dir='ltr'><strong>et</strong></span> <span class='ocrx_word' id='word_1_440' title='bbox 2820 4321 3115 4378; x_wconf 86' lang='lat' dir='ltr'><strong>Gualterus</strong></span> <span class='ocrx_word' id='word_1_441' title='bbox 3140 4322 3220 4377; x_wconf 67' lang='lat' dir='ltr'><strong>‘ad</strong></span> <span class='ocrx_word' id='word_1_442' title='bbox 3274 4323 3534 4377; x_wconf 62' lang='lat' dir='ltr'><strong>saeculum</strong></span> <span class='ocrx_word' id='word_1_443' title='bbox 3566 4339 3657 4389; x_wconf 87' lang='lat' dir='ltr'><strong>xv,</strong></span> 
     </span>
    </p>
   </div>
   <div class='ocr_carea' id='block_1_39' title="bbox 404 4414 3656 4489">
    <p class='ocr_par' dir='ltr' id='par_1_39' title="bbox 404 4414 3656 4489">
     <span class='ocr_line' id='line_1_39' title="bbox 404 4414 3656 4489; baseline -0.003 -13"><span class='ocrx_word' id='word_1_444' title='bbox 404 4430 630 4476; x_wconf 88' lang='lat' dir='ltr'><strong>narrant</strong></span> <span class='ocrx_word' id='word_1_445' title='bbox 657 4420 756 4489; x_wconf 90' lang='lat' dir='ltr'><strong>(g).</strong></span> <span class='ocrx_word' id='word_1_446' title='bbox 791 4415 1028 4474; x_wconf 67' lang='lat' dir='ltr'><strong>Iacobus</strong></span> <span class='ocrx_word' id='word_1_447' title='bbox 1076 4416 1414 4485; x_wconf 85' lang='lat' dir='ltr'><strong>Gordonius,</strong></span> <span class='ocrx_word' id='word_1_448' title='bbox 1448 4417 1502 4471; x_wconf 91' lang='lat' dir='ltr'><strong>in</strong></span> <span class='ocrx_word' id='word_1_449' title='bbox 1542 4429 1710 4487; x_wconf 89' lang='lat' dir='ltr'><strong>opere</strong></span> <span class='ocrx_word' id='word_1_450' title='bbox 1742 4414 2160 4487; x_wconf 81' lang='lat' dir='ltr'><strong>chronOIOgico,</strong></span> <span class='ocrx_word' id='word_1_451' title='bbox 2216 4431 2361 4471; x_wconf 91' lang='lat' dir='ltr'><strong>anno</strong></span> <span class='ocrx_word' id='word_1_452' title='bbox 2398 4415 2536 4471; x_wconf 67' lang='lat' dir='ltr'><strong>M54</strong></span> <span class='ocrx_word' id='word_1_453' title='bbox 2570 4415 2740 4471; x_wconf 88' lang='lat' dir='ltr'><strong>fuisse</strong></span> <span class='ocrx_word' id='word_1_454' title='bbox 2787 4414 2975 4470; x_wconf 77' lang='lat' dir='ltr'><strong>Romae</strong></span> <span class='ocrx_word' id='word_1_455' title='bbox 3006 4416 3287 4487; x_wconf 81' lang='lat' dir='ltr'><strong>gymnasio</strong></span> <span class='ocrx_word' id='word_1_456' title='bbox 3311 4414 3656 4486; x_wconf 67' lang='lat' dir='ltr'><strong>praefectum,</strong></span> 
     </span>
    </p>
   </div>
   <div class='ocr_carea' id='block_1_40' title="bbox 476 4581 1981 4666">
    <p class='ocr_par' dir='ltr' id='par_1_40' title="bbox 476 4581 1981 4666">
     <span class='ocr_line' id='line_1_40' title="bbox 476 4581 1981 4666; baseline 0.003 -32"><span class='ocrx_word' id='word_1_457' title='bbox 476 4582 556 4663; x_wconf 51' lang='lat' dir='ltr'><strong>(ai</strong></span> <span class='ocrx_word' id='word_1_458' title='bbox 616 4581 679 4637; x_wconf 75' lang='grc' dir='ltr'><strong>Α.</strong></span> <span class='ocrx_word' id='word_1_459' title='bbox 735 4583 889 4641; x_wconf 79' lang='grc'><strong>1596.</strong></span> <span class='ocrx_word' id='word_1_460' title='bbox 918 4584 1062 4666; x_wconf 80' lang='lat' dir='ltr'><strong>_[aut_</strong></span> <span class='ocrx_word' id='word_1_461' title='bbox 1094 4587 1275 4666; x_wconf 66' lang='lat' dir='ltr'><strong>potius</strong></span> <span class='ocrx_word' id='word_1_462' title='bbox 1547 4600 1603 4637; x_wconf 92' lang='lat' dir='ltr'><strong>v.</strong></span> <span class='ocrx_word' id='word_1_463' title='bbox 1652 4584 1806 4666; x_wconf 41' lang='lat' dir='ltr'><strong>leni.</strong></span> <span class='ocrx_word' id='word_1_464' title='bbox 1848 4584 1981 4666; x_wconf 71' lang='lat' dir='ltr'><strong>diss.</strong></span> 
     </span>
    </p>
   </div>
   <div class='ocr_carea' id='block_1_41' title="bbox 406 4653 1985 4724">
    <p class='ocr_par' dir='ltr' id='par_1_41' title="bbox 406 4653 1985 4724">
     <span class='ocr_line' id='line_1_41' title="bbox 406 4653 1985 4724; baseline -0.001 -15"><span class='ocrx_word' id='word_1_465' title='bbox 406 4653 666 4724; x_wconf 73' lang='lat' dir='ltr'><strong>Vnssiaue</strong></span> <span class='ocrx_word' id='word_1_466' title='bbox 721 4669 842 4709; x_wconf 81' lang='lat' dir='ltr'><strong>mox</strong></span> <span class='ocrx_word' id='word_1_467' title='bbox 883 4653 1178 4724; x_wconf 23' lang='lat' dir='ltr'><strong>citand.’p.</strong></span> <span class='ocrx_word' id='word_1_468' title='bbox 1213 4656 1268 4721; x_wconf 82' lang='grc'><strong>5,</strong></span> <span class='ocrx_word' id='word_1_469' title='bbox 1301 4665 1357 4708; x_wconf 89' lang='lat' dir='ltr'><strong>et</strong></span> <span class='ocrx_word' id='word_1_470' title='bbox 1390 4654 1635 4708; x_wconf 84' lang='lat' dir='ltr'><strong>Niceron.</strong></span> <span class='ocrx_word' id='word_1_471' title='bbox 1677 4658 1713 4710; x_wconf 94' lang='lat' dir='ltr'><strong>l.</strong></span> <span class='ocrx_word' id='word_1_472' title='bbox 1763 4655 1985 4708; x_wconf 85' lang='lat' dir='ltr'><strong>citando</strong></span> 
     </span>
    </p>
   </div>
   <div class='ocr_carea' id='block_1_42' title="bbox 409 4722 1983 4863">
    <p class='ocr_par' dir='ltr' id='par_1_42' title="bbox 409 4722 1983 4863">
     <span class='ocr_line' id='line_1_42' title="bbox 409 4722 1983 4863; baseline 0.002 -18"><span class='ocrx_word' id='word_1_473' title='bbox 409 4722 752 4863; x_wconf 27' lang='lat' dir='ltr'><strong>pugilibus</strong></span> <span class='ocrx_word' id='word_1_474' title='bbox 786 4792 1052 4863; x_wconf 84' lang='lat' dir='ltr'><strong>Gyraldus</strong></span> <span class='ocrx_word' id='word_1_475' title='bbox 1078 4792 1146 4847; x_wconf 92' lang='lat' dir='ltr'><strong>de</strong></span> <span class='ocrx_word' id='word_1_476' title='bbox 1180 4794 1356 4863; x_wconf 81' lang='lat' dir='ltr'><strong>poetis</strong></span> <span class='ocrx_word' id='word_1_477' title='bbox 1388 4793 1473 4861; x_wconf 87' lang='lat' dir='ltr'><strong>sui</strong></span> <span class='ocrx_word' id='word_1_478' title='bbox 1505 4792 1769 4863; x_wconf 88' lang='lat' dir='ltr'><strong>temporis</strong></span> <span class='ocrx_word' id='word_1_479' title='bbox 1799 4792 1895 4847; x_wconf 91' lang='lat' dir='ltr'><strong>lib.</strong></span> <span class='ocrx_word' id='word_1_480' title='bbox 1927 4793 1983 4848; x_wconf 74' lang='lat'><strong>2.</strong></span> 
     </span>
    </p>
   </div>
   <div class='ocr_carea' id='block_1_43' title="bbox 402 4860 1597 4933">
    <p class='ocr_par' dir='ltr' id='par_1_43' title="bbox 402 4860 1597 4933">
     <span class='ocr_line' id='line_1_43' title="bbox 402 4860 1597 4933; baseline 0.003 -19"><span class='ocrx_word' id='word_1_481' title='bbox 402 4878 457 4933; x_wconf 92' lang='lat' dir='ltr'><strong>p.</strong></span> <span class='ocrx_word' id='word_1_482' title='bbox 484 4861 571 4915; x_wconf 77' lang='grc'><strong>65.</strong></span> <span class='ocrx_word' id='word_1_483' title='bbox 604 4860 675 4933; x_wconf 63' lang='grc' dir='ltr'><strong>[8ἶ</strong></span> <span class='ocrx_word' id='word_1_484' title='bbox 713 4860 846 4919; x_wconf 65' lang='lat' dir='ltr'><strong>dial.</strong></span> <span class='ocrx_word' id='word_1_485' title='bbox 875 4878 911 4925; x_wconf 85' lang='grc' dir='ltr'><strong>ι,</strong></span> <span class='ocrx_word' id='word_1_486' title='bbox 941 4862 1080 4933; x_wconf 87' lang='lat' dir='ltr'><strong>Opp.</strong></span> <span class='ocrx_word' id='word_1_487' title='bbox 1116 4860 1249 4917; x_wconf 85' lang='lat' dir='ltr'><strong>tom.</strong></span> <span class='ocrx_word' id='word_1_488' title='bbox 1284 4863 1445 4933; x_wconf 16' lang='lat' dir='ltr'><strong>ll,7p.</strong></span> <span class='ocrx_word' id='word_1_489' title='bbox 1470 4860 1597 4933; x_wconf 40' lang='lat'><strong>55:3.</strong></span> 
     </span>
    </p>
   </div>
   <div class='ocr_carea' id='block_1_44' title="bbox 474 4932 1985 5003">
    <p class='ocr_par' dir='ltr' id='par_1_44' title="bbox 474 4932 1985 5003">
     <span class='ocr_line' id='line_1_44' title="bbox 474 4932 1985 5003; baseline 0.007 -22"><span class='ocrx_word' id='word_1_490' title='bbox 474 4932 541 5003; x_wconf 69' lang='lat' dir='ltr'><strong>(c)</strong></span> <span class='ocrx_word' id='word_1_491' title='bbox 576 4932 792 5003; x_wconf 61' lang='lat' dir='ltr'><strong>[\pﬁrec</strong></span> <span class='ocrx_word' id='word_1_492' title='bbox 837 4934 925 5003; x_wconf 68' lang='grc' dir='ltr'><strong>ἀεὶ</strong></span> <span class='ocrx_word' id='word_1_493' title='bbox 950 4932 1207 5001; x_wconf 73' lang='grc' dir='ltr'><strong>ψεῦσται,</strong></span> <span class='ocrx_word' id='word_1_494' title='bbox 1234 4932 1379 5003; x_wconf 74' lang='lat' dir='ltr'><strong>quod</strong></span> <span class='ocrx_word' id='word_1_495' title='bbox 1413 4949 1479 4986; x_wconf 81' lang='lat' dir='ltr'><strong>ex</strong></span> <span class='ocrx_word' id='word_1_496' title='bbox 1536 4932 1856 5003; x_wconf 81' lang='lat' dir='ltr'><strong>Epimenide</strong></span> <span class='ocrx_word' id='word_1_497' title='bbox 1898 4952 1985 4991; x_wconf 86' lang='lat' dir='ltr'><strong>re-</strong></span> 
     </span>
    </p>
   </div>
   <div class='ocr_carea' id='block_1_45' title="bbox 402 5000 1977 5073">
    <p class='ocr_par' dir='ltr' id='par_1_45' title="bbox 402 5000 1977 5073">
     <span class='ocr_line' id='line_1_45' title="bbox 402 5000 1977 5073; baseline 0.003 -20"><span class='ocrx_word' id='word_1_498' title='bbox 402 5002 539 5073; x_wconf 83' lang='lat' dir='ltr'><strong>petit</strong></span> <span class='ocrx_word' id='word_1_499' title='bbox 571 5000 938 5073; x_wconf 77' lang='lat' dir='ltr'><strong>Callimachus</strong></span> <span class='ocrx_word' id='word_1_500' title='bbox 968 5000 1258 5073; x_wconf 5' lang='lat' dir='ltr'><strong>hymnoyin</strong></span> <span class='ocrx_word' id='word_1_501' title='bbox 1290 5001 1478 5073; x_wconf 79' lang='lat' dir='ltr'><strong>Jovem</strong></span> <span class='ocrx_word' id='word_1_502' title='bbox 1521 5000 1660 5060; x_wconf 49' lang='lat' dir='ltr'><strong>v.&#39;8.</strong></span> <span class='ocrx_word' id='word_1_503' title='bbox 1692 5006 1773 5061; x_wconf 89' lang='lat' dir='ltr'><strong>Ob</strong></span> <span class='ocrx_word' id='word_1_504' title='bbox 1822 5022 1977 5061; x_wconf 88' lang='lat' dir='ltr'><strong>eam-</strong></span> 
     </span>
    </p>
   </div>
   <div class='ocr_carea' id='block_1_46' title="bbox 400 5070 1977 5131">
    <p class='ocr_par' dir='ltr' id='par_1_46' title="bbox 400 5070 1977 5131">
     <span class='ocr_line' id='line_1_46' title="bbox 400 5070 1977 5131; baseline 0.005 -8"><span class='ocrx_word' id='word_1_505' title='bbox 400 5070 525 5125; x_wconf 70' lang='lat' dir='ltr'><strong>item</strong></span> <span class='ocrx_word' id='word_1_506' title='bbox 562 5086 783 5125; x_wconf 86' lang='lat' dir='ltr'><strong>causam</strong></span> <span class='ocrx_word' id='word_1_507' title='bbox 810 5070 1059 5126; x_wconf 75' lang='lat' dir='ltr'><strong>Andreas</strong></span> <span class='ocrx_word' id='word_1_508' title='bbox 1085 5071 1379 5125; x_wconf 72' lang='lat' dir='ltr'><strong>Eudazmon</strong></span> <span class='ocrx_word' id='word_1_509' title='bbox 1404 5070 1644 5127; x_wconf 83' lang='lat' dir='ltr'><strong>Joannes</strong></span> <span class='ocrx_word' id='word_1_510' title='bbox 1694 5076 1977 5131; x_wconf 88' lang='lat' dir='ltr'><strong>Cretensis</strong></span> 
     </span>
    </p>
   </div>
   <div class='ocr_carea' id='block_1_47' title="bbox 400 5138 1968 5215">
    <p class='ocr_par' dir='ltr' id='par_1_47' title="bbox 400 5138 1968 5215">
     <span class='ocr_line' id='line_1_47' title="bbox 400 5138 1968 5215; baseline 0.004 -21"><span class='ocrx_word' id='word_1_511' title='bbox 400 5140 508 5215; x_wconf 79' lang='lat' dir='ltr'><strong>dici</strong></span> <span class='ocrx_word' id='word_1_512' title='bbox 548 5142 749 5215; x_wconf 70' lang='lat' dir='ltr'><strong>noluit,</strong></span> <span class='ocrx_word' id='word_1_513' title='bbox 773 5140 869 5194; x_wconf 86' lang='lat' dir='ltr'><strong>sed</strong></span> <span class='ocrx_word' id='word_1_514' title='bbox 903 5138 1180 5210; x_wconf 74' lang='lat' dir='ltr'><strong>Cytlonius</strong></span> <span class='ocrx_word' id='word_1_515' title='bbox 1210 5157 1223 5205; x_wconf 91' lang='lat'>;</span> <span class='ocrx_word' id='word_1_516' title='bbox 1251 5155 1383 5215; x_wconf 89' lang='lat' dir='ltr'><strong>non,</strong></span> <span class='ocrx_word' id='word_1_517' title='bbox 1419 5142 1567 5209; x_wconf 89' lang='lat' dir='ltr'><strong>quod</strong></span> <span class='ocrx_word' id='word_1_518' title='bbox 1601 5144 1831 5215; x_wconf 82' lang='lat' dir='ltr'><strong>Cydonii</strong></span> <span class='ocrx_word' id='word_1_519' title='bbox 1860 5162 1968 5199; x_wconf 91' lang='lat' dir='ltr'><strong>non</strong></span> 
     </span>
    </p>
   </div>
   <div class='ocr_carea' id='block_1_48' title="bbox 402 5209 1971 5279">
    <p class='ocr_par' dir='ltr' id='par_1_48' title="bbox 402 5209 1971 5279">
     <span class='ocr_line' id='line_1_48' title="bbox 402 5209 1971 5279; baseline 0.004 -16"><span class='ocrx_word' id='word_1_520' title='bbox 402 5211 515 5263; x_wconf 87' lang='lat' dir='ltr'><strong>sint</strong></span> <span class='ocrx_word' id='word_1_521' title='bbox 549 5209 863 5279; x_wconf 82' lang='lat' dir='ltr'><strong>Cretenses,</strong></span> <span class='ocrx_word' id='word_1_522' title='bbox 906 5209 1098 5264; x_wconf 85' lang='lat' dir='ltr'><strong>verum</strong></span> <span class='ocrx_word' id='word_1_523' title='bbox 1146 5226 1214 5263; x_wconf 87' lang='lat' dir='ltr'><strong>ne</strong></span> <span class='ocrx_word' id='word_1_524' title='bbox 1242 5214 1445 5277; x_wconf 85' lang='lat' dir='ltr'><strong>probro</strong></span> <span class='ocrx_word' id='word_1_525' title='bbox 1480 5209 1714 5279; x_wconf 80' lang='lat' dir='ltr'><strong>pateret,</strong></span> <span class='ocrx_word' id='word_1_526' title='bbox 1742 5216 1889 5279; x_wconf 90' lang='lat' dir='ltr'><strong>quod</strong></span> <span class='ocrx_word' id='word_1_527' title='bbox 1920 5216 1971 5269; x_wconf 87' lang='lat' dir='ltr'><strong>ei</strong></span> 
     </span>
    </p>
   </div>
   <div class='ocr_carea' id='block_1_49' title="bbox 399 5231 1809 5346">
    <p class='ocr_par' dir='ltr' id='par_1_49' title="bbox 399 5231 1809 5346">
     <span class='ocr_line' id='line_1_49' title="bbox 402 5231 1809 5279; baseline 0.005 -16"><span class='ocrx_word' id='word_1_528' title='bbox 402 5231 515 5263; x_wconf 72' lang='grc' dir='ltr'>ειιιι</span> <span class='ocrx_word' id='word_1_529' title='bbox 549 5231 863 5271; x_wconf 66' lang='grc' dir='ltr'><strong>υῐειεηωδ,</strong></span> <span class='ocrx_word' id='word_1_530' title='bbox 907 5231 1098 5264; x_wconf 72' lang='grc' dir='ltr'><strong>νεῐυιιι</strong></span> <span class='ocrx_word' id='word_1_531' title='bbox 1146 5231 1214 5263; x_wconf 79' lang='lat' dir='ltr'><strong>ne</strong></span> <span class='ocrx_word' id='word_1_532' title='bbox 1243 5231 1445 5277; x_wconf 75' lang='lat' dir='ltr'><strong>pl&#39;UUl&#39;O</strong></span> <span class='ocrx_word' id='word_1_533' title='bbox 1480 5231 1714 5279; x_wconf 82' lang='lat' dir='ltr'><strong>pateret,</strong></span> <span class='ocrx_word' id='word_1_534' title='bbox 1782 5232 1809 5269; x_wconf 83' lang='grc' dir='ltr'><strong>ι]</strong></span> 
     </span>
     <span class='ocr_line' id='line_1_50' title="bbox 399 5231 1809 5346; baseline 0.002 -12"><span class='ocrx_word' id='word_1_535' title='bbox 399 5279 595 5346; x_wconf 89' lang='lat' dir='ltr'><strong>objicit</strong></span> <span class='ocrx_word' id='word_1_536' title='bbox 622 5278 1220 5343; x_wconf 86' lang='lat' dir='ltr'><strong>Casaubonus,Exerc.</strong></span> <span class='ocrx_word' id='word_1_537' title='bbox 1255 5296 1292 5333; x_wconf 92' lang='lat' dir='ltr'><strong>t.</strong></span> <span class='ocrx_word' id='word_1_538' title='bbox 1317 5280 1382 5331; x_wconf 91' lang='lat' dir='ltr'><strong>ad</strong></span> <span class='ocrx_word' id='word_1_539' title='bbox 1414 5280 1610 5335; x_wconf 89' lang='lat' dir='ltr'><strong>Baron.</strong></span> <span class='ocrx_word' id='word_1_540' title='bbox 1648 5298 1695 5337; x_wconf 91' lang='lat' dir='ltr'><strong>c.</strong></span> <span class='ocrx_word' id='word_1_541' title='bbox 1720 5231 1809 5338; x_wconf 49' lang='lat'><strong>1%.</strong></span> 
     </span>
    </p>
   </div>
   <div class='ocr_carea' id='block_1_50' title="bbox 472 5347 1966 5418">
    <p class='ocr_par' dir='ltr' id='par_1_50' title="bbox 472 5347 1966 5418">
     <span class='ocr_line' id='line_1_51' title="bbox 472 5347 1966 5418; baseline 0.006 -19"><span class='ocrx_word' id='word_1_542' title='bbox 472 5348 549 5418; x_wconf 80' lang='grc' dir='ltr'><strong>(ά)</strong></span> <span class='ocrx_word' id='word_1_543' title='bbox 579 5347 720 5418; x_wconf 84' lang='lat' dir='ltr'><strong>Cum</strong></span> <span class='ocrx_word' id='word_1_544' title='bbox 752 5349 975 5402; x_wconf 89' lang='lat' dir='ltr'><strong>nomine</strong></span> <span class='ocrx_word' id='word_1_545' title='bbox 1020 5357 1198 5403; x_wconf 81' lang='lat' dir='ltr'><strong>tamen</strong></span> <span class='ocrx_word' id='word_1_546' title='bbox 1232 5350 1315 5416; x_wconf 86' lang='lat' dir='ltr'><strong>(ut</strong></span> <span class='ocrx_word' id='word_1_547' title='bbox 1343 5350 1530 5403; x_wconf 88' lang='lat' dir='ltr'><strong>verbis</strong></span> <span class='ocrx_word' id='word_1_548' title='bbox 1557 5361 1681 5405; x_wconf 92' lang='lat' dir='ltr'><strong>utar</strong></span> <span class='ocrx_word' id='word_1_549' title='bbox 1711 5353 1966 5409; x_wconf 75' lang='lat' dir='ltr'><strong>Boerneri</strong></span> 
     </span>
    </p>
   </div>
   <div class='ocr_carea' id='block_1_51' title="bbox 399 5417 1962 5493">
    <p class='ocr_par' dir='ltr' id='par_1_51' title="bbox 399 5417 1962 5493">
     <span class='ocr_line' id='line_1_52' title="bbox 399 5417 1962 5493; baseline 0.003 -19"><span class='ocrx_word' id='word_1_550' title='bbox 399 5417 601 5487; x_wconf 69' lang='lat' dir='ltr'><strong>p.112</strong></span> <span class='ocrx_word' id='word_1_551' title='bbox 653 5417 781 5493; x_wconf 78' lang='lat' dir='ltr'><strong>libri</strong></span> <span class='ocrx_word' id='word_1_552' title='bbox 816 5418 979 5493; x_wconf 84' lang='lat' dir='ltr'><strong>paulo</strong></span> <span class='ocrx_word' id='word_1_553' title='bbox 1022 5426 1144 5493; x_wconf 76' lang='lat' dir='ltr'><strong>post</strong></span> <span class='ocrx_word' id='word_1_554' title='bbox 1194 5418 1394 5493; x_wconf 70' lang='lat' dir='ltr'><strong>citati),</strong></span> <span class='ocrx_word' id='word_1_555' title='bbox 1441 5434 1618 5488; x_wconf 90' lang='lat' dir='ltr'><strong>neque</strong></span> <span class='ocrx_word' id='word_1_556' title='bbox 1658 5424 1962 5493; x_wconf 78' lang='lat' dir='ltr'><strong>ingenium,</strong></span> 
     </span>
    </p>
   </div>
   <div class='ocr_carea' id='block_1_52' title="bbox 398 5486 1961 5562">
    <p class='ocr_par' dir='ltr' id='par_1_52' title="bbox 398 5486 1961 5562">
     <span class='ocr_line' id='line_1_53' title="bbox 398 5486 1961 5562; baseline 0.004 -22"><span class='ocrx_word' id='word_1_557' title='bbox 398 5486 501 5562; x_wconf 79' lang='lat' dir='ltr'><strong>nec</strong></span> <span class='ocrx_word' id='word_1_558' title='bbox 522 5501 718 5562; x_wconf 70' lang='lat' dir='ltr'><strong>mores</strong></span> <span class='ocrx_word' id='word_1_559' title='bbox 748 5486 1022 5562; x_wconf 88' lang='lat' dir='ltr'><strong>deposuit_</strong></span> <span class='ocrx_word' id='word_1_560' title='bbox 1045 5488 1225 5562; x_wconf 81' lang='lat' dir='ltr'><strong>facile,</strong></span> <span class='ocrx_word' id='word_1_561' title='bbox 1253 5490 1443 5562; x_wconf 79' lang='lat' dir='ltr'><strong>_vafer,</strong></span> <span class='ocrx_word' id='word_1_562' title='bbox 1486 5486 1698 5562; x_wconf 66' lang='lat' dir='ltr'><strong>siquid</strong></span> <span class='ocrx_word' id='word_1_563' title='bbox 1718 5486 1961 5562; x_wconf 50' lang='lat' dir='ltr'><strong>&#39;judico,</strong></span> 
     </span>
    </p>
   </div>
   <div class='ocr_carea' id='block_1_53' title="bbox 396 5556 1964 5631">
    <p class='ocr_par' dir='ltr' id='par_1_53' title="bbox 396 5556 1964 5631">
     <span class='ocr_line' id='line_1_54' title="bbox 396 5556 1964 5631; baseline 0.004 -21"><span class='ocrx_word' id='word_1_564' title='bbox 396 5556 683 5619; x_wconf 88' lang='lat' dir='ltr'><strong>subdolus,</strong></span> <span class='ocrx_word' id='word_1_565' title='bbox 714 5565 771 5609; x_wconf 88' lang='lat' dir='ltr'><strong>et</strong></span> <span class='ocrx_word' id='word_1_566' title='bbox 819 5572 943 5631; x_wconf 82' lang='lat' dir='ltr'><strong>cum</strong></span> <span class='ocrx_word' id='word_1_567' title='bbox 972 5557 1203 5631; x_wconf 72' lang='lat' dir='ltr'><strong>alterius</strong></span> <span class='ocrx_word' id='word_1_568' title='bbox 1235 5556 1505 5612; x_wconf 87' lang='lat' dir='ltr'><strong>dedecore</strong></span> <span class='ocrx_word' id='word_1_569' title='bbox 1532 5556 1767 5631; x_wconf 55' lang='lat' dir='ltr'><strong>decoris&#39;</strong></span> <span class='ocrx_word' id='word_1_570' title='bbox 1795 5578 1964 5631; x_wconf 87' lang='lat' dir='ltr'><strong>appe-</strong></span> 
     </span>
    </p>
   </div>
   <div class='ocr_carea' id='block_1_54' title="bbox 399 5626 1963 5700">
    <p class='ocr_par' dir='ltr' id='par_1_54' title="bbox 399 5626 1963 5700">
     <span class='ocr_line' id='line_1_55' title="bbox 399 5626 1963 5700; baseline 0.005 -23"><span class='ocrx_word' id='word_1_571' title='bbox 399 5636 541 5700; x_wconf 80' lang='lat' dir='ltr'><strong>tens,</strong></span> <span class='ocrx_word' id='word_1_572' title='bbox 577 5626 908 5700; x_wconf 65' lang='lat' dir='ltr'><strong>lacessentlis</strong></span> <span class='ocrx_word' id='word_1_573' title='bbox 937 5626 1079 5688; x_wconf 85' lang='lat' dir='ltr'><strong>aliis,</strong></span> <span class='ocrx_word' id='word_1_574' title='bbox 1109 5627 1310 5700; x_wconf 55' lang='lat' dir='ltr'><strong>iisque</strong></span> <span class='ocrx_word' id='word_1_575' title='bbox 1353 5629 1607 5700; x_wconf 81' lang='lat' dir='ltr'><strong>summis,</strong></span> <span class='ocrx_word' id='word_1_576' title='bbox 1656 5626 1963 5700; x_wconf 42' lang='lat' dir='ltr'><strong>prompt-us,</strong></span> 
     </span>
    </p>
   </div>
   <div class='ocr_carea' id='block_1_55' title="bbox 397 5695 1964 5768">
    <p class='ocr_par' dir='ltr' id='par_1_55' title="bbox 397 5695 1964 5768">
     <span class='ocr_line' id='line_1_56' title="bbox 397 5695 1964 5768; baseline 0.006 -21"><span class='ocrx_word' id='word_1_577' title='bbox 397 5696 604 5768; x_wconf 80' lang='lat' dir='ltr'><strong>nimius</strong></span> <span class='ocrx_word' id='word_1_578' title='bbox 652 5695 760 5757; x_wconf 90' lang='lat' dir='ltr'><strong>sui,</strong></span> <span class='ocrx_word' id='word_1_579' title='bbox 822 5710 1019 5764; x_wconf 87' lang='lat' dir='ltr'><strong>parcus</strong></span> <span class='ocrx_word' id='word_1_580' title='bbox 1076 5695 1309 5749; x_wconf 83' lang='lat' dir='ltr'><strong>aliorum</strong></span> <span class='ocrx_word' id='word_1_581' title='bbox 1361 5695 1693 5768; x_wconf 40' lang='lat' dir='ltr'><strong>admirator]</strong></span> <span class='ocrx_word' id='word_1_582' title='bbox 1747 5695 1964 5768; x_wconf 77' lang='lat' dir='ltr'><strong>cuncta,</strong></span> 
     </span>
    </p>
   </div>
   <div class='ocr_carea' id='block_1_56' title="bbox 399 5765 1745 5841">
    <p class='ocr_par' dir='ltr' id='par_1_56' title="bbox 399 5765 1745 5841">
     <span class='ocr_line' id='line_1_57' title="bbox 399 5765 1745 5841; baseline 0.003 -24"><span class='ocrx_word' id='word_1_583' title='bbox 399 5765 566 5819; x_wconf 81' lang='lat' dir='ltr'><strong>modo</strong></span> <span class='ocrx_word' id='word_1_584' title='bbox 595 5780 828 5830; x_wconf 87' lang='lat' dir='ltr'><strong>summa,</strong></span> <span class='ocrx_word' id='word_1_585' title='bbox 856 5775 1116 5834; x_wconf 74' lang='lat' dir='ltr'><strong>expertus</strong></span> <span class='ocrx_word' id='word_1_586' title='bbox 1160 5768 1299 5821; x_wconf 87' lang='lat' dir='ltr'><strong>ultra</strong></span> <span class='ocrx_word' id='word_1_587' title='bbox 1331 5767 1500 5822; x_wconf 87' lang='lat' dir='ltr'><strong>vires.</strong></span> <span class='ocrx_word' id='word_1_588' title='bbox 1538 5768 1745 5841; x_wconf 58' lang='grc' dir='ltr'><strong>(Πανί.)</strong></span> 
     </span>
    </p>
   </div>
   <div class='ocr_carea' id='block_1_57' title="bbox 2170 4578 3652 4659">
    <p class='ocr_par' dir='ltr' id='par_1_57' title="bbox 2170 4578 3652 4659">
     <span class='ocr_line' id='line_1_58' title="bbox 2170 4578 3652 4659; baseline -0.008 -15"><span class='ocrx_word' id='word_1_589' title='bbox 2170 4591 2238 4659; x_wconf 75' lang='lat' dir='ltr'><strong>(c)</strong></span> <span class='ocrx_word' id='word_1_590' title='bbox 2270 4587 2580 4659; x_wconf 85' lang='lat' dir='ltr'><strong>Cardinalis</strong></span> <span class='ocrx_word' id='word_1_591' title='bbox 2615 4581 2977 4659; x_wconf 54' lang='lat' dir='ltr'><strong>Bessarionis,</strong></span> <span class='ocrx_word' id='word_1_592' title='bbox 3015 4579 3394 4659; x_wconf 77' lang='lat' dir='ltr'><strong>_Valla_ju_dice_,</strong></span> <span class='ocrx_word' id='word_1_593' title='bbox 3431 4578 3652 4659; x_wconf 70' lang='lat' dir='ltr'><strong>Latino-</strong></span> 
     </span>
    </p>
   </div>
   <div class='ocr_carea' id='block_1_58' title="bbox 2093 4649 3657 4714">
    <p class='ocr_par' dir='ltr' id='par_1_58' title="bbox 2093 4649 3657 4714">
     <span class='ocr_line' id='line_1_59' title="bbox 2093 4649 3657 4714; baseline -0.005 -4"><span class='ocrx_word' id='word_1_594' title='bbox 2093 4649 2565 4714; x_wconf 44' lang='lat' dir='ltr'><strong>rm‘n&#39;Grtecissimi</strong></span> <span class='ocrx_word' id='word_1_595' title='bbox 2594 4666 2642 4709; x_wconf 82' lang='lat' dir='ltr'><strong>et</strong></span> <span class='ocrx_word' id='word_1_596' title='bbox 2665 4654 2969 4709; x_wconf 76' lang='lat' dir='ltr'><strong>Grtrcorum</strong></span> <span class='ocrx_word' id='word_1_597' title='bbox 3006 4649 3332 4704; x_wconf 77' lang='lat' dir='ltr'><strong>Latinistimi</strong></span> <span class='ocrx_word' id='word_1_598' title='bbox 3366 4650 3420 4703; x_wconf 91' lang='lat' dir='ltr'><strong>itt</strong></span> <span class='ocrx_word' id='word_1_599' title='bbox 3451 4650 3657 4703; x_wconf 85' lang='lat' dir='ltr'><strong>calum-</strong></span> 
     </span>
    </p>
   </div>
   <div class='ocr_carea' id='block_1_59' title="bbox 2091 4720 3652 4790">
    <p class='ocr_par' dir='ltr' id='par_1_59' title="bbox 2091 4720 3652 4790">
     <span class='ocr_line' id='line_1_60' title="bbox 2091 4720 3652 4790; baseline -0.004 -9"><span class='ocrx_word' id='word_1_600' title='bbox 2091 4729 2359 4782; x_wconf 89' lang='lat' dir='ltr'><strong>niatorem</strong></span> <span class='ocrx_word' id='word_1_601' title='bbox 2420 4727 2663 4781; x_wconf 89' lang='lat' dir='ltr'><strong>Platonis</strong></span> <span class='ocrx_word' id='word_1_602' title='bbox 2706 4724 2828 4778; x_wconf 90' lang='lat' dir='ltr'><strong>libri</strong></span> <span class='ocrx_word' id='word_1_603' title='bbox 2881 4729 3119 4790; x_wconf 80' lang='lat' dir='ltr'><strong>quatuor</strong></span> <span class='ocrx_word' id='word_1_604' title='bbox 3167 4722 3341 4774; x_wconf 87' lang='lat' dir='ltr'><strong>lucem</strong></span> <span class='ocrx_word' id='word_1_605' title='bbox 3394 4720 3652 4790; x_wconf 82' lang='lat' dir='ltr'><strong>viderunt</strong></span> 
     </span>
    </p>
   </div>
   <div class='ocr_carea' id='block_1_60' title="bbox 2088 4789 3655 4860">
    <p class='ocr_par' dir='ltr' id='par_1_60' title="bbox 2088 4789 3655 4860">
     <span class='ocr_line' id='line_1_61' title="bbox 2088 4789 3655 4860; baseline -0.006 -8"><span class='ocrx_word' id='word_1_606' title='bbox 2088 4797 2335 4852; x_wconf 69' lang='lat' dir='ltr'><strong>Venetiis</strong></span> <span class='ocrx_word' id='word_1_607' title='bbox 2363 4798 2505 4860; x_wconf 89' lang='lat' dir='ltr'><strong>apud</strong></span> <span class='ocrx_word' id='word_1_608' title='bbox 2544 4796 2745 4851; x_wconf 82' lang='lat' dir='ltr'><strong>Aldum</strong></span> <span class='ocrx_word' id='word_1_609' title='bbox 2797 4789 2956 4853; x_wconf 76' lang='grc'><strong>1516,</strong></span> <span class='ocrx_word' id='word_1_610' title='bbox 2992 4791 3084 4845; x_wconf 92' lang='lat' dir='ltr'><strong>fol.</strong></span> <span class='ocrx_word' id='word_1_611' title='bbox 3113 4806 3217 4843; x_wconf 92' lang='lat' dir='ltr'><strong>una</strong></span> <span class='ocrx_word' id='word_1_612' title='bbox 3244 4804 3368 4860; x_wconf 80' lang='lat' dir='ltr'><strong>cum</strong></span> <span class='ocrx_word' id='word_1_613' title='bbox 3392 4789 3655 4860; x_wconf 81' lang='lat' dir='ltr'><strong>ejuscor-</strong></span> 
     </span>
    </p>
   </div>
   <div class='ocr_carea' id='block_1_61' title="bbox 2090 4812 3659 4930">
    <p class='ocr_par' dir='ltr' id='par_1_61' title="bbox 2090 4812 3659 4930">
     <span class='ocr_line' id='line_1_62' title="bbox 2096 4812 3655 4860; baseline -0.006 -8"><span class='ocrx_word' id='word_1_614' title='bbox 2096 4812 2335 4852; x_wconf 77' lang='lat' dir='ltr'><strong>venetus</strong></span> <span class='ocrx_word' id='word_1_615' title='bbox 2363 4813 2391 4850; x_wconf 92' lang='lat' dir='ltr'><strong>a</strong></span> <span class='ocrx_word' id='word_1_616' title='bbox 2435 4812 2505 4851; x_wconf 88' lang='lat' dir='ltr'><strong>ua</strong></span> <span class='ocrx_word' id='word_1_617' title='bbox 2544 4812 2745 4851; x_wconf 79' lang='lat' dir='ltr'><strong>Aluum</strong></span> <span class='ocrx_word' id='word_1_618' title='bbox 2797 4812 2956 4853; x_wconf 79' lang='lat' dir='ltr'><strong>toto,</strong></span> <span class='ocrx_word' id='word_1_619' title='bbox 2992 4812 3084 4845; x_wconf 86' lang='lat' dir='ltr'><strong>tut.</strong></span> <span class='ocrx_word' id='word_1_620' title='bbox 3114 4812 3217 4843; x_wconf 76' lang='lat' dir='ltr'><strong>una</strong></span> <span class='ocrx_word' id='word_1_621' title='bbox 3244 4812 3368 4843; x_wconf 82' lang='lat' dir='ltr'><strong>cum</strong></span> <span class='ocrx_word' id='word_1_622' title='bbox 3392 4812 3655 4860; x_wconf 69' lang='lat' dir='ltr'><strong>eluscor-</strong></span> 
     </span>
     <span class='ocr_line' id='line_1_63' title="bbox 2090 4812 3659 4930; baseline -0.003 -11"><span class='ocrx_word' id='word_1_623' title='bbox 2090 4868 2339 4921; x_wconf 87' lang='lat' dir='ltr'><strong>rectione</strong></span> <span class='ocrx_word' id='word_1_624' title='bbox 2358 4812 2626 4921; x_wconf 43' lang='lat' dir='ltr'><strong>librorum</strong></span> <span class='ocrx_word' id='word_1_625' title='bbox 2645 4864 2889 4919; x_wconf 87' lang='lat' dir='ltr'><strong>Platonis</strong></span> <span class='ocrx_word' id='word_1_626' title='bbox 2919 4862 2988 4916; x_wconf 91' lang='lat' dir='ltr'><strong>de</strong></span> <span class='ocrx_word' id='word_1_627' title='bbox 3015 4860 3223 4930; x_wconf 79' lang='lat' dir='ltr'><strong>legibus</strong></span> <span class='ocrx_word' id='word_1_628' title='bbox 3240 4876 3269 4913; x_wconf 91' lang='lat' dir='ltr'><strong>a</strong></span> <span class='ocrx_word' id='word_1_629' title='bbox 3290 4858 3659 4929; x_wconf 84' lang='lat' dir='ltr'><strong>&#39;l&#39;rapezuntio</strong></span> 
     </span>
    </p>
   </div>
   <div class='ocr_carea' id='block_1_62' title="bbox 2092 4930 3655 4995">
    <p class='ocr_par' dir='ltr' id='par_1_62' title="bbox 2092 4930 3655 4995">
     <span class='ocr_line' id='line_1_64' title="bbox 2092 4930 3655 4995; baseline -0.003 -7"><span class='ocrx_word' id='word_1_630' title='bbox 2092 4951 2398 4995; x_wconf 84' lang='lat' dir='ltr'><strong>versarum,</strong></span> <span class='ocrx_word' id='word_1_631' title='bbox 2460 4946 2516 4990; x_wconf 93' lang='lat' dir='ltr'><strong>et</strong></span> <span class='ocrx_word' id='word_1_632' title='bbox 2565 4935 2708 4989; x_wconf 88' lang='lat' dir='ltr'><strong>libro</strong></span> <span class='ocrx_word' id='word_1_633' title='bbox 2758 4933 2825 4987; x_wconf 90' lang='lat' dir='ltr'><strong>de</strong></span> <span class='ocrx_word' id='word_1_634' title='bbox 2872 4941 3065 4985; x_wconf 86' lang='lat' dir='ltr'><strong>natura</strong></span> <span class='ocrx_word' id='word_1_635' title='bbox 3120 4938 3175 4983; x_wconf 90' lang='lat' dir='ltr'><strong>et</strong></span> <span class='ocrx_word' id='word_1_636' title='bbox 3223 4938 3342 4983; x_wconf 87' lang='lat' dir='ltr'><strong>arte</strong></span> <span class='ocrx_word' id='word_1_637' title='bbox 3390 4930 3655 4984; x_wconf 88' lang='lat' dir='ltr'><strong>adversus</strong></span> 
     </span>
    </p>
   </div>
   <div class='ocr_carea' id='block_1_63' title="bbox 2088 4997 3656 5075">
    <p class='ocr_par' dir='ltr' id='par_1_63' title="bbox 2088 4997 3656 5075">
     <span class='ocr_line' id='line_1_65' title="bbox 2088 4997 3656 5075; baseline -0.003 -18"><span class='ocrx_word' id='word_1_638' title='bbox 2088 5005 2342 5075; x_wconf 84' lang='lat' dir='ltr'><strong>eumdem</strong></span> <span class='ocrx_word' id='word_1_639' title='bbox 2364 5004 2793 5075; x_wconf 85' lang='lat' dir='ltr'><strong>&#39;l‘rapezuntiunt</strong></span> <span class='ocrx_word' id='word_1_640' title='bbox 2814 5011 2867 5057; x_wconf 90' lang='lat' dir='ltr'><strong>et</strong></span> <span class='ocrx_word' id='word_1_641' title='bbox 2893 4999 3219 5075; x_wconf 77' lang='lat' dir='ltr'><strong>Plethonem</strong></span> <span class='ocrx_word' id='word_1_642' title='bbox 3243 4997 3656 5075; x_wconf 39' lang='lat' dir='ltr'><strong>pronTheodoro</strong></span> 
     </span>
    </p>
   </div>
   <div class='ocr_carea' id='block_1_64' title="bbox 2088 5068 3652 5145">
    <p class='ocr_par' dir='ltr' id='par_1_64' title="bbox 2088 5068 3652 5145">
     <span class='ocr_line' id='line_1_66' title="bbox 2088 5068 3652 5145; baseline -0.005 -16"><span class='ocrx_word' id='word_1_643' title='bbox 2088 5074 2253 5129; x_wconf 81' lang='lat' dir='ltr'><strong>Gaza.</strong></span> <span class='ocrx_word' id='word_1_644' title='bbox 2308 5075 2365 5145; x_wconf 84' lang='lat' dir='ltr'><strong>In</strong></span> <span class='ocrx_word' id='word_1_645' title='bbox 2414 5068 2576 5145; x_wconf 80' lang='lat' dir='ltr'><strong>hujus</strong></span> <span class='ocrx_word' id='word_1_646' title='bbox 2619 5074 2743 5128; x_wconf 92' lang='lat' dir='ltr'><strong>libri</strong></span> <span class='ocrx_word' id='word_1_647' title='bbox 2786 5072 2965 5139; x_wconf 85' lang='lat' dir='ltr'><strong>capite</strong></span> <span class='ocrx_word' id='word_1_648' title='bbox 3002 5069 3300 5145; x_wconf 83' lang='lat' dir='ltr'><strong>tertio,_ait</strong></span> <span class='ocrx_word' id='word_1_649' title='bbox 3339 5068 3652 5145; x_wconf 68' lang='lat' dir='ltr'><strong>Bessarion.</strong></span> 
     </span>
    </p>
   </div>
   <div class='ocr_carea' id='block_1_65' title="bbox 2086 5137 3653 5213">
    <p class='ocr_par' dir='ltr' id='par_1_65' title="bbox 2086 5137 3653 5213">
     <span class='ocr_line' id='line_1_67' title="bbox 2086 5137 3653 5213; baseline -0.003 -17"><span class='ocrx_word' id='word_1_650' title='bbox 2086 5145 2273 5213; x_wconf 70' lang='lat' dir='ltr'><strong>odium</strong></span> <span class='ocrx_word' id='word_1_651' title='bbox 2316 5144 2385 5199; x_wconf 89' lang='lat' dir='ltr'><strong>ab</strong></span> <span class='ocrx_word' id='word_1_652' title='bbox 2430 5137 2504 5199; x_wconf 76' lang='lat' dir='ltr'><strong>e6</strong></span> <span class='ocrx_word' id='word_1_653' title='bbox 2537 5155 2783 5213; x_wconf 70' lang='lat' dir='ltr'><strong>tempore</strong></span> <span class='ocrx_word' id='word_1_654' title='bbox 2833 5137 3156 5213; x_wconf 68' lang='lat' dir='ltr'><strong>conceptum</strong></span> <span class='ocrx_word' id='word_1_655' title='bbox 3193 5138 3245 5191; x_wconf 89' lang='lat' dir='ltr'><strong>in</strong></span> <span class='ocrx_word' id='word_1_656' title='bbox 3295 5153 3353 5213; x_wconf 80' lang='lat' dir='ltr'><strong>se</strong></span> <span class='ocrx_word' id='word_1_657' title='bbox 3411 5137 3578 5213; x_wconf 78' lang='lat' dir='ltr'><strong>fuisse</strong></span> <span class='ocrx_word' id='word_1_658' title='bbox 3622 5156 3653 5191; x_wconf 71' lang='grc' dir='ltr'><strong>ει</strong></span> 
     </span>
    </p>
   </div>
   <div class='ocr_carea' id='block_1_66' title="bbox 2086 5205 3654 5283">
    <p class='ocr_par' dir='ltr' id='par_1_66' title="bbox 2086 5205 3654 5283">
     <span class='ocr_line' id='line_1_68' title="bbox 2086 5205 3654 5283; baseline -0.002 -18"><span class='ocrx_word' id='word_1_659' title='bbox 2086 5211 2481 5283; x_wconf 85' lang='lat' dir='ltr'><strong>Trapezuntio,</strong></span> <span class='ocrx_word' id='word_1_660' title='bbox 2518 5229 2629 5283; x_wconf 93' lang='lat' dir='ltr'><strong>quo</strong></span> <span class='ocrx_word' id='word_1_661' title='bbox 2648 5205 2664 5213; x_wconf 81' lang='grc'><em>’</em></span> <span class='ocrx_word' id='word_1_662' title='bbox 2683 5205 3035 5283; x_wconf 71' lang='lat' dir='ltr'><strong>Theodorum</strong></span> <span class='ocrx_word' id='word_1_663' title='bbox 3055 5207 3298 5283; x_wconf 47' lang='lat' dir='ltr'><strong>gazam“</strong></span> <span class='ocrx_word' id='word_1_664' title='bbox 3314 5208 3369 5260; x_wconf 92' lang='lat' dir='ltr'><strong>in</strong></span> <span class='ocrx_word' id='word_1_665' title='bbox 3385 5205 3654 5283; x_wconf 35' lang='lat' dir='ltr'><strong>Adoctrina</strong></span> 
     </span>
    </p>
   </div>
   <div class='ocr_carea' id='block_1_67' title="bbox 2081 5275 3653 5356">
    <p class='ocr_par' dir='ltr' id='par_1_67' title="bbox 2081 5275 3653 5356">
     <span class='ocr_line' id='line_1_69' title="bbox 2081 5275 3653 5356; baseline -0.003 -21"><span class='ocrx_word' id='word_1_666' title='bbox 2081 5275 2608 5356; x_wconf 48' lang='lat' dir='ltr'><strong>praeponendum-ei</strong></span> <span class='ocrx_word' id='word_1_667' title='bbox 2646 5281 2972 5356; x_wconf 76' lang='lat' dir='ltr'><strong>censuisset.</strong></span> <span class='ocrx_word' id='word_1_668' title='bbox 3017 5275 3233 5356; x_wconf 37' lang='lat' dir='ltr'><strong>(Fatue)</strong></span> <span class='ocrx_word' id='word_1_669' title='bbox 3261 5276 3439 5356; x_wconf 77' lang='lat' dir='ltr'><strong>Conf._</strong></span> <span class='ocrx_word' id='word_1_670' title='bbox 3462 5291 3653 5356; x_wconf 84' lang='lat' dir='ltr'><strong>supra,</strong></span> 
     </span>
    </p>
   </div>
   <div class='ocr_carea' id='block_1_68' title="bbox 2075 5346 3647 5423">
    <p class='ocr_par' dir='ltr' id='par_1_68' title="bbox 2075 5346 3647 5423">
     <span class='ocr_line' id='line_1_70' title="bbox 2075 5346 3647 5423; baseline -0.006 -16"><span class='ocrx_word' id='word_1_671' title='bbox 2075 5346 2315 5423; x_wconf 51' lang='lat' dir='ltr'><strong>voL&#39;Xl,</strong></span> <span class='ocrx_word' id='word_1_672' title='bbox 2347 5369 2400 5422; x_wconf 93' lang='lat' dir='ltr'><strong>p.</strong></span> <span class='ocrx_word' id='word_1_673' title='bbox 2436 5353 2541 5406; x_wconf 72' lang='grc'><strong>422</strong></span> <span class='ocrx_word' id='word_1_674' title='bbox 2573 5368 2694 5423; x_wconf 84' lang='lat' dir='ltr'><strong>sqq.</strong></span> <span class='ocrx_word' id='word_1_675' title='bbox 2728 5364 2783 5421; x_wconf 86' lang='lat' dir='ltr'><strong>p.</strong></span> <span class='ocrx_word' id='word_1_676' title='bbox 2825 5346 3104 5423; x_wconf 51' lang='lat' dir='ltr'><strong>4§8,_nt)t.</strong></span> <span class='ocrx_word' id='word_1_677' title='bbox 3140 5346 3230 5423; x_wconf 63' lang='lat' dir='ltr'><strong>Ith.</strong></span> <span class='ocrx_word' id='word_1_678' title='bbox 3266 5350 3319 5400; x_wconf 94' lang='lat' dir='ltr'><strong>In</strong></span> <span class='ocrx_word' id='word_1_679' title='bbox 3360 5346 3647 5423; x_wconf 41' lang='lat' dir='ltr'><strong>prituis‘p.</strong></span> 
     </span>
    </p>
   </div>
   <div class='ocr_carea' id='block_1_69' title="bbox 2072 5416 3649 5563">
    <p class='ocr_par' dir='ltr' id='par_1_69' title="bbox 2072 5416 3649 5563">
     <span class='ocr_line' id='line_1_71' title="bbox 2072 5416 3649 5563; baseline -0.003 -88"><span class='ocrx_word' id='word_1_680' title='bbox 2072 5416 2373 5563; x_wconf 32' lang='lat' dir='ltr'><strong>{silvai</strong></span> <span class='ocrx_word' id='word_1_681' title='bbox 2412 5423 2500 5488; x_wconf 81' lang='grc'><strong>18,</strong></span> <span class='ocrx_word' id='word_1_682' title='bbox 2546 5432 2600 5477; x_wconf 89' lang='lat' dir='ltr'><strong>et</strong></span> <span class='ocrx_word' id='word_1_683' title='bbox 2620 5416 2777 5476; x_wconf 61' lang='lat' dir='ltr'><strong>iulia</strong></span> <span class='ocrx_word' id='word_1_684' title='bbox 2815 5420 3073 5473; x_wconf 81' lang='lat' dir='ltr'><strong>Allaliutn</strong></span> <span class='ocrx_word' id='word_1_685' title='bbox 3109 5417 3175 5471; x_wconf 85' lang='lat' dir='ltr'><strong>ad</strong></span> <span class='ocrx_word' id='word_1_686' title='bbox 3212 5424 3349 5471; x_wconf 85' lang='lat' dir='ltr'><strong>sect.</strong></span> <span class='ocrx_word' id='word_1_687' title='bbox 3400 5417 3433 5471; x_wconf 78' lang='grc'><strong>8</strong></span> <span class='ocrx_word' id='word_1_688' title='bbox 3481 5427 3535 5469; x_wconf 90' lang='lat' dir='ltr'><strong>et</strong></span> <span class='ocrx_word' id='word_1_689' title='bbox 3558 5416 3649 5470; x_wconf 62' lang='lat'><strong>90.</strong></span> 
     </span>
     <span class='ocr_line' id='line_1_72' title="bbox 2147 5510 2438 5545; baseline -0.014 0"><span class='ocrx_word' id='word_1_690' title='bbox 2147 5510 2209 5545; x_wconf 87' lang='lat' dir='ltr'><strong>ar</strong></span> <span class='ocrx_word' id='word_1_691' title='bbox 2238 5534 2247 5545; x_wconf 88' lang='lat'><strong>.</strong></span> <span class='ocrx_word' id='word_1_692' title='bbox 2427 5531 2438 5541; x_wconf 94' lang='lat'><strong>.</strong></span> 
     </span>
    </p>
   </div>
   <div class='ocr_carea' id='block_1_70' title="bbox 2145 5531 3641 5632">
    <p class='ocr_par' dir='ltr' id='par_1_70' title="bbox 2145 5531 3641 5632">
     <span class='ocr_line' id='line_1_73' title="bbox 2145 5531 3641 5632; baseline -0.005 -16"><span class='ocrx_word' id='word_1_693' title='bbox 2145 5531 2400 5632; x_wconf 44' lang='lat' dir='ltr'><strong>)héuod</strong></span> <span class='ocrx_word' id='word_1_694' title='bbox 2427 5531 2617 5625; x_wconf 75' lang='lat' dir='ltr'><strong>tamen</strong></span> <span class='ocrx_word' id='word_1_695' title='bbox 2646 5561 2714 5618; x_wconf 88' lang='lat' dir='ltr'><strong>ab</strong></span> <span class='ocrx_word' id='word_1_696' title='bbox 2744 5560 2983 5632; x_wconf 82' lang='lat' dir='ltr'><strong>inimicis</strong></span> <span class='ocrx_word' id='word_1_697' title='bbox 3017 5557 3199 5612; x_wconf 88' lang='lat' dir='ltr'><strong>lictuto</strong></span> <span class='ocrx_word' id='word_1_698' title='bbox 3223 5570 3369 5624; x_wconf 86' lang='lat' dir='ltr'><strong>esse,</strong></span> <span class='ocrx_word' id='word_1_699' title='bbox 3402 5555 3641 5612; x_wconf 84' lang='lat' dir='ltr'><strong>Nicerou</strong></span> 
     </span>
    </p>
   </div>
   <div class='ocr_carea' id='block_1_71' title="bbox 2075 5629 2930 5702">
    <p class='ocr_par' dir='ltr' id='par_1_71' title="bbox 2075 5629 2930 5702">
     <span class='ocr_line' id='line_1_74' title="bbox 2075 5629 2930 5702; baseline -0.007 -15"><span class='ocrx_word' id='word_1_700' title='bbox 2075 5629 2283 5701; x_wconf 36' lang='lat' dir='ltr'><strong>alii—que</strong></span> <span class='ocrx_word' id='word_1_701' title='bbox 2314 5634 2689 5702; x_wconf 86' lang='lat' dir='ltr'><strong>suspicantur.</strong></span> <span class='ocrx_word' id='word_1_702' title='bbox 2726 5629 2930 5702; x_wconf 70' lang='grc' dir='ltr'><strong>(Ηαγι.)</strong></span> 
     </span>
    </p>
   </div>
   <div class='ocr_carea' id='block_1_72' title="bbox 2151 5696 3651 5773">
    <p class='ocr_par' dir='ltr' id='par_1_72' title="bbox 2151 5696 3651 5773">
     <span class='ocr_line' id='line_1_75' title="bbox 2151 5696 3651 5773; baseline -0.015 -2"><span class='ocrx_word' id='word_1_703' title='bbox 2151 5696 2226 5772; x_wconf 62' lang='grc' dir='ltr'><strong>(ὁ)</strong></span> <span class='ocrx_word' id='word_1_704' title='bbox 2270 5696 2433 5773; x_wconf 61' lang='grc' dir='ltr'><strong>[ιιυηὶ</strong></span> <span class='ocrx_word' id='word_1_705' title='bbox 2466 5719 2516 5757; x_wconf 89' lang='lat' dir='ltr'><strong>a.</strong></span> <span class='ocrx_word' id='word_1_706' title='bbox 2558 5702 2695 5773; x_wconf 50' lang='lat'><strong>“$5</strong></span> <span class='ocrx_word' id='word_1_707' title='bbox 2735 5696 3143 5756; x_wconf 46' lang='lat' dir='ltr'><strong>&#39;dicmobiisse</strong></span> <span class='ocrx_word' id='word_1_708' title='bbox 3183 5712 3526 5773; x_wconf 82' lang='lat' dir='ltr'><strong>supremum,</strong></span> <span class='ocrx_word' id='word_1_709' title='bbox 3570 5696 3651 5773; x_wconf 67' lang='lat' dir='ltr'><strong>af.</strong></span> 
     </span>
    </p>
   </div>
   <div class='ocr_carea' id='block_1_73' title="bbox 2079 5770 3669 5842">
    <p class='ocr_par' dir='ltr' id='par_1_73' title="bbox 2079 5770 3669 5842">
     <span class='ocr_line' id='line_1_76' title="bbox 2079 5770 3669 5842; baseline -0.001 -15"><span class='ocrx_word' id='word_1_710' title='bbox 2079 5770 2297 5827; x_wconf 72' lang='lat' dir='ltr'><strong>firmant</strong></span> <span class='ocrx_word' id='word_1_711' title='bbox 2329 5773 2602 5840; x_wconf 83' lang='lat' dir='ltr'><strong>Petavius,</strong></span> <span class='ocrx_word' id='word_1_712' title='bbox 2632 5772 2843 5827; x_wconf 83' lang='lat' dir='ltr'><strong>Ration.</strong></span> <span class='ocrx_word' id='word_1_713' title='bbox 2880 5780 3037 5841; x_wconf 79' lang='lat' dir='ltr'><strong>temp.</strong></span> <span class='ocrx_word' id='word_1_714' title='bbox 3073 5782 3214 5841; x_wconf 83' lang='lat' dir='ltr'><strong>part.</strong></span> <span class='ocrx_word' id='word_1_715' title='bbox 3251 5770 3288 5842; x_wconf 87' lang='lat' dir='ltr'><strong>i,</strong></span> <span class='ocrx_word' id='word_1_716' title='bbox 3320 5771 3357 5825; x_wconf 95' lang='lat' dir='ltr'><strong>l.</strong></span> <span class='ocrx_word' id='word_1_717' title='bbox 3395 5782 3469 5835; x_wconf 81' lang='lat' dir='ltr'><strong>rx,</strong></span> <span class='ocrx_word' id='word_1_718' title='bbox 3493 5785 3543 5825; x_wconf 91' lang='lat' dir='ltr'><strong>c.</strong></span> <span class='ocrx_word' id='word_1_719' title='bbox 3572 5770 3604 5825; x_wconf 81' lang='lat'><strong>9</strong></span> <span class='ocrx_word' id='word_1_720' title='bbox 3632 5785 3669 5837; x_wconf 68' lang='grc' dir='ltr'><strong>ί,</strong></span> 
     </span>
    </p>
   </div>
  </div>
