4136 6468
438 415 543 476 755
1567 414 1964 476 GEORGIUS
2003 413 2071 475 Ti

2066 414 2608 478 RAPEZUNTIUS.
3594 418 3699 482 ’τεδ

439 519 636 574 ἑαυτόν
665 519 721 572 ἐν
751 521 960 582 τούτοις
986 520 1268 575 ἐκπίπτων
1303 522 1647 592 συρίττηται.
1689 526 1940 592 Ἐξέσται
1972 529 2078 600 γὰρ
2112 527 2389 598 ὁσημέραι
2438 529 2534 581 καὶ
2571 527 2686 585 τοῖς
2742 524 3042 594 μετέπειτα
3086 525 3405 598 δοκιμάζειν
3461 529 3532 583 τά
3590 547 3691 598 μη·

440 620 586 681 δενὶς
613 618 758 683 ﬁetu.
792 620 915 672 Ὅτι
941 618 996 670 δέ
1024 635 1103 671 σοι
1134 619 1195 672 τὸ
1225 619 1432 686 βιϐλίον
1481 622 1577 675 καὶ
1620 623 1866 692 ἆμαθίας
1900 623 2021 678 ἐστὶ
2051 626 2250 696 μεστὸν
2271 666 2284 688 ,
2337 626 2430 678 καὶ
2467 622 2684 694 άμϐλύν
2707 641 2766 677 σε
2795 620 2934 677 εἶναι
2961 623 3257 696 κηρύττει,
3309 626 3478 678 πᾶσιν
3531 625 3689 678 ἐσται

441 713 601 780 δῆλον
642 711 810 781 ταχὺ,
839 713 886 764 εί
919 714 994 783 μή
1019 731 1102 776 τις
1129 714 1260 767 αὐτὸ
1301 715 1696 772 κατακαύσειε.
1750 719 1849 771 Διὰ
1881 717 2056 772 ταῦτα
2105 719 2230 787 ἐμοὶ
2293 718 2644 789 χρησάμενος
2684 715 2976 788 συμϐούλῳ
3008 719 3072 771 σὺ
3127 717 3342 789 πρῶτος
3399 719 3562 781 αὐτὸς
3615 719 3698 788 τῷ

451 804 739 875 Ἡφαίστῳ
795 805 1209 874 παρακατάθου.
1275 807 1654 878 Ἐνδοξότερον
1700 811 1810 882 γάρ
1873 811 2046 865 σοιτθ
2085 809 2342 880 σιγᾶσθαι
2401 825 2497 865 σου
2550 811 2648 880 τὴν
2682 811 2916 881 σοφίαν,
2962 809 2996 881 ἦ
3052 810 3113 864 τὸ
3173 812 3543 880 κηρύττεσθαι
3599 811 3702 881 τὴν

442 901 706 970 ἀμαθίαν.
743 901 987 956 Incertus
1029 901 1257 973 Georgio
1313 904 1690 971 Trapezuntio.
1720 901 1837 960 Tua
1877 909 1931 962 in
1963 905 2333 970 Ptolemaeum,
2371 915 2421 960 et
2458 907 2572 976 ejus
2611 905 2833 969 librum,
2863 907 3096 976 fructum
3133 923 3238 960 non
3265 913 3462 978 absque
3487 909 3703 961 ratione

442 1001 830 1063 nuncupatum,
861 997 1246 1050 commentaria
1278 996 1478 1067 perlegi
1506 1011 1526 1052 :
1558 1004 1607 1050 et
1649 1013 1751 1052 non
1789 999 2077 1053 audaciam
2112 1005 2343 1064 tantum,
2406 999 2497 1053 sed
2531 999 2798 1054 inscitiam
2827 1015 3032 1069 quoque
3065 1001 3366 1056 admiratus
3387 1017 3523 1054 sum.
3559 999 3704 1064 Quid

445 1093 584 1144 enim
619 1091 710 1146 tibi
735 1101 831 1145 aut
858 1091 1260 1162 disciplinarum
1314 1099 1407 1146 aut
1438 1094 1716 1162 sapientiae
1763 1094 1921 1159 inest,
1947 1095 2030 1148 vel
2061 1097 2274 1166 quando
2309 1104 2366 1149 tu
2400 1108 2464 1148 ex
2485 1094 2592 1150 illis
2651 1102 2789 1150 recte
2821 1094 3026 1166 aliquid
3065 1095 3287 1160 audisti,
3331 1095 3414 1151 vel
3444 1098 3553 1165 ipse
3594 1097 3701 1150 ad—

444 1184 708 1249 invenisti,
762 1194 818 1238 ut
858 1185 980 1254 jure
1025 1192 1235 1239 tantum
1293 1187 1514 1251 audeas,
1563 1204 1883 1257 manumque
1958 1189 2067 1244 illis
2116 1190 2448 1244 admoveas?
2515 1190 2814 1245 Monstrum
2878 1206 3010 1244 sane
3096 1191 3372 1257 existimo,
3421 1206 3540 1244 cum
3606 1201 3696 1244 ta-

447 1291 566 1328 men
615 1277 725 1346 ipse
767 1279 898 1331 nihil
942 1278 1101 1345 scias,
1150 1280 1399 1349 Opinione
1424 1282 1661 1334 omnium
1690 1283 1972 1336 scientiam
2003 1281 2100 1337 tibi
2137 1299 2414 1350 arrogare.
2449 1279 2518 1336 Et
2567 1283 2714 1354 prius
2756 1281 2966 1354 quidem
3012 1283 3155 1337 haud
3199 1282 3462 1351 opinabar
3511 1297 3701 1352 super-

445 1367 606 1433 biam,
667 1377 827 1438 atque
876 1372 1319 1425 existimationem
1385 1372 1584 1427 similia
1657 1373 1958 1437 divendere,
2009 1375 2324 1444 jactareque
2348 1366 2518 1444 posse.
2555 1370 2621 1428 Et
2653 1373 2813 1444 plane
2846 1373 3040 1429 multos
3088 1375 3258 1428 verbis
3293 1375 3506 1436 instrui,
3543 1381 3707 1440 atquc

450 1459 754 1525 Herculem,
803 1464 898 1532 qui
933 1477 1024 1516 nec
1065 1464 1117 1518 in
1141 1474 1429 1530 certamen,
1461 1465 1906 1535 quemadmodum
1941 1466 2220 1531 Thersites,
2253 1467 2568 1521 descendere
2601 1478 2841 1537 possunt,
2875 1468 3106 1536 quotidie
3140 1468 3516 1538 conspicimus,
3546 1476 3601 1520 at
3637 1482 3704 1519 ea

447 1569 567 1622 qua:
595 1567 740 1622 teque
765 1563 923 1624 atque
947 1559 1093 1611 asini
1149 1559 1324 1629 lyram
1377 1563 1728 1627 persentiscit,
1764 1561 1991 1617 scribere
2028 1562 2260 1617 nullum.
2292 1561 2484 1617 Nullus
2519 1565 2657 1617 enim
2682 1581 2745 1618 ea
2779 1579 2896 1634 qua:
2925 1579 3030 1617 non
3062 1573 3186 1617 sunt
3217 1564 3445 1617 scribere
3478 1561 3705 1627 impedi-

451 1656 560 1712 tur,
613 1665 678 1702 ne
729 1650 782 1703 in
832 1651 1022 1721 quibus
1075 1654 1415 1724 semetipsum
1464 1663 1694 1709 ostentat
1723 1657 1861 1725 quis,
1904 1656 1973 1710 ad
2009 1673 2070 1711 ea
2093 1674 2197 1710 non
2227 1657 2503 1711 collimans
2544 1657 2871 1712 exsibiletur.
2907 1656 3106 1712 Licebit
3131 1671 3360 1724 namque
3385 1657 3620 1724 quotidie
3649 1665 3701 1708 et

448 1745 549 1808 his,
587 1748 674 1815 qui
724 1747 892 1816 futuri
938 1757 1086 1814 sunt,
1111 1764 1196 1803 res
1237 1750 1436 1805 nullius
1469 1752 1794 1822 dignationis
1831 1755 2086 1822 experiri.
2143 1753 2313 1808 Porro
2343 1753 2560 1820 librum,
2614 1757 2835 1811 inscitia:
2863 1755 3103 1826 plenum,
3138 1763 3188 1809 te
3212 1770 3417 1826 quoque
3457 1753 3705 1808 obtusum

449 1853 558 1890 esse
610 1840 850 1893 indicare
888 1857 994 1894 non
1048 1842 1214 1896 multo
1263 1853 1377 1912 post
1421 1845 1662 1899 omnibus
1702 1847 2014 1912 innotescet,
2070 1849 2126 1902 ni
2160 1849 2279 1918 quis
2320 1848 2474 1902 illum
2495 1850 2640 1917 prius
2678 1850 2970 1903 comburet.
3006 1849 3296 1918 Propterea
3326 1863 3441 1902 meo
3471 1846 3698 1901 consilio

449 1941 601 1988 utens
655 1943 713 1987 tu
742 1939 948 2005 primus
983 1937 1141 1992 illum
1200 1937 1438 1993 Vulcano
1462 1941 1747 1994 committe.
1773 1937 2068 1998 Gloriosius
2096 1946 2289 2015 quippe
2317 1943 2410 1997 tibi
2450 1945 2670 2010 accidet,
2701 1947 2746 1998 si
2768 1946 3028 2016 sapientia
3066 1953 3159 2000 tua
3183 1951 3444 2007 taceatur,
3469 1959 3631 2014 quam
3649 1945 3700 1996 si

449 2026 666 2094 ignauia
710 2032 1040 2100 iustitiaque.
1078 2031 1480 2100 depra’dicetur.
1519 2031 1600 2086 Ad
1655 2031 1771 2088 haec
1815 2029 2222 2105 Trapezuntius
2274 2035 2506 2105 pulchre
2553 2035 2870 2107 acriterque
2925 2036 3212 2106 rescripsit
3247 2051 3264 2089 :
3298 2033 3572 2104 Γεώργιος
3618 2034 3701 2105 τῷ

452 2117 746 2190 ἀνωνύμῳ.
770 2121 1039 2192 ’Δνέγνων
1071 2139 1166 2177 σου
1197 2125 1295 2196 τὴν
1323 2124 1521 2193 φθόνου
1554 2123 1870 2194 πλήθουσαν
1910 2127 2225 2199 ἐπιστολὴν,
2250 2129 2343 2182 καὶ
2365 2127 2566 2199 ἐλέησά
2621 2147 2680 2182 σε
2701 2129 2796 2202 τοῦ
2849 2131 3076 2192 πάθους.
3148 2129 3408 2200 Ἀμαθεῖς
3464 2127 3574 2196 γάρ
3602 2132 3705 2184 καὶ

448 2213 731 2280 τολμητὰς
786 2215 936 2283 ἡμᾶς
967 2215 1269 2288 ἀποφαίνῃ,
1294 2217 1376 2270 ὅτι
1407 2220 1475 2272 τά
1527 2217 1868 2290 Πτολεμαίου
1915 2220 2379 2289 συνεπτυγμένως
2416 2215 2682 2288 εῑρημένα
2740 2221 2882 2274 κατὰ
2923 2219 3160 2288 σπουδῆς
3217 2220 3313 2272 καὶ
3364 2219 3700 2289 γυμνασίας,

451 2302 746 2372 προσθήσω
774 2303 830 2357 δὲ
851 2306 944 2358 καὶ
965 2308 1065 2375 τῆς
1091 2307 1302 2361 πολλῶν
1331 2306 1602 2377 ὠφελείας
1625 2312 1789 2379 χάριν
1810 2305 2220 2378 άνεπτύξιμεν.
2261 2309 2323 2363 Ei
2353 2308 2398 2362 δ’
2417 2305 2633 2373 οὐδενὸς
2655 2311 2713 2363 ἐν
2748 2314 2862 2375 τοίς
2901 2312 3172 2375 τοιούτοις
3219 2311 3350 2365 ποτὲ
3403 2311 3702 2381 διηκούσα-

451 2411 579 2462 μεν,
597 2393 721 2448 οὔτε
750 2397 1191 2473 προσεξεύρομεν
1242 2399 1418 2465 αὐτοὶ,
1457 2400 1576 2456 ἀλλ’
1605 2399 1768 2469 ἀρκεῖ
1793 2395 1888 2455 νύν
1941 2399 2173 2464 πολλοὺς
2201 2401 2356 2471 ἡμῶν
2409 2401 2507 2454 καὶ
2539 2404 2738 2470 σοφοὺς
2780 2399 3022 2467 ἀκούειν,
3077 2403 3168 2455 καὶ
3201 2402 3271 2456 τὰ
3333 2403 3704 2473 γεγραμμένα

453 2491 584 2560 ἡμῖν
621 2491 952 2564 διέρχεσθαι,
984 2497 1079 2551 καὶ
1113 2497 1244 2549 τόσα
1281 2497 1411 2567 ἡμῖν
1433 2495 1933 2569 προσεξευρῆσθαι,
1970 2497 2072 2549 ὅσα
2127 2499 2186 2550 ὲν
2219 2497 2296 2568 τῷ
2321 2495 2514 2568 βιϐλίῳ
2567 2499 2938 2569 γεγράφαται,
3003 2498 3142 2568 πρὸς
3176 2499 3212 2551 ἃ
3244 2497 3308 2551 σύ
3375 2516 3466 2568 μοι
3503 2499 3711 2566 δοκεῖς,

448 2585 525 2647 ὡς
551 2583 672 2647 ὄνος
703 2587 850 2657 ἔχειν
882 2587 1017 2658 πρὸς
1062 2587 1258 2658 λύραν.
1307 2588 1433 2652 Πῶς
1475 2590 1630 2657 γάρ;
1675 2587 1736 2651 ὃς
1762 2603 1826 2656 γε
1854 2586 1932 2658 τῷ
1976 2585 2262 2658 Ἡφαίστῳ
2319 2588 2578 2662 συνιστᾷν
2625 2586 3045 2662 συμϐουλεύεις,
3077 2589 3115 2642 ἃ
3153 2587 3343 2641 πολλοὶ
3394 2587 3574 2659 πολλῷ
3613 2607 3712 2642 σου

451 2680 754 2750 σοφώτεροι
811 2682 1158 2754 θαυμάζουσί
1209 2702 1294 2749 τε,
1358 2687 1455 2738 καὶ
1506 2684 1911 2748 ἐκθειάζουσιν.
1973 2683 2139 2738 Ἀλλὰ
2197 2684 2291 2737 καὶ
2341 2682 2692 2755 συρίττεσθαι
2747 2683 2896 2753 ἡμᾶς
2945 2683 3023 2754 τῷ
3083 2683 3375 2736 ἐκπίπτειν
3427 2682 3527 2752 τῆς
3573 2683 3714 2754 άλη-

446 2775 602 2838 θείας
650 2776 920 2850 φαντάζῃ,
949 2779 1047 2832 καὶ
1080 2779 1310 2848 άμϐλεῖς
1357 2778 1597 2846 ὑϐρίζων
1631 2779 1954 2840 ἀποκαλεῖς.
1990 2777 2170 2849 Ἀπερ
2225 2781 2271 2831 εἰ
2302 2773 2476 2848 άληθῆ
2510 2775 2782 2851 ἐνόμιζες,
2819 2775 2920 2828 οὐκ
2947 2775 3014 2829 ἂν
3070 2775 3320 2845 ἔγραψας
3347 2795 3361 2810 ·
3405 2776 3710 2846 ἐθεράπευε

449 2872 561 2940 γάρ
610 2871 678 2926 ἄν
713 2887 806 2925 σου
860 2872 952 2926 τὸν
984 2871 1180 2942 φθόνον
1233 2873 1267 2941 ἠ
1302 2871 1637 2942 νομιζομένη
1685 2872 1812 2943 περὶ
1856 2871 2060 2925 τούτων
2091 2872 2346 2940 ἀλήθεια.
2391 2869 2507 2924 Νῦν
2551 2871 2609 2924 δὲ
2648 2867 3087 2938 άποπνιγόμενος
3126 2868 3204 2936 τῷ
3256 2869 3443 2934 πάθει,
3475 2871 3570 2922 καὶ
3601 2869 3705 2940 οὐχ

447 2956 562 3025 οἷός
591 2980 655 3016 τε
685 2963 783 3031 ὢν,
813 2965 922 3022 ⁴τῶν
944 2968 1084 3038 ὓπερ
1115 2968 1225 3020 τῶν
1249 2965 1680 3035 συγγραφέντων
1724 2964 1858 3036 ἡμῖν
1886 2961 2124 3036 ᾀδόμενα
2176 2965 2387 3034 φέρειν,
2424 2963 2546 3018 όνου
2576 2964 2731 3032 δίκην
2781 2959 3080 3024 λακτίζεις.
3122 2963 3219 3014 καὶ
3265 2962 3715 3033 ἀπορρήγνυσαι.

465 3052 607 3106 Ἀλλ’
645 3055 693 3107 εἰ
759 3056 1048 3125 θελήσειας
1113 3055 1445 3124 συμϐούλοις
1499 3052 1634 3125 ἡμῖν
1712 3051 2043 3123 χρήσασθαι,
2099 3053 2178 3124 τῷ
2229 3053 2410 3124 φθόνῳ
2478 3052 2652 3106 πολλά
2709 3051 2926 3124 χαίρειν
3004 3053 3199 3116 εἰπὼν,
3265 3057 3358 3107 καὶ
3412 3054 3476 3108 τὸ
3523 3053 3713 3117 κακῶς

453 3151 635 3213 λέγειν
673 3149 858 3220 ἀφεὶς,
910 3147 970 3206 εὖ
1022 3146 1272 3220 πράξεις,
1327 3152 1423 3203 καὶ
1485 3150 1584 3222 ἐστι
1631 3149 1975 3216 ἐνδοξότερος
2037 3149 2129 3203 διά
2185 3149 2245 3201 τὸ
2285 3150 2447 3218 σιγᾷν
2518 3147 2550 3217 ἢ
2599 3148 2910 3217 σοφώτερος
2941 3148 3028 3201 διὰ
3089 3148 3150 3200 τὸ
3183 3149 3394 3216 ληρεῖν,
3456 3151 3551 3203 καὶ
3605 3151 3706 3220 τὴν

454 3242 683 3305 λύσσαν,
779 3243 914 3310 πρὸς
949 3243 1159 3305 πάντας
1185 3242 1321 3295 ὡσεὶ
1362 3241 1690 3311 μαινόμενος
1717 3243 1879 3312 φέρῃ.
1905 3240 2087 3308 Georgi

2073 3241 2160 3294 ius
2192 3241 2412 3293 incerto.
2469 3237 2698 3292 Litteras
2733 3249 2852 3292 tuas
2889 3239 3196 3293 invidentia:
3222 3239 3412 3308 plenas
3442 3241 3706 3311 percurri,

456 3350 504 3395 et
554 3337 907 3390 conditionem
971 3345 1118 3390 tuam
1172 3337 1452 3388 miseratus
1517 3351 1636 3388 sum
1668 3347 1686 3385 :
1716 3335 1931 3404 ignavos
1999 3334 2190 3402 quippe
2242 3347 2334 3385 nos
2364 3339 2414 3385 et
2437 3338 2665 3385 audaces
2685 3329 2925 3401 judicas,
2959 3331 3099 3401 quod
3147 3331 3398 3401 perplexa
3433 3328 3714 3390 Ptolemwi

459 3433 602 3485 dicta
663 3432 859 3495 studio,
915 3429 1313 3494 exercitatione,
1365 3426 1757 3496 multorumque
1809 3424 2105 3490 commodo,
2131 3424 2258 3494 quid
2280 3425 2420 3477 enim
2444 3431 2586 3478 uetat
2617 3425 2712 3477 hoc
2745 3423 2940 3476 addere
2961 3423 2987 3477 ἓ
3018 3425 3374 3491 ατροεαὶηιιιε.
3400 3424 3561 3492 Quod
3583 3428 3628 3481 si
3663 3429 3724 3480 in

456 3527 719 3582 similibus
763 3525 845 3581 vel
895 3535 1272 3595 praceptorem
1327 3540 1453 3577 non
1493 3523 1796 3588 habuimus,
1829 3537 1993 3591 neque
2041 3539 2133 3576 nos
2187 3521 2483 3576 invenimus
2517 3521 2643 3588 ipsi,
2674 3522 2806 3575 satis
2839 3528 3018 3574 tamen
3046 3522 3104 3575 id
3127 3523 3250 3587 erit,
3286 3523 3498 3586 multos,
3532 3538 3725 3592 eosque

459 3620 738 3685 sapientes,
764 3619 953 3672 audire
981 3635 1094 3682 nos,
1127 3624 1177 3672 et
1200 3619 1399 3688 scripta
1428 3625 1610 3671 nostra
1649 3631 1979 3685 percurrere,
2011 3632 2175 3684 eaque
2209 3633 2241 3668 a
2301 3615 2451 3670 nobis
2473 3614 2756 3668 adinventa
2785 3615 2967 3684 fuisse,
2990 3633 3105 3685 qua:
3127 3616 3178 3669 in
3217 3617 3350 3672 libro
3391 3618 3713 3673 tradidimus

460 3713 541 3766 Ad
595 3727 656 3764 ea
686 3723 742 3764 tu
789 3726 935 3781 teque
959 3719 1116 3781 atque
1145 3713 1327 3764 asinus
1361 3710 1431 3764 ad
1461 3707 1636 3781 lyram
1673 3718 1721 3762 te
1755 3708 1932 3762 habes.
1964 3707 2201 3772 Quidni?
2225 3723 2344 3762 cum
2375 3691 2439 3760 ea
2476 3705 2710 3761 ναίωηο
2737 3709 3062 3760 committere
3085 3709 3356 3771 consulas,
3389 3725 3507 3780 qate
3561 3711 3722 3764 multi

464 3806 614 3874 longe
646 3813 694 3858 te
732 3804 1076 3871 sapientiores
1099 3804 1460 3869 admirantur,
1490 3813 1540 3857 et
1565 3805 1718 3874 quasi
1740 3802 1963 3858 oracula
1991 3810 2312 3858 uenerantur
2335 3816 2354 3854 :
2388 3801 2516 3869 quin
2549 3805 2598 3855 et
2630 3799 2904 3854 exsibilari
2927 3813 3039 3866 nos,
3078 3801 3218 3869 quod
3248 3819 3280 3855 a
3315 3805 3537 3858 veritate
3563 3806 3724 3858 aber-

463 3913 661 3966 remus,
688 3894 1001 3970 imaginaris
1033 3913 1052 3952 :
1075 3915 1168 3952 nec
1212 3899 1328 3952 sine
1387 3898 1614 3952 ludibrio
1664 3913 1845 3968 segnes
1894 3915 1988 3952 nos
2043 3893 2366 3966 compellas;
2394 3896 2512 3964 qua:
2542 3893 2588 3948 si
2619 3910 2746 3948 vera.
2766 3894 3147 3959 existimasses,
3183 3910 3458 3966 nunquam
3488 3898 3724 3953 dedisses

466 3998 688 4077 litteras,
726 3995 817 4049 sed
843 4001 991 4048 tuam
1037 3993 1293 4048 invidiam
1335 3993 1397 4048 de
1431 3995 1540 4048 illis
1575 3996 1882 4048 existimata
1920 3993 2114 4046 ueritas
2158 3991 2477 4045 mederetur.
2510 3988 2662 4042 Nunc
2693 4003 2814 4042 vero
2849 3989 3037 4058 aﬁectu
3065 3995 3297 4054 enectus,
3335 4001 3430 4044 nec
3456 3990 3596 4060 ferre
3630 4006 3724 4046 ua-

467 4096 579 4151 [ms
636 4105 755 4158 ante
812 4102 908 4157 pro
946 4087 1320 4157 scriptionibus
1369 4089 1563 4142 nostris
1599 4091 1959 4142 decantantur
2004 4100 2162 4156 atque
2207 4083 2672 4150 circumferuntur,
2698 4083 2870 4138 instar
2897 4085 3036 4137 asini
3069 4083 3321 4137 calcitras
3354 4094 3402 4136 et
3424 4084 3719 4148 disrumpe-

467 4181 559 4235 ris.
593 4179 992 4241 Verumtamen,
1009 4181 1057 4233 si
1075 4178 1222 4234 nobis
1251 4179 1571 4235 consiliariis
1594 4181 1669 4234 uti
1688 4179 1936 4244 uolueris,
1963 4178 2180 4232 invidia:
2208 4176 2504 4231 oaledicens
2526 4186 2573 4230 et
2600 4173 3022 4230 maledicentiam
3051 4174 3330 4244 ablegatis,
3349 4175 3475 4228 bene
3507 4175 3728 4244 valebis,

465 4277 671 4343 erisque
713 4272 1077 4329 taciturnitate
1113 4272 1393 4342 gloriosior
1419 4288 1582 4342 quam
1613 4271 1956 4342 garrulitate,
1991 4286 2052 4322 ac
2080 4271 2248 4333 rabie,
2289 4285 2395 4339 qua
2427 4269 2482 4320 in
2515 4283 2692 4322 omnes
2723 4268 2884 4322 ueluti
2925 4268 3144 4321 insanus
3175 4267 3461 4332 inbeheris,
3505 4270 3722 4337 sapien-

467 4374 590 4426 tior.
624 4370 721 4425 De
774 4369 1032 4425 versione
1069 4367 1372 4434 Ptolemaei,
1424 4378 1479 4423 et
1509 4367 1936 4424 Commentariis
1967 4367 2024 4420 in
2061 4364 2315 4421 eumdem
2341 4361 2696 4435 Trapezuutii
2731 4361 3090 4432 scriptionum
3125 4376 3235 4416 non
3263 4376 3456 4432 aequus
3485 4361 3729 4417 assuma-
3839 4402 3845 4407 .

469 4477 556 4521 tor
584 4465 843 4521 Nicotaus
899 4464 1164 4521 Perottus
1217 4464 1294 4535 (g)
1354 4461 1802 4534 arcliiepisc0pus
1861 4457 2191 4532 Sipontinus
2241 4463 2353 4517 haec
2415 4461 2630 4514 habet:
2663 4458 2727 4512 In
2759 4457 3192 4522 Commentariis,
3231 4474 3362 4527 quos
3382 4459 3437 4512 in
3467 4473 3726 4528 magnam

465 4561 898 4640 compositionem
922 4555 1198 4614 Ptolemtei
1231 4559 1377 4628 furto
1413 4575 1446 4611 a
1476 4551 1678 4612 Theone
1703 4559 1997 4614 subtractos
2017 4557 2206 4622 edidit,
2237 4565 2350 4610 tum
2399 4557 2560 4609 etiam
2587 4555 2645 4608 in
2682 4555 2926 4624 margine
2955 4551 3350 4607 Prablematum
3381 4555 3709 4619 Aristotelis,

467 4665 586 4722 qua:
615 4669 647 4706 a
675 4651 876 4713 σταται,
891 4650 1073 4719 lingua
1101 4653 1160 4706 in
1201 4649 1454 4706 Latinam
1476 4652 1752 4720 pervertit.
1777 4647 1857 4706 -Et
1893 4667 1907 4705 :
1949 4647 2206 4703 Mentitur
2242 4665 2297 4702 se
2357 4644 2716 4708 Ptolemazum,
2749 4663 2902 4714 quem
2928 4646 3143 4716 jamdiu
3200 4661 3304 4698 non
3334 4643 3590 4700 Latinum
3623 4647 3721 4699 sed

469 4743 778 4807 barbarum,
816 4747 866 4794 et
901 4739 1082 4793 multis
1104 4740 1160 4792 in
1205 4739 1330 4794 locis
1355 4741 1660 4795 mendaeem
1689 4737 1907 4810 fecerat,
1935 4739 2171 4794 nondum
2202 4740 2443 4803 edidisse,
2487 4739 2707 4806 ideoque
2736 4745 2847 4791 tam
2873 4738 3140 4808 egregium
3174 4752 3303 4807 opus
3330 4739 3403 4791 ad
3435 4754 3552 4792 eum
3588 4740 3725 4792 niis-

469 4848 674 4895 surum,
724 4841 773 4887 et
832 4828 1031 4885 nomini
1075 4830 1189 4900 ejus
1226 4847 1283 4884 se
1316 4830 1693 4909 dedicaturum
1724 4832 2004 4905 pollicetur
2034 4847 2142 4887 una
2175 4847 2294 4884 cum
2329 4829 2760 4893 Commentariis,
2809 4829 2994 4896 quibus
3029 4842 3138 4881 sese
3168 4828 3222 4882 id
3254 4843 3384 4897 opus
3421 4829 3724 4896 exposuisse

471 4927 755 4996 gloriatur,
814 4927 869 4981 in
913 4927 1100 4996 quibus
1121 4928 1252 4984 nihil
1281 4937 1362 4984 est
1397 4927 1627 4997 alicujus
1657 4927 1924 4980 duntaxat
1960 4927 2232 4985 momenti.
2259 4926 2396 4998 quod
2439 4939 2543 4977 non
2571 4923 2637 4976 sit
2672 4940 2705 4976 a
2737 4921 2944 4976 Theano
2971 4917 3246 4974 Ptotemcei
3279 4921 3576 4992 expositore
3595 4925 3726 4978 sub-

475 5035 724 5082 tractum.
788 5027 891 5084 Sed
937 5030 1095 5084 verba
1149 5027 1480 5099 ineptissimo
1525 5042 1817 5098 ponemus;
1881 5020 2203 5079 Ptolemtcus
2225 5022 2551 5092 jampridem
2574 5024 2627 5076 in
2659 5021 2908 5078 Latinam
2938 5043 2970 5080 a
3007 5026 3151 5080 nobis
3182 5025 3459 5080 traductus
3490 5023 3727 5091 linguam

474 5128 572 5181 cst,
633 5119 724 5172 sed
779 5135 884 5172 non
943 5119 1116 5172 adhuc
1167 5119 1357 5172 editus.
1412 5117 1478 5171 Et
1527 5119 1778 5188 quoniam
1825 5120 1893 5171 ad
1923 5118 2060 5171 hunc
2090 5131 2266 5185 usque
2299 5117 2436 5168 diem
2466 5128 2572 5168 non
2599 5114 2930 5171 intellectum
2955 5116 3318 5188 Almagestum
3348 5113 3728 5187 comperimus,

476 5214 886 5271 Commentariis
911 5213 1083 5283 ipsum
1117 5213 1310 5266 nostris
1345 5213 1703 5280 exposuimus.

547 5308 640 5371 ‘20.
707 5309 1176 5380 Comparationem
1227 5306 1472 5362 Platonis
1523 5316 1575 5361 et
1605 5305 1930 5372 Aristotelis,
1958 5321 2070 5376 qua
2102 5306 2456 5362 Aristotelem
2485 5306 2564 5377 (h)
2601 5303 2830 5360 Platone
2861 5305 3027 5375 longo
3063 5303 3357 5360 intervallo
3385 5305 3730 5375 superiorem

557 5488 636 5557 ig)
682 5488 1052 5550 Bessorionis.
1101 5483 1320 5556 patroni
1355 5485 1464 5549 sui,
1495 5483 1622 5539 odio
1654 5485 1707 5538 in
1737 5482 2055 5553 Trapezun-
2161 5483 2306 5540 Diss.
2378 5481 2525 5557 Voss.
2572 5481 2641 5557 ll,
2703 5498 2760 5553 p.
2787 5483 2851 5538 21
2892 5499 3014 5554 sqq.
3051 5483 3143 5540 ubi
3178 5484 3388 5540 multus
3416 5481 3599 5557 est_de
3629 5480 3738 5535 hac

491 5551 625 5610 tiut'n
661 5561 997 5628 obsequens,
1105 5551 1119 5556 ’
1283 5627 1291 5628 7
1503 5624 1513 5628 Α
1671 5623 1682 5628 _
2039 5623 2051 5628 Α
2161 5555 2538 5628 controversia
2583 5551 3016 5628 ejusqueprtir
3043 5551 3731 5628 _cau_saque.‘—-__Trgpez.

561 5629 638 5707 (h)
669 5618 901 5707 _l)iciiur
961 5627 1381 5707 Trapezun‘tius‘
1423 5623 1774 5707 aristoteletn
1838 5623 2053 5707 Platoni
2164 5625 2238 5707 in.
2279 5626 2580 5689 Platonem,
2727 5618 2880 5676 'cod.
2940 5623 3118 5707 bili.“
3144 5618 3420 5707 Ege'orial;
3464 5618 3739 5707 liliie-r

491 5689 796 5764 praetulisse
847 5700 902 5751 in
956 5689 1187 5765 gratiam
1232 5697 1382 5751 Pauli
1432 5695 1472 5750 ll
1528 5693 1840 5765 Platonicos
1867 5694 2059 5765 acadc-
2165 5694 2558 5765 [Alitterat'f‘per
2617 5692 2876 5765 Πειραιιᾷ
2905 5709 2964 5765 p._
2995 5694 3140 5765 7170.
3187 5693 3254 5748 Et
3288 5692 3434 5749 conf.
3471 5689 3734 5744 Latnbec.

493 5761 617 5824 iniu:
674 5767 935 5820 Rornanru
960 5761 1125 5834 Ἄθῳ-ε
1149 5765 1401 5820 ferentis.
1433 5765 1570 5820 Vide
1611 5764 1856 5834 Diarium
1893 5763 2058 5834 vene-
2170 5763 2279 5831 V‘ll,
2312 5780 2365 5834 p.
2400 5763 2525 5822 ‘269.
2565 5771 2676 5818 not.
2714 5763 2767 5817 3.
2805 5761 3010 5831 (Πανί.)

500 5843 634 5897 tum,
669 5845 799 5889 tom.
842 5835 978 5900 XVI,
1009 5833 1064 5904 μ.
1091 5835 1196 5890 “2
1222 5846 1275 5891 et
1317 5837 1419 5892 4‘20
1454 5851 1570 5904 seq.
1601 5833 1820 5905 (γοῦν.)
1850 5852 1897 5889 s.
1924 5833 2057 5890 Zeni
