4136 6400
550 409 655 469 73‘3
1643 406 2042 468 GEORGIUS
2078 405 2688 468 TRAPEZUNTIUS.
3703 412 3813 474 ’764

546 523 796 591 corporis
825 522 999 586 dotes,
1026 539 1122 593 pro
1151 523 1404 594 corporis
1458 533 1515 578 et
1547 521 1716 576 animi
1740 521 1932 577 dotes?
1967 522 2059 577 Ubi
2089 524 2422 586 conferrem,
2453 538 2573 592 pro,
2606 520 2757 576 utilis
2782 534 2981 588 essent,
3014 521 3162 576 nullo
3193 539 3315 577 casu
3348 524 3648 591 adjuncto?
3683 522 3806 588 Ubi,

545 625 809 668 internum
839 616 912 670 illi
947 631 1146 670 nomen
1178 616 1247 670 ad
1273 631 1486 682 omnes,
1516 615 1608 684 qui
1642 614 1845 669 Latine
1873 615 2078 681 sciunt,
2107 617 2390 678 alierrem,
2423 631 2518 683 pro
2545 624 2813 667 aeternum
2871 614 2950 668 illi
2985 632 3186 669 nomen
3249 617 3396 686 apud
3439 632 3662 681 omnes,
3713 616 3808 687 qui

546 706 737 762 Latina
767 709 948 779 lingua
976 721 1228 774 utuntur,
1264 708 1364 774 vel,
1397 712 1490 778 qui
1517 707 1766 762 Latinam
1791 707 2034 776 linguam
2098 723 2208 760 non
2265 709 2536 777 ignorant,
2569 706 2992 775 compararem?
3018 705 3124 760 Sed
3155 706 3276 761 nolo
3302 709 3356 760 in
3385 724 3442 764 re
3471 712 3801 777 manifestis—

545 803 682 856 sima
722 803 921 857 diutius
949 807 1249 862 inmorari;
1283 808 1349 863 Et
1373 818 1712 878 postremum
1739 803 2012 874 quidquid
2046 814 2130 859 est
2159 807 2213 860 in
2241 807 2374 858 orbe
2407 803 2831 868 maledicentia,
2862 800 2914 856 id
2953 812 3126 858 totum
3165 805 3219 856 in
3279 819 3449 858 unum
3483 806 3816 875 Trapezun-

549 896 682 949 tium
706 898 1026 951 cumulavit.
1059 899 1248 970 Neque
1276 902 1425 955 enim
1453 911 1673 955 veretur
1696 913 1822 953 eum
1857 898 2192 968 compellare
2234 898 2488 963 belluam,
2550 898 2782 968 putrida:
2834 897 3013 950 carnis
3065 893 3254 949 inutile
3294 897 3544 964 frustum,
3611 909 3819 954 nostra:

522 992 720 1045 .aztatis
756 990 1084 1060 prieclariun
1116 995 1418 1061 Nestorem,
1451 994 1603 1064 cujus
1624 1009 1688 1047 ea;
1711 1010 1800 1048 ore
1840 993 1962 1064 felle
1992 993 2234 1046 amarior
2264 994 2384 1063 ﬂuit
2416 995 2614 1057 oratio,
2671 992 2904 1055 asinum,
2941 986 3414 1042 sceleratissimum
3455 988 3651 1052 virum,
3686 1005 3818 1042 car-

545 1086 772 1151 nificem,
809 1087 1161 1152 perniciosam
1192 1098 1411 1158 pestem,
1447 1071 1670 1142 dedecus
1695 1089 1988 1149 hominum,
2015 1089 2215 1152 turpitu
2238 1088 2396 1139 .incm
2423 1087 2626 1150 saeculi,
2665 1094 2861 1139 nostra:
2895 1081 3200 1152 reipublicae
3224 1079 3651 1149 sterquilinium.
3685 1098 3804 1138 sce-

545 1181 887 1234 lestissimum
916 1219 931 1244 ,
965 1182 1260 1251 impurum,
1292 1185 1536 1254 impium,
1564 1182 1859 1251 infidelem,
1887 1181 2202 1245 barbarum,
2230 1181 2522 1244 sordidum,
2553 1181 2878 1250 proditorem
2932 1177 3126 1230 divina
3157 1173 3447 1244 religionis,
3481 1173 3816 1240 hereticum,

542 1283 740 1327 tetrum
767 1283 815 1325 et
851 1272 1160 1328 detestabile
1196 1288 1512 1339 monstrum,
1544 1273 1732 1336 scelus,
1757 1276 2048 1345 ﬂagitium,
2077 1276 2236 1333 luem,
2267 1273 2460 1334 tabem,
2492 1272 2817 1342 prodigium,
2835 1278 3158 1339 portentum,
3195 1263 3710 1322 truculentissimam
3742 1269 3822 1339 [ει

542 1384 686 1432 ram,
720 1366 942 1421 humani
970 1372 1178 1438 generis
1210 1370 1515 1439 infamiam,
1547 1368 1924 1428 miserrimum,
1959 1368 2192 1420 omnium
2223 1366 2596 1419 avarissimum
2637 1374 2835 1418 nostra:
2865 1367 3060 1424 (etatis.
3097 1365 3440 1436 prazcl'arum,
3481 1366 3822 1418 immanissi-

543 1477 710 1526 mum,
747 1475 960 1532 tetrum,
1024 1466 1364 1534 foedissimum
1390 1478 1450 1515 ac
1476 1459 1784 1514 detestabile
1815 1468 2132 1525 monstrum,
2162 1459 2418 1524 Turcum,
2445 1460 2552 1511 imo
2586 1457 2758 1512 Turco
2778 1459 3082 1524 turciorem,
3107 1461 3520 1524 sceleratiorem,
3540 1459 3646 1512 imo
3681 1458 3824 1511 Tur-

538 1572 725 1613 corum
752 1565 986 1616 omnium
1017 1561 1398 1623 turcissimum,
1419 1558 1653 1610 omnium
1687 1572 1806 1626 quae
1846 1556 2251 1610 memoravimus
2285 1555 2596 1624 turpiorem,
2619 1557 2733 1608 etsi
2757 1555 2883 1624 quid
2913 1556 3016 1608 dici
3040 1557 3224 1609 tetrius
3257 1563 3449 1624 potest.
3485 1554 3672 1620 Addit,
3722 1553 3825 1607 Ni-

543 1629 906 1706 miumOcrevit
937 1654 1185 1716 audacia,
1215 1663 1264 1705 et
1295 1655 1571 1706 temeritas
1594 1653 1839 1705 dominii.
1866 1651 1962 1705 Ter
1987 1652 2131 1703 intra
2157 1665 2325 1703 annos
2359 1652 2656 1720 quindecim
2679 1665 2947 1704 carcerem
2976 1660 3052 1704 est
3074 1657 3357 1720 expertus;
3385 1650 3560 1720 primo
3594 1649 3822 1703 iracun-

537 1741 656 1806 dia,
695 1745 922 1796 secundo
959 1744 1142 1810 libido,
1185 1746 1340 1798 tertio
1363 1744 1741 1814 perduellionis
1763 1744 1965 1797 crimen
1994 1759 2112 1796 eum
2140 1743 2196 1796 in
2220 1743 2429 1796 rincula
2462 1743 2853 1810 compulerunt.
2889 1745 3051 1796 Auxit
3103 1759 3307 1814 semper
3339 1743 3597 1812 furorem,
3630 1751 3682 1795 et
3718 1743 3824 1795 im-

537 1835 752 1900 punitus
780 1850 898 1888 eum
925 1837 996 1888 ad
1026 1838 1226 1906 quernis
1255 1839 1463 1908 flagitia
1494 1838 1820 1906 prwcipitem
1859 1837 1998 1905 fecit.
2030 1835 2336 1889 Praeterea:
2362 1833 2503 1888 Nam
2531 1837 2682 1905 quia,
2711 1850 2837 1888 casu
2885 1835 3054 1888 nescio
3091 1850 3217 1905 quo,
3244 1835 3488 1905 opinione
3517 1835 3644 1886 olim
3686 1850 3824 1902 qua-

542 1931 669 1979 dam
697 1928 995 1980 doctrinam
1021 1939 1332 1982 consecutus
1367 1930 1421 1980 in
1451 1928 1614 1982 Italia
1648 1929 1846 1996 fuerat,
1874 1928 2061 1996 primis
2093 1925 2201 1979 illis
2237 1927 2581 1995 temporibus,
2621 1925 2810 1995 quibus
2864 1927 3102 1978 revocari
3131 1926 3186 1979 in
3217 1924 3406 1992 lucem,
3442 1941 3562 1995 qua:
3608 1926 3699 1979 diu
3731 1943 3824 1982 se-

537 2016 694 2086 pulta
725 2018 960 2086 fuerant,
986 2019 1312 2089 optimarum
1345 2019 1753 2095 disciplinarum
1791 2011 1972 2071 studia
2003 2034 2236 2088 coepere,
2285 2029 2563 2089 postquam
2613 2021 2840 2070 adventu
2898 2017 3323 2069 doctissimorum
3379 2018 3616 2070 virorum
3685 2035 3823 2090 quos

547 2107 805 2164 Nicolaus
835 2111 1066 2177 Quintus
1087 2112 1326 2182 pontifex
1355 2114 1697 2183 undecunque
1725 2116 1779 2166 in
1807 2113 1999 2168 Urbem
2033 2113 2240 2178 accivit,
2263 2114 2573 2183 ignorantia
2611 2121 2702 2166 tua
2757 2113 2959 2164 detecta
2997 2120 3096 2174 est,
3131 2112 3424 2177 prtzsertim
3481 2115 3816 2182 interpreta-

545 2203 684 2254 tione
715 2201 1118 2259 Problematum
1149 2206 1474 2272 Aristotelis,
1510 2220 1625 2275 qua:
1655 2205 1949 2260 Theodorus
1981 2205 2459 2260 ThessalOnicensis
2493 2207 2768 2272 utriusque
2795 2202 2992 2274 lingua:
3056 2203 3391 2256 doctissimus
3448 2202 3656 2257 edidit:
3695 2217 3825 2257 mox

549 2307 600 2350 te
632 2296 804 2350 rabies
829 2301 1070 2366 qua’dam
1100 2301 1342 2354 immensi
1377 2301 1575 2370 furoris
1605 2302 1822 2366 invasit,
1853 2319 1917 2355 ac
1945 2300 2104 2354 veluti
2136 2301 2383 2354 draconis
2411 2310 2561 2370 epoto
2593 2298 2756 2352 calice
2785 2298 3046 2362 insanire,
3077 2312 3140 2349 ac
3166 2297 3350 2365 palam
3379 2295 3556 2365 furere
3615 2301 3827 2366 coepisti

540 2393 714 2445 instar
738 2392 908 2446 rabidi
936 2394 1104 2459 canis,
1127 2396 1226 2448 huc
1259 2405 1417 2462 atque
1449 2396 1576 2448 illuc
1609 2397 1804 2450 anxius
1823 2397 2182 2464 circumferri.
2209 2393 2434 2462 Jamque
2469 2408 2576 2446 non
2605 2390 2760 2445 modo
2790 2392 2962 2460 ipsum
3010 2389 3360 2453 Theodorum,
3398 2389 3488 2442 sed
3547 2403 3824 2458 quoscun-
3867 2445 3874 2448 _

542 2485 804 2538 Theodoro
829 2487 1006 2554 favere
1032 2488 1374 2556 intelligens,
1399 2504 1578 2544 omnes
1604 2499 1785 2540 autem
1817 2489 1864 2540 ei
1889 2487 2127 2554 palmam
2154 2490 2280 2558 jure
2311 2487 2508 2556 optimo
2543 2484 2757 2547 debent,
2796 2485 2848 2534 in
2883 2497 3004 2534 eum
3053 2481 3342 2549 genuinum
3365 2495 3628 2539 exercere.
3669 2483 3807 2538 Hinc

541 2587 591 2632 te
607 2594 811 2648 semper
839 2579 995 2648 [urite
1021 2581 1246 2650 agitare,
1280 2581 1400 2634 hinc
1437 2581 1708 2650 superbia,
1741 2580 2060 2649 indignatio,
2102 2581 2300 2634 invidia
2334 2577 2658 2648 praecipitem
2713 2577 2869 2644 ferre.
2909 2573 3044 2628 Hinc
3084 2584 3141 2626 tu
3193 2571 3486 2628 maledictis
3529 2577 3585 2629 in
3625 2594 3816 2633 omnes

539 2673 730 2733 invehi,
761 2688 865 2725 non
929 2675 1276 2744 principibus,
1333 2693 1436 2729 non
1483 2676 1874 2740 cardinalibus,
1927 2692 2030 2728 non
2053 2678 2274 2728 summis
2328 2671 2660 2744 pontiﬁcibus
2691 2685 2928 2740 parcere.
2954 2670 3021 2724 Et
3047 2671 3161 2726 hinc
3199 2672 3424 2741 quidem
3463 2672 3722 2730 Perottus
3759 2677 3819 2730 in

541 2765 996 2837 Trapezuntium,
1049 2769 1278 2832 oblitus,
1329 2780 1388 2824 ut
1423 2771 1660 2839 ingenue
1693 2770 1887 2837 fatear,
1921 2771 2202 2825 modestiae
2229 2809 2244 2834 ,
2276 2771 2586 2838 gravitatis,
2621 2775 2787 2835 atque
2827 2765 2955 2821 boni
3023 2765 3123 2819 viri
3159 2767 3347 2832 cilicii,
3382 2783 3504 2837 qua:
3529 2779 3824 2839 tantOpere

537 2859 862 2918 laudaverat
907 2879 1029 2934 pro
1086 2864 1404 2918 codemmct
1441 2863 1814 2932 Trapezuntio
1843 2865 1896 2916 in
1941 2863 2284 2916 Bessan-ioue.
2311 2861 2435 2914 ch
2455 2861 2659 2925 omnia,
2700 2859 2902 2926 aiebat,
2939 2867 2989 2912 et
3028 2858 3187 2929 plura
3216 2861 3470 2928 patuisset
3503 2861 3558 2914 in
3585 2864 3825 2916 medium

539 2958 731 3028 afferre
757 2959 1026 3024 Bessario,
1067 2961 1113 3014 si
1139 2960 1423 3024 voluisset;
1452 2959 1544 3014 sed
1573 2959 1714 3012 dedit
1741 2961 1834 3013 hoc
1865 2960 2062 3029 partim
2089 2959 2340 3029 gravitati
2373 2973 2503 3023 suat,
2537 2973 2600 3011 ne
2627 2967 2808 3010 castas
2840 2965 2890 3010 et
2922 2958 3140 3027 pudicas
3175 2971 3332 3010 aures
3358 2964 3510 3010 tanta
3541 2959 3824 3012 verborum

538 3055 870 3121 impuritate,
897 3065 1049 3108 tanta
1087 3057 1426 3110 obscoenitate
1454 3055 1736 3120 orationis,
1765 3065 1875 3108 tant
1905 3055 2175 3109 horrenda
2208 3064 2368 3123 atque
2420 3054 2731 3107 exsecrabili
2760 3053 3020 3108 scelerum
3055 3053 3560 3108 commemoratione
3581 3093 3598 3120 ,
3633 3071 3825 3109 macu-

541 3145 678 3198 laret
715 3157 874 3216 atque
905 3148 1139 3214 inliceret
1164 3165 1182 3214 ,°
1209 3150 1409 3218 partim
1438 3149 1831 3202 mansuetudini
1857 3157 1903 3200 et
1935 3147 2166 3210 linitate,
2195 3163 2257 3198 ne
2284 3157 2331 3198 te
2355 3148 2595 3216 quamvis
2627 3148 3019 3200 atrocissimum
3043 3148 3266 3210 hostem,
3290 3144 3397 3200 Deo
3424 3147 3826 3220 hominibusque

543 3238 773 3290 invisum
807 3239 1070 3304 redderet,
1105 3249 1154 3292 et
1179 3240 1405 3293 salutem
1463 3257 1525 3294 ac
1554 3242 1720 3294 vitam
1749 3251 1895 3293 tuam
1917 3241 1971 3294 in
2000 3238 2494 3309 periculoﬁponeret.
2521 3239 2684 3294 Vides
2706 3255 2839 3310 ergo
2868 3238 3358 3310 prwstantissimos
3383 3254 3636 3309 quosque
3669 3241 3828 3296 illius

541 3331 720 3384 aetatis
747 3331 896 3386 viros
938 3334 1141 3390 acriter
1162 3333 1308 3387 dicta
1341 3333 1692 3403 Trapezuntii
1717 3333 2081 3396 examinasse,
2111 3333 2566 3403 reprobasseqae,
2600 3335 2748 3402 quod
2783 3349 2890 3387 nan
2912 3333 3034 3388 leve
3066 3343 3151 3389 est
3177 3336 3325 3392 illius
3355 3336 3625 3393 doctrinae
3649 3351 3826 3406 argu-

542 3436 788 3477 mentum
819 3439 833 3487 ;
868 3438 1064 3492 graves
1097 3424 1456 3496 nihilominus
1481 3424 1790 3478 Bcssarioni
1827 3440 1953 3478 cum
1991 3439 2058 3477 eu
2092 3423 2400 3478 inimicitia:
2425 3423 2606 3490 luere,
2648 3437 2703 3481 et
2727 3441 2936 3496 magna:
2962 3426 3039 3480 rei
3073 3426 3357 3482 litterariae
3389 3428 3824 3494 controversia,

537 3517 657 3588 lege
679 3520 1021 3576 Bessarionis
1049 3537 1168 3592 cap.
1207 3521 1263 3586 4,
1299 3495 1398 3574 lib.
1426 3535 1476 3573 νι
1502 3521 1556 3573 in
1583 3519 2058 3574 Calumniaterem
2096 3519 2361 3574 Platonis.

612 3612 752 3677 Quid
786 3625 968 3671 autem
1002 3617 1246 3688 Angelus
1278 3616 1586 3670 Politianus
1616 3615 1750 3669 olim
1799 3615 1866 3669 de
1896 3617 2144 3670 doctrina
2187 3617 2568 3681 aestiniaverit,
2600 3617 2933 3689 ingenioque
2971 3618 3194 3690 Georgii
3246 3618 3624 3691 Trapezuntii,
3683 3618 3815 3675 l'use

533 3707 838 3764 Miscellan.
863 3727 986 3781 cap.
1018 3713 1110 3775 90,
1141 3722 1372 3768 testatus
1399 3720 1521 3766 est;
1559 3709 1709 3764 Illud
1738 3712 1794 3763 in
1827 3710 2100 3764 Theodoro
2132 3711 2322 3764 mirari
2355 3711 2434 3764 me
2466 3714 2656 3781 fateor,
2707 3713 2832 3781 quid
2874 3717 2948 3766 ita
2992 3714 3260 3783 scripserit
3308 3714 3365 3767 in
3396 3712 3714 3784 prtefatione
3750 3711 3822 3766 li-

533 3806 750 3860 Jirarum
784 3807 859 3859 De
891 3807 1208 3860 animalibus
1244 3808 1563 3872 Aristotelis,
1597 3807 1784 3876 quibus
1810 3810 1925 3862 unis
1943 3808 2209 3878 praecipue
2230 3809 2650 3871 commendatur,
2678 3808 2927 3876 adjutum
2946 3823 3060 3863 sese
3080 3825 3111 3862 a
3141 3808 3313 3876 nullo,
3333 3824 3426 3862 nec
3454 3820 3659 3862 certare
3681 3811 3822 3865 adeo

533 3917 664 3953 cum
695 3901 900 3952 ccetcris
941 3899 1343 3967 interpretibus,
1382 3915 1536 3968 quos,
1569 3900 1765 3968 inquit,
1793 3900 1998 3951 vincere
2037 3897 2244 3951 nullum
2277 3900 2541 3967 negotium
2566 3907 2662 3961 est,
2689 3914 2807 3950 cum
2832 3897 2987 3952 libros
3012 3905 3237 3964 eosdem,
3269 3901 3347 3953 sic
3383 3899 3632 3973 Georgius
3685 3902 3826 3956 Tra-

533 3993 815 4058 pezuntius
847 4000 972 4044 ante
1001 3991 1176 4059 ipsum
1209 3988 1470 4042 luculente
1501 3991 1735 4051 verterit,
1777 3997 1832 4039 ut
1861 3987 1940 4040 vel
1971 3988 2210 4048 redditis,
2239 4003 2358 4054 quia
2414 3988 2556 4058 apud
2586 3997 2781 4041 veteres
2819 3991 3114 4052 invenerat,
3137 3989 3218 4042 vel
3261 4003 3357 4060 per
3384 4007 3439 4044 se
3471 3993 3644 4046 denuo
3672 3992 3821 4062 ﬁctis

528 4087 955 4156 excoyitatisque
977 4085 1263 4149 vocabulis,
1291 4082 1541 4136 Latinam
1574 4098 1790 4152 prorsus
1817 4082 2054 4136 indolem
2087 4083 2464 4150 referentibus,
2500 4084 2623 4136 vitio
2657 4084 2857 4152 factum
2887 4092 3088 4151 nostro,
3117 4086 3343 4153 primus,
3398 4087 3610 4156 opinor,
3634 4088 3824 4156 junio-

539 4194 661 4232 rum
691 4179 949 4243 docuerit,
983 4194 1078 4231 cur
1107 4179 1208 4248 ipsi
1233 4178 1403 4229 minus
1439 4175 1654 4242 multas,
1686 4192 1848 4247 quam
1900 4178 2094 4240 Graeci,
2125 4192 2301 4231 rerum
2332 4175 2716 4246 appellationes
2745 4177 3058 4232 habeamus.
3103 4176 3214 4230 llos
3251 4178 3414 4248 igitur
3438 4179 3486 4232 si
3507 4180 3622 4248 quis
3653 4178 3822 4236 libros

524 4275 821 4343 .diligenter
851 4272 1056 4343 legerit,
1101 4275 1273 4327 minus
1301 4273 1538 4342 profecto
1567 4271 1772 4327 Gazam
1823 4271 2087 4336 laudabit,
2142 4287 2274 4342 pene
2303 4270 2452 4326 illius
2481 4274 2715 4343 vestigiis
2739 4274 3085 4341 insistentem,
3113 4276 3242 4343 quin
3276 4275 3322 4329 si
3349 4275 3504 4329 homo
3534 4277 3638 4329 erit
3668 4277 3823 4348 inge-

527 4385 701 4433 -nuus,
730 4370 910 4434 credo,
941 4371 1361 4428 stomachabitur
1385 4372 1461 4424 sic
1492 4387 1524 4424 a
1565 4369 1830 4424 Theodoro
1853 4370 2272 4435 dissimulatum,
2313 4388 2405 4442 per
2441 4388 2595 4442 quem
2630 4373 2861 4426 maxime
2901 4371 3228 4441 profecerat,
3269 4373 3346 4428 sic
3386 4372 3628 4427 habitum
3680 4391 3820 4445 pene

524 4466 866 4534 -contemptui
925 4465 1276 4534 ludibrioque,
1315 4467 1467 4532 cuius
1499 4464 1829 4534 potissimum
1857 4463 2122 4520 laboribus
2148 4467 2528 4530 insidiabatur,
2566 4467 2714 4520 nobis
2739 4481 2856 4519 vero
2877 4467 3040 4520 etiam
3074 4466 3298 4535 fortasse
3326 4465 3530 4522 habebit
3555 4469 3821 4538 gratiam,

525 4561 686 4628 .quod
718 4562 822 4614 ista
878 4561 1096 4612 reddere
1130 4563 1237 4613 suis
1272 4560 1685 4614 auctoritatibus
1715 4560 2119 4614 contendamus.
2150 4558 2290 4614 Nam
2318 4573 2579 4630 quantum
2605 4561 2708 4614 sibi
2747 4561 3006 4630 Georgius
3035 4561 3090 4616 in
3119 4577 3178 4614 eo
3207 4561 3472 4630 placuerit
3495 4577 3673 4630 opere,
3734 4565 3824 4617 vel

535 4649 637 4704 illa
663 4653 726 4704 de
755 4649 1081 4721 Pra'fatione
1147 4653 1302 4706 verba
1367 4652 1699 4722 significant,
1728 4652 1914 4722 quibus
1941 4668 2053 4706 sese
2090 4652 2250 4706 libros
2284 4669 2370 4707 eos
2407 4651 2635 4718 Latinis,
2666 4653 2766 4716 ait,
2811 4670 2916 4710 non
2955 4655 3128 4713 minus
3175 4653 3440 4728 elegantes
3477 4659 3822 4719 emendatos-

541 4756 644 4806 que
675 4742 824 4806 dare,
849 4742 1178 4812 quamapud
1210 4741 1417 4798 Grazcos
1448 4744 1765 4799 habeantur.
1797 4743 1900 4800 Sed
1933 4755 1981 4796 et
2004 4746 2098 4799 hoc.
2141 4748 2210 4796 ad
2233 4759 2288 4797 se
2315 4745 2525 4796 trahere
2553 4741 2848 4802 Theodorus
2875 4754 3123 4810 conatur,
3157 4753 3214 4797 ut
3244 4747 3391 4810 item,
3424 4763 3542 4816 quin
3572 4747 3637 4802 de
3667 4763 3823 4800 men-

539 4833 681 4883 sibus
706 4829 884 4884 Urwce
945 4832 1200 4900 prodidit,
1231 4847 1294 4884 ex
1323 4833 1479 4896 huius
1507 4833 1862 4901 potissimum,
1891 4835 1955 4888 de
1986 4851 2093 4904 qua
2119 4832 2408 4901 loquimur,
2436 4834 2890 4904 interpretationis
2918 4838 3170 4905 procemia
3190 4835 3555 4907 subleguntur.
3581 4839 3649 4893 At
3672 4841 3818 4893 enim

537 4927 716 4996 fuere,
736 4927 868 4982 sicut
901 4935 1145 4994 apparet,
1179 4927 1530 4982 acerbissima:
1556 4930 1696 4983 inter
1716 4931 1808 4984 hos
1841 4931 2048 4989 Gnaeos
2076 4930 2390 4992 inimicitiw,
2417 4940 2554 4985 sicut
2590 4932 2645 4984 in
2667 4930 3023 5002 grammatico
3055 4950 3262 5003 quoque
3283 4951 3378 4988 suo
3408 4935 3814 4998 Commentario

541 5022 845 5076 Theodorus
879 5018 1162 5089 Georgium
1181 5033 1332 5074 vocat
1365 5023 1502 5075 hunc
1538 5025 1925 5088 l'ornoboscon,
1951 5025 2092 5095 quod
2125 5024 2352 5077 alentem
2379 5035 2616 5079 scortum
2646 5031 2762 5096 sign
2788 5028 2934 5096 ﬁcut,
2959 5028 3222 5092 alludens,
3251 5029 3504 5096 arbitror,
3537 5031 3608 5083 ad
3645 5028 3818 5084 Geor-

534 5123 690 5190 gium
721 5127 943 5173 veterem
986 5116 1434 5186 Grammaticum,
1467 5122 1550 5174 cui
1569 5133 1971 5192 cognomentum
2003 5120 2178 5175 (ἐγακί
2211 5121 2588 5176 Cliceroboscon
2621 5124 2822 5176 dixere.
2858 5123 3064 5182 Cir-tera
3098 5139 3279 5193 porro,
3336 5139 3455 5194 qua:
3515 5123 3819 5179 Theodorus

537 5215 625 5270 hic
658 5213 840 5274 edidit.
872 5214 957 5268 ubi
984 5214 1134 5268 modo
1166 5231 1268 5268 non
1308 5217 1720 5284 repetundarum
1743 5216 1816 5268 sit
1844 5218 2193 5281 accusandus,
2223 5217 2357 5268 sicut
2415 5215 2712 5268 eruditione
2744 5215 3127 5286 diligentiaque
3161 5233 3266 5272 non
3329 5227 3534 5284 carent,
3595 5219 3692 5282 ita,
3753 5226 3811 5270 ut

543 5307 671 5361 mihi
700 5309 912 5374 quidem
945 5309 1174 5367 videtur.
1210 5308 1278 5361 ad
1306 5324 1526 5362 examen
1550 5309 1817 5379 quoddam
1857 5312 2092 5363 strictius
2140 5311 2502 5379 curiosiusque
2534 5309 2852 5364 revocanda.
2895 5309 3002 5364 Nos
3033 5311 3128 5363 hoc
3161 5310 3270 5364 loco
3291 5327 3384 5365 nec
3405 5311 3682 5365 doctorum
3738 5313 3819 5362 ni-

535 5397 660 5450 tida
691 5399 905 5452 nomina
955 5405 1216 5454 leniamus
1265 5398 1408 5468 apud
1453 5400 1816 5468 imperitorum
1867 5400 2177 5455 decolorare
2233 5403 2478 5473 judicia,
2533 5416 2625 5455 nec
2681 5409 2856 5453 tamen
2903 5402 3266 5468 dissimulare,
3306 5409 3445 5472 quod
3492 5407 3550 5456 in
3609 5416 3817 5470 quoque

533 5490 918 5556 desideremus,
985 5502 1079 5550 aut
1133 5494 1514 5549 inhonoratum
1576 5497 1809 5550 transire
1873 5496 2150 5563 volumus,
2219 5501 2304 5551 cui
2366 5503 2556 5552 veritas
2608 5497 2992 5566 patrocinetur.
3055 5497 3121 5552 Ut
3184 5510 3364 5553 autem
3445 5499 3638 5575 habire
3706 5507 3816 5569 sty-

539 5584 677 5646 lum,
706 5587 1104 5654 quummaxime
1135 5587 1450 5658 ingenuum,
1478 5597 1837 5659 paratumque
1865 5588 2129 5655 volumus,
2161 5591 2238 5644 ita
2263 5608 2423 5659 quam
2456 5592 2672 5644 minime
2693 5593 3107 5654 accusatoriam,
3141 5608 3303 5658 quam
3329 5590 3818 5646 minimolicentioa

539 5695 684 5742 sunt,
712 5692 759 5736 et
786 5686 1022 5738 noxium.
1055 5683 1162 5739 Nec
1201 5688 1334 5739 enim
1366 5697 1477 5740 tam
1518 5672 1797 5757 vafritiam
1826 5691 2165 5757 proﬁtemur,
2197 5705 2359 5752 quam
2391 5691 2690 5743 exhibemus
2715 5689 3057 5740 industriam.
3095 5689 3321 5744 Vossius
3350 5702 3528 5744 tamen
3573 5687 3817 5744 lnstitut.

544 5782 744 5825 orator.
776 5775 869 5831 lili.
905 5792 978 5836 iv,
1014 5793 1137 5846 cap.
1173 5777 1226 5840 5,
1263 5779 1729 5846 quemadmodum
1788 5791 1845 5834 ct
1869 5781 2123 5836 Bessario
2153 5781 2592 5850 Trapezuntinm
2631 5779 2787 5834 Gaza:
2822 5782 3122 5850 postponit.
3168 5782 3406 5848 Minime,
3461 5786 3657 5853 inquit,
3700 5803 3822 5852 pro-

544 5863 679 5924 l'eco
708 5868 932 5931 conferri
967 5871 1152 5921 meruit
1184 5885 1301 5923 cum
1340 5872 1603 5926 Theodoro
1649 5872 1819 5938 Gaza,
1859 5878 1942 5928 cui
1986 5891 2103 5928 eum
2171 5874 2524 5942 tequiparavit
2564 5873 2790 5942 Angelus
2828 5872 3146 5928 Politianus.
3184 5874 3375 5946 Itaque
3395 5877 3520 5944 jure
3554 5878 3821 5947 politissi-
