4136 6436
363 394 464 454 765
1348 400 1355 407 '
1807 388 2142 451 NOTlTiA.
3508 401 3538 461 7
3576 403 3608 462 6

363 507 430 556 nti
456 502 655 572 ingenii
689 499 859 554 cirum
891 498 985 586 hoc
1013 500 1222 552 nomine
1242 498 1568 566 reprehendit
1603 498 1931 554 Parrhasius
1957 500 2012 551 in
2041 498 2295 568 epistolis.
2320 497 2498 570 Neque
2529 505 2709 573 ignoro
2739 504 3146 576 Trapezuntiunt
3176 525 3378 566 errares
3405 512 3606 584 aliquot

357 601 665 652 observasse
697 596 749 647 in
783 592 1228 647 translationibus
1259 592 1438 658 Gazae,
1476 610 1604 662 quos
1631 595 1712 648 hic
1746 595 1973 648 monitus
1995 594 2298 660 correxerit,
2323 604 2378 647 ut
2423 605 2471 648 et
2507 599 2768 650 memoriw
2791 600 3016 666 prodidit
3056 600 3313 658 Erasmus
3345 604 3615 676 .Catalogo

361 691 839 746 Lucubrationum
868 690 1122 741 suarum.
1162 686 1353 740 Verum
1381 696 1427 739 et
1456 687 1586 741 illud
1616 691 1721 742 scio
1759 688 1908 754 longe
1935 685 2089 757 plura
2120 704 2230 741 esse
2257 689 2311 741 in
2344 689 2710 758 Trapezuntio,
2762 709 2877 762 φατε
2903 694 3045 750 Gaza
3074 699 3300 764 potuerit
3364 699 3612 768 culpare.

363 783 512 837 Nam
543 793 591 836 et
623 783 675 835 in
699 798 758 835 eo
789 782 1095 836 desiderare
1130 781 1295 850 potuit
1325 779 1449 846 ﬁdei
1477 779 1592 849 plus
1626 781 1677 832 in
1711 780 2102 847 transferendis
2136 797 2161 832 e
2185 781 2364 837 Gra'co
2391 785 2714 849 auctoribus,
2757 797 2806 838 et
2846 805 3104 860 majorem
3150 789 3343 860 lingua:
3399 792 3611 846 Latina!"

359 877 631 945 peritiam.
660 876 726 930 Et
752 875 850 928 lib.
876 890 911 926 ll
945 872 1021 925 De
1041 870 1250 924 Hister.
1289 870 1412 924 Lat.
1444 887 1566 942 Cap.
1593 872 1658 926 8:
1695 870 1898 924 Filium
1933 872 2140 941 reliquit
2173 874 2435 927 Andream
2461 875 2893 946 Trapezuntium,
2918 883 3008 950 qui
3050 885 3218 950 patris
3247 883 3603 942 defensionem

356 971 570 1039 scripsit
601 970 850 1022 adversus
883 965 1214 1019 Theodorum
1252 961 1490 1025 Gazam;
1524 980 1585 1016 ac
1611 963 1978 1033 pra’fationent
2010 963 2079 1014 ad
2122 962 2331 1017 Sixtum
2363 967 2668 1034 pontiﬁcem
2697 972 2953 1037 prtemisit
2985 972 3329 1028 translationi
3357 981 3598 1045 paterna:

360 1060 675 1114 Ptolemaici
705 1059 878 1127 operis
908 1055 982 1109 De
1007 1071 1197 1125 magna
1217 1054 1616 1106 constructione.
1654 1054 1877 1106 Andrea:
1898 1052 2013 1120 [ilia
2042 1055 2219 1122 nupsit
2253 1052 2458 1108 Fausto
2489 1056 2820 1126 Magdalenen
2844 1061 3081 1115 Romano
3111 1072 3299 1132 poetw.
3327 1067 3414 1135 qui
3441 1065 3602 1120 Leoni

358 1163 639 1224 pergratus
674 1158 810 1214 erat,
839 1157 995 1218 atque
1020 1161 1160 1199 anno
1206 1144 1340 1198 1527
1376 1143 1546 1198 Roma
1587 1145 1651 1198 ab
1683 1146 1913 1197 exercitu
1940 1143 2123 1198 Caroli
2166 1143 2224 1210 V,
2258 1156 2435 1216 capta,
2477 1165 2539 1203 ac
2573 1151 2771 1212 diruta,
2795 1150 2945 1206 Iovio
2973 1163 3098 1206 teste
3118 1157 3296 1224 periit.
3328 1158 3446 1212 Non
3477 1176 3598 1214 sum

361 1257 554 1304 tamen
581 1262 610 1300 a
641 1245 820 1300 Vossii
845 1241 1142 1303 sententia,
1165 1239 1256 1308 qui
1287 1238 1492 1292 ibidem
1518 1239 1876 1291 secretarium
1904 1238 2265 1305 pontificium,
2293 1239 2539 1294 maximae
2589 1243 3016 1299 existimationis
3051 1261 3114 1300 ac
3143 1247 3426 1315 dignitatis
3460 1251 3602 1306 inter

355 1340 768 1394 ecclesiasticos
796 1338 999 1402 virum,
1027 1352 1154 1392 cum
1180 1333 1360 1388 scriba
1411 1345 1507 1384 seu
1537 1329 1886 1391 amanuensi,
1912 1328 2096 1382 servili
2127 1331 2419 1400 mancipio,
2456 1343 2514 1386 ut
2543 1334 2615 1388 ita
2643 1335 2842 1400 dicam,
2869 1336 3175 1393 confundit.
3199 1337 3331 1404 Quis
3360 1340 3599 1406 tandem,

360 1441 422 1488 ut
457 1431 512 1486 id
538 1447 757 1500 quoque
786 1431 967 1486 obiter
993 1429 1337 1487 admt‘meam,
1375 1423 1501 1478 sine
1562 1420 1847 1476 stomacho
1882 1420 2023 1490 leget
2048 1419 2312 1475 Thomam
2344 1424 2561 1478 nivium
2603 1426 2657 1479 in
2691 1426 2984 1482 Iustiniani
3060 1429 3378 1486 defensione
3409 1443 3599 1489 contra

357 1531 749 1597 Alemannum,
782 1529 874 1598 qui
906 1528 1181 1582 Vaticana:
1210 1521 1560 1578 bibliotheca:
1587 1516 1895 1580 custodem,
1927 1531 2127 1572 munus
2161 1527 2218 1570 et
2249 1519 2514 1588 dignitate
2557 1537 2677 1581 sua.
2712 1533 2769 1576 et
2826 1523 3117 1577 custodum
3169 1524 3395 1590 virtute,
3437 1536 3603 1596 atque

359 1626 618 1681 doctrina
651 1624 1049 1694 amplissimum
1085 1617 1628 1696 pulcherrimumque
1687 1609 1921 1680 maligne
1975 1611 2294 1676 admodum,
2327 1614 2392 1667 de
2419 1613 2813 1684 pulverizandis
2853 1617 3187 1672 Bibliotheca:
3233 1618 3500 1674 Vaticana:
3534 1621 3600 1672 li~

363 1721 474 1774 ltris
503 1734 717 1789 cperant
749 1733 945 1772 navare
975 1713 1209 1772 scribit?

364 1935 3366 1959 ———————-—-————-——._————_————-_

1455 2173 1964 2270 NOTITIA
2035 2174 2531 2264 ALTERA.

578 2403 779 2468 (Christ.
812 2401 944 2452 Frid.
973 2400 1274 2462 Boeruerus,
1303 2399 1368 2450 De
1389 2394 1548 2450 doctis
1573 2393 1844 2452 hominibus
1871 2392 2053 2444 armis
2089 2391 2362 2448 litterarum
2384 2396 2664 2450 Graecarum
2690 2397 2738 2444 tu
2766 2393 2790 2442 Ι
2796 2390 2914 2446 talia
2937 2389 3387 2456 instaurator-ibus.)

431 2797 724 2870 Georgius,
747 2811 778 2854 a
798 2794 1144 2863 Trapezunte
1166 2787 1456 2850 oriundus.
1485 2795 1646 2844 natus
1692 2797 1775 2842 est
1814 2785 1867 2839 in
1921 2784 2080 2840 Creta
2122 2798 2268 2836 anno
2294 2782 2476 2836 δίκαιιί
2510 2782 2691 2851 quarti
2722 2780 2934 2835 decimo
2965 2791 3116 2837 sexto
3144 2791 3197 2845 et
3229 2785 3608 2856 nonagesimo.

358 2894 576 2951 Relicta
610 2889 808 2960 patria,
834 2887 888 2942 in
918 2886 1133 2944 Italiam
1161 2884 1312 2940 venit
1345 2898 1416 2940 eo
1444 2881 1668 2936 circiter
1702 2889 1971 2944 tempore,
2002 2892 2112 2945 quo
2142 2877 2414 2946 Eugenios
2452 2877 2518 2932 IV
2557 2877 2751 2934 inierat
2785 2876 3182 2946 pontificatum.
3230 2878 3362 2933 Nam
3395 2879 3619 2951 aliquot.

357 2991 438 3056 ibi
467 3003 592 3044 cum
617 2988 729 3058 jam
759 2992 1004 3038 moratus
1029 2988 1176 3035 esset
1207 2992 1402 3041 annos,
1432 2976 1497 3031 ad
1527 2977 1794 3032 Joannem
1824 2973 2208 3042 Palmologutn.
2257 2972 2642 3040 imperatorem
2668 2973 3328 3043 Constantinopolitanum
3372 2977 3439 3031 de
3478 2993 3607 3047 pro.

360 3087 610 3142 lectione
638 3082 704 3138 ad
738 3078 1031 3136 concilium
1065 3074 1435 3135 Ferraricnse,
1466 3080 1651 3140 spreto
1674 3068 1990 3132 Basileensi,
2021 3065 2386 3135 suscipienda,
2419 3065 2630 3120 litteras
2661 3066 2833 3122 dedit.

433 3179 656 3248 Lingua:
710 3173 917 3228 Latinae
978 3171 1237 3241 magistro
1298 3181 1430 3222 usus
1484 3165 1767 3218 Victorino
1819 3159 2112 3225 Feltrensi,
2180 3159 2400 3215 scholas
2447 3160 2824 3248 compluribus
2879 3161 3022 3218 locis
3074 3162 3289 3231 aperuit
3345 3163 3564 3233 quidem
3590 3204 3620 3230 ,.

291 3277 295 3280 ·
361 3247 633 3336 nusquam
665 3261 914 3330 gentium
944 3265 1126 3318 autem
1154 3254 1365 3308 ﬁrmam
1397 3264 1462 3304 ac
1494 3249 1743 3304 stabilem
1776 3249 2112 3302 fortunarum
2159 3256 2351 3336 nactus
2381 3257 2466 3302 est
2505 3247 2711 3304 sedem.
2744 3247 2986 3304 Venetiis
3011 3251 3246 3318 primum
3269 3292 3284 3317 ,
3321 3253 3608 3309 conatibus

363 3335 541 3422 ipsius
593 3349 810 3402 favente
868 3342 1068 3401 illustri
1115 3350 1369 3396 senatore
1421 3336 1712 3392 Francisco
1777 3336 2038 3401 Barbare,
2107 3351 2244 3405 quas
2301 3335 2624 3392 Franciscus
2672 3336 2991 3408 Philelphus
3048 3355 3110 3394 ea
3172 3339 3226 3394 in
3269 3343 3407 3396 urbe
3447 3343 3611 3412 paulo

361 3457 492 3508 ante
528 3447 816 3508 docuerat,
838 3443 1054 3498 litteras
1089 3437 1372 3510 professus
1399 3443 1482 3488 est
1512 3433 1746 3489 Grmcas.

435 3535 555 3604 Quo
606 3531 788 3589 otIicio
835 3545 960 3584 cum
1009 3527 1216 3596 aliquot
1253 3523 1474 3578 functus
1516 3527 1664 3576 esset
1729 3532 1924 3580 annos,
1984 3516 2220 3571 Venetiis
2278 3516 2505 3572 Romam
2565 3515 2913 3604 demigravit,
2972 3517 3184 3587 ibique,
3257 3519 3488 3589 Eugenii
3538 3520 3604 3574 IV

366 3631 431 3684 R.
460 3603 524 3681 Pa.
550 3625 830 3698 auspiciis,
869 3622 1134 3677 doctrinae
1167 3609 1279 3674 sua:
1301 3617 1512 3686 copiam
1543 3613 1667 3670 fecit
1699 3613 1838 3678 aliis,
1865 3611 2127 3666 tradendo
2159 3622 2329 3665 artem
2365 3611 2581 3666 dicendi
2611 3621 2665 3666 et
2684 3603 3101 3683 philosophandi
3130 3615 3411 3669 scientiam
3442 3616 3608 3688 idque

365 3735 476 3782 tam
511 3721 656 3778 felici
688 3720 891 3774 laboris
919 3731 1176 3774 successu
1221 3724 1279 3768 ut
1308 3711 1609 3783 permultos
1638 3709 1866 3764 haberet
1896 3707 2176 3766 auditores
2197 3747 2212 3774 ,
2258 3719 2310 3762 rt
2341 3724 2407 3762 ex
2436 3709 2554 3779 ejus
2601 3708 2889 3774 disciplina
2932 3709 3032 3762 viri
3074 3709 3375 3766 doctissimi
3424 3715 3608 3783 prodi-

364 3827 511 3871 rent.
568 3817 676 3870 llos
730 3812 950 3882 Georgii
1010 3820 1241 3866 conatus
1280 3809 1372 3877 qui
1435 3806 1502 3861 ad
1555 3806 1771 3875 ingenia
1822 3803 2088 3858 doctrinis
2147 3803 2448 3864 excolenda
2504 3805 2908 3874 referebantur,
2944 3806 3170 3879 Eugenii
3218 3822 3342 3880 post
3395 3812 3604 3870 obitu'u

359 3912 616 3968 Nicalaus
647 3911 686 3965 ν
730 3908 968 3980 pontifex
995 3906 1254 3961 sull‘ectus
1277 3941 1292 3968 ,
1329 3902 1600 3972 stipendio
1633 3901 1936 3956 liberaliter
1963 3898 2262 3954 constituto
2286 3940 2302 3964 ,
2342 3899 2509 3970 juvit,
2540 3909 2590 3954 et
2639 3901 2817 3969 ipsum
2847 3896 3108 3973 dignitate
3137 3917 3356 3963 auctum
3387 3909 3454 3962 ab
3487 3907 3604 3978 epi-

353 3999 518 4053 stolis
547 4012 668 4058 esse
721 3997 930 4059 voluit;
971 4004 1083 4046 tum
1152 4006 1281 4043 vero
1319 3991 1368 4044 id
1409 3987 1688 4059 negotium
1731 3988 1782 4041 ei
1843 3987 1993 4040 dedit
2051 3994 2110 4039 ut
2167 3987 2641 4058 prastantissimos
2686 3987 2857 4056 libros
2897 3990 3112 4046 Griecos
3153 3993 3345 4049 Latina
3383 3995 3605 4052 civitate

354 4087 611 4139 donaret.
646 4084 775 4149 Quae
801 4094 981 4136 tamen
1003 4078 1218 4147 Georgii
1247 4077 1465 4130 fortuna
1507 4090 1700 4144 parum
1741 4075 1842 4128 sibi
1874 4073 2139 4138 constitit,
2167 4084 2222 4127 et
2249 4073 2426 4128 subita
2457 4090 2641 4128 rerum
2682 4080 3040 4134 conversione
3063 4081 3283 4146 defecit,
3315 4083 3523 4138 oll‘ensa
3551 4086 3604 4140 in

353 4187 486 4225 eum
516 4187 625 4224 non
657 4173 727 4225 ita
754 4171 923 4223 multo
961 4174 1081 4236 post
1101 4165 1372 4234 pontificis
1407 4162 1710 4216 voluntate.
1743 4161 1897 4227 Quod
1937 4162 1980 4215 si
2010 4162 2182 4230 ipsius
2242 4164 2552 4216 testimonio
2613 4163 2866 4218 standum
2933 4165 3096 4233 foret,
3134 4171 3404 4238 pontificis
3465 4173 3601 4226 iram

351 4260 412 4311 in
449 4273 509 4312 se
543 4258 858 4320 concitavit,
888 4264 944 4311 et
1002 4253 1227 4323 gratiam
1255 4266 1417 4320 quam
1457 4250 1599 4318 apud
1647 4264 1770 4302 eum
1813 4249 2010 4302 inierat
2052 4248 2247 4302 etfudit
2298 4263 2517 4302 onmem
2572 4264 2638 4304 eo
2686 4251 2832 4320 quod
2874 4253 3151 4309 confectas
3204 4272 3235 4310 a
3285 4272 3342 4312 se
3382 4258 3602 4314 Patrum

351 4353 720 4422 quorumdam
773 4362 828 4408 et
880 4355 1332 4426 philoscmhorum
1393 4355 1709 4410 Grtecorum
1761 4353 2248 4420 interpretationes
2292 4352 2511 4407 Latinas
2543 4353 2610 4408 ad
2663 4354 2801 4409 alios
2836 4356 3101 4425 quosdam
3140 4359 3330 4414 referri
3365 4361 3607 4414 noluerit

348 4460 631 4506 auctores.
664 4453 732 4504 At
756 4451 1039 4507 enimvero
1094 4453 1246 4506 nullo
1279 4450 1542 4506 credibile
1575 4460 1660 4505 est
1697 4450 1882 4512 modo,
1921 4451 2025 4504 tale
2055 4448 2186 4520 quid
2226 4449 2533 4520 postulasse
2567 4449 2918 4519 pontificem;
2959 4453 3089 4521 quin
3124 4455 3306 4523 potius
3335 4455 3611 4522 pontifex,

352 4545 448 4599 ubi
484 4543 911 4614 Trapezuntium
961 4545 1146 4600 minus
1179 4544 1370 4599 dextre
1407 4544 1578 4599 libros
1614 4543 1737 4598 illos
1769 4543 1990 4597 Gra'cos
2037 4541 2228 4597 Latine
2268 4543 2630 4607 convertisse,
2663 4550 2728 4596 ex
2767 4543 2978 4598 idoneis
3007 4545 3275 4612 comperit
3319 4547 3600 4601 existima-

351 4640 623 4705 tionibus,
681 4642 1119 4712 arrogantiasque
1185 4647 1241 4695 et
1315 4640 1506 4696 livoris
1561 4639 1780 4709 plenum
1837 4638 2013 4714 ipsius
2071 4638 2352 4709 ingenium
2407 4638 2685 4708 cognovit,
2738 4637 2922 4692 odium
2973 4639 3026 4693 in
3093 4654 3220 4693 eum
3281 4641 3614 4710 concepisse

346 4734 590 4789 videtur.

417 4824 667 4882 Emulos
695 4826 1150 4899 adversariosque
1180 4829 1492 4900 complures
1522 4827 1790 4896 Georgius
1820 4826 2009 4882 habuit
2045 4827 2250 4889 Romte,
2286 4840 2387 4880 nec
2411 4841 2536 4880 cum
2561 4825 2853 4881 Theodoro
2873 4827 3016 4881 Gaza
3039 4828 3240 4893 solum,
3279 4829 3372 4899 qui
3409 4830 3608 4886 huma-

345 4925 523 4979 nitate
553 4924 912 4993 doctrinaque
943 4925 1120 4994 ipsum
1148 4923 1464 4994 praestabat,
1502 4922 1557 4976 in
1585 4922 1864 4977 simultate
1906 4923 2030 4990 fuit,
2062 4923 2159 4977 sed
2195 4937 2322 4976 cum
2371 4920 2671 4976 Laurentio
2729 4921 2878 4976 Valla
2925 4924 3506 4994 etiam,‘posteaquam
3559 4930 3607 4984 is

344 5015 676 5084 Quintiliani
704 5016 1442 5090 susceperatdefensionem,
1472 5031 1540 5070 eo
1567 5015 1788 5069 nomine
1819 5016 2122 5070 contendit.
2156 5014 2451 5084 Aliquanto
2482 5024 2608 5068 ante
2651 5030 2814 5083 quam
2848 5015 2992 5071 Urbe
3029 5015 3267 5082 cederet,
3302 5019 3356 5072 in
3389 5019 3611 5072 theatro

344 5111 619 5180 Pompeii,
657 5125 782 5164 cum
807 5111 1000 5165 tabulae
1035 5109 1327 5180 poutilicia'.
1361 5119 1787 5165 recenserentur
1807 5119 1865 5163 et
1891 5111 2086 5165 scribae
2120 5109 2258 5163 adeo
2299 5108 2576 5179 pontificis
2605 5125 2798 5164 omnes
2833 5112 3114 5176 adessent,
3147 5111 3262 5182 ipse
3285 5122 3340 5167 et
3368 5115 3607 5185 Poggius

346 5205 702 5260 Florentinus
727 5203 982 5257 illiberali
1011 5203 1264 5271 exemplo
1305 5203 1448 5256 inter
1490 5218 1548 5256 se
1598 5203 1976 5256 decertarunt.
2013 5202 2152 5256 Cum
2189 5199 2424 5272 Poggius
2454 5202 2636 5256 verbis
2674 5203 2830 5257 valde
2870 5206 3281 5260 contumeliosis
3311 5206 3603 5261 lacesseret

343 5299 801 5368 Trapezuntium,
834 5298 925 5352 hic
949 5297 1277 5352 verberibus
1300 5297 1728 5352 conviciatorem
1765 5299 2132 5352 coercendum
2165 5300 2396 5366 putavit,
2433 5297 2703 5368 illumque
2727 5299 2958 5366 colapho
2987 5302 3153 5355 semel
3177 5312 3366 5370 atque
3399 5303 3602 5362 iterum

344 5395 648 5466 percussit.
699 5394 890 5447 Miram
947 5393 1244 5447 verborum
1287 5407 1410 5448 cum
1476 5393 1802 5448 verberibus
1862 5396 2349 5449 commutationem
2405 5402 2672 5450 memorat
2717 5393 2947 5460 Jovius,
2989 5396 3350 5467 eamdemque
3398 5399 3607 5469 Poggio

340 5488 643 5558 exprobrat
667 5487 828 5541 Laur.
851 5487 1024 5542 Valla.
1055 5487 1124 5540 At
1152 5487 1299 5540 enim
1331 5487 1565 5556 Poggius
1604 5486 2086 5554 exprobrationem
2117 5488 2258 5542 hanc
2292 5488 2347 5542 in
2402 5488 2640 5541 ludibria
2669 5488 2857 5550 vertit,
2909 5501 3085 5556 neque
3117 5490 3294 5542 solum
3326 5492 3602 5562 colaphis,

343 5581 443 5637 sed
475 5581 742 5646 calcibus,
779 5580 1039 5643 fustibus,
1075 5580 1243 5646 ferro,
1279 5595 1392 5634 rem
1435 5589 1608 5632 actam
1647 5579 1838 5645 fuisse,
1871 5588 2079 5645 narrat,
2120 5589 2176 5635 et
2207 5581 2436 5648 Vallam,
2467 5591 2722 5649 tauquam
2757 5579 3095 5649 manipulum
3123 5580 3307 5634 furum
3340 5597 3454 5650 quo
3476 5593 3596 5637 vut-

344 5688 476 5728 uera
502 5657 866 5741 abstérgeret,
899 5673 966 5726 ad
1005 5683 1282 5728 certamen
1318 5683 1424 5730 tam
1459 5683 1613 5726 atrox
1639 5688 1746 5727 non
1779 5671 2084 5727 accurrisse
2118 5672 2368 5734 miratur.

415 5764 572 5832 Saepe
600 5766 940 5834 multumque
981 5762 1381 5834 Trapezuntius
1418 5764 1603 5818 Romte
1632 5764 1685 5817 in
1722 5764 1933 5819 aedibus
1960 5763 2300 5820 Bessariouis
2335 5764 2676 5828 versabatur,
2720 5763 2853 5819 etin
2902 5764 3110 5820 circulo
3145 5765 3597 5822 doctissimorum
