4098 6420
520 430 624 499 787
1591 408 1599 416 ’
1694 422 2025 484 GEORGII
2069 417 2595 481 'IRAPEZUNTII
3669 423 3772 488 768

521 547 832 603 nummum,
865 528 976 592 tam
1007 535 1320 592 Grarcorum
1356 551 1516 606 quam
1540 533 1882 600 Latinorum,
1918 535 2008 603 qui
2050 532 2119 587 ad
2156 533 2298 587 hanc
2334 547 2612 587 musarum
2646 531 2829 587 sedem
2865 531 3061 603 quovis
3097 532 3184 588 die
3220 548 3438 604 semper
3472 537 3777 606 conspicie-

522 637 709 692 batur.
742 633 1127 689 Verumtamen
1182 630 1384 684 summi
1418 628 1544 694 viri,
1582 639 1637 682 et
1679 626 1995 701 communis
2023 623 2336 679 Grtecorum
2386 625 2639 679 exsulum
2683 625 2921 694 patroni,
2966 624 3210 678 animum
3237 625 3396 695 plane
3457 625 3624 683 rebus
3663 631 3779 684 suis

527 725 875 789 abalienavit,
905 739 1026 778 cum
1071 723 1271 777 librutn
1309 722 1574 776 edidisset
1611 721 1836 789 plenum
1885 717 2213 789 probrorum
2272 727 2436 786 atque
2491 718 2980 780 contumeliarum,
3036 717 3238 787 quibus
3286 718 3530 775 Platonis
3579 720 3782 775 famam

524 823 821 885 lacerabat,
857 831 934 886 ut,
964 820 1222 890 depressa
1257 819 1393 874 tanti
1433 817 1697 888 sapientis
1724 817 2081 880 auctoritate,
2113 814 2422 877 Aristoteli,
2447 814 2604 885 cujus
2629 828 2750 868 sese
2781 815 3047 868 asseclam
3076 813 3456 883 profitebatur,
3505 825 3781 872 assereret

530 915 920 989 principatum.
947 913 1082 968 Cum
1112 923 1294 968 autem
1325 912 1614 966 Bessarion
1656 910 2047 979 philosophum
2079 923 2243 977 quem
2277 909 2332 962 in
2365 907 2544 962 oculis
2576 907 2809 970 ferebat,
2840 907 3109 962 conviciis
3137 907 3281 962 illius
3303 907 3581 977 proscindi
3615 909 3785 964 intel-

524 1008 742 1079 ligeret,
793 1010 873 1064 rei
919 1017 1097 1062 motus
1143 1007 1504 1076 indignitate,
1532 1005 1701 1059 libros
1739 1003 1950 1072 aliquot
1987 1017 2086 1072 pro
2139 1001 2470 1056 vindicanda
2519 1001 2764 1056 Platonis
2788 1000 2964 1072 gloria
2992 1001 3262 1055 adversus
3316 1001 3775 1057 calumniatorem

532 1105 650 1174 ejus
680 1118 840 1172 quem
901 1100 1120 1154 vocavit
1174 1097 1631 1168 Trapezuntium,
1660 1095 1903 1164 scripsit.
1935 1094 2090 1160 Quos
2123 1094 2343 1163 quidem
2385 1093 2548 1163 plane
2588 1093 2838 1162 egregios
2877 1100 2934 1147 et
2969 1102 3028 1145 ut
3058 1093 3110 1146 in
3135 1099 3323 1146 nostra
3353 1092 3421 1146 de
3461 1091 3788 1148 Bessarione

532 1199 776 1253 diximus
827 1194 1318 1258 commentatione,
1371 1208 1587 1249 onmem
1638 1192 1883 1247 Platonis
1921 1191 2256 1254 doctrinam,
2296 1189 2491 1244 limato
2541 1186 2954 1244 commentandi
2999 1200 3223 1258 genere,
3284 1185 3604 1256 complexos
3659 1202 3788 1242 eum

536 1310 751 1356 omnes,
792 1293 996 1362 quibus
1045 1292 1162 1345 haec
1185 1291 1414 1345 florebat
1438 1302 1595 1353 aetas,
1625 1287 1830 1343 eruditi
1857 1287 2241 1342 collaudarent
2267 1284 2487 1350 eximie,
2512 1295 2568 1338 et
2599 1283 3081 1338 vehementissime
3112 1283 3564 1353 comprobarent,
3595 1297 3795 1353 graves

531 1383 934 1452 Trapezuntius
967 1381 1292 1436 temeritatis
1321 1396 1432 1435 suae
1466 1395 1656 1450 pmnas
1683 1379 1856 1445 dedit,
1887 1389 1943 1434 et
1979 1379 2211 1448 publicae
2241 1379 2461 1435 invidia:
2488 1379 2748 1436 incendio
2773 1380 3152 1450 conﬂagravit.

600 1479 886 1548 Georgius,
922 1487 1208 1548 postquam
1257 1477 1310 1530 in
1346 1477 1554 1538 odium,
1600 1477 1967 1531 offensionem
2005 1474 2280 1545 pontificis
2335 1476 2626 1542 inciderat,
2679 1477 2961 1546 Neapolim
3003 1491 3123 1533 sese
3167 1475 3426 1537 contulit.
3470 1474 3788 1544 perfugium

531 1571 810 1642 praebente
841 1571 1142 1640 Alphonso,
1174 1573 1512 1640 Arragouum
1545 1570 1966 1639 Siculorumque
1996 1583 2142 1638 rege,
2167 1569 2260 1637 qui
2283 1569 2546 1624 doctrina:
2568 1584 2731 1640 quam
2761 1574 3000 1630 amabat,
3024 1569 3207 1625 studio
3233 1567 3559 1622 conciliatus
3588 1568 3798 1626 exsuli.

531 1665 678 1734 ejus,
713 1663 767 1717 in
804 1663 962 1717 fidem
987 1661 1409 1730 clientelamque
1449 1661 1679 1732 recepti,
1717 1661 1956 1731 inopiam
1995 1662 2330 1732 perbenigne
2379 1661 2711 1725 sublevavit,
2770 1672 2828 1718 et
2873 1663 3106 1718 honesto
3152 1661 3456 1716 constituto
3507 1659 3792 1729 stipendio

530 1755 708 1825 ipsum
739 1765 794 1810 et
849 1755 1111 1810 familiam
1171 1770 1390 1808 onmem
1437 1755 1573 1808 aluit
1625 1769 1690 1808 ac
1741 1755 2093 1809 sustentavit.
2148 1752 2444 1809 Francisco
2483 1754 2771 1824 Philelpho
2815 1754 2958 1824 apud
2992 1753 3278 1810 Nicolaum
3306 1751 3626 1821 pontificem
3691 1765 3798 1820 pro

533 1853 657 1920 ipso
696 1849 1070 1906 intercedente
1093 1890 1109 1915 ,
1143 1849 1371 1902 Botnam
1403 1850 1530 1904 inde
1567 1847 1834 1902 redeundi
1866 1847 1917 1902 ei
1953 1847 2093 1902 facta
2121 1858 2204 1902 est
2240 1857 2499 1917 potestas.
3299 1906 3301 1908 ,

605 1943 766 1996 Anno
818 1945 1002 1998 saeculi
1034 1943 1210 2013 quinti
1242 1942 1437 1998 decimi
1485 1942 1680 2010 quinto
1710 1949 1767 1995 et
1814 1941 2180 2010 sexagesimo,
2214 1939 2619 2011 Trapezuntius
2650 1942 2706 1996 in
2731 1942 2966 2010 ,Cretam
3018 1940 3253 2010 indeque
3290 1937 3611 2010 Byzantium
3665 1936 3799 1993 navi

535 2034 815 2100 profectus
855 2045 942 2091 est
973 2046 1030 2090 et
1061 2037 1286 2107 trajecto
1327 2035 1460 2088 mari
1492 2033 1723 2087 Romam
1761 2043 2065 2110 revertens,
2097 2034 2214 2103 ejus
2247 2032 2457 2088 itineris
2484 2035 2696 2104 insigne
2736 2036 2921 2104 posuit
2951 2041 3387 2088 monumentum.
3429 2029 3626 2084 Paucis
3646 2029 3802 2082 enim

536 2131 818 2184 mensibus
852 2140 980 2186 ante
1017 2147 1190 2201 quam
1230 2131 1440 2185 Novam
1473 2129 1623 2182 illam
1666 2127 1892 2182 Romam
1935 2127 2119 2189 iniret,
2158 2143 2210 2180 tv
2238 2126 2508 2182 Kalendas
2531 2128 2723 2182 .lunias
2757 2129 2811 2181 in
2843 2127 2934 2181 illa
2975 2126 3111 2180 urbe
3140 2123 3360 2195 juvenis
3409 2123 3657 2192 quidam.
3708 2122 3804 2176 cui

533 2236 735 2278 nomen
771 2224 1004 2280 Andreae
1032 2234 1171 2291 erat,
1205 2225 1380 2294 patria
1414 2222 1615 2285 Chius,
1653 2220 2006 2276 acerbissimo
2038 2222 2316 2275 cruciatus
2348 2236 2545 2290 genere
2575 2221 2828 2284 aﬂ'cctns,
2863 2219 3188 2281 necabatur,
3220 2221 3364 2284 quod
3403 2232 3432 2269 a
3481 2214 3803 2270 Christiana

533 2319 803 2388 religione
831 2317 898 2372 ad
925 2316 1475 2371 Muhammedismum
1504 2314 1809 2370 desciscere
1837 2314 2025 2368 nollet.
2049 2311 2204 2378 Quod
2234 2313 2326 2366 ubi
2361 2313 2764 2382 Trapezuntius
2785 2329 2814 2367 a
2837 2313 3020 2367 nautis
3045 2311 3360 2382 Byzantinis
3391 2311 3620 2364 relatum
3647 2324 3809 2366 accc--

541 2415 737 2484 pissct,
766 2412 1053 2481 ipsumque
1085 2418 1272 2478 postea
1305 2408 1547 2461 hominis
1584 2405 1859 2460 interfecti
1887 2419 2088 2472 corpus
2125 2403 2400 2474 integrum
2425 2405 2607 2459 adhuc
2639 2413 2692 2460 et
2725 2405 3106 2474 incorruptum
3151 2403 3354 2458 Galatae
3387 2405 3800 2474 conspexisset,

532 2508 832 2570 cruciatus.
875 2523 1015 2577 quos
1066 2507 1180 2568 ille,
1231 2504 1369 2558 nihil
1403 2512 1608 2559 mutata
1655 2518 1781 2572 erga
1829 2501 2176 2557 Servatorem
2219 2502 2486 2570 optimum
2539 2503 2666 2566 fide,
2714 2516 3038 2571 summaque
3088 2501 3422 2566 constantia,
3475 2500 3806 2572 pertulerat,

531 2607 700 2658 redux
735 2604 928 2662 factus,
968 2601 1022 2654 in
1050 2609 1369 2669 perpetuam
1413 2598 1488 2652 rei
1523 2607 1688 2666 gesta:
1729 2595 2074 2660 memoriam,
2101 2594 2302 2650 litteris
2337 2595 2700 2666 consignavit.

601 2701 1015 2770 Ingravescente
1066 2706 1244 2761 actate,
1293 2695 1492 2750 accidit
1528 2694 1919 2762 Trapezuntio,
1981 2691 2129 2761 quod
2170 2692 2359 2747 multis
2401 2693 2721 2748 clarissimis
2758 2692 2910 2755 viris.
2945 2708 3010 2748 ex
3061 2693 3264 2763 priscis
3299 2691 3534 2748 maxime
3568 2691 3810 2758 Orbilio,
3873 2748 3884 2756 κ

530 2794 736 2852 celebri
771 2793 1126 2862 grammatico
1156 2790 1421 2854 Messalae,
1452 2805 1670 2844 summo
1699 2788 1903 2843 oratori
1935 2797 1993 2840 et
2030 2789 2485 2856 prtestantissimo
2510 2789 2586 2843 illi
2609 2791 2890 2860 sophistae,
2922 2789 3269 2862 Hermogeni,
3314 2797 3394 2854 ut,
3431 2789 3571 2844 facta
3598 2803 3814 2844 memo-

535 2891 632 2940 riui
662 2888 898 2958 jactura.
945 2887 1276 2946 litterarum,
1349 2883 1631 2953 ipsiusque
1695 2883 1934 2937 nominis
1989 2882 2073 2936 sui
2111 2883 2334 2951 penitus
2387 2883 2826 2938 oblivisceretur.
2865 2883 2981 2938 Etsi
3025 2884 3079 2958 i_n
3120 2894 3358 2939 mentem
3399 2882 3570 2946 venit,
3605 2884 3815 2938 subve-

533 2969 686 3045 reri,
707 2995 774 3034 ne
802 2978 947 3048 quod
976 2977 1134 3032 Gaza:
1161 2975 1386 3032 evenire
1412 2973 1809 3042 comperimus,
1839 2973 1976 3027 vitio
2008 2972 2313 3034 memoriae,
2333 2971 2570 3043 Georgio
2598 2974 2907 3041 tribuatur;
2932 2952 3063 3028 sun't
3091 2985 3295 3036 tamen.
3322 2975 3415 3044 qui
3439 2975 3813 3043 contendunt,

532 3086 717 3129 senem
753 3081 1022 3133 nostrum,
1056 3085 1181 3123 eum
1238 3083 1335 3137 pro
1376 3066 1580 3134 ingenii
1615 3081 1715 3134 suo
1757 3063 2132 3127 monimentis,
2173 3077 2272 3132 spe
2315 3063 2557 3134 ingentis
2614 3067 2848 3136 praemii,
2889 3082 3106 3122 summo
3145 3067 3391 3137 pontifici
3442 3071 3813 3140 nuncupatis,

535 3168 604 3220 ab
640 3163 741 3217 hoc
772 3164 919 3218 solos
947 3171 1172 3216 centum
1223 3175 1478 3215 nummos
1511 3173 1714 3212 aureos
1756 3159 2082 3226 accepisset,
2112 3156 2328 3226 ingrato
2357 3157 2516 3212 istius
2559 3161 2743 3214 animo
2769 3159 3064 3228 oﬂ‘ensum,
3117 3162 3265 3219 illico
3297 3177 3491 3217 aurum
3531 3178 3599 3223 ex
3631 3173 3811 3233 ponte

534 3261 678 3317 ᾸΕΙίο
712 3263 764 3316 in
797 3260 1043 3316 Tiberim
1074 3259 1364 3331 abjecissc,
1399 3268 1458 3313 et
1480 3257 1643 3312 simul
1677 3253 2154 3324 indignabundum
2191 3254 2394 3310 dixisse
2429 3271 2444 3308 :
2477 3252 2697 3312 Periere
2729 3255 2966 3322 labores,
3012 3267 3203 3330 pereat
3246 3267 3304 3315 et
3348 3273 3544 3317 eorum
3596 3259 3817 3331 ingrata

537 3372 780 3424 merces;
817 3355 1126 3426 aﬂ'ectoque
1163 3371 1282 3411 eam
1306 3355 1377 3410 ob
1403 3369 1518 3408 rem
1558 3352 1744 3407 animo
1779 3353 1830 3406 in
1864 3352 2143 3408 miseriam
2175 3352 2333 3407 istam
2368 3352 2652 3409 incidisse.

607 3455 684 3509 Ita
705 3469 832 3508 vero
863 3453 1284 3523 Trapezuntius,
1316 3452 1488 3506 fracto
1513 3450 1680 3504 animi
1717 3449 1915 3504 robore
1941 3449 2360 3518 elanguescens,
2388 3465 2454 3503 eo
2475 3450 2800 3505 calamitatis
2833 3449 3209 3521 redigebatur,
3237 3461 3298 3506 ut
3318 3453 3577 3509 omnibus
3609 3467 3819 3523 repue-

533 3541 751 3602 |'ascere
779 3548 1081 3600 videretur.
1109 3544 1264 3615 Stepe
1289 3545 1654 3614 multumque,
1687 3559 1812 3598 cum
1848 3541 2032 3597 Romae
2069 3541 2138 3596 ad
2169 3542 2343 3597 ardent
2379 3542 2638 3599 Minerva:
2695 3543 2988 3610 habitaret,
3041 3546 3190 3600 solus
3217 3560 3316 3616 per
3346 3547 3540 3601 urbem
3582 3546 3817 3602 sordido

533 3652 590 3696 et
620 3643 809 3696 attrito
844 3641 1062 3713 palliolo
1105 3641 1339 3696 amictus
1378 3638 1802 3711 geniculatotpte
1854 3637 2105 3708 scipione
2151 3639 2244 3708 qui
2291 3638 2601 3694 vacillantis
2653 3637 2856 3707 gradus
2888 3639 3212 3706 sustineret,
3247 3640 3467 3698 innixus
3498 3641 3817 3697 inambula-

430 3747 443 3759 '
533 3734 632 3788 vit.
660 3734 901 3789 Tandem
964 3749 1116 3800 vero,
1169 3733 1359 3788 multis
1423 3733 1724 3802 arduisque
1773 3733 2098 3803 perfunctus
2162 3732 2430 3788 molestiis
2485 3743 2541 3787 et
2599 3734 3022 3800 certaminibus,
3052 3751 3228 3791 annos
3275 3739 3570 3806 nonaginta
3623 3746 3816 3803 natus,

534 3841 689 3886 sexto
712 3839 767 3886 et
801 3817 1136 3900 octogesimo
1154 3831 1331 3901 quinti
1375 3828 1576 3884 decimi
1604 3829 1788 3884 saeculi
1813 3844 1978 3892 anno,
2006 3828 2309 3898 acquievit.

605 3927 792 3999 Neque
829 3928 1132 3997 ingenium,
1164 3942 1264 3981 nec
1291 3926 1620 3992 doctrinam,
1662 3940 1762 3980 nec
1801 3924 2069 3989 studium,
2099 3924 2539 3995 industriamque
2569 3923 2623 3980 in
2659 3924 3027 3995 Trapezuntio
3060 3925 3340 3993 desidero;
3371 3940 3605 3994 agnosco
3630 3934 3820 3981 tamen

533 4021 741 4092 aliquid
767 4022 908 4089 quod
941 4021 997 4074 in
1029 4018 1280 4074 Cretensi
1316 4034 1513 4089 parum
1548 4025 1740 4072 miror.
1772 4019 1945 4074 Vetus
1983 4028 2068 4073 est
2097 4019 2321 4074 verbum
2345 4019 2488 4088 quod
2519 4019 2659 4073 dixit
2687 4019 3043 4089 Epimenides
3065 4029 3121 4074 et
3169 4019 3237 4074 ab
3283 4022 3388 4074 hoc
3417 4022 3640 4090 repetiit
3685 4021 3811 4090 ipse

534 4111 757 4166 divinus
800 4111 1042 4178 gentium
1103 4110 1319 4176 doctor,
1376 4113 1595 4182 Κρῆτες
1629 4111 1718 4164 ἀεὶ
1767 4111 2000 4180 ψεῦσται
2037 4128 2094 4167 κ.
2122 4129 2150 4162 τ

2204 4111 2256 4167 λ.
2290 4110 2404 4166 Etsi
2438 4111 2840 4181 Trapezuntius
2875 4122 2997 4166 ortu
3055 4111 3332 4167 Cretensis
3365 4093 3474 4167 dici
3525 4112 3818 4169 Cretensis

537 4208 740 4271 noluit,
785 4207 1006 4272 malam,
1044 4206 1190 4275 quod
1246 4205 1350 4260 Lil.
1404 4205 1674 4278 Gyraldus
1718 4206 1983 4277 Opinatur
2035 4214 2093 4259 et
2133 4207 2490 4261 inveteratam
2550 4206 2744 4275 patria:
2798 4207 2997 4261 famam
3028 4223 3138 4262 non
3172 4222 3365 4276 parum
3395 4207 3645 4276 veritus;
3688 4224 3820 4264 eam

535 4307 760 4363 nomine
811 4313 1017 4370 tamen,
1059 4319 1236 4374 neque
1273 4305 1575 4374 ingenium,
1626 4319 1728 4358 nec
1783 4319 1964 4359 mores
2000 4301 2256 4372 deposuit
2302 4305 2460 4360 facile
2493 4320 2509 4370 ;
2547 4306 2720 4370 vafer,
2751 4304 2796 4359 si
2829 4303 2960 4374 quid
2997 4305 3209 4374 judico,
3258 4305 3548 4376 subdolus,
3579 4317 3637 4361 et
3669 4323 3803 4362 eum

541 4402 775 4457 alterius
799 4399 1071 4455 dedecore
1100 4401 1319 4456 decoris
1341 4412 1624 4470 appetens,
1644 4399 1984 4456 lacessendis
2007 4399 2153 4466 aliis,
2182 4399 2360 4469 iisque
2391 4401 2648 4466 summis,
2676 4410 2984 4470 promptus,
3006 4401 3210 4455 nimius
3242 4403 3351 4470 sui,
3371 4418 3563 4474 parcus
3579 4403 3820 4460 aliorum

538 4498 860 4560 admirator,
897 4504 1094 4550 cuncta
1127 4495 1290 4550 modo
1321 4511 1534 4549 suntma
1566 4507 1827 4564 expertus
1860 4497 2004 4548 ultra
2040 4497 2206 4549 vires.

611 4585 810 4638 Filium
843 4587 1065 4654 reliquit
1099 4585 1369 4639 Andream
1399 4585 1852 4655 Trapezuntinm,
1885 4587 1982 4640 sed
2013 4585 2263 4640 doctrina
2309 4595 2463 4656 patre
2498 4585 2656 4655 longe
2688 4585 3024 4641 inferiorem.
3069 4585 3124 4640 Id
3148 4586 3294 4657 quod
3335 4586 3496 4644 facile
3545 4589 3816 4644 omnibus

541 4679 797 4748 apparuit
845 4691 967 4729 cum
1001 4677 1176 4746 patris
1223 4679 1309 4733 sui
1358 4679 1824 4734 existimationem
1872 4680 1991 4748 ipso
2038 4678 2218 4733 adhuc
2259 4678 2562 4749 superstite
2612 4678 2878 4733 adversus
2912 4679 3263 4735 Theodorum
3311 4681 3511 4736 Gazam
3553 4682 3819 4738 tuendam

542 4769 890 4836 suscepisset.
915 4769 1104 4838 Neque
1130 4771 1276 4824 enim
1318 4770 1482 4834 Gaza,
1529 4770 2030 4826 transmarinorutn
2061 4769 2372 4835 hominum,
2403 4768 2500 4838 qui
2542 4785 2572 4823 e
2604 4768 2812 4824 Graecia
2856 4771 3239 4842 profugerant.
3287 4772 3666 4839 doctissimus,
3715 4777 3823 4830 mi-

544 4865 652 4919 seri
687 4865 917 4930 hujusce
938 4865 1242 4918 adversarii
1277 4866 1498 4934 script;s
1534 4868 1744 4922 moveri
1772 4882 1830 4922 se
1857 4880 2054 4936 passus
2086 4874 2192 4929 est,
2229 4864 2326 4918 sed
2360 4864 2509 4918 illius
2530 4863 2814 4918 libidinem
2848 4865 3180 4921 criminandi
3207 4869 3426 4936 penitus
3455 4870 3817 4938 contempsit.

561 4959 789 5012 Andreae
818 4956 950 5020 filia,
989 4966 1126 5011 teste
1153 4957 1334 5022 Jovio,
1365 4959 1630 5013 collocata
1657 4970 1744 5015 est
1773 4960 1974 5014 Fausto
2008 4955 2356 5027 Magdalenen,
2390 4957 2660 5023 Romano,
2697 4965 2871 5025 poeta:
2915 4957 3122 5027 lepido,
3158 4960 3254 5028 qui
3281 4961 3552 5030 elegantia
3584 4964 3819 5051 ingenii,

546 5054 715 5107 Leoni
754 5054 826 5117 X,
854 5053 919 5106 Β.
951 5051 1010 5106 Ρ.
1053 5051 1386 5121 percharus,
1434 5055 1500 5108 de
1523 5051 1742 5126 Georgii
1783 5052 2066 5123 prosoceri
2099 5052 2349 5106 doctrina
2374 5062 2429 5106 et
2463 5051 2642 5105 litium
2676 5052 2976 5106 acerbitate
3009 5053 3181 5108 multa
3212 5068 3440 5108 narrare
3477 5056 3676 5112 solitus
3711 5070 3817 5118 est.

547 5149 805 5201 miserum
837 5156 1019 5201 autem
1047 5144 1169 5198 vita:
1197 5147 1403 5201 exitum
1430 5147 1644 5210 habuit.
1670 5148 1724 5203 iu
1754 5148 2169 5219 expugnatione
2205 5146 2380 5210 urbis,
2417 5161 2562 5200 anno
2583 5147 2924 5202 saaculisexti
2959 5147 3160 5204 deetmi
3193 5149 3432 5220 septimo
3460 5162 3516 5205 et
3553 5152 3818 5210 vicesimo

544 5242 990 5298 contrucidatus.

613 5363 839 5434 ignotus
871 5366 1092 5438 quidam
1117 5377 1311 5422 auctor
1345 5369 1674 5438 ἐπιταφίους
1730 5369 1832 5422 hos
1896 5369 1948 5422 in
1995 5368 2434 5437 'l'rapezuntium
2496 5388 2690 5429 versus
2729 5374 2969 5444 scripsit.
3007 5388 3149 5442 quos
3187 5370 3390 5427 Bovius
3439 5369 3620 5442 elogio
3651 5369 3824 5442 ipsius

545 5463 832 5536 subjunxit
861 5482 876 5521 :

1603 5536 1718 5620 ρας
1741 5555 1878 5620 urna
1908 5535 2254 5609 Trapezuntii
2275 5539 2553 5620 quiescunt

1595 5607 1805 5680 Georgii
1833 5623 1974 5680 ossa,
2011 5607 2203 5680 parum
2231 5607 2334 5662 diis
2370 5611 2552 5680 amici,

1593 5678 1743 5750 Quod
1769 5679 1880 5731 arri
1915 5690 1964 5732 et
1996 5678 2221 5733 nimium
2263 5681 2477 5746 procaci
2506 5679 2689 5750 lingua

1602 5748 1895 5815 Platonem,
1923 5753 2124 5821 superis
2149 5764 2355 5821 parem,
2385 5750 2588 5817 petivit.
