4098 6412
400 381 516 451 769

1335 379 1436 443 DE
1478 375 1999 441 PROCESSIONE
2035 378 2394 440 SPIRITUS
2435 379 2730 441 SANCTI.

3560 381 3667 444 TD

1449 697 2688 888 ΓΕΩΡΓΙΟΥ
2775 700 2782 703 ’

1293 1152 2801 1278 ΤΡΑΠΕΖΟΥΝΤΙΟΥ

974 1385 1271 1475 ΠΡΟΣ
1347 1379 1856 1474 ΙΩΑΝΝΗΝ
1933 1387 2164 1472 ΤΟΝ
2238 1381 3139 1472 ΚΟΥΒΩΚΛΗΣΙΟΝ

1113 1567 1295 1624 ΠΕΡΙ
1337 1571 1477 1625 ΤΗΣ
1511 1569 2034 1624 ΕΚΠΟΡΕΥΣΕΩΣ
2076 1572 2220 1624 ΤΟΥ
2249 1570 2476 1624 ΑΓΙΟΥ
2508 1570 2982 1623 ΠΝΕΥΜΑΤΟΣ.

943 1907 1746 2066 GEORGII
1860 1909 3155 2068 TRAPEZUNTII

1192 2201 1344 2288 AD
1419 2196 1992 2290 JOANNEM
2077 2197 2926 2289 CUBOCLESIUM

1291 2400 1412 2460 DE
1453 2397 2044 2465 PROCESSIONE
2080 2401 2471 2464 SPIRITUS
2507 2400 2841 2466 SANCTI.

1349 2570 1429 2632 (L.
1456 2570 1638 2621 Allatio
1663 2571 1942 2633 interprete
1980 2573 2028 2620 in
2052 2571 2244 2622 Gra'cia
2266 2569 2479 2631 orthod,
2525 2579 2642 2622 tom.
2667 2568 2732 2628 Ι.)

482 2881 555 2939 α’.
584 2883 814 2938 Ὠκνουν
845 2881 945 2953 μιν
972 2881 1241 2955 πρότερον
1271 2884 1411 2956 πρὸς
1443 2883 1502 2936 σὲ
1533 2882 1788 2952 γράφειν.
1818 2883 1918 2953 τήν
1943 2899 2000 2936 τε
2034 2940 2035 2947 η

2183 2881 2232 2935 l.
2260 2881 2489 2952 Pigebat
2526 2880 2789 2951 equidem
2827 2886 2884 2934 et
2924 2886 3108 2941 antea,
3143 2887 3196 2935 te
3236 2876 3449 2934 crebris
3484 2875 3692 2933 obtun-

411 2975 516 3045 σὴν
542 2977 668 3046 περὶ
691 2974 760 3028 τὰ
784 2973 904 3028 θεῖα
931 2975 1170 3044 σπουδὴν
1196 2975 1376 3040 εἰδὼς,
1399 2977 1496 3030 καὶ
1519 2975 1618 3044 τὴν
1643 2974 1782 3045 ἐμὴν
1806 2976 1862 3028 ἐν
1885 2976 1998 3038 τοῖς

408 3069 624 3136 γηῖνοις
650 3065 908 3136 ἀσχολίαν
927 3081 942 3098 ·
967 3065 1063 3121 νῦν
1085 3066 1141 3120 δὲ
1161 3069 1188 3121 ὁ
1209 3068 1341 3137 ὲμδς
1363 3066 1524 3137 δεῦρο
1547 3065 1788 3130 πλεύσας
1811 3066 1997 3139 πατὴρ

408 3158 677 3229 άνήγειρέ
709 3175 768 3211 τε
801 3157 895 3212 καὶ
928 3157 1251 3229 παρώξυνεν
1271 3198 1286 3223 ,
1321 3160 1459 3214 ἄλλα
1489 3177 1547 3213 τε
1582 3159 1754 3214 πολλὰ
1787 3159 1994 3226 εἰπὼν,

409 3253 505 3306 καὶ
537 3251 620 3304 ὅτι
652 3251 716 3305 σὺ
750 3251 1020 3322 γράψειας
1048 3251 1114 3306 ἂν
1141 3251 1304 3316 εὐθὺς
1335 3253 1472 3324 πρός
1504 3271 1574 3323 με
1605 3252 1736 3324 περὶ
1759 3253 1860 3324 τῆς
1885 3254 1995 3307 τῶν

423 3343 769 3414 Ἐκκλησιῶν
793 3343 1084 3412 διαφορᾶς,
1114 3342 1168 3396 εἴ
1193 3342 1246 3410 γ’
1270 3342 1381 3412 ἐγὼ
1405 3345 1563 3398 τοῦτο
1590 3345 1808 3414 πρῶτος
1836 3346 2004 3398 ποιοτ-

411 3455 496 3508 μι.
528 3437 673 3507 Πρὸς
699 3436 910 3500 τούτοις
940 3437 1119 3490 δοκεῖν
1153 3436 1302 3506 αύτῷ
1321 3475 1337 3500 ,
1371 3437 1538 3507 φησὶν
1558 3477 1572 3500 ,
1609 3437 1674 3490 ἂν
1703 3436 1999 3507 γράμμασι

411 3529 698 3602 συνομιλῶ
723 3547 827 3594 σοι,
857 3528 1195 3600 μεταμαθεῖν
1221 3529 1321 3598 τὴν
1349 3528 1635 3598 ἀλήθειαν,
1663 3521 1732 3598 ἦς
1759 3527 1885 3597 εμοὶ
1912 3529 2002 3581 ού-

409 3623 502 3678 δὲν
528 3623 880 3693 τιμιώτερον.
907 3621 1000 3674 Διὸ
1024 3620 1103 3691 τῷ
1127 3637 1185 3673 τε
1213 3621 1380 3691 πατρὶ
1405 3620 1485 3690 τῷ
1509 3619 1630 3691 ἐμῷ
1655 3620 1804 3691 ὅρκῳ
1832 3637 2006 3675 συνω⁴

412 3715 694 3787 μολόγησα
715 3754 732 3780 ,
766 3714 858 3768 καί
893 3731 975 3767 σοι
1007 3713 1102 3767 νῦν
1133 3713 1379 3784 ὄμνυμι,
1415 3712 1673 3782 μάρτυρα
1707 3713 2000 3767 ἐπικαλού-

413 3824 577 3880 μενος
604 3805 842 3878 Χριστὸν
869 3803 1102 3875 Ἰησοῦν,
1129 3805 1196 3859 ἂν
1222 3804 1333 3875 ἄρα
1356 3803 1468 3857 τισὶ
1494 3804 1696 3872 λόγοις,
1726 3799 1809 3868 οἷς
1836 3805 2001 3868 αὐτὸς

415 3896 588 3963 οἶδας,
614 3899 684 3952 τὰ
710 3897 808 3968 τῆς
837 3897 947 3950 τῶν
977 3895 1233 3965 Γραικῶν
1269 3895 1597 3965 Ἐκκλησίας
1628 3895 1875 3964 δόγματα
1907 3898 2002 3966 τῆς

420 3990 683 4062 ἀληθείας
709 3988 931 4058 ἔχεσθαι
957 3987 1266 4058 ἀποδείξῃς,
1293 3986 1368 4048 ὡς
1396 3984 1535 4050 ἕξεις
1563 3987 1840 4056 Γεὼργιον
1866 3990 2003 4058 μετᾶ

423 4085 518 4138 σοῦ
539 4123 556 4150 ,
589 4084 682 4138 καὶ
711 4081 1015 4145 ἀποδώσεις
1043 4083 1111 4151 τῇ
1149 4079 1449 4152 Ἐκκλησία
1477 4080 1730 4151 Γραικῶν
1750 4119 1766 4145 ,
1864 4082 2002 4135 ἀπε-

383 4179 386 4184 ’
421 4179 629 4248 τάχθην
657 4175 958 4236 πιστεύσας
983 4172 1164 4237 καλῶς
1196 4174 1390 4236 ποιεῖν,
1417 4173 1513 4224 καὶ
1541 4171 1812 4226 πιστεύων
1841 4171 2004 4242 μέχρι

2103 2974 2238 3030 dere
2274 2975 2493 3038 litteris,
2541 2982 2657 3028 tum
2695 2985 2851 3028 tuum
2893 2972 3038 3028 circa
3067 2987 3158 3028 res
3187 2973 3406 3028 divinas
3440 2971 3686 3027 studium

2105 3067 2267 3136 plane
2301 3082 2558 3131 noscens,
2591 3075 2705 3121 tum
2739 3082 2916 3122 meam
2954 3067 3009 3122 in
3049 3065 3216 3122 rebus
3251 3068 3488 3122 terrenis
3519 3081 3695 3122 occu-

2109 3160 2408 3229 pationem.
2448 3164 2516 3214 At
2549 3174 2696 3215 nunc
2742 3169 2898 3230 pater
2932 3174 3088 3215 meus
3117 3158 3582 3232 liucaduavigans
3609 3161 3694 3214 in-

2103 3251 3010 3322 citavit,inllammavitque,multa
3040 3255 3093 3306 in
3124 3252 3364 3308 medium
3385 3253 3692 3323 proferens,

2104 3355 2163 3401 et
2190 3345 2334 3400 inter
2363 3346 2490 3411 alia,
2518 3353 2571 3400 te
2617 3345 2804 3401 statim
2835 3344 2900 3399 ad
2945 3361 3031 3401 me
3071 3343 3140 3400 de
3169 3345 3541 3403 Ecclesiarum
3578 3346 3698 3401 dis-

2108 3439 2250 3493 sidio
2281 3439 2680 3508 rescripturum
2707 3477 2722 3501 ,
2777 3438 2822 3491 si
2875 3437 2989 3506 ipse
3044 3438 3256 3508 primus
3289 3439 3344 3493 id
3385 3447 3698 3509 pertentas-

2108 3545 2261 3586 sem:
2297 3530 2514 3585 necnon
2567 3529 2672 3584 sibi
2721 3529 2920 3594 videri,
2971 3528 3276 3598 inquiebat,
3313 3529 3358 3584 si
3391 3531 3698 3600 saepissime

2111 3623 2313 3676 litteris
2349 3631 2530 3676 tecum
2565 3621 2937 3691 colloquerer,
2987 3623 3273 3678 veritatem
3324 3638 3432 3688 me,
3469 3639 3576 3694 qua
3617 3625 3696 3680 nil

2113 3716 2248 3772 mihi
2277 3718 2504 3772 eharius
2531 3725 2634 3782 est,
2662 3717 3000 3787 agniturum.
3031 3717 3214 3784 Quare
3237 3719 3542 3788 {conceptis
3577 3735 3700 3776 ver-

2111 3806 2198 3863 bis
2242 3807 2631 3879 jusjurandum
2681 3807 2824 3879 patri
2881 3806 3031 3872 dedi,
3089 3815 3146 3862 et
3199 3824 3349 3863 nunc
3378 3808 3476 3863 tibi
3532 3823 3697 3879 quam

2111 3909 2298 3955 sancte
2323 3901 2468 3969 juro,
2525 3908 2720 3953 testem
2758 3897 3038 3954 advocaus
3077 3900 3358 3956 Christum
3389 3901 3601 3968 Jesum,
3655 3905 3701 3960 si

2113 3991 2443 4054 rationibus,
2468 4004 2606 4058 quas
2631 3989 2748 4059 ipse
2781 3989 3006 4055 calleas,
3039 3989 3242 4046 Grmcaa
3280 3991 3539 4048 Ecclesiae
3568 3993 3705 4066 dog-

2115 4091 2256 4137 mata
2300 4083 2584 4137 veritatem
2655 4079 2975 4150 prmeei'erre
3019 4085 3540 4140 commonstraveris
3568 4123 3584 4149 ,
3619 4101 3706 4140 ra-

2114 4175 2232 4244 pies
2263 4189 2370 4228 una
2397 4182 2575 4227 tecum
2609 4171 2905 4242 Georgium
2929 4212 2943 4235 ,
2981 4171 3413 4246 Graecorumque
3445 4175 3705 4232 Ecclesiae

418 4271 520 4340 τῆς
552 4269 815 4341 σήμερον.
845 4267 940 4338 Μὴ
967 4265 1211 4338 ὀκνήσῃς
1233 4263 1328 4318 οὖν
1353 4266 1612 4334 γράφειν,
1639 4265 1736 4318 καὶ
1767 4280 2010 4333 μετακα-

2116 4265 2394 4331 restitues,
2441 4279 2473 4319 a
2530 4279 2638 4333 qua
2700 4264 2924 4319 avulsus
2977 4279 3123 4330 sum,
3155 4264 3209 4320 id
3240 4267 3449 4336 optime
3495 4267 3703 4324 factum

414 4363 626 4418 λείσθαι
667 4363 805 4433 πρὸς
844 4360 912 4432 ἢν
946 4359 1048 4413 οίει
1086 4361 1235 4430 ἡμᾶς
1275 4357 1558 4430 ἀλήθειαν.
1587 4357 1728 4427 Ἤδη
1775 4357 1883 4426 γάρ
1925 4373 2008 4408 σοι

415 4457 678 4528 πρότεροι
717 4453 1006 4524 γράφομεν
1029 4491 1045 4519 ,
1081 4453 1177 4505 καὶ
1217 4448 1678 4520 προσκαλούμεθα
1721 4447 1841 4518 μετ’
1866 4449 2006 4516 άγάο

415 4565 526 4618 πης
561 4547 774 4615 πάσης,
805 4542 1124 4613 ποιούμενοι
1155 4542 1247 4594 τὸν
1277 4541 1436 4610 λόγον
1472 4539 1639 4610 χωρὶς
1669 4539 2004 4609 πεισμονῆς,

417 4644 584 4712 χωρὶς
619 4640 970 4711 φιλοτιμίας,
1003 4636 1065 4688 τὸ
1094 4633 1191 4688 τοῦ
1223 4633 1385 4701 λόγου
1419 4633 1654 4701 μέγεθος
1687 4631 1780 4685 καὶ
1812 4633 2010 4701 γρῖφον

417 4732 820 4804 ἀφαιροῦντες,
847 4729 922 4793 ὡς
952 4723 1065 4782 οἷόν
1093 4744 1174 4781 τε.
1207 4726 1284 4779 υύ
1314 4726 1424 4796 γὰρ
1454 4725 1542 4778 ἵνα
1571 4723 1738 4778 δεινοὶ
1768 4723 2012 4793 δόξωμεν

420 4829 672 4898 ῥήτορες,
697 4825 732 4895 ἢ
760 4823 945 4877 πολλοί
969 4837 1114 4884 τινες
1139 4819 1267 4882 τοὺς
1295 4818 1511 4886 λόγους,
1538 4817 1655 4872 ἀλλ’
1677 4818 1765 4871 ἵνα
1791 4817 1822 4888 ἢ
1851 4819 2013 4890 ἡμεῖς

418 4920 518 4986 τὴν
552 4917 818 4989 ἀλήθειαν
855 4912 1306 4986 μεταμάθωμεν,
1349 4911 1382 4982 ἦ
1429 4912 1494 4964 σὺ
1534 4909 1744 4979 ταύτην
1777 4908 1880 4964 κᾶν
1917 4910 2015 4966 νῦν

421 5009 722 5080 γνωρίσαις
743 5045 760 5070 ,
791 5005 903 5058 δεῖν
936 5003 1205 5076 ᾠήθημεν
1241 5001 1378 5072 πρὸς
1413 5000 1475 5054 σὲ
1509 5001 1763 5070 γράφειν.
1796 5001 2012 5054 Γένοιτο

419 5102 477 5154 δὲ
521 5102 581 5154 τὸ
625 5099 838 5169 ἕτερον,
882 5097 1086 5166 Χριστὲ
1133 5093 1380 5166 βασιλεῦ,
1424 5093 1518 5146 καὶ
1565 5096 1778 5162 γένοιτο
1821 5095 1881 5146 τδ
1928 5091 2013 5144 σοὶ

419 5194 741 5263 εὐάρεστον.
785 5188 926 5243 Ἀλλ’
955 5188 1042 5242 ἵνα
1081 5188 1156 5259 μὴ
1192 5188 1364 5240 πολὺν
1398 5187 1456 5240 ὲν
1491 5185 1806 5256 προοιμίοις
1841 5203 2012 5240 κατα-

419 5287 594 5358 τρίόω
623 5285 841 5356 χρόνον,
870 5283 1109 5354 ἄρξομαι
1137 5280 1254 5345 νῦν,
1284 5279 1418 5334 αὐτὸ
1447 5281 1510 5332 τὸ
1543 5279 1810 5346 πανάγιον
1842 5279 2014 5332 [Ινεῦ-

423 5396 500 5447 μα
520 5420 534 5442 ,
568 5381 698 5448 περὶ
728 5376 789 5430 οὖ
819 5377 848 5429 ὁ
881 5376 1039 5444 λόγος
1060 5413 1076 5437 ,
1107 5373 1580 5442 ἐπικαλεσάμενος
1616 5374 1695 5435 εἰς
1731 5371 2011 5442 βοήθειαν.

2119 4371 2291 4425 ratus,
2342 4368 2399 4414 et
2437 4359 2493 4413 in
2528 4357 2657 4424 ﬁde,
2690 4373 2852 4427 quam
2905 4358 3193 4427 amplexus
3239 4373 3385 4424 sum,
3430 4361 3497 4415 ad
3553 4361 3703 4417 hunc

2119 4453 2262 4506 diem
2297 4451 2624 4522 perdurans.
2660 4451 2738 4505 Ne
2773 4450 2989 4521 pigrcre
3020 4449 3190 4521 igitur
3209 4452 3278 4507 ad
3309 4468 3410 4510 nos
3435 4453 3702 4521 scribere,

2112 4554 2168 4598 et
2205 4545 2271 4598 ad
2297 4559 2443 4610 eam,
2478 4559 2644 4614 quam
2680 4554 2734 4599 tu
2777 4546 3067 4601 veritatem
3115 4561 3240 4603 esse
3275 4549 3582 4616 existimas,
3615 4565 3707 4604 re-

2114 4649 2335 4690 vocare.
2364 4634 2484 4691 Jam
2511 4635 2659 4689 enim
2701 4651 2803 4692 nos
2843 4637 3004 4707 primi
3039 4637 3109 4693 ad
3146 4645 3199 4693 te
3242 4639 3455 4695 litteras
3486 4639 3703 4703 damus,

2113 4736 2170 4780 et
2200 4742 2514 4782 sermonem
2546 4726 2756 4798 absque
2793 4728 3098 4798 pertinacia
3129 4740 3187 4786 et
3222 4731 3525 4788 ambitione
3551 4733 3707 4803 dige-

2117 4830 2325 4884 rentes,
2365 4835 2578 4874 necnon
2617 4821 2887 4876 orationis
2918 4822 3287 4891 prolixitatem
3323 4832 3380 4878 et
3407 4838 3708 4895 argumen-

2122 4912 2358 4968 tationes
2395 4913 2702 4982 implicatas
2735 4931 2833 4985 pro
2861 4915 3074 4973 viribus
3099 4918 3293 4988 procul
3325 4918 3707 4984 amandantes,

2117 5019 2243 5059 eum
2266 5005 2417 5059 omni
2449 5005 2850 5062 benevolentia;
2875 5008 3146 5064 charitate
3177 5010 3560 5066 adhortamur.
3598 5009 3708 5066 Ne-

2115 5111 2224 5165 que
2254 5096 2402 5150 enim
2438 5105 2498 5150 ut
2542 5107 2793 5152 oratores
2840 5097 3200 5155 vehementes
3227 5111 3284 5156 et
3317 5102 3709 5164 consummati,

2116 5197 2213 5243 aut
2257 5196 2316 5243 ut
2351 5189 2404 5244 in
2453 5187 2690 5245 dicendo
2722 5190 2904 5244 valere
2933 5189 3234 5260 plurimum
3269 5193 3578 5257 videamur,
3611 5193 3710 5247 sed

2119 5291 2179 5335 ut
2211 5296 2311 5336 nos
2336 5290 2432 5336 aut
2467 5282 2755 5337 veritatem
2788 5283 3166 5350 addiscamus,
3195 5294 3292 5339 aut
3327 5293 3384 5340 tu
3408 5299 3530 5339 eam
3562 5299 3711 5338 nunc

2119 5373 2340 5429 tandem
2371 5389 2660 5445 agnoscas.
2693 5375 2809 5429 haec
2829 5375 2897 5430 ad
2929 5385 2982 5430 te
3013 5376 3068 5430 in
3107 5377 3362 5446 praesenti
3387 5376 3708 5432 scribimus.

418 5474 496 5527 Ex
537 5471 758 5526 duobus
787 5486 921 5526 vero
963 5471 1198 5525 alterum
1258 5467 1514 5533 eveniat,
1575 5484 1669 5522 rex
1735 5467 1973 5530 Christe.
2046 5470 2373 5540 eveniatque
2422 5469 2571 5540 quod
2633 5471 2732 5526 tibi
2780 5471 3168 5541 complacitum
3213 5479 3319 5526 est.
3382 5470 3493 5526 Sed
3541 5485 3613 5529 ne
3656 5473 3713 5526 in

419 5569 691 5642 procnmio
747 5569 1024 5640 longiores
1081 5582 1265 5623 moras
1325 5575 1568 5632 uectem,
1622 5565 1810 5620 ordiar
1860 5583 2008 5621 mine
2056 5571 2384 5632 orationem,
2433 5569 2553 5636 ipso
2625 5567 2832 5636 Spiritu
2898 5567 3107 5631 sdncto,
3145 5567 3214 5622 de
3243 5582 3355 5637 quo
3382 5583 3567 5625 sermo
3614 5570 3715 5623 ha-

421 5669 637 5726 bendus
677 5676 785 5734 est,
820 5667 874 5721 in
905 5665 1173 5720 auxilium
1209 5665 1500 5720 advocato.

492 5766 559 5834 β’.
606 5766 682 5818 Τὸ
728 5762 1158 5834 ἀπαράλλακτον
1205 5763 1307 5831 τῆς
1359 5760 1512 5825 θείας
1561 5763 1778 5831 φύσεως
1824 5765 2014 5836 ὁμολο-

2192 5765 2248 5818 2.
2287 5763 2494 5818 Divina).
2529 5767 2739 5814 natura:
2767 5772 2864 5828 per
2897 5756 3080 5812 omnia
3131 5757 3337 5826 simile,
3371 5768 3426 5814 et
3456 5759 3602 5816 idem
3632 5777 3721 5818 es-

415 5860 667 5928 γοῦντες,
701 5857 800 5908 καὶ
832 5857 932 5926 τὴν
965 5853 1272 5923 ταυτότητα
1307 5851 1408 5921 τῆς
1444 5853 1658 5919 οὐσίας,
1693 5859 1842 5927 τρεῖς
1879 5859 2011 5912 ὑπο-

665 5957 939 6017 ΡΑτιιοι..
985 5957 1097 6018 Gn.
1140 5954 1341 6018 CLXl.

2122 5857 2312 5922 mittite
2343 5853 2692 5921 conﬁtentes,
2722 5861 2834 5908 tres
2865 5851 3206 5922 liypostases,
3227 5861 3280 5908 et
3309 5863 3421 5910 tres
3449 5869 3722 5932 personas

3187 5941 3264 6007 25
