4098 6400
434 379 528 446 771

1628 367 1953 427 GEORGII
1989 361 2510 426 TRAPEZUNTi‘I

3600 356 3713 424 772

429 505 622 547 omnes
679 488 731 544 in
791 486 1067 550 omnibus,
1106 498 1286 553 neque
1320 497 1413 536 eas
1448 481 1781 541 dividentes.
1839 489 2020 546 neque

2131 477 2384 540 στάσεις,
2421 477 2539 546 ἤτοι
2575 475 2704 554 τρία
2739 473 3009 544 πρόσωπα
3045 470 3142 526 ὅλα
3178 471 3234 525 έν
3269 469 3410 532 ὅλοις
3445 467 3714 538 γνωρίζο-

430 579 831 640 confundentes
865 577 1234 647 agnoscimus.
1261 574 1463 628 Eurum
1496 587 1630 626 vero
1659 566 2010 638 unam,quod

430 670 702 745 principio
732 677 937 734 careat,
973 667 1200 720 alteram
1230 662 1613 735 generatione,
1642 659 1858 715 tertiam
1881 673 2009 727 pro-

2118 587 2238 640 μεν,
2270 568 2393 622 οὔτε
2426 570 2739 638 τέμνοντες,
2778 566 2902 620 οὔτε
2943 565 3288 636 συγχέοντες.
3320 559 3508 614 Ταῦτα
3541 559 3622 625 δὲ,
3655 559 3716 610 τὸ

2117 662 2220 732 μὲν
2246 661 2323 734 τῷ
2352 662 2597 733 άνάρχῳ,
2629 659 2690 712 τὸ
2719 659 2778 712 δὲ
2807 662 2872 728 τῇ
2907 659 3182 728 γεννήσει,
3214 655 3274 708 τὸ
3306 653 3363 707 δὲ
3393 655 3462 723 τῇ
3496 649 3715 722 προόδῳ

430 744 709 837 gressione
763 759 1154 831 distinguimus
1204 765 1299 821 ;et
1357 769 1739 810 asseveramus
1809 750 2010 805 Filium

2128 753 2470 825 Βιακρίνομεν
2489 797 2504 819 ,
2539 753 2633 808 καὶ
2662 749 3044 822 ὁμολογοῦμεν
3064 790 3077 813 ,
3111 752 3205 801 τὸν
3239 747 3339 816 μὲν
3370 745 3501 799 Υἱδν
3532 744 3716 814 ἀφρά-

430 854 889 920 inenarrabiliter,
921 861 970 907 el
1019 851 1088 905 ab
1133 859 1344 904 aeterno
1373 863 1437 901 ex
1479 846 1638 901 Patre
1681 845 1846 915 gigni,
1893 841 2015 912 Spi-

430 952 599 1005 ritum
629 956 880 1004 sanctum
913 960 978 999 ex
1012 943 1173 998 Patre
1201 957 1298 1012 per
1322 938 1520 994 Filium
1555 937 1896 1008 procedere;
1921 951 2015 1005 per

429 1041 825 1115 praepositione
879 1052 1060 1107 neque
1109 1031 1592 1089 instrumentalem
1651 1029 2011 1089 relationem,

429 1151 611 1207 neque
641 1133 897 1194 locnlem,
935 1145 1113 1198 neque
1146 1124 1585 1188 ministerialem,
1613 1134 1794 1192 neque
1822 1119 2011 1182 aliam,

430 1242 595 1296 quam
629 1223 901 1294 quispiam
936 1217 1350 1287 excogitaverit,
1384 1213 1685 1276 indicante,
1719 1227 1896 1282 neque
1939 1219 2017 1264 le-

435 1331 582 1368 mere
615 1312 850 1382 prolata,
887 1315 943 1362 et
981 1305 1048 1360 ad
1090 1304 1292 1358 nudam
1335 1301 1659 1357 relationem
1699 1298 2016 1368 significan-

433 1407 584 1468 dam,
638 1402 732 1458 sed
783 1401 954 1456 solam
1006 1396 1313 1452 naturalem
1365 1403 1420 1450 et
1471 1391 1845 1454 essentialem,
1893 1403 2014 1458 quas

435 1495 646 1549 scilicet
704 1489 1005 1546 secundum
1040 1501 1260 1542 causam
1288 1492 1408 1548 est,
1438 1489 1927 1540 commonstrante,
1961 1485 2016 1533 et

436 1602 718 1658 perquam
771 1585 1008 1652 Spiritus
1049 1595 1191 1635 unus
1222 1579 1420 1633 divina:
1473 1575 1690 1631 Triadis
1724 1573 2017 1646 progredi-

437 1693 546 1745 tur,
583 1688 643 1734 ut
678 1678 770 1745 sit,
825 1678 878 1730 in
925 1675 1147 1745 propria
1184 1670 1488 1744 hypostasi.
1523 1669 1662 1724 Aliis
1701 1682 1832 1739 ergo
1866 1681 2014 1722 com-

435 1774 697 1838 munitcr,
717 1781 768 1824 et
795 1785 825 1822 ιι
853 1770 1010 1822 nobis
1032 1767 1173 1818 inter
1193 1777 1293 1817 nos
1316 1762 1480 1817 veluti
1499 1759 1666 1815 certis
1693 1758 2015 1828 suppositis,

2119 863 2261 910 στως
2296 848 2391 900 ml.
2425 846 2664 908 αίωνίως
2700 844 2998 914 γεννᾶσθαι
3036 846 3098 896 ἐκ
3133 840 3228 894 τοῦ
3267 838 3522 909 Πατρὸς,
3558 836 3620 888 τὸ
3655 836 3714 888 δὲ

2116 937 2274 1007 ἆγιον
2305 939 2533 1008 Πνεῦμα
2563 940 2628 991 έκ
2657 937 2872 1008 Πατρὸς
2900 935 2966 988 δι’
2995 933 3128 988 Υἱοῦ
3157 929 3581 1002 ἐκπορεύεσθαι,
3613 928 3712 995 τῆς

2117 1030 2216 1084 διὰ
2245 1029 2370 1084 οὔτε
2401 1031 2706 1100 ὀργανικὴν
2737 1046 2861 1082 τινα
2893 1030 3102 1098 σχέσιν,
3137 1025 3260 1079 οὔτε
3295 1023 3552 1094 τοπικὴν,
3585 1019 3713 1074 οὔτε

2118 1121 2499 1193 ὑπουργικὴν,
2535 1120 2649 1174 οὔτ’
2676 1120 2846 1189 ἄλλην
2880 1119 3098 1172 οίανοῦν
3133 1116 3346 1188 οἰηθείη
3381 1132 3466 1178 τις
3510 1129 3715 1182 σημαι-

2119 1214 2340 1284 νούσης,
2368 1213 2494 1266 ούτε
2528 1214 2706 1284 μάτην
2731 1213 2996 1282 κειμένης
3024 1211 3120 1264 καὶ
3152 1209 3288 1278 πρὸς
3316 1205 3479 1276 ψιλὴν
3508 1206 3716 1274 ἀναφο-

2123 1310 2256 1378 ρὰν,
2292 1307 2429 1362 ἀλλὰ
2475 1308 2647 1378 μόνην
2683 1305 3043 1377 παριστώσης
3079 1302 3177 1373 τὴν
3215 1301 3453 1370 φυσικὴν
3490 1299 3586 1351 καὶ
3624 1298 3718 1349 od-

2122 1399 2286 1468 σιώδη
2306 1439 2322 1460 ,
2357 1400 2455 1470 τὴν
2488 1398 2611 1453 κατ’
2635 1399 2805 1451 αίτιον
2835 1397 3078 1469 δηλονότι
3098 1437 3112 1461 ,
3143 1397 3207 1448 δι’
3235 1391 3300 1458 ἧς
3331 1393 3392 1446 τὸ
3427 1390 3652 1459 Πνεῦμα
3687 1390 3714 1439 ὁ

2120 1487 2200 1556 εἷς
2234 1491 2332 1560 τῆς
2371 1492 2600 1564 Τριάδος
2636 1492 2886 1562 πρόεισιν
2919 1493 2998 1555 είς
3034 1491 3092 1544 τὸ
3128 1484 3265 1542 εἶναι
3303 1490 3359 1542 ὲν
3397 1487 3540 1556 ίδικῇ
3577 1485 3715 1538 ὑπο-

2121 1585 2332 1639 στάσει.
2362 1585 2484 1638 Τῶν
2512 1585 2646 1654 γοῦν
2674 1585 2850 1639 ἄλλων
2883 1583 3323 1654 ὑποτεθειμένων
3355 1580 3554 1634 κοινῶν
3585 1578 3711 1648 έμοί

2120 1697 2178 1732 τε
2201 1679 2297 1732 καὶ
2325 1678 2411 1732 σοὶ
2439 1680 2566 1748 περὶ
2588 1678 2679 1732 τοῦ
2711 1679 2938 1748 ὕστερον
2964 1678 3247 1749 λεχθέντος
3275 1677 3301 1728 ὁ
3331 1675 3508 1741 λόγος.
3534 1671 3712 1725 Τοῦτο

2120 1770 2177 1824 δὲ
2209 1773 2256 1824 εί
2288 1769 2577 1840 μέλλοιμεν
2604 1769 2787 1832 καλῶς
2819 1770 3012 1836 δεῖξαι,
3043 1770 3124 1822 δεῖ
3159 1768 3372 1840 πρῶτον
3403 1767 3503 1835 μὲν
3531 1764 3630 1834 τὴν
3661 1765 3720 1815 ὲν

435 1869 503 1922 de
531 1881 641 1937 quo
673 1871 953 1934 postremo
977 1858 1099 1915 loco
1124 1855 1295 1912 locuti
1334 1867 1528 1910 sumus
1548 1891 1565 1919 ,
1599 1865 1782 1906 sermo
1815 1849 2018 1904 habea-

2128 1867 2237 1930 τοῖς
2277 1829 2444 1927 θείοις
2477 1829 2632 1930 τάξιν
2668 1829 2931 1928 σκοττεῖν,
2968 1829 3089 1918 sita
3131 1829 3226 1916 uel
3260 1860 3360 1922 τὰς
3395 1829 3504 1912 τῶν
3539 1829 3722 1926 ἁγίων

439 1969 550 2013 tur.
579 1955 750 2025 quue
786 1961 846 2007 ut
877 1958 1026 2005 recte
1069 1947 1535 2006 demonstremus,
1577 1949 1706 1996 ante
1747 1940 1852 1996 alia
1882 1938 2020 1994 ordo

440 2053 498 2106 in
535 2047 738 2104 divinis
773 2061 800 2098 a
839 2042 996 2097 nobis
1031 2035 1466 2095 considerandus
1515 2044 1629 2100 est;
1664 2032 1924 2101 deinceps
1953 2030 2019 2085 ad

439 2142 494 2196 id
529 2134 895 2195 conducentia
937 2139 1256 2188 sanctorum
1292 2127 1472 2194 dicta;
1517 2136 1629 2180 tum
1669 2125 1888 2179 demum
1924 2123 2022 2176 ah-

439 2231 630 2294 surda,
668 2243 789 2298 quae
815 2242 883 2282 ex
915 2231 1149 2292 utraque
1186 2220 1457 2276 sententia
1493 2218 1772 2273 oriuntur.

509 2325 568 2378 5.
601 2322 670 2378 Et
702 2321 952 2377 ordinem
987 2315 1211 2387 quidem
1245 2315 1299 2369 in
1329 2311 1531 2390 divinis
1559 2327 1706 2376 esse,
1729 2319 1877 2382 patet
1905 2325 2025 2366 om-

437 2419 625 2482 nibus,
682 2411 985 2468 dummodo
1019 2407 1141 2464 sani
1183 2415 1331 2473 sunt,
1385 2405 1515 2460 licet
1559 2403 1736 2460 Graeci
1775 2403 1880 2473 ipsi
1941 2400 2023 2458 di-

438 2519 784 2580 rumpantur.
808 2505 1056 2559 Primum
1087 2499 1333 2572 quidem,
1353 2498 1500 2570 quod
1528 2511 1690 2553 omne
1729 2497 2023 2566 pulchrum

437 2615 602 2675 atque
652 2601 857 2656 bonum
908 2598 965 2652 in
1017 2595 1123 2650 Deo
1171 2594 1392 2664 proprie
1431 2600 1488 2647 et
1535 2591 1820 2663 primario,
1851 2598 1908 2644 et
1940 2603 2026 2644 se-

436 2696 681 2753 cundum
734 2693 978 2760 seipsum
1013 2695 1097 2742 est
1131 2702 1146 2752 ;
1185 2685 1454 2740 bonorum
1511 2691 1694 2737 autem
1723 2682 1862 2736 ordo
1891 2692 1976 2736 est
2006 2696 2023 2748 ;

437 2789 635 2844 deinde
667 2787 718 2840 in
752 2783 902 2840 omni
937 2777 1333 2842 multitudine;
1369 2773 1781 2829 multitudinem
1837 2783 2022 2827 autem

437 2898 597 2948 voco,
631 2879 775 2950 quod
834 2889 1002 2944 supra
1059 2885 1230 2926 unum
1288 2878 1384 2922 aut
1424 2866 1537 2922 duo
1565 2874 1670 2930 est,
1705 2871 1801 2920 aut
1829 2864 2026 2920 conlu-

439 2977 652 3030 sioneni
705 2968 1089 3027 indiscretam,
1123 2970 1218 3017 aut
1268 2959 1522 3016 ordinem
1581 2967 1624 3012 a'
1664 2957 1879 3013 ratione
1916 2973 2026 3011 non

441 3067 681 3121 alienum
723 3075 846 3116 esse
874 3071 1101 3112 necesse
1147 3060 1254 3108 est.
1296 3053 1474 3121 Supra
1514 3049 1651 3104 duas
1679 3063 1812 3104 vero
1858 3048 2029 3117 hypo-

443 3170 619 3214 stases
651 3155 803 3209 Deus
828 3162 929 3206 est.
965 3149 1062 3203 Est
1090 3145 1261 3217 igitur
1285 3145 1422 3200 ordo
1470 3144 1524 3198 in
1565 3142 1675 3196 Deo
1715 3141 1800 3194 his
1853 3142 2028 3211 hypo-

443 3249 722 3312 stasibus;
758 3259 930 3313 neque
955 3241 1102 3296 enim
1137 3237 1391 3294 conlusio
1421 3237 1530 3291 erit
1557 3236 1612 3290 in
1649 3233 1865 3298 Triade,
1909 3249 2030 3300 qua:

444 3341 656 3409 reliqua
715 3335 900 3390 omnia
959 3335 1012 3386 in
1044 3330 1294 3386 ordinem
1341 3329 1508 3399 cogit,
1553 3336 1613 3382 ut
1645 3326 2026 3394 theologorum

444 3447 608 3489 voces
630 3431 900 3484 iutonant.
933 3425 1182 3486 Etenim,
1215 3422 1260 3477 si
1305 3420 1474 3478 Omne
1508 3421 1705 3474 donum
1737 3422 2027 3489 perlectum

442 3527 718 3579 desursum
758 3529 833 3574 est
861 3516 1175 3572 descendens
1202 3515 1218 3545 ¹
1245 3531 1260 3581 ;
1288 3528 1389 3568 nec
1413 3512 1570 3568 estin
1599 3513 1870 3568 creaturis
1903 3527 2029 3582 pro-

441 3617 670 3671 bitatem
695 3611 1080 3684 praeselerens,
1112 3607 1260 3678 quod
1290 3621 1400 3660 non
1453 3604 1582 3659 inde
1608 3613 1848 3666 emanat,
1875 3619 2029 3673 pror-

435 3725 536 3764 sus
561 3703 933 3762 necessarium
963 3709 1046 3757 est
1064 3715 1185 3756 enm
1213 3713 1334 3768 qua:
1356 3706 1411 3754 et
1429 3697 1751 3768 angelorum
1774 3696 2024 3762 ordines,

427 3809 498 3856 et
535 3799 725 3854 niiindi
762 3795 1006 3852 universi
1047 3790 1469 3862 dispositionem
1507 3791 1702 3846 ordine
1741 3788 2028 3844 exornavit

439 3891 719 3954 'l‘riadem,
761 3889 955 3948 ordine
987 3886 1039 3939 in
1072 3885 1251 3954 seipsa
1301 3881 1702 3941 interstinctam
1735 3897 1880 3936 esse.
1915 3880 2028 3935 Ad-

441 3982 556 4037 haac
586 3982 802 4036 Triadis
855 3979 1028 4049 ipsius
1058 3993 1261 4033 nomen
1292 3975 1542 4032 ordinem
1573 3975 1776 4046 signat,
1807 3981 1865 4028 et
1908 3971 2024 4027 lieri

437 4077 654 4143 nequit,
689 4084 748 4128 nt
812 4072 971 4127 Trias
1013 4085 1142 4125 vere
1199 4079 1255 4125 et
1290 4069 1472 4139 reipsa
1519 4068 1756 4132 dicatur,
1789 4065 1896 4122 nisi
1935 4082 2025 4122 re-

438 4165 698 4219 lationem
749 4162 852 4218 tria
917 4161 1006 4216 illa
1057 4159 1204 4214 inter
1234 4173 1292 4215 se
1326 4159 1601 4214 habeant:
1647 4171 1774 4211 nam
1798 4156 1843 4210 si
1899 4156 2025 4226 quis

438 4259 549 4312 duo
592 4254 968 4326 supposuerit,
1003 4269 1124 4323 qua:
1157 4251 1425 4307 relatione
1456 4252 1600 4307 inter
1649 4266 1708 4306 se
1743 4265 1852 4304 non
1885 4248 2026 4304 refe-

440 4358 656 4413 rantur,
711 4356 873 4404 erunt
924 4347 1035 4402 duo
1063 4346 1156 4401 illa
1201 4359 1452 4414 prorsus,
1506 4355 1708 4399 etnon
1764 4341 2025 4398 dualitas.

439 4441 594 4508 Quod
624 4441 667 4494 si
706 4440 807 4494 tria
829 4447 978 4503 sunt,
1006 4453 1130 4506 qua:
1160 4443 1572 4506 supponuntur,
1597 4435 1645 4491 si
1678 4434 2028 4503 unumquod-

2128 1958 2264 2029 πρὸς
2295 1956 2455 2011 τοῦτο
2488 1956 2766 2027 φερούσας
2801 1957 2989 2027 ῥήσεις
3011 1994 3026 2018 ,
3062 1957 3160 2008 καὶ
3196 1954 3264 2007 τὰ
3302 1956 3365 2006 ἐκ
3400 1951 3493 2006 τοῦ
3527 1950 3722 2005 ἑκατέ-

2128 2066 2224 2120 ρου
2259 2049 2459 2120 μέρους
2492 2046 3007 2116 συναναφαινόμενα
3039 2047 3237 2100 ἄτοπα.

2198 2325 2267 2384 γ’.
2296 2318 2417 2370 Ὅτι
2465 2318 2562 2389 μὲν
2603 2313 2696 2372 οὖν
2737 2316 2888 2382 τάξις
2931 2319 2988 2391 έν
3027 2319 3140 2382 τοῖς
3189 2317 3565 2382 θείοις,παντί
3611 2337 3718 2372 που

2125 2412 2284 2482 δῆλον
2319 2411 2397 2481 τῷ
2436 2410 2562 2463 νοῦν
2596 2410 2808 2480 ἔχοντι,
2843 2410 2948 2463 κᾶν
2985 2410 3214 2480 Γραικοὶ
3256 2411 3717 2496 διαρρήγνυνται.

2128 2505 2352 2574 Πρῶτον
2389 2503 2523 2573 μὲν,
2561 2503 2642 2555 ὅτι
2678 2503 2788 2558 πᾶν
2821 2501 2988 2556 καλὸν
3022 2503 3116 2554 καὶ
3150 2501 3356 2570 ἀγαθὸν
3390 2505 3446 2556 ὲν
3481 2503 3560 2572 τῷ
3595 2503 3719 2572 Θεῷ

2128 2597 2334 2666 κυρίως
2369 2595 2462 2648 καὶ
2499 2595 2732 2665 πρώτως
2767 2593 2860 2647 καὶ
2893 2592 3022 2647 καθ’
3041 2594 3172 2647 αὐτὸ
3193 2636 3207 2661 ,
3240 2594 3348 2648 τῶν
3381 2595 3559 2648 καλῶν
3591 2595 3649 2648 δὲ
3683 2598 3718 2665 ἡ

2127 2689 2320 2753 τάξις·
2367 2683 2487 2739 εἶτα
2531 2687 2589 2738 έν
2635 2684 2800 2738 παντὶ
2847 2685 3074 2756 πλήθειο
3126 2686 3331 2752 πλῆθος
3373 2687 3429 2740 δὲ
3472 2686 3616 2755 λέγω
3660 2689 3723 2740 τὸ

2132 2780 2274 2848 ὑπὲρ
2311 2778 2516 2846 μονάδα
2546 2777 2578 2847 ἢ
2610 2777 2778 2830 δυάδα
2810 2777 2870 2831 δν
2891 2819 2904 2844 ,
2939 2779 2971 2848 ἢ
3005 2776 3270 2848 σύγχυσιν
3302 2779 3526 2846 ἄλογον,
3557 2781 3591 2850 ἢ
3621 2782 3724 2833 τά-

2128 2869 2211 2936 ξιν
2242 2868 2464 2936 εὖλογον
2494 2864 2635 2922 εἴναι
2666 2870 2987 2936 ἀναγκαῖον.
3031 2867 3205 2939 ’Υπὲρ
3236 2869 3406 2924 δυάδα
3437 2869 3496 2923 δὲ
3525 2873 3551 2924 ό
3583 2870 3722 2934 Θεὸς

2128 2964 2248 3023 ταῖς
2279 2961 2672 3015 ύποστάσεσιν.
2702 2962 2894 3014 Ἔστιν
2921 2960 3030 3030 ἄρα
3054 2960 3208 3027 τάξις
3234 2963 3356 3026 ταῖς
3387 2963 3720 3016 ὑποστάσεσι

2127 3052 2209 3122 τῷ
2249 3052 2391 3122 Θεῷ.
2430 3053 2503 3107 03
2546 3053 2657 3123 γὰρ
2699 3053 2963 3122 σύγχυσις
3005 3053 3160 3107 ἔσται
3209 3057 3268 3107 ἐν
3301 3059 3367 3125 τῇ
3403 3056 3615 3126 Τριάόι,
3653 3058 3721 3124 τῇ

2134 3147 2228 3198 καὶ
2272 3147 2340 3197 τά
2381 3143 2516 3197 ἄλλα
2559 3147 2638 3207 είς
2684 3145 2840 3209 τάξιν
2879 3146 3090 3217 ἀγούσῃ
3135 3147 3279 3201 κατὰ
3323 3147 3423 3216 τὴν
3469 3148 3724 3216 θεολόγον

2133 3239 2341 3308 φωνήν.
2366 3237 2468 3290 Ἢν
2502 3239 2611 3306 γὰρ
2639 3235 2771 3292 Πᾶν
2797 3237 3042 3308 δώρημα
3069 3237 3302 3292 τέλειον
3329 3239 3564 3294 ἄνωθέν
3591 3240 3725 3294 ἐστι

2134 3327 2523 3393 καταϐαῖνον,
2564 3329 2658 3382 καὶ
2695 3329 2799 3382 οὐκ
2843 3329 2993 3382 ἔστιν
3034 3331 3190 3383 οὐδὲν
3231 3332 3473 3402 χρηστὸν
3514 3333 3571 3384 έν
3609 3335 3726 3394 τοῖς

2133 3421 2449 3491 κτίσμασιν,
2481 3420 2508 3473 ὃ
2543 3420 2618 3491 μὴ
2649 3421 2858 3474 ἐκεϊἹεν
2886 3421 3033 3490 ἥκει,
3065 3423 3279 3493 ἀνάγκη
3313 3424 3462 3476 πᾶσα
3489 3423 3589 3495 τὴν
3621 3425 3722 3477 καὶ

2131 3514 2380 3582 ἀγγέλων
2419 3513 2701 3584 τάγματα,
2743 3513 2838 3566 καὶ
2882 3515 3093 3584 κόσμου
3139 3515 3337 3579 παντὸς
3379 3514 3532 3569 θέσιν
3569 3515 3724 3582 τάξει

2132 3610 2496 3679 κοσμήσασαν
2530 3609 2738 3679 Τριάδα
2770 3609 3029 3679 τετάχθαι
3096 3610 3154 3662 ὲν
3188 3610 3380 3679 ἑαυτῇ.
3415 3610 3560 3680 Πρὸς
3595 3611 3724 3663 τού-

2129 3718 2245 3765 τοις
2278 3703 2375 3755 καὶ
2405 3701 2466 3753 τὸ
2494 3703 2591 3770 τῆς
2619 3699 2838 3772 τριάδος
2869 3702 3042 3770 ὄνομα
3070 3701 3223 3768 τάξιν
3253 3702 3441 3770 δηλοῖ,
3476 3705 3570 3756 καὶ
3600 3704 3727 3757 άδνὶο

2131 3810 2292 3849 νατον
2318 3792 2513 3863 τριάδα
2539 3792 2726 3860 λέγειν
2751 3793 2967 3862 ἀληθῶς
2996 3796 3091 3848 καὶ
3118 3795 3548 3863 πραγματικῶς,
3571 3795 3620 3846 εί
3652 3796 3727 3865 μὴ

2131 3885 2317 3954 σχέσιν
2358 3884 2495 3955 πρὸς
2540 3883 2750 3955 ἄλληλα
2795 3885 2908 3954 ἔχει
2950 3885 3019 3938 τὰ
3062 3885 3213 3956 τρία.
3256 3887 3324 3940 Εἰ
3365 3904 3448 3948 τις
3488 3887 3597 3957 γάρ
3635 3888 3730 3940 δύο

2129 3979 2252 4031 τινὰ
2290 3977 2520 4044 ὑποθείη
2544 4016 2556 4039 ,
2595 3976 2671 4047 μὴ
2707 3978 2894 4046 σχέσιν
2927 3977 3119 4048 έχοντα
3155 3978 3293 4049 πρὸς
3333 3978 3540 4048 ἄλληλα
3575 3979 3728 4033 οἱαν-

2129 4067 2261 4134 οὖν,
2291 4069 2405 4132 δύο,
2425 4070 2486 4120 ού
2518 4067 2648 4129 δυὰς
2670 4105 2685 4129 ,
2715 4067 2890 4122 ἔσται.
2929 4069 2993 4120 El
3027 4068 3083 4121 δὲ
3119 4069 3246 4138 τρία
3280 4069 3365 4138 εἴη
3399 4070 3468 4121 τά
3501 4069 3729 4122 ὑποκεί-

2130 4179 2292 4234 μενα,
2321 4165 2368 4216 εἰ
2401 4165 2501 4233 μὲν
2529 4161 2761 4214 ἕκαστον
2793 4161 2929 4230 πρὸς
2957 4163 3024 4216 τὰ
3050 4162 3214 4214 λοιπὰ
3239 4161 3333 4216 δύο
3364 4163 3552 4232 σχέσιν
3581 4161 3719 4232 ἔχει,

2129 4253 2291 4325 τριὰς
2330 4253 2525 4307 ἔσται’
2563 4253 2614 4304 εἰ
2649 4251 2706 4304 δὲ
2751 4252 2859 4321 μὴ,
2895 4254 3045 4322 τρία.
3082 4253 3143 4305 El
3181 4254 3289 4322 ἄρα
3323 4252 3438 4323 ἔχει
3470 4255 3499 4306 ὁ
3538 4255 3730 4324 Πατὴρ

2131 4347 2270 4416 πρὸς
2305 4347 2396 4400 τὸν
2436 4346 2561 4400 Υίὺν
2597 4347 2690 4400 καὶ
2723 4345 2783 4398 τὸ
2822 4344 3046 4414 Πνεῦμα
3080 4346 3177 4415 τὴν
3211 4346 3334 4400 κατ’
3358 4346 3540 4400 αἰτίαν
3573 4363 3732 4415 φυσι-

2136 4438 2236 4508 κὴν
2273 4439 2461 4508 σχέσιν
2486 4453 2502 4468 ο
2541 4440 2572 4490 ὁ
2612 4438 2670 4490 δὲ
2709 4437 2840 4500 Υίδς
2881 4436 3020 4504 πρὸς
3064 4437 3162 4507 μὲν
3197 4438 3292 4490 τὸν
3331 4438 3552 4508 Πατέρα
3593 4438 3733 4513 ἔχει,

440 4548 549 4600 que
589 4533 657 4586 ad
691 4533 901 4602 reliqua
937 4533 1040 4585 tria
1087 4529 1410 4585 relationem
1461 4528 1648 4594 habet,
1679 4528 1786 4584 erit
1816 4527 1976 4582 Trias
2009 4543 2022 4593 ;

2133 4531 2217 4584 ὃτι
2248 4531 2307 4594 ἐξ
2337 4529 2530 4594 αὐτοῦ,
2559 4530 2697 4600 πρὸς
2725 4528 2784 4582 δὲ
2808 4529 2870 4582 τὸ
2905 4529 3130 4600 Πνεῦμα
3159 4529 3438 4600 οὐδεμίαν,
3469 4529 3594 4585 οὔτε
3626 4531 3734 4603 μὴν

441 4625 524 4677 sin
571 4624 776 4687 minus,
831 4623 956 4677 tria.
1018 4620 1190 4691 Igitur
1238 4621 1284 4676 si
1337 4619 1500 4675 Pater
1557 4636 1686 4688 erga
1719 4620 1940 4683 Filium,
1975 4629 2030 4674 et

442 4729 570 4781 erga
604 4713 871 4782 Spiritum
902 4721 1154 4766 sanctum
1191 4711 1516 4766 relationem
1547 4712 1880 4778 naturalem,
1905 4727 2028 4766 eam

443 4817 665 4872 nempe,
685 4819 809 4872 quae
838 4802 1143 4858 secundum
1173 4818 1394 4859 causam
1424 4813 1528 4868 est,
1552 4803 1831 4874 posSidet:
1855 4801 2033 4858 Filius

443 4908 579 4946 vero
605 4908 734 4963 erga
762 4895 1004 4957 Patrem.
1037 4895 1186 4964 quod
1207 4911 1272 4950 ex
1306 4910 1376 4950 eo
1407 4905 1513 4960 est,
1537 4895 1633 4952 sed
1661 4896 1730 4953 ad
1756 4896 2027 4965 Spiritum

438 4983 673 5051 nullam,
724 4999 904 5055 neque
956 4984 1200 5055 Spiritus
1247 5002 1378 5058 erga
1407 4987 1630 5055 Filium,
1665 4997 1761 5043 aut
1792 4987 2031 5045 dualitas

435 5078 638 5144 luerit,
693 5086 789 5132 aut
835 5088 950 5132 tres
991 5077 1092 5144 dii,
1139 5077 1248 5133 heu
1300 5094 1414 5133 rem
1457 5080 1696 5147 ineptam
1728 5091 1897 5149 atque
1931 5082 2031 5137 ab-

437 5167 707 5223 surdam!
739 5177 795 5224 et
823 5183 933 5223 non
963 5165 1207 5224 Trinitas
1240 5168 1420 5235 Deus;
1471 5184 1638 5237 quam
1687 5169 2030 5239 impietatem

2136 4622 2198 4675 τὸ
2245 4621 2474 4690 Πνεῦμα
2516 4625 2656 4689 πρὸς
2695 4621 2787 4674 τὸν
2832 4621 2983 4687 Υίὺν,
3027 4623 3061 4692 ἢ
3106 4621 3239 4684 δυὰς
3284 4621 3462 4687 ἔσται,
3507 4624 3540 4694 ἢ
3582 4627 3734 4694 τρεῖς

2137 4711 2353 4765 ἔσονται
2380 4712 2528 4776 Θεοὶ,
2551 4711 2656 4778 φεῦ
2684 4711 2782 4782 τῆς
2809 4711 3070 4776 ὰτοπίαςί
3103 4714 3198 4766 καὶ
3223 4715 3286 4766 οὺ
3319 4714 3491 4784 Τριὰς
3517 4715 3546 4768 ό
3574 4714 3730 4778 Θεός.

2145 4804 2250 4856 Ἦν
2289 4804 2354 4874 δὴ
2396 4802 2656 4862 ἀσέϐειαν
2694 4803 2961 4873 φεύγουσι
3005 4809 3118 4869 τοῖς
3159 4806 3508 4870 διδασκάλοις
3553 4807 3736 4869 καλῶς

2140 4895 2363 4963 λέγεται
2387 4937 2402 4962 ,
2437 4898 2531 4948 καὶ
2564 4898 2684 4959 ταῖς
2729 4899 2935 4962 κοιναῖς
2968 4898 3079 4952 τῶν
3114 4899 3466 4968 Χριστιανῶν
3499 4899 3734 4963 ἐννοίαις

2142 4990 2498 5057 πιστεύεται,
2529 4991 2755 5062 ἔχεσθαι
2783 4993 3032 5065 ἀλλήλων
3061 4995 3162 5056 τάς
3195 4993 3350 5058 θεῗας
3379 4969 3735 5058 ὑποστάσεις.
3787 4999 3792 5002 ’

2145 5084 2216 5136 ’Ὀ
2239 5086 2351 5148 τοῖς
2377 5085 2628 5156 Γραικοίς
2653 5085 2905 5156 οὐδαμῶς
2929 5086 3184 5151 σώζεται.
3206 5087 3374 5142 Ὥστε
3401 5088 3680 5142 κινδυν-ύε
3711 5107 3738 5139 ν

2140 5173 2340 5238 αὐτοὺς
2368 5175 2467 5246 τῆς
2499 5176 2577 5238 είς
2609 5175 2815 5244 Τριάδα
2847 5177 3084 5241 πίστεως
3114 5179 3466 5249 ἀποπίπτειν.

445 5265 638 5322 sedula
713 5263 1041 5338 provisione
1103 5265 1449 5322 declinantes
1513 5266 1771 5322 doctores
1822 5268 2029 5336 optime
2069 5268 2431 5338 aﬂirmarunt,
2498 5282 2556 5328 et
2581 5275 2973 5331 communibus
3031 5276 3475 5332 Christianorum
3509 5277 3735 5345 opinio-

447 5360 611 5416 nibus
658 5360 931 5425 creditur.
979 5359 1200 5417 divinas
1277 5362 1604 5434 bypostases
1670 5362 1901 5417 alteram
1948 5365 2108 5422 alteri
2149 5367 2456 5434 milia-rere,
2491 5369 2638 5439 quod
2662 5371 2807 5440 apud
2834 5369 3053 5427 (ira-cos
3077 5371 3237 5442 plane
3264 5373 3609 5442 antiquatum
3631 5385 3737 5441 est,

442 5462 508 5507 ut
528 5452 641 5523 jam
674 5463 964 5510 versentur
986 5455 1041 5510 in
1072 5454 1343 5526 periculo.
1365 5471 1433 5511 ne
1457 5455 1526 5511 de
1551 5456 1658 5512 llde
1679 5458 1735 5512 in
1765 5455 2037 5515 Trinitate
2074 5458 2361 5518 decidant.

519 5542 578 5597 4.
613 5543 772 5609 Quod
798 5543 846 5600 si
894 5545 1158 5613 dixerint,
1193 5547 1416 5604 ‘Filium
1466 5548 2036 5608 consubstantialitate

449 5635 770 5692 relationem
805 5636 1009 5697 habere
1060 5653 1188 5714 erga
1241 5639 1529 5712 Spiritum,
1569 5651 1774 5700 temere
1807 5640 1859 5696 id
1903 5657 2026 5713 pro-

530 5822 544 5849 '
586 5817 700 5876 .laC.
746 5837 786 5883 ι,
824 5822 904 5876 Π.

2214 5553 2277 5608 δ’.
2325 5556 2384 5608 El
2420 5554 2476 5608 δὲ
2510 5553 2757 5622 λέγοιεν,
2793 5555 2870 5619 ὡς
2908 5557 3023 5628 ἔχοι
3061 5559 3247 5629 σχέσιν
3279 5561 3306 5611 ὁ
3343 5559 3471 5622 Υἱὸς
3504 5560 3640 5632 πρὸς
3677 5561 3738 5614 τ)

2140 5644 2363 5716 Πνεῦμα
2409 5647 2474 5716 τῇ
2531 5647 2952 5716 ὁμοσυσιότητι,
2987 5648 3088 5702 οὐκ
3140 5650 3440 5718 ἀναγκαῖος
3475 5651 3506 5704 δ
3545 5651 3739 5722 λόγος,
