4098 6406
427 399 539 464 77:}
1381 391 1480 452 DE
1521 387 2046 452 PROCESSIONE
2091 384 2454 447 SPlRlTUS
2493 383 2784 446 SANCTI.

3606 375 3716 436 ΤΗ

429 517 520 566 ἵνα.
554 513 631 582 μὴ
669 509 853 580 μωρὶς
885 509 1165 581 λέγωμεν.
1197 506 1270 560 Οὐ
1303 505 1412 574 γὰρ
1443 501 1519 572 τῷ
1551 501 1858 573 ὁμοουσίοις
1889 494 2030 552 εἳναὶ

2137 496 2412 560 nuntiant,
2449 511 2516 551 ne
2546 496 2794 550 dicamus
2819 508 2915 548 eos
2943 491 3112 546 stulte
3143 491 3316 562 loqui.
3352 489 3538 560 Neque
3565 491 3713 544 enim

427 623 543 659 τισι
578 605 676 658 καὶ
709 603 896 672 σχέσις
931 605 1258 672 προσέσται.
1291 593 1402 649 Ἦν
1436 595 1548 664 γὰρ
1585 594 1677 647 καὶ
1712 591 2022 664 ἀνθρώποις

433 699 572 751 πᾶσι
615 696 716 766 τῆς
765 695 938 762 αὐτῆς
991 688 1112 746 οὖσι
1157 690 1396 760 φύσεως.
1449 685 1778 740 Τούναντίον
1819 685 1896 750 δὲ,
1943 683 2023 752 τῷ

435 787 724 856 προσεῖναί
755 803 870 840 τισι
911 784 1152 854 φυσικὴν
1187 781 1372 852 σχέσιν
1407 780 1502 832 καὶ
1539 775 1844 846 ὁμοουσῑοις
1885 773 2022 828 εἶναι

435 879 744 933 ἀκολουθεῖ.
771 879 916 948 Πρὸς
943 878 1000 931 δὲ
1029 875 1188 930 παντί
1217 891 1322 928 που
1351 873 1514 943 δῆλον
1543 872 1600 924 ἐν
1627 871 1738 932 τοῖς
1765 869 1929 931 θείοις
1957 870 2023 938 τῇ

437 972 600 1044 οὐσίῃ
626 966 882 1026 ένοῦσθαι
909 971 976 1023 τὰ
1007 971 1300 1042 πρόσωπα,
1329 969 1448 1030 ταῖς
1479 965 1534 1018 δὲ
1567 965 1786 1034 σχέσεσι
1814 961 2026 1031 διακρί-

434 1064 650 1118 νεσθαιι
685 1063 752 1117 Ἦ
789 1062 920 1131 γοῦν
955 1061 1098 1114 κατὰ
1129 1061 1230 1131 τὴν
1262 1059 1560 1128 ὁμοιότητα
1583 1095 1598 1120 ,
1635 1054 1728 1108 καὶ
1764 1053 1825 1106 τὸ
1857 1051 2026 1106 tanta

433 1158 534 1226 τῆς
572 1155 762 1218 οὐσίας
808 1155 994 1224 σχέσις
1033 1153 1094 1206 οὐ
1133 1149 1464 1219 διακρίσεως
1505 1148 1621 1203 ἀλλ’
1647 1145 1916 1207 ένώσεως.
1953 1145 2028 1196 T’)

434 1247 493 1300 δὲ
523 1247 756 1316 Τριάδος
783 1245 958 1315 ὄνομα
977 1284 994 1310 ,
1023 1247 1118 1300 καὶ
1149 1243 1210 1297 τὸ
1237 1242 1461 1314 ἔχεσθαι
1489 1241 1738 1311 ἀλλήλων
1765 1239 1866 1302 τὰς
1896 1239 2027 1292 ὑποε-

439 1344 662 1403 occidat;
698 1339 888 1409 σχέσιν
917 1338 1146 1391 ἀπαιτεῖ
1175 1336 1583 1406 διακρίνουσαν.
1617 1334 1692 1386 Οὐ
1725 1331 1890 1398 σώζει
1919 1333 2026 1402 ἄρα

439 1434 472 1501 ἡ
506 1431 646 1486 κοιτᾶ
674 1431 736 1485 τὺ
763 1429 1054 1500 ὁμοούσιον
1083 1429 1270 1500 σχέσις
1299 1427 1434 1482 Υιοῦ
1463 1427 1556 1480 καὶ
1584 1427 1902 1498 Πνεύματος
1927 1428 2027 1494 τὴν

437 1524 668 1596 Τριάδα.
699 1524 1028 1578 Τούναντίον
1057 1521 1102 1576 δ’
1125 1522 1274 1576 ἅπαν
1306 1523 1400 1574 καὶ
1435 1522 1626 1590 συγχεῖ
1653 1519 1730 1582 ὡς
1759 1519 1936 1584 ὲιοοῦν,
1966 1518 2028 1570 οὐ

437 1617 736 1688 διακρίνον.
764 1617 840 1670 Οὐ
874 1615 984 1687 μὴν
1009 1615 1128 1668 ἀλλ’
1149 1613 1270 1670 οὐδὲ
1297 1613 1475 1677 τάξιν,
1511 1613 1774 1682 σύγχυσιν
1803 1611 1860 1663 δὲ
1895 1610 2030 1680 μᾶλ-

437 1713 532 1765 λον
567 1711 668 1780 τῆς
713 1713 1048 1780 ταυτότητος
1093 1709 1422 1778 παρεισάγει
1468 1708 1500 1777 ἡ
1549 1707 1754 1775 σχέσις.
1797 1705 1874 1758 οὐ
1921 1703 2028 1772 γὰρ

439 1807 640 1876 ἔχομεν
673 1806 736 1872 ἐξ
769 1803 974 1876 αὐτῆς,
1067 1803 1369 1874 ταυτότης,
1401 1802 1454 1854 τί
1483 1801 1630 1863 τίνος
1661 1797 2025 1868 προτάξομεν.

2131 589 2278 658 quod
2311 589 2493 656 aliqua
2530 586 3021 642 consubstantialia
3059 593 3221 648 sunt,
3263 583 3390 640 ideo
3422 595 3478 639 et
3521 585 3716 640 relatio

2133 679 2476 744 intercedet;
2515 694 2752 748 namque
2781 678 3028 734 idetiam
3064 679 3116 732 in
3149 678 3363 732 cunctis
3397 675 3716 730 hominibus

2132 771 2662 842 deprehenderetur,
2684 789 2810 828 cum
2829 787 3021 828 omnes
3045 771 3294 842 ejusdem
3326 781 3538 826 natura!
3563 779 3718 832 sunt,

2133 865 2244 920 imo
2275 881 2406 921 vero
2471 867 2809 935 appositum,
2863 865 2918 918 in
2955 865 3158 934 quibus
3203 863 3474 918 naturalis
3519 863 3719 918 relatio

2137 959 2446 1023 intercedit,
2479 975 2542 1012 ea
2567 966 2624 1012 et
2647 956 3142 1013 consubstantialia
3183 971 3306 1012 esse
3335 957 3717 1025 consequitur.

2137 1049 2404 1104 l’rmterca
2471 1051 2728 1106 omnibus
2769 1061 2958 1104 notum
2987 1057 3092 1113 est,
3135 1049 3190 1104 in
3227 1047 3430 1104 divinis
3453 1061 3719 1118 personas

2135 1140 2374 1196 essentia
2401 1139 2572 1206 uniri,
2605 1139 2966 1194 relationibus
3016 1139 3276 1210 disjungi.
3309 1138 3451 1206 Ergo
3475 1152 3596 1206 qum
3623 1153 3720 1206 per

2139 1235 2582 1300 similitudinem,
2630 1244 2686 1290 et
2727 1233 2870 1289 idem
2927 1244 3140 1288 natura:
3197 1231 3394 1287 relatio
3443 1231 3719 1292 oboritur.

2139 1329 2258 1384 unit
2283 1329 2486 1395 p0tins,
2521 1345 2630 1382 non
2661 1329 2964 1400 disjungit;
2989 1337 3046 1380 at
3077 1325 3366 1379 Trinitatis
3399 1339 3622 1388 nomen,
3663 1333 3720 1377 et

2137 1420 2366 1474 alteram
2397 1420 2554 1474 alteri
2587 1420 2925 1491 bypostasim
2961 1419 3361 1482 adbzercsccre,
3391 1417 3548 1486 plane
3571 1414 3717 1484 quod

2136 1513 2434 1586 disjungat,
2468 1515 2738 1583 exposcit.
2795 1514 2918 1570 Non
2958 1523 3250 1568 conservat
3295 1513 3462 1581 igitur
3503 1509 3716 1574 relatio,

2137 1625 2260 1677 quae
2297 1625 2362 1663 ex
2419 1609 2998 1664 consubstantialitate
3039 1616 3146 1672 est,
3195 1606 3316 1660 Filii
3375 1613 3431 1660 et
3481 1603 3722 1671 Spiritus

2137 1701 2482 1766 Trinitatem,
2544 1701 2640 1755 sed
2687 1700 2860 1755 ferme
2917 1707 3110 1754 contra
3167 1697 3458 1753 confundit
3511 1695 3718 1758 omnia,

2138 1809 2262 1848 cum
2287 1795 2442 1848 uniat
2469 1802 2518 1847 et
2545 1808 2656 1848 non
2673 1793 2949 1864 disiungat
2973 1809 2986 1845 :
3007 1793 3140 1862 quin
3165 1791 3277 1846 imo
3301 1806 3410 1846 non
3433 1787 3713 1850 ordinem.
3771 1837 3796 1846 κ

442 1896 514 1948 Ἦ
551 1896 660 1964 ἄρα.
695 1894 962 1964 σύγχυσιν
995 1877 1053 1946 ἂν
1084 1895 1150 1964 τῇ
1185 1891 1378 1962 Τριάδι
1411 1889 1693 1959 δώσομεν.
1729 1887 1824 1942 καὶ
1859 1887 2030 1950 οὕτως

2137 1886 2232 1942 sed
2291 1887 2676 1942 confusionem
2725 1887 2908 1956 potius
2957 1887 3204 1961 ejusdem
3267 1897 3482 1944 naturae
3531 1887 3726 1944 relatio

443 1987 568 2040 οὐδὲ
611 1987 780 2058 Τριὰς
825 1987 1002 2050 ἔσται,
1048 1986 1080 2056 ἢ
1129 1983 1258 2038 Υἱοῦ
1303 1985 1398 2037 καὶ
1443 1981 1656 2052 [ἰατρὸς
1697 1983 1812 2044 τοῖς
1851 1979 2032 2048 ἁγίοις

445 2079 874 2144 ἀκολουθοῦντες
914 2080 1014 2150 τὴν
1056 2081 1116 2132 έν
1180 2078 1362 2149 σχέσει
1404 2075 1558 2140 τάξιν
1597 2075 2032 2145 ὁμολογήσομεν.

2139 1979 2467 2034 introducit.
2499 1977 2688 2048 Neque
2716 1979 2862 2035 enim
2887 1996 2953 2036 ex
2981 1995 3046 2036 ea
3077 1981 3284 2052 aliquid
3317 1981 3562 2050 arripere
3591 1997 3724 2050 pos-

2143 2087 2357 2135 sumus,
2415 2083 2474 2126 ut
2499 2072 2761 2128 canudem
2808 2083 3064 2128 naturam
3121 2073 3305 2138 infert,
3359 2072 3506 2143 quod
3565 2072 3724 2128 alteri

441 2192 854 2246 praeponamus.
893 2176 986 2232 Vel
1031 2175 1198 2246 igitur
1244 2173 1628 2230 confusionem
1697 2171 1752 2226 in
1799 2169 2072 2224 Trinitate
2113 2169 2504 2234 concedemus,
2563 2176 2620 2224 et
2669 2171 2750 2224 sic
2799 2185 2900 2224 nec
2942 2169 3186 2226 Trinitas
3217 2171 3354 2236 erit,
3385 2179 3480 2226 aut
3519 2168 3638 2223 Filii
3673 2177 3728 2222 ct

441 2272 641 2336 Patris,
683 2271 949 2328 doctrina
983 2280 1298 2326 sanctorum
1344 2269 1680 2334 insistentes,
1717 2265 1966 2322 ordinem
2005 2279 2073 2319 ex
2115 2263 2385 2320 relatione
2419 2267 2881 2322 asseverabimus.

511 2369 574 2426 e'.
617 2369 678 2422 Et
719 2369 776 2422 δὲ
810 2369 903 2422 τὸν
943 2369 1122 2439 μέγαν
1161 2371 1294 2438 ἡμῖν
1331 2367 1650 2437 ὲπιφέροιεν
1687 2365 1994 2436 Γρηγόριον
2017 2403 2031 2426 ,

437 2464 514 2527 ὡς
560 2463 722 2530 ὅπως
763 2463 878 2533 μὲν
917 2463 1106 2518 ταῦτα
1151 2463 1304 2532 ἔχοι,
1347 2461 1623 2530 σχέσεώς
1660 2477 1747 2525 τε,
1791 2461 1889 2513 καὶ
1935 2457 2034 2512 τά·

443 2555 627 2621 Εεως,
659 2555 894 2623 λέγοντα
915 2598 931 2620 ,
965 2552 1122 2622 αὐτῇ
1149 2557 1310 2622 μόνῃ
1339 2553 1414 2622 τῇ
1446 2551 1644 2620 Τριὰδι
1689 2549 2032 2620 συγχωρεῖν

441 2647 695 2711 εἰδέναι,
737 2647 838 2701 καὶ
881 2641 970 2711 οἷς
1009 2646 1088 2699 ἂν
1125 2645 1162 2714 ἡ
1213 2647 1384 2714 Τριὰς
1426 2643 1804 2712 ἀποκαλύψῃ
1851 2659 2029 2696 κεκα-

442 2739 796 2808 θαρμένοις,
839 2737 873 2808 ἥ
921 2738 1018 2792 νῦν
1067 2737 1300 2808 ὕστερον
1342 2737 1578 2790 ἴστωσαν
1607 2735 1776 2804 μηδὲν
1821 2733 2023 2802 λέγειν.

443 2829 506 2882 Et
537 2829 648 2900 γὰρ
683 2829 810 2898 περὶ
837 2827 936 2880 τοῦ
971 2827 1338 2898 προκειμένου
1369 2825 1447 2895 τῷ
1479 2824 1620 2894 ἁγίῳ
1648 2827 1676 2878 ὁ
1705 2824 1864 2892 λόγος
1884 2865 1898 2888 ,
1935 2825 2028 2877 καὶ

441 2922 544 2974 οὒκ
577 2920 942 2992 οἰκονομικῶς
977 2919 1196 2990 εἴρηται
1224 2935 1238 2948 '
1283 2918 1400 2972 ἀλλ’
1428 2919 1620 2988 ὥσπερ
1652 2919 1714 2970 οὑ
1752 2933 2028 2984 συγκατα-

439 3011 650 3066 τίθεται
680 3012 782 3081 τὴν
814 3010 1000 3082 σχέσιν
1029 3012 1238 3080 ταύτην
1269 3013 1363 3064 καὶ
1393 3011 1548 3076 τάξιν
1581 3009 1784 3063 εἰδέναι
1804 3050 1820 3076 ,
1853 3008 2028 3072 οὕτως

441 3101 554 3156 οὐδ’
577 3096 718 3156 εἶναι
747 3101 1016 3172 ἀρνεῖται.
1045 3101 1264 3154 Μᾶλλον
1289 3101 1348 3155 δὲ
1379 3101 1568 3170 σαφῶς
1598 3103 1901 3171 παρίστησι
1929 3099 2028 3169 τὴν

441 3187 816 3266 οἰκονομίανῇ
847 3195 1142 3263 ἐχρήσατο.
1183 3193 1404 3254 Ἐπειδὴ
1433 3193 1544 3262 γὰρ
1569 3193 1680 3246 τῶν
1709 3195 2026 3262 Πνιυματο-

447 3287 642 3356 μάχων
677 3287 868 3340 πολλοὶ
906 3281 1068 3357 ἧττον
1104 3290 1170 3358 τῇ
1209 3287 1371 3355 φύσει
1407 3285 1502 3340 τοῦ
1539 3285 1672 3339 Υιοῦ
1709 3287 1770 3338 τὸ
1809 3285 2032 3353 Πνεῦμα.

440 3381 748 3444 ἐϐούλοντο,
777 3380 864 3434 ἵνα
901 3379 977 3450 μὴ
1011 3382 1266 3451 ἀφορμὴν
1295 3379 1428 3449 ἐνδῷ
1457 3380 1642 3441 αὐτοῖς
1674 3381 1700 3432 ὁ
1732 3379 1907 3446 ἅγιος,
1937 3381 2036 3449 τὴν

441 3475 596 3539 τάξιν
630 3475 838 3540 εἰπὼν,
877 3473 1000 3529 καθ’
1027 3475 1092 3545 ἢν
1127 3475 1270 3544 ἁρχὴ
1304 3471 1398 3526 τοῦ
1444 3473 1761 3540 ΙῙνεύματος
1803 3474 1831 3524 ὁ
1873 3472 1993 3532 Υἱὸς
2015 3511 2030 3536 ,

441 3567 618 3632 οὕτως
647 3569 920 3638 ἐχρήσατο
943 3566 1022 3636 τῷ
1051 3567 1218 3636 λόγῳ,
1251 3565 1536 3627 κάκείνους
1570 3563 1896 3634 βουλόμενος
1931 3563 2034 3614 σῶ-

447 3675 559 3722 σαι,
589 3659 685 3712 καὶ
714 3659 860 3728 ἡμᾶς
885 3657 986 3728 τὴν
1010 3655 1166 3720 τάξιν
1191 3660 1286 3710 καὶ
1315 3656 1504 3726 σχέσιν
1529 3654 1738 3723 ταύτην
1763 3653 1832 3707 δι’
1857 3653 2036 3706 ἀλλων

450 3751 664 3821 ἀνδρῶν
693 3749 922 3814 διδάξαι.
953 3750 1238 3818 Συγχωρεῑ
1263 3749 1372 3820 γὰρ
1399 3746 1850 3817 κεκαθαρμένους
1875 3746 2034 3800 δύνα-

455 3841 580 3896 σθαι
620 3841 828 3910 ταύτην
871 3841 1022 3894 ἰδεῖν.
1062 3840 1238 3894 Τοῦτο
1275 3840 1334 3892 δὲ
1376 3839 1563 3908 σαφῶς
1607 3841 1722 3890 ἐστι
1761 3839 2033 3906 λέγοντος,

447 3933 521 3994 ὡς
557 3935 672 3986 ἐστι
706 3951 788 3994 τις
824 3933 922 3986 καὶ
953 3935 1014 3986 οὐ
1049 3931 1190 3985 κατὰ
1221 3933 1280 3985 τὸ
1316 3931 1626 4000 ὁμοούσιον.
1663 3930 1886 4000 Ταύτην
1927 3930 2036 3999 γὰρ

447 4025 548 4096 βοᾷ
589 4025 782 4091 λέγων,
827 4023 976 4089 Mai;
1027 4023 1296 4091 φύσεως.
1333 4019 1382 4078 ὦ
1425 4017 1610 4088 οὗτοι,
1661 4022 1776 4089 τὴν
1824 4021 2035 4091 Τριάδιι

447 4120 892 4187 ὁμολογήσητε.
921 4117 1046 4177 Πῶς
1075 4115 1168 4170 οὖν
1197 4119 1264 4183 ἣν
1292 4116 1570 4185 συγχωρεῖ
1599 4115 2035 4185 κεκαθαρμένοις

451 4211 910 4279 ἀποκαλυφθῆναι
943 4226 1098 4276 ποτε,
1133 4209 1244 4262 οὐδ’
1266 4208 1408 4264 εῐναι
1439 4211 1500 4262 τὸ
1535 4209 1758 4262 σύνολον
1786 4211 1836 4263 οἱ
1869 4209 2034 4276 Γραι-

449 4305 540 4357 κοὶ
583 4303 872 4372 >.ἐγουσιν;
915 4303 979 4360 ΕΞ
1020 4304 1078 4356 δὲ
1119 4304 1328 4373 ταύτην
1371 4303 1534 4366 αὐτὸς
1577 4305 1636 4355 οὐ
1681 4301 1851 4370 λέγει,
1897 4305 2036 4356 ἀλλὰ

449 4395 732 4459 Batonem;
764 4398 980 4457 ἐκεῖνος
1010 4399 1036 4448 ὁ
1065 4395 1374 4464 πάμμεγας
1408 4395 1505 4446 καὶ
1535 4395 1678 4447 πάνυ
1709 4395 2034 4448 διατείνεται

445 4489 645 4546 οὑτωσὶ
696 4488 922 4556 φάσκων
971 4490 1031 4540 ἐν
1074 4491 1141 4556 τῇ
1191 4489 1330 4554 πρὸς
1377 4487 1670 4549 κανονικὰς
1731 4486 2030 4558 ἐπιστολῇ·

2208 2365 2261 2419 5.
2281 2365 2436 2432 Quod
2462 2367 2506 2420 si
2544 2381 2798 2436 magnum
2830 2365 2990 2420 nobis
3015 2366 3330 2436 producunt
3359 2363 3683 2435 Gregorium
3707 2393 3723 2420 ο

2135 2455 2250 2520 Qua
2285 2458 2396 2510 ha'c
2444 2457 2698 2512 relatione
2729 2469 2776 2512 et
2823 2458 3007 2513 ordine
3053 2460 3195 2512 inter
3227 2474 3339 2511 sese
3369 2459 3622 2522 habeant,
3647 2458 3731 2510 di-

2135 2560 2383 2616 centem,
2421 2551 2528 2620 ipsi
2561 2551 2894 2606 solummodo
2941 2549 3196 2605 Trinitati
3233 2553 3580 2621 cognitionem
3607 2568 3728 2618 per-

2133 2644 2358 2706 mittere,
2393 2651 2442 2696 et
2475 2643 2662 2712 quibus
2707 2643 2940 2698 Trinitas
2995 2645 3110 2712 ipsa
3162 2645 3345 2698 animo
3399 2660 3727 2715 corporaque

2135 2737 2440 2804 expurgatis
2472 2735 2802 2802 revelaverit,
2847 2736 2936 2790 vel
2967 2751 3116 2790 nunc
3172 2737 3393 2792 tandem
3455 2738 3632 2793 sciant
3667 2753 3725 2792 se

2135 2825 2339 2880 frustra
2375 2827 2620 2896 obloqui.
2659 2827 2795 2881 Nam
2847 2828 2890 2882 si
2929 2827 2998 2882 de
3047 2843 3106 2882 re
3161 2829 3440 2898 proposita
3500 2841 3728 2885 sanctus

2136 2919 2480 2974 mcunomice
2543 2921 2762 2976 locutus
2793 2935 2901 2975 non
2951 2929 3053 2987 est,
3113 2923 3574 2990 quemadmodum
3613 2941 3724 2979 non

2137 3013 2344 3081 praebet.
2377 3029 2689 3078 assensum,
2725 3014 2866 3068 banc
2899 3016 3226 3070 relationem
3280 3028 3336 3071 et
3379 3019 3632 3072 ordinem
3664 3035 3724 3074 sc

2137 3113 2350 3175 tenere,
2391 3106 2466 3161 ita
2499 3124 2630 3162 eam
2665 3123 2806 3172 esse,
2841 3109 2987 3163 haud
3034 3110 3248 3166 inficias
3293 3111 3352 3165 it.
3387 3111 3501 3166 lino
3561 3113 3726 3182 plane

2137 3208 2432 3270 aperteque
2455 3201 2710 3270 proponit
2739 3203 3126 3273 meonomiam,
3158 3219 3264 3273 qua
3293 3220 3424 3259 usus
3458 3215 3559 3259 est.
3587 3205 3722 3261 Cum

2139 3289 2288 3341 enim
2318 3289 2566 3359 plerique
2598 3305 2662 3343 ex
2723 3271 3238 3348 Pneu’matomacbis
3277 3296 3540 3366 Spiritum
3587 3297 3726 3354 Filio

2141 3378 2406 3449 imparem
2456 3395 2578 3436 esse
2629 3385 3053 3450 conten-lerant,
3105 3401 3174 3440 ne
3211 3387 3321 3442 illis
3378 3391 3724 3446 occasionem

2140 3481 2364 3558 sanqtus
2421 3473 2686 3542 prmberet
2715 3517 2730 3541 ,
2777 3477 2988 3532 ordinis
3031 3479 3373 3536 mentionem
3433 3483 3723 3546 inducens.

2140 3578 2248 3630 quo
2286 3563 2526 3631 Spiritus
2556 3566 2886 3635 principium
2923 3569 3096 3624 Filius
3124 3581 3228 3636 est,
3259 3583 3314 3627 et
3353 3573 3462 3629 illis
3492 3577 3723 3631 salutem

2139 3654 2457 3722 concilians,
2495 3665 2550 3710 et
2582 3673 2682 3712 nos
2711 3660 2962 3714 ordinem
2992 3675 3048 3716 ct
3087 3663 3410 3720 relationem
3462 3683 3562 3736 per
3587 3671 3727 3726 alios

2138 3745 2400 3812 edocens,
2436 3747 2508 3803 ita
2537 3750 2842 3805 orationem
2877 3751 3141 3822 digessit;
3173 3771 3411 3828 namque
3444 3763 3718 3828 concedit,

2139 3851 2470 3911 cxpurgatos
2504 3859 2623 3899 eam
2656 3860 2812 3914 posse
2841 3861 3193 3918 cognoscere,
3222 3851 3366 3920 quod
3389 3853 3550 3923 plane
3575 3857 3720 3911 idem

2139 3943 2224 3986 est
2256 3949 2320 3988 ac
2372 3937 2416 3990 si
2459 3935 2688 4000 diceret,
2722 3936 2959 4006 aliquam
3013 3953 3158 4003 esse,
3193 3957 3301 3994 non
3343 3952 3526 3999 tamen
3575 3963 3717 4013 eam,

2139 4039 2260 4092 qua:
2290 4041 2356 4078 ex
2386 4026 2578 4079 eadem
2609 4037 2804 4082 natura
2835 4031 2905 4084 sit
2933 4048 2946 4084 :
2976 4031 3116 4086 lianc
3147 4033 3420 4104 siquidem
3455 4037 3560 4092 alta
3587 4055 3720 4096 voce

2137 4115 2411 4170 insinuat:
2439 4116 2602 4172 Unius
2621 4127 2846 4184 natum,
2871 4139 2899 4176 o
2924 4140 3028 4188 vos,
3057 4123 3368 4182 Trinitatem
3419 4129 3718 4198 fateamini.

2137 4207 2253 4276 Qua
2295 4225 2426 4282 ergo
2479 4213 2714 4280 ratione,
2747 4231 2912 4284 quam
2969 4220 3226 4276 concedit
3255 4226 3573 4294 expurgatis
3624 4229 3724 4282 ali-

2138 4303 2360 4370 quando
2415 4305 2704 4360 revelatam
2739 4306 2930 4373 fnisse,
2955 4325 3192 4380 prorsus
3225 4329 3347 4370 esse
3379 4317 3555 4373 Graeci
3595 4335 3724 4390 pcr-

2139 4395 2376 4464 negant?
2405 4395 2561 4460 Quod
2611 4398 2656 4452 si
2687 4413 2808 4453 eam
2860 4401 2975 4470 ipse
3011 4419 3118 4458 non
3167 4409 3452 4476 exprimit,
3490 4411 3725 4467 Basilius

2141 4495 2322 4538 tamen
2375 4486 2464 4540 ille
2503 4488 2774 4544 maximus
2809 4493 3038 4562 epistola
3084 4495 3150 4549 ad
3183 4499 3476 4555 canonicas
3522 4519 3726 4574 pugna-

449 4582 522 4635 Td
551 4580 620 4634 ss
649 4579 894 4649 Πνεῦμα
919 4579 986 4632 τὸ
1015 4579 1190 4648 ἅγιον
1213 4579 1396 4647 Πατρὶ
1421 4580 1542 4648 μὲν
1567 4577 1666 4632 καὶ
1707 4577 1814 4642 Υἱῷ
1842 4595 2030 4632 συνα·

2140 4577 2280 4632 citer
2305 4581 2690 4652 acerrinteque
2729 4586 3040 4641 conslabilit
3089 4589 3198 4645 illis
3239 4609 3252 4645 :
3289 4590 3518 4662 Spiritus
3545 4607 3725 4652 autem

437 4671 753 4740 ριθμεῖται,
786 4673 936 4725 διότι
968 4670 1066 4724 καὶ
1099 4671 1254 4738 ὑπὲρ
1287 4671 1402 4740 τὴν
1431 4673 1638 4726 κτίσιν
1665 4672 1820 4725 ἐστὶ.
1861 4672 2032 4725 Τέτασ

441 4783 578 4823 κται
594 4767 664 4819 δὲ
676 4766 968 4835 τρίτον-ὡς
978 4765 1188 4831 ἐντοῖς
1201 4765 1596 4835 Εὐαγγελίοις
1613 4763 2032 4836 δεδιδάγμεοα,

443 4859 550 4912 τοῦ
587 4857 818 4926 Κυρίου
850 4858 1132 4924 εἰπόντος
1159 4871 1175 4888 ·
1217 4875 1234 4906 ι
1278 4855 1684 4924 Πορευθέντες
1711 4855 2034 4920 βαπτίζεται·

441 4950 668 5015 αὐτοὺς
700 4951 784 5014 εὶς
819 4951 886 5004 τὸ
919 4949 1110 5017 ὄνομα
1145 4948 1254 5003 τοῦ
1289 4948 1542 5015 Πατρός,
1580 4951 1679 5002 καὶ
1715 4947 1820 5002 τοῦ
1867 4947 2030 5012 Υίοῦ,

443 5043 542 5096 καὶ
567 5042 674 5096 τοῦ
700 5043 876 5112 ἁγίου
908 5042 1278 5111 llr-stipatae.
1311 5059 1330 5092 ι
1365 5041 1422 5092 '0
1446 5039 1514 5093 δὲ
1538 5042 1840 5108 προτιθεὶς
1875 5041 2032 5105 Tim),

441 5136 480 5205 ἢ
512 5137 924 5206 πρεσϐύτερον
947 5133 1142 5204 λέγων
1169 5133 1432 5201 Πατρὸς,
1462 5129 1644 5200 οὗτος
1675 5135 2034 5188 ἀνθίσταται

436 5230 556 5297 μὲν
597 5229 712 5297 τῆς
741 5227 857 5282 τοῦ
901 5228 1052 5283 Θεοῦ
1093 5227 1408 5296 διαταγῆς,
1450 5227 1776 5296 ἀλλότριος
1814 5226 1883 5280 δὲ
1923 5226 2027 5296 τῆς

441 5323 843 5390 ὑγιαινούσης
882 5322 1184 5389 πίστεως,
1225 5323 1312 5390 μὴ
1354 5321 1427 5375 ὃν
1466 5322 1770 5390 παρέλαϐε
1810 5325 2036 5389 τρόπον

441 5415 810 5482 δοξολοτίας
842 5413 1191 5484 φυλάττων.
1225 5413 1335 5466 Καὶ
1367 5415 1427 5466 ὲν
1459 5416 1524 5484 τῇ
1563 5413 1697 5484 πρὸς
1734 5415 2035 5468 Εὐστὰοιον

443 5512 532 5562 τὸν
563 5509 746 5580 ἰατρόν
768 5526 782 5542 ο
810 5510 1062 5579 Φεύγειν
1085 5509 1298 5563 δεῖκαὶ
1325 5506 1468 5576 τοὺς
1493 5507 1610 5576 τὴν
1634 5508 2031 5574 ἀκολουθίαν,

443 5596 524 5662 ἢν
553 5593 904 5664 παρέδωκεν
933 5594 1082 5664 ἡμῖν
1113 5597 1147 5648 ό
1181 5595 1426 5662 Κύριος,
1459 5593 1918 5662 ἐναμείὼντας,
1955 5595 2034 5660 ὡς

437 5687 720 5756 φανερῶς
741 5687 1134 5758 μαχομένους
1165 5687 1241 5756 τῇ
1271 5689 1580 5755 εὐσεϐείᾳ,
1616 5687 1718 5742 και
1757 5690 1895 5742 Υίὸν
1918 5689 2034 5758 μὲν

439 5777 910 5848 προτάσσοντας
946 5779 1057 5834 τοῦ
1097 5781 1351 5849 Πατρός,
1401 5779 1539 5833 Υιοῦ
1578 5781 1646 5834 δὲ
1683 5781 1748 5833 τὸ
1789 5781 2036 5850 Πνεῦμα

441 5871 508 5926 to
538 5870 712 5940 ἅγιον
741 5871 1160 5941 προτιθέντας.
1197 5873 1478 5940 Ἀκούεις,
1511 5875 1594 5928 ὅτι
1625 5875 1704 5929 δεῖ
1732 5875 1858 5940 τοὺς
1892 5891 2030 5945 προ-

2135 4680 2350 4725 sanctus
2373 4688 2488 4726 cum
2523 4671 2690 4728 Patre
2721 4685 2768 4728 et
2799 4675 2936 4731 Filio
2970 4695 3376 4749 annumeratur,
3402 4687 3540 4756 quod
3560 4705 3724 4758 supra

2137 4779 2344 4816 omnem
2384 4767 2618 4820 consistit
2650 4779 2955 4825 creaturam
2983 4811 2996 4833 ,
3031 4773 3204 4828 locum
3237 4793 3355 4831 vero
3391 4779 3587 4834 obtinet
3617 4791 3726 4836 ter-

2139 4855 2293 4919 tium,
2326 4857 2770 4925 quemadmodum
2813 4877 2906 4916 nos
2955 4861 3103 4918 docet
3157 4865 3412 4922 Dominus
3456 4857 3510 4925 in
3543 4871 3720 4926 Euan-

2135 4947 2270 5018 getio
2293 4949 2469 5004 dicens
2493 4967 2512 5004 :
2540 4969 2560 5003 ι
2589 4951 2789 5007 Euntes
2819 4955 3084 5025 baptizate
3116 4959 3171 5012 in
3203 4964 3412 5016 nomine
3451 4963 3651 5030 Patris,
3672 4981 3719 5020 et

2142 5035 2358 5102 run,“
2391 5038 2622 5109 Spiritus
2650 5047 2880 5098 sanctia
2919 5045 3022 5111 Qui
3051 5065 3169 5104 vero
3192 5051 3346 5106 illum
3371 5059 3722 5125 pra’posuerit

2138 5127 2296 5194 Filio,
2327 5132 2412 5186 vel
2436 5132 2598 5188 Patre
2623 5135 2818 5190 dixerit
2844 5140 3200 5208 antiquiorem
3232 5159 3366 5209 esse,
3402 5146 3597 5200 resistit
3625 5149 3726 5200 iste

2139 5223 2236 5278 Dei
2269 5225 2615 5290 ordinationi,
2648 5240 2696 5282 et
2733 5249 2764 5284 a
2793 5249 2928 5286 sana
2966 5232 3074 5298 ﬁde
3098 5235 3306 5290 alienus
3331 5239 3568 5303 aberrat,
3597 5239 3724 5295 dunt

2140 5333 2241 5371 non
2271 5331 2545 5374 conservat
2592 5323 2911 5378 inviolatum
2963 5327 3118 5380 illum
3169 5331 3410 5384 ordinem
3453 5332 3726 5402 gloriﬁca-

2138 5411 2314 5466 tionis.
2351 5411 2417 5465 Et
2456 5414 2686 5483 cpistola
2740 5415 2807 5470 ad
2865 5417 3208 5475 Eustathium
3255 5422 3582 5479 medicum:
3629 5425 3724 5480 Vi-

2139 5507 2289 5560 tandi
2313 5517 2458 5571 sunt,
2493 5510 2584 5580 qui
2603 5511 2813 5576 seriem,
2833 5529 2992 5582 quam
3015 5513 3158 5568 nobis
3186 5516 3412 5571 tradidit
3439 5517 3720 5584 Dominus,

2137 5599 2443 5667 immutant,
2485 5611 2740 5673 tanquam
2771 5607 2861 5674 qui
2897 5604 3082 5674 palam
3123 5610 3311 5679 pietati
3345 5611 3718 5680 adversantur,

2137 5699 2186 5744 et
2243 5687 2446 5745 Filium
2503 5691 2660 5746 Patri
2725 5707 3062 5766 prteponunt,
3111 5697 3255 5754 Filio
3283 5717 3405 5755 vero
3457 5701 3720 5773 Spiritum

2137 5792 2404 5839 sanctum.
2459 5785 2660 5852 Audis,
2697 5787 2986 5858 fugiendos
3023 5807 3146 5846 esse
3191 5801 3452 5864 tanquam
3495 5799 3716 5871 impios,

2141 5879 2238 5946 qui
2295 5877 2568 5947 Spiritum
2623 5891 2873 5938 sanctum
2923 5882 3066 5938 Filio
3098 5890 3723 5957 prarponuntiTertius
