4098 6400
407 375 519 441 Ἷ75

1581 377 1926 440 νΟΕΟΠϐΙΙ
1967 379 2480 443 ΤΠΛΡΕΖΠΝΤΗ

3568 377 3677 442 776

415 502 598 568 itaque
623 511 686 549 ex
719 493 876 549 Patre
899 508 1021 548 cum
1047 492 1117 547 sit
1146 491 1402 563 Spiritus,
1438 493 1748 549 necessario
1775 501 1860 547 est
1895 508 1982 547 se-

2095 493 2343 556 τιθέντας
2374 494 2507 548 Υἱοῦ
2538 495 2592 548 τι
2649 494 2880 564 Πνεῦμα
2913 496 3136 565 φεύγειν
3161 496 3233 560 ὡς
3263 496 3514 560 ἁσεϐεἶςς
3545 497 3676 568 τρε-

418 589 633 646 cundus
658 603 685 640 a
709 585 864 640 Filio.

484 771 536 825 6.
579 769 744 837 idque
775 768 903 822 novi
925 764 1236 821 Graecorum
1265 763 1501 836 theologi
1521 779 1628 820 non
1657 765 1986 830 abnuentes,

413 877 447 915 o
501 859 807 916 inscitiam!
842 859 909 914 de
943 858 1246 927 prolatione
1288 855 1578 912 in-ordine
1610 873 1990 913 sermonemia

413 960 602 1008 sancto
633 951 836 1005 factum
868 961 990 1004 esse
1017 947 1262 1002 tradunt.
1296 947 1365 1001 At
1391 961 1526 1001 vero
1551 948 1651 1002 hoc
1681 948 1991 1017 impium-et

411 1059 639 1114 prorsus
681 1044 948 1096 absonum
993 1054 1140 1102 esse,
1177 1053 1286 1092 non
1330 1039 1436 1093 erit
1471 1038 1696 1094 diiiicile
1738 1039 1988 1094 ~demon-

412 1145 610 1189 strare.
669 1133 776 1188 Sed
828 1129 986 1200 prius
1037 1128 1285 1181 ordinem
1313 1127 1588 1198 duplicem
1612 1143 1741 1183 esse
1803 1129 1992 1184 obser-

411 1227 655 1279 vandum
689 1233 807 1287 est;
846 1222 1078 1276 alterum
1105 1260 1119 1282 ,
1148 1219 1242 1289 qui
1277 1219 1331 1272 in
1363 1234 1423 1272 re
1466 1233 1574 1271 non
1617 1227 1720 1284 est,
1753 1218 1847 1274 sed
1885 1234 1989 1273 co-

412 1318 679 1388 gitatione
735 1312 1133 1370 considerantis
1197 1309 1504 1379 eilingitur;
1563 1309 1839 1376 alterum,
1895 1309 1991 1377 qui

415 1425 606 1479 reapse
647 1416 752 1471 est,
797 1415 852 1460 et
901 1405 1242 1466 verissimus,
1284 1418 1393 1456 non
1433 1401 1502 1454 ab
1540 1401 1646 1454 alio
1698 1401 1988 1465 conﬁctos,

413 1503 509 1556 sed
560 1502 614 1554 in
647 1501 812 1555 rebus
854 1497 986 1568 ipsis
1021 1511 1143 1551 esse
1193 1495 1594 1549 consideratus.
1636 1494 1706 1548 Et
1761 1493 1830 1548 de
1886 1492 1992 1550 hoc

415 1602 666 1648 sanclum
697 1595 857 1645 verba
898 1589 1118 1647 fecisse.
1145 1588 1310 1657 patet.
1358 1585 1624 1649 Primum,
1653 1585 1798 1655 quod
1832 1585 1989 1648 ordo,

413 1686 504 1755 qui
540 1699 607 1737 ex
658 1679 1020 1751 dispositione
1071 1677 1356 1732 hominum
1397 1676 1475 1741 lit,
1504 1676 1592 1744 pie
1628 1690 1846 1744 quoque
1888 1674 1990 1728 im-

414 1775 610 1829 mutari
647 1773 869 1843 poterit,
902 1785 1027 1824 cum
1063 1769 1135 1822 sit
1168 1768 1421 1822 humana:
1447 1766 1824 1837 intelligentia:
1841 1781 1991 1820 com-

2097 603 2185 638 τον
2213 587 2323 657 ἄρα
2349 589 2410 640 τὸ
2445 586 2665 656 Πνεῦμα
2699 589 2760 640 ἐκ
2787 587 2882 640 τοῦ
2917 589 3129 659 Πατρδς
3158 588 3246 654 ὂν,
3277 589 3532 660 δεύτερόν
3560 590 3676 642 ἐστι

2099 675 2189 729 τοῦ
2223 675 2352 729 Υἱοῦ
2388 676 2507 730 κατ’
2533 677 2799 746 ἀνάγκην.

2169 775 2245 831 ς’.
2289 767 2462 822 Τοῦτο
2503 769 2560 821 δὲ
2601 771 2650 821 οἱ
2690 768 2796 822 τῶν
2839 768 3093 838 Γραικῶν
3135 768 3528 838 ὁμολογοῦντες
3570 769 3678 822 νέοι

2098 857 2377 927 θεολόγοι,
2414 857 2460 910 ὣ
2500 859 2600 928 τῆς
2647 859 2959 928 άμαοείαςι
3008 860 3137 929 περὶ
3175 861 3277 929 τῆς
3318 861 3378 912 ὲν
3420 861 3679 931 προφορᾷ

2094 949 2304 1015 τάξεως
2341 951 2474 1018 φασὶ
2511 949 2588 1019 τῷ
2623 949 2764 1018 ἁγίῳ
2798 951 3051 1017 γενέσθαι
3083 951 3175 1002 τὸν
3205 951 3383 1018 λόγον.
3419 953 3493 1004 Τὸ
3527 951 3572 1005 δ’
3595 953 3676 1005 ὅτι

2096 1039 2293 1101 ἀσεϐὲς
2328 1040 2421 1092 καὶ
2453 1038 2718 1092 ἀδύνατον
2749 1040 2812 1092 οὐ
2847 1039 3083 1107 χαλεπὸν
3109 1037 3315 1106 defiat:
3346 1041 3511 1096 Ἀλλᾶ
3545 1044 3678 1111 πρό-

2094 1146 2252 1200 τερον
2288 1128 2482 1198 διπλῆν
2517 1123 2657 1181 εἶναι
2691 1131 2791 1198 τὴν
2824 1128 2978 1194 τάξιν
3012 1131 3210 1183 ειδέναι
3247 1130 3361 1197 δεῖ,
3399 1131 3498 1202 μία
3539 1132 3638 1201 μὲν
3662 1175 3675 1196 ,

2094 1221 2219 1292 ἥτις
2251 1219 2328 1290 τῷ
2374 1219 2472 1289 μὲν
2508 1219 2796 1290 πράγματι
2839 1219 2901 1274 οὐ
2944 1221 3241 1291 πρόσεστι,
3282 1221 3578 1275 πλάττεται
3619 1222 3677 1275 δὲ

2093 1313 2304 1383 διανοίᾳ
2349 1309 2444 1364 τοῦ
2497 1311 2932 1382 στοχαζομένου,
2986 1312 3120 1380 μίαν
3168 1312 3226 1365 δὲ
3279 1313 3679 1381 πραγματικὴν

2095 1403 2508 1475 ἀληθεστάτην,
2539 1405 2600 1456 οὐ
2635 1402 3016 1474 πλαττομένην
3047 1406 3197 1473 παρά
3227 1421 3408 1468 τινος,
3441 1404 3558 1457 ἀλλ’
3587 1407 3677 1457 ὲν-

2097 1497 2480 1566 θεωρουμένην
2517 1498 2628 1558 τοῖς
2671 1495 3011 1566 πράγμασιν.
3043 1496 3169 1550 Ὀτι
3210 1496 3267 1550 δὲ
3309 1496 3440 1566 περὶ
3474 1494 3676 1563 ταύτης

2094 1589 2172 1657 τῷ
2206 1588 2346 1658 ἁγίῳ
2377 1588 2404 1640 6
2435 1588 2588 1655 loro;
2623 1588 2804 1658 δῆλον.
2839 1588 3058 1659 Πρῶτον
3089 1589 3206 1658 μὲν,
3238 1589 3321 1642 ὅτι
3351 1590 3384 1660 ὴ
3417 1589 3561 1642 κατὰ
3590 1587 3680 1640 θέο

2097 1696 2182 1732 σιν
2211 1679 2364 1744 τάξις
2401 1683 2494 1732 καὶ
2528 1680 2947 1734 ὲναλλάττεσθαι
2979 1679 3160 1751 δύνητ’
3187 1681 3254 1735 ἂν
3285 1681 3545 1747 εὐσεϐῶς,
3580 1680 3677 1733 ἁν-

2098 1769 2374 1841 Θρωπίνης
2404 1767 2541 1825 οὖσα
2568 1771 2807 1835 διανοίας
2836 1771 3148 1842 ὲφεύρημα.
3188 1772 3402 1842 Ἐκείνη
3431 1772 3513 1836 δὲ,
3545 1774 3681 1842 περὶ

413 1832 704 1924 mentum:
747 1875 811 1920 ‘at
859 1832 955 1920 ille
992 1863 1062 1918 de
1111 1877 1219 1931 quo
1249 1861 1561 1933 Theologus
1611 1832 1828 1914 locutus
1879 1868 1988 1924 est,

2185 1863 2262 1933 τῷ
2291 1832 2525 1933 θεολόγῳ
2551 1865 2579 1916 6
2606 1832 2911 1930 1610;;00;
2942 1832 3253 1934 ἐπιδέχεται
3287 1832 3507 1933 κίνησιν
3526 1832 3677 1917 οἱαν-

413 1959 618 2012 nullam
675 1956 761 2011 sui
814 1952 1171 2009 mutationem
1228 1951 1490 2006 admittit.
1556 1948 1689 2002 Nam
1745 1948 1990 2020 fugiendi

412 2061 560 2116 sunt,
602 2050 696 2119 qui
738 2049 1050 2109 immutant,
1100 2053 1357 2112 tanquam
1403 2040 1733 2111 apertissimi
1769 2042 1991 2111 pietatis

413 2147 621 2197 hostes.
657 2143 926 2195 Przeterea
989 2135 1274 2191 Trinitatis
1306 2148 1592 2198 arcanum,
1620 2147 1728 2188 non
1765 2132 1819 2186 in
1855 2133 1990 2186 sim-

412 2237 649 2306 plicibus
693 2231 900 2295 verbis,
953 2239 1008 2284 et
1063 2226 1227 2281 nudis
1287 2225 1653 2280 relationibus
1709 2224 1989 2291 subsistit,

411 2326 504 2381 sed
548 2324 752 2394 rcipsa,
784 2331 842 2376 et
892 2333 1018 2374 vero
1057 2315 1298 2370 Trinitas
1345 2323 1448 2367 est.
1485 2313 1548 2366 Et
1584 2328 1690 2366 non
1715 2312 1840 2381 quia
1890 2325 1992 2364 nos

407 2420 466 2477 in
530 2416 854 2470 Trinitatem
901 2409 1198 2472 credimus,
1240 2413 1532 2476 propterea
1579 2402 1842 2466 Trinitas,
1894 2398 1990 2454 sed

409 2509 537 2580 quia
572 2505 813 2560 Trinitas
859 2511 980 2566 est;
1024 2500 1148 2554 ideo
1174 2512 1272 2551 nos
1299 2499 1353 2550 in
1385 2494 1713 2549 Trinitatem
1749 2491 1988 2547 credidi-

410 2617 554 2663 mus,
586 2607 642 2655 et
672 2595 930 2666 baptizati
961 2607 1171 2648 sumus.
1214 2591 1395 2656 Quare
1425 2585 1762 2642 censendum
1797 2591 1906 2647 est,
1937 2583 1990 2637 in

410 2695 608 2751 Triade
647 2691 896 2748 ordinem
923 2701 1030 2742 non
1060 2699 1180 2740 esse
1232 2681 1531 2737 secundum
1590 2686 1833 2733 nostram
1877 2675 1992 2731 dis-

411 2788 783 2861 positionem:
829 2791 977 2838 esset
1017 2777 1166 2834 enim
1221 2775 1470 2828 omnium
1509 2769 1990 2827 absurdissimum

410 2887 464 2938 in
517 2890 716 2937 nostra:
749 2871 1099 2947 cogitationis
1139 2871 1359 2924 inventa
1401 2865 1648 2922 credere.
1684 2863 1787 2919 Sed
1843 2861 1990 2933 quod

408 2975 544 3029 ordo
580 2974 633 3027 in
681 2970 955 3024 Trinitate
985 2973 1094 3026 est,
1136 2961 1260 3016 ideo
1320 2959 1410 3012 ille
1459 2956 1785 3012 statuendus
1829 2953 1992 3009 simul

409 3079 572 3136 atque
616 3059 924 3118 credendus
957 3066 1070 3120 est;
1123 3061 1269 3106 etut
1322 3049 1497 3105 Grieci
1540 3047 1813 3112 dicerent,
1867 3059 1995 3114 pro-

409 3158 546 3228 spici
594 3153 844 3209 ordinem
901 3148 956 3202 in
993 3147 1151 3202 Patre
1185 3152 1240 3198 et
1283 3141 1444 3205 Filio,
1487 3155 1597 3194 non
1629 3146 1855 3210 prapter
1889 3151 1991 3191 no-

410 3257 618 3306 minum
651 3245 991 3306 relationem,
1028 3241 1122 3295 sed
1181 3247 1401 3307 propter
1463 3251 1645 3290 rerum
1680 3234 1986 3302 veritatem,

399 3341 802 3414 prmintellecta
835 3349 999 3391 causa
1035 3332 1289 3387 naturali.
1317 3331 1481 3396 Item,
1511 3327 1998 3396 Quemadmodum

409 3435 587 3492 Patris
625 3447 758 3502 erga
822 3427 1085 3498 Spiritum
1142 3425 1465 3479 relationem
1516 3436 1636 3476 esse
1687 3420 1990 3486 credimus,

406 3530 541 3580 licet
588 3524 806 3578 nomina
845 3521 989 3574 inter
1021 3534 1080 3574 se
1125 3533 1235 3571 non
1277 3515 1608 3579 referantur,
1656 3515 1728 3569 ita
1765 3529 1992 3584 prorsus

404 3623 574 3675 debet
603 3633 724 3674 esse
754 3629 809 3673 et
850 3614 968 3670 Filii
1026 3611 1220 3667 relatio
1257 3627 1382 3681 erga
1430 3610 1717 3680 Spiritum.
1753 3607 1906 3674 Quod
1944 3607 1990 3661 si

407 3715 461 3768 id
519 3727 627 3767 non
665 3718 770 3773 est,
807 3722 984 3776 neque
1030 3721 1156 3761 vere
1191 3705 1387 3759 tertius
1434 3703 1541 3759 erit
1595 3700 1858 3772 Spiritus,
1895 3699 1991 3755 sed

407 3815 618 3859 tantum
652 3801 937 3856 nominum
989 3799 1256 3869 positione
1301 3797 1602 3850 collocatus
1645 3794 1904 3848 :Etem‘m
1945 3795 1992 3847 si

407 3897 774 3966 productorem
811 3890 1198 3962 appellabimus
1233 3887 1474 3951 Patrem,
1507 3896 1568 3942 ut
1597 3887 1778 3956 inquit
1808 3885 1986 3950 Nilus,

408 3990 732 4044 Trinitatem
768 3986 1059 4054 abrogatis,
1089 3991 1146 4035 et
1197 3980 1510 4036 Graecorum
1559 3979 1844 4049 theologus
1877 3987 1990 4032 ter-

407 4093 426 4136 t
456 4097 539 4146 us,
572 4079 740 4135 Filius
775 4076 936 4130 ueluti
969 4091 1062 4146 per
1080 4073 1395 4141 productum
1423 4087 1450 4124 e
1471 4071 1830 4142 producente;
1855 4069 1994 4136 quod

398 4175 452 4227 ai
482 4171 718 4234 Patrem,
755 4169 950 4222 tertius.
969 4168 1066 4219 erit
1095 4163 1351 4236 Spiritus,
1383 4173 1640 4235 tanquam
1669 4179 1762 4234 per
1788 4149 1992 4216 Filium

407 4283 473 4321 ea:
519 4265 704 4318 Patre.
769 4261 932 4316 Vides
965 4259 1114 4314 hunc
1167 4258 1312 4312 inter
1359 4255 1558 4310 Filium
1622 4264 1679 4311 et
1723 4255 1990 4326 Spiritum

412 4359 615 4413 mdlam
648 4357 1006 4424 interponere
1029 4349 1394 4406 relationem?
1423 4348 1538 4403 Hoc
1567 4351 1730 4404 modo
1760 4353 1879 4403 duae
1908 4348 1991 4403 hae

410 4455 728 4520 liypostases
779 4441 1198 4500 confunduntur
1243 4440 1313 4496 ab
1347 4441 1466 4510 ipso
1493 4448 1550 4495 et
1594 4440 1770 4511 pietas
1810 4441 1987 4509 palam

2094 1953 2206 2007 οῦν.
2233 1956 2520 2007 Φευκταῖοι
2548 1955 2657 2025 γὰρ
2687 1956 2734 2008 οἱ
2769 1955 3206 2018 ὲναλλάττοντες,
3232 1955 3306 2019 ὡς
3335 1956 3584 2026 φανερῶς
3609 1959 3678 2027 τῇ

2093 2048 2345 2119 εὐσεϐείᾳ
2383 2050 2704 2118 μαχόμενοι.
2736 2051 2967 2102 Ἔπειτα
3001 2050 3055 2103 δὲ
3089 2050 3187 2102 καὶ
3218 2050 3279 2102 τὸ
3312 2053 3411 2118 ττλς
3444 2050 3677 2120 Τριάδο;

2097 2142 2397 2211 μυστήριον
2427 2141 2528 2193 οὐκ
2560 2142 2616 2192 ὲν
2646 2140 2822 2210 ψιλοῖς
2853 2141 3116 2211 ὀνόμασι,
3151 2141 3246 2194 καὶ
3277 2143 3511 2210 γυμναῖς
3541 2142 3682 2195 dva-

2095 2235 2290 2303 φοραῖς
2320 2233 2434 2301 ἔχει
2461 2231 2520 2285 τὸ
2552 2229 2716 2299 εἶναι,
2744 2233 2878 2286 ἀλλὰ
2909 2233 2985 2303 τῷ
3016 2235 3305 2305 πράγματι
3335 2235 3524 2305 Τριὰς,
3555 2235 3682 2303 ἤτοι

2096 2325 2314 2393 ἀληθῶς
2344 2325 2534 2396 Τριάς.
2567 2325 2704 2380 Οὐδὲ
2737 2326 2813 2393 τῷ
2847 2326 2995 2395 ἡμᾶς
3025 2327 3106 2382 είς
3138 2327 3346 2397 Τριάδα
3379 2327 3678 2392 πιστεύειν,

2093 2418 2179 2472 διὰ
2211 2417 2372 2470 τοῦτο
2406 2416 2575 2487 Τριὰς
2596 2455 2612 2483 ,
2657 2417 2774 2470 ἀλλ’
2802 2419 2884 2471 ὅτι
2918 2419 3088 2487 Τριὰς
3133 2419 3583 2489 πεπιστεύκαμεν
3618 2439 3678 2473 τε

2096 2511 2179 2575 είς
2213 2510 2452 2579 Τριάδα,
2497 2511 2593 2564 καὶ
2637 2511 3072 2582 βεϐαπτεσμεθα.
3120 2514 3230 2566 Kal
3263 2513 3362 2583 τὴν
3397 2515 3453 2567 ἐν
3489 2513 3683 2584 Τριάδι

2095 2605 2204 2680 ἄρα
2228 2607 2382 2672 τάξιν
2410 2606 2471 2659 οὐ
2502 2607 2649 2660 κατὰ
2675 2606 2776 2678 τὴν
2805 2609 3078 2679 ἡμετέραν
3107 2609 3257 2663 θέσιν
3283 2605 3425 2664 εἶναι
3456 2627 3684 2664 πιστευ-

2092 2699 2234 2752 τέον.
2283 2698 2506 2751 Πάντων
2550 2698 2658 2766 γὰρ
2701 2697 2768 2752 ἂν
2813 2695 2880 2770 ἦν
2923 2698 3295 2764 ἀτοπώτατον,
3342 2703 3421 2764 είς
3462 2701 3533 2755 τά
3575 2700 3680 2772 τῆς

2096 2788 2376 2860 ἡμετέρας
2399 2788 2640 2853 διανοίας
2665 2788 3016 2860 ἐξευρήματα
3037 2791 3340 2858 πιστεύειν.
3358 2792 3519 2846 Ἀλλὰ
3541 2793 3679 2847 διότι

2096 2884 2249 2949 τάξις
2283 2883 2548 2952 πρόσεστι
2581 2885 2646 2954 τῇ
2683 2883 2913 2954 Τριάδι,
2950 2884 3145 2937 τούτου
3183 2883 3348 2956 χάριν
3383 2885 3554 2954 αὐτὴν
3590 2885 3681 2939 θε-

2094 2977 2216 3030 τέον
2238 2974 2354 3046 ἅμα
2377 2975 2470 3028 καὶ
2494 2975 2811 3029 πιστευτέον
2831 2992 2846 3008 ο
2873 2976 2967 3029 καὶ
2991 2975 3181 3048 ῶσπερ
3201 2976 3267 3030 ἂν
3289 2977 3495 3031 εἴποιεν
3512 2977 3653 3048 -Γραι
3671 3009 3682 3020 -

2097 3068 2186 3121 κοὶ
2227 3065 2651 3137 ὲπιθεωρείσθαι
2683 3067 2780 3138 τὴν
2813 3067 2968 3134 τάξιν
3005 3071 3062 3122 ἐν
3099 3070 3274 3139 Πατρὶ
3316 3069 3411 3122 καὶ
3454 3068 3569 3141 Υἱῷ
3611 3072 3674 3123 οὐ

2020 3185 2063 3243 c
2098 3159 2186 3213 6:6
2215 3160 2314 3230 τὴν
2345 3160 2452 3213 τῶν
2483 3161 2765 3230 ὀνομάτων
2798 3162 3078 3231 ἀναφορὰν
3099 3201 3113 3226 ,
3146 3162 3283 3215 ἀλλὰ
3315 3162 3404 3216 διὰ
3431 3163 3533 3234 τὴν
3564 3163 3674 3217 τῶν

2097 3252 2442 3323 πραγμάτων
2485 3252 2782 3321 ἀλήθειαν,
2829 3254 3317 3324 προθεωρουμένου
3362 3255 3453 3308 τοῦ
3497 3255 3674 3308 αίτίου

2094 3345 2274 3415 φύσει.
2297 3345 2406 3399 Καὶ
2424 3346 2584 3399 πάλιν
2599 3358 2614 3374 ’
2640 3345 2851 3416 Ὥσπερ
2869 3339 2962 3399 τοῦ
2986 3348 3193 3417 Πατρδς
3213 3348 3350 3418 πρὸς
3368 3347 3428 3401 τὸ
3449 3346 3676 3418 Πνεῦμα

2097 3437 2283 3508 σχέσιν
2306 3432 2444 3490 εἶναι
2470 3437 2824 3507 πιστεύομεν,
2851 3439 3029 3492 καίτοι
3053 3456 3113 3507 γε
3142 3439 3247 3492 τῶν
3273 3421 3554 3509 ὀντῖμάτων
3577 3441 3680 3494 οὐκ

2094 3530 2518 3600 ἀναφερομένων
2547 3529 2681 3599 πρὸς
2709 3529 2917 3599 ἄλληλα
2938 3548 2951 3562 ’
2979 3529 3126 3584 οὕτω
3151 3531 3234 3584 δεῖ
3257 3534 3350 3585 καὶ
3381 3532 3510 3585 Υίοῦ
3540 3532 3680 3603 πρὸς

2093 3623 2154 3676 τὸ
2183 3620 2408 3693 Πνεῦμα
2438 3623 2625 3692 σχέσιν
2653 3618 2794 3675 εἶναι
2824 3622 3061 3686 πάντως.
3098 3625 3157 3676 El
3187 3624 3244 3678 δὲ
3277 3624 3376 3695 μὴ,
3403 3627 3464 3678 οὐ
3493 3627 3684 3696 τρίτον

2097 3715 2312 3784 άληθῶς
2339 3715 2398 3768 τὸ
2427 3713 2652 3784 Πνεῦμα
2671 3753 2687 3780 ,
2715 3715 2849 3769 ἀλλὰ
2881 3715 3021 3789 μόνῃ
3048 3719 3111 3786 τῇ
3141 3717 3248 3770 τῶν
3275 3718 3557 3787 ὀνομάτων
3585 3720 3679 3773 θέ-

2097 3823 2181 3860 σει
2219 3809 2540 3876 φερόμενον.
2580 3804 2649 3859 El
2686 3806 2802 3874 μὲν
2836 3808 2946 3876 γὰρ
2985 3809 3283 3876 προϐολέα
3322 3811 3682 3881 καλέσωμεν

2095 3897 2204 3949 τὸν
2243 3895 2504 3966 Πατέρα,
2552 3896 2626 3960 ὥς
2665 3914 2799 3966 φησι
2839 3898 3058 3964 Νεῖλος,
3099 3900 3128 3951 ὁ
3169 3900 3267 3971 τὴν
3309 3903 3514 3972 Τριάδα
3555 3903 3683 3958 ἀθε-

2096 3985 2226 4054 τῶν,
2255 3991 2351 4039 καὶ
2379 3989 2406 4039 6
2431 3989 2540 4040 τῶν
2572 3987 2826 4058 Γραικῶν
2853 3987 3105 4056 θεολόγος
3133 3991 3332 4061 τρίτος,
3361 3995 3395 4047 ό
3436 3995 3569 4062 Υἱὸς
3595 3996 3683 4063 ὡς

2096 4077 2196 4132 διὰ
2234 4077 2340 4132 τοῦ
2380 4079 2806 4150 προϐλήματος
2847 4080 2915 4134 ἐκ
2951 4081 3062 4135 τοῦ
3105 4084 3481 4151 προϐολέως.
3517 4090 3573 4140 εί
3613 4089 3684 4143 δὲ

2095 4168 2334 4238 Πατέρα
2355 4208 2369 4232 ,
2407 4170 2610 4238 τρίτον
2643 4171 2711 4224 τὸ
2749 4170 2994 4239 Πνεῦμα
3015 4213 3031 4237 ,
3064 4172 3146 4239 ὡς
3180 4173 3255 4228 δι’
3290 4176 3428 4230 Υίοῦ
3460 4180 3527 4232 ἐκ
3561 4182 3680 4234 Πα-

2094 4266 2255 4329 τρός.
2296 4262 2523 4326 Βλέπεις
2568 4264 2684 4327 πῶς
2723 4265 2982 4336 οὐδεμίαν
3021 4263 3160 4322 εἶναι
3201 4269 3454 4340 βούλεται
3495 4273 3680 4341 σχέσιν

2096 4351 2228 4405 Υίοῦ
2269 4356 2360 4405 καὶ
2398 4354 2754 4424 Πνεύματος;
2789 4357 2975 4420 Οὐτως
3005 4360 3064 4423 αὶ
3093 4360 3188 4414 δύο
3220 4361 3546 4424 ὑποστάσεις
3576 4365 3684 4417 αὐ-

2095 4459 2185 4497 ται
2229 4443 2554 4513 συγχέονται
2593 4445 2742 4516 αὐτῷ
2786 4449 3043 4519 φανερῶς
3087 4453 3384 4525 μαχομένῳ
3417 4457 3481 4525 τῇ
3525 4455 3683 4508 εὐσε-

409 4548 780 4610 nppugnatur.
833 4537 927 4591 Est
976 4534 1144 4605 igitur
1170 4533 1309 4588 ordo
1340 4534 1484 4587 inter
1533 4533 1860 4603 hypostases
1891 4548 1985 4587 na-

2097 4534 2244 4604 δείᾳ.
2272 4535 2462 4589 Ἔστιν
2513 4535 2622 4605 ἄρα
2667 4536 2818 4602 τάξις
2867 4539 3129 4612 ἀλλήλαις
3176 4547 3297 4607 ταῖς
3349 4546 3681 4601 ὑποστάσεσι

411 4643 557 4695 tura,
605 4645 714 4683 non
756 4628 1038 4681 hominum
1070 4624 1365 4694 positione,
1424 4632 1482 4678 et
1523 4624 1698 4679 Filius
1746 4640 1854 4678 non
1907 4633 1994 4677 est

411 4719 688 4773 secundus
717 4732 746 4769 a
775 4716 1004 4786 Spiritu.
1048 4715 1202 4769 Esset
1235 4717 1382 4769 enim
1416 4716 1610 4770 tertius
1655 4731 1686 4770 a
1722 4716 1901 4782 Patre,
1936 4724 1994 4770 et

412 4810 693 4862 diceretur
743 4807 1058 4876 dependere
1087 4821 1153 4860 ex
1194 4807 1427 4876 Spiritu,
1459 4816 1513 4862 et
1548 4806 1721 4862 Filius
1748 4808 1990 4877 Spiritus

414 4908 851 4968 nuncuparetur,
886 4899 1032 4968 quod
1067 4912 1169 4952 nec
1201 4899 1303 4968 ipsi
1336 4901 1612 4954 daemones
1642 4915 1995 4956 asseverave-

405 4994 546 5046 .rint.
568 4991 766 5046 Totum
797 4989 945 5044 enim
981 4991 1293 5061 Oppositum
1322 4990 1622 5045 aﬂirmatur
1645 5001 1698 5047 et
1724 4993 1990 5057 creditur,

395 5083 679 5151 Spiritum
729 5079 994 5151 Spiritum
1028 5078 1151 5133 Filii
1183 5093 1328 5142 esse,
1361 5089 1416 5133 et
1446 5079 1523 5133 illi
1574 5081 1857 5137 adhaerere
1881 5123 1896 5148 ,
1929 5082 1996 5136 ab

394 5191 592 5245 .eoque
640 5175 976 5244 dependere.
1011 5182 1065 5228 et
1106 5173 1186 5226 sic
1232 5172 1464 5227 verbum
1511 5171 1654 5241 Filii,
1704 5181 1759 5227 et
1811 5189 1877 5228 ex
1928 5189 1995 5229 eo

401 5264 797 5336 progrediens.

485 5356 542 5411 7.
574 5355 702 5411 llaec
738 5369 864 5410 cum
897 5354 971 5409 ita
1001 5367 1060 5409 se
1085 5351 1333 5408 .babeant
1353 5391 1366 5414 .
1397 5353 1650 5422 sequitur
1681 5351 1996 5408 necessario

393 5463 482 5502 .ex
525 5447 683 5502 Patre
709 5458 765 5502 et
787 5443 924 5502 ex.F
930 5447 1044 5509 ilio,
1079 5444 1197 5499 sive
1243 5459 1344 5513 per
1371 5443 1570 5499 Filium
1617 5444 1994 5498 exsistentiam

417 5538 623 5592 habere
673 5536 934 5606 Spiritum
995 5546 1268 5591 sanctum.
1339 5535 1530 5605 Neque
1589 5535 1736 5590 enim
1799 5536 1997 5590 modus

401 5630 555 5682 talius
581 5630 876 5700 excogitari
899 5637 1116 5699 potest,
1151 5629 1245 5699 qui
1297 5628 1500 5683 divinis
1533 5627 1786 5698 personis
1812 5636 1992 5698 aptus,

407 5728 583 5786 atque
633 5720 1024 5774 accommodus
1059 5721 1152 5775 sit.
1180 5719 1301 5786 Quo
1330 5729 1386 5775 et
1431 5719 1680 5774 ordinem
1716 5719 1882 5774 rebus
1938 5720 1994 5776 in

403 5809 550 5878 ipsis
581 5809 943 5876 servabimus,
985 5823 1038 5865 et
1059 5813 1344 5867 doctorum
1387 5811 1531 5865 dicta
1559 5826 1872 5881 sequemur,
1897 5813 1991 5882 qui

2099 4627 2261 4696 φύσει
2283 4668 2298 4693 ,
2331 4628 2392 4679 οὐ
2428 4626 2577 4681 θέσει
2611 4631 2894 4714 παροῦσα,
2931 4636 3024 4688 καὶ
3055 4635 3116 4688 οὐ
3149 4636 3463 4708 δευτερεύει
3495 4641 3523 4692 6
3553 4639 3681 4704 Υίδς

2099 4719 2194 4772 τοῦ
2227 4719 2568 4789 Πνεύματος.
2595 4715 2706 4774 Ἦν
2737 4723 2846 4794 γάρ
2875 4724 2942 4778 ἂν
2971 4727 3154 4798 τρίτος
3182 4730 3293 4783 άπὸ
3322 4731 3412 4784 τοῦ
3446 4732 3678 4802 Πατρὸς,

2099 4811 2197 4865 καὶ
2245 4809 2579 4882 ἐξηρτῆσθαι
2631 4813 2851 4883 ἐλέγετο
2897 4817 2993 4870 τοῦ
3047 4820 3398 4889 Πνεύματος,
3448 4823 3542 4876 καὶ
3586 4823 3678 4878 τοῦ

2103 4897 2424 4966 Πνεύματος
2461 4900 2586 4964 Υἱὸς
2617 4903 2936 4974 ὠνομάζετο
2956 4947 2969 4970 ,
3004 4908 3142 4978 ὅπερ
3173 4909 3283 4962 οὐδ’
3308 4909 3372 4963 ἂν
3407 4913 3455 4965 oi
3489 4912 3679 4982 δαίμο-

2100 5006 2188 5050 νες
2229 4988 2456 5045 εῐποιεν.
2495 4989 2822 5046 Τούναντίον
2856 4996 2956 5065 μὲν
2989 4999 3098 5067 γάρ
3139 4998 3288 5054 ἅπαν
3323 5003 3418 5055 καὶ
3461 5002 3678 5070 λέγεται

2102 5078 2200 5132 καὶ
2240 5079 2561 5132 πιστεύεται
2602 5081 2662 5134 τὸ
2709 5083 2934 5153 Πνεῦμα
2999 5086 3226 5156 Πνεῦμα
3269 5087 3362 5142 τοῦ
3409 5089 3540 5142 Υίοῦ
3583 5092 3680 5143 καὶ

2099 5167 2320 5239 ἔχεσθαι
2361 5171 2525 5224 αὐτοῦ
2561 5173 2657 5226 καὶ
2691 5174 2958 5244 ὲξῆφθαι,
2999 5178 3092 5230 καὶ
3130 5178 3272 5232 οὕτω
3308 5181 3460 5251 ῥῆμα
3504 5181 3634 5236 Υίοῦ
3657 5223 3673 5245 ,

2101 5261 2197 5314 καὶ
2229 5262 2418 5332 προῖὸν
2449 5261 2509 5328 ἐξ
2537 5264 2728 5320 αὐτοῦ.

2172 5352 2240 5418 ζ’.
2279 5353 2500 5407 Τούτων
2533 5354 2707 5420 οὕτως
2741 5357 2996 5428 ἑχόντων,
3030 5361 3243 5434 ἀνάγκη
3281 5365 3433 5419 πᾶσα
3465 5366 3530 5420 ἐκ
3563 5367 3676 5419 Πα.

2101 5445 2229 5516 τρίις
2269 5446 2362 5499 καὶ
2406 5446 2570 5514 Υἱοῦ,
2611 5448 2730 5519 ἢτοι
2771 5449 2838 5503 δι’
2868 5451 2996 5504 Υίοῦ
3041 5455 3185 5523 ἔχειν
3217 5455 3315 5527 τὴν
3350 5456 3583 5528 ὕπαρξιν
3617 5461 3679 5512 τὸ

2101 5538 2327 5610 Πνεῦμα
2357 5539 2417 5592 τὸ
2450 5540 2626 5608 ἅγιον.
2657 5540 2736 5596 Οὐ
2765 5543 2874 5614 γὰρ
2902 5545 3050 5599 ἔστιν
3080 5548 3325 5618 ἐξευρεῖν
3351 5552 3556 5621 τρόπον
3585 5552 3682 5606 άλ-

2101 5630 2194 5681 λον
2236 5632 2345 5692 τοῖς
2390 5629 2555 5693 θείοις
2599 5627 2992 5702 άρμὸζοντα,ᾧ
3035 5636 3131 5688 καὶ
3170 5638 3279 5709 τὴν.
3307 5639 3461 5706 τάξιν
3498 5642 3682 5712 πράγε-

2103 5737 2239 5790 μασι
2289 5720 2602 5791 προσοῦσαν
2647 5723 2980 5794 φυλάξομεν,
3010 5730 3103 5780 καὶ
3132 5732 3254 5792 ταῖς
3284 5731 3393 5786 τῶν
3423 5733 3678 5788 διδασκά-

2100 5813 2209 5866 λων
2241 5813 2680 5885 ἀκολουθήσομεν
2747 5816 2999 5886 ῥήσεσιν.
3039 5820 3233 5876 οἵτινες
3267 5824 3329 5876 ἐκ
3365 5825 3574 5897 Πατρδς
3607 5825 3678 5880 δι’
