4098 6444
394 477 529 544 ’ΠΤ

1335 485 1441 545 DE.
1476 485 1997 548 PROCESSIONE
2041 489 2406 553 SPlRlTUS
2447 489 2738 553 SAMJTL

3557 489 3713 552 7781“

393 597 528 652 Υίοῦ
561 597 844 666 φυσικῶς.
876 598 972 652 καὶ
1003 598 1277 659 οὐσιωδῶς
1312 603 1628 672 προχεῖσθαι
1658 605 1718 656 τὸ
1752 604 1975 674 Πνεῦμα

2107 623 2159 694 ιιι.
2199 606 2365 662 Patre
2411 621 2506 676 per
2563 607 2761 661 Filium
2824 604 3146 660 naturaliter
3183 612 3238 659 et
3295 602 3667 659 cssentialiter

393 689 766 759 θεολογοῦσιν.
809 690 972 744 Ἀλλά
1002 691 1064 744 τὸ
1094 692 1468 762 Θεοφάντορος
1495 696 1680 765 ῥητὸν,
1710 699 1767 749 ὲν
1798 689 1842 764 ᾧ
1869 697 1978 750 διτ-

393 785 498 854 τὴν
531 778 671 837 εἷναι
707 783 961 853 βούλεται
998 783 1098 855 τὴν
1128 786 1318 852 τάξιν,
1354 785 1589 841 τιθέσθω
1627 789 1875 860 πρῶτον,
1914 790 1980 842 ἵν’

401 875 567 941 ἴδοις,
600 875 677 940 ὡς
708 875 738 928 ὁ
770 875 1039 946 βασίλειος
1071 876 1197 942 νοῦς
1227 879 1492 934 πάντοθεν
1522 880 1852 935 καταϐάλλει
1884 881 1982 953 τὴν

397 969 510 1020 τῶν
543 969 798 1038 Γραικῶν
829 970 1110 1026 ἀσέϐειαν.
1146 972 1304 1026 Οὕτω
1336 974 1444 1042 γὰρ
1477 977 1542 1027 αὖ
1556 974 1642 1039 τὸς
1674 976 1829 1030 καλεῖ
1858 979 1984 1040 τοὺς

397 1059 734 1122 ἀθετοῦντας
772 1059 872 1130 τὴν
909 1061 1087 1127 τάξιν.
1127 1061 1219 1116 Ἐν
1257 1061 1387 1130 γοῦν
1426 1065 1504 1135 τῷ
1544 1066 1679 1136 πρὸς
1722 1066 1986 1136 Εὐνόμιον

398 1151 608 1224 πρώτῳ
651 1153 816 1222 φησιν
842 1170 858 1186 ο
899 1155 970 1209 Ἦ
1000 1156 1119 1224 μὲν
1158 1156 1289 1210 ἔστι
1328 1157 1563 1227 φυσικὴ
1604 1159 1794 1225 τάξις,
1837 1160 1874 1227 ἡ
1918 1159 1988 1214 δὲ

399 1244 533 1299 κατ’
553 1244 952 1313 ἐπιτήδευσιν
972 1262 986 1276 ο
1017 1248 1111 1300 καὶ
1145 1246 1264 1315 μετ’
1285 1247 1438 1317 ὀλίγα
1466 1264 1479 1277 ·
1519 1249 1751 1303 Τούτων
1778 1251 1989 1303 τοίνυν

398 1338 469 1390 τὸ
517 1339 813 1406 πρότερον
859 1338 1371 1409 ἀποκρυψάμενος
1420 1342 1454 1394 ό
1501 1340 1826 1407 Εὐνόμιος,
1880 1340 1988 1394 τοῦ

397 1428 689 1498 δευτέρου
745 1431 951 1497 εἴδους
1000 1432 1110 1500 τῆς
1161 1432 1386 1498 τάξεως
1441 1432 1839 1502 ἐπεμνήσθη,
1889 1432 1989 1488 καὶ

400 1522 577 1590 φησι,
602 1523 689 1591 μὴ
721 1523 943 1592 χρῆναι
972 1523 1178 1594 λέγειν
1202 1525 1301 1578 ἐπὶ
1335 1525 1486 1586 Θεοῦ
1517 1525 1714 1592 τάξιν,
1742 1527 1990 1594 ἐπείπερ

400 1615 440 1680 ἡ
489 1611 659 1679 τάξις
700 1612 953 1680 δευτέρα
996 1613 1104 1668 τοῦ
1147 1613 1489 1681 τάττοντος.
1528 1614 1762 1670 Ἐκεῖνο
1807 1616 1876 1668 δὲ
1919 1617 1992 1668 οὐ

399 1703 714 1770 σύνοιδεν,
757 1703 794 1774 ἢ
841 1705 997 1759 ἑκὼν
1035 1707 1454 1775 ἀπεκρύψατο,
1495 1707 1576 1773 ὡς
1618 1707 1749 1760 ἔστι
1790 1723 1844 1760 τι
1884 1703 1990 1773 τῆς

403 1796 630 1862 τάξεως
653 1792 839 1863 εἶδος,
867 1799 979 1851 οὐκ
1004 1797 1073 1852 ἐκ
1102 1796 1212 1866 τῆς
1238 1799 1376 1866 παρ’
1398 1798 1570 1868 ἡμῶν
1592 1799 1818 1864 θέσεως
1845 1814 1993 1854 συν-

405 1887 756 1958 ιστάμενον,
785 1890 948 1944 ἀλλὰ
973 1888 1048 1958 τῇ
1078 1888 1232 1944 κατὰ
1260 1891 1454 1960 φύσιν
1479 1891 1808 1958 ἀκολουθίᾳ
1841 1906 1996 1960 συμ-

403 1957 635 2046 ϐαῖνον,
668 1982 744 2047 ὼς
777 1979 858 2046 τῷ
892 1957 1041 2049 πυρί
1070 1983 1218 2050 πρὸς
1250 1957 1315 2036 τὸ
1353 1981 1482 2052 φῶς
1515 1983 1649 2036 ἐστι
1680 1984 1746 2037 τὸ
1779 1957 1850 2047 ἐξ
1883 1957 1989 2038 αῦ-
2026 1957 2065 2012 Β

404 2070 532 2127 τοῦ.
563 2073 659 2126 Ἐν
682 2074 918 2141 τούτοις
945 2075 1055 2144 γὰρ
1083 2076 1377 2144 πρότερον
1399 2076 1467 2129 τὸ
1496 2076 1691 2130 αἴτιον
1712 2075 1990 2146 λέγομεν,

403 2164 690 2232 δεύτερον
722 2165 790 2219 τὸ
824 2167 927 2221 ἀπ’
954 2166 1179 2230 αὐτοῦ,
1216 2169 1288 2222 οὐ
1327 2167 1688 2238 διαστήματι
1724 2168 1997 2237 χωρίζον-

405 2271 508 2319 τες
547 2255 650 2309 ἀπ’
677 2256 972 2326 ἀλλήλων
1011 2258 1217 2326 ταῦτα,
1263 2260 1424 2314 ἀλλὰ
1461 2259 1541 2324 τῷ
1581 2258 1853 2330 λογισμῷ
1890 2260 1997 2315 τοῦ

405 2346 678 2401 (ινιτιατοῦ
705 2349 1217 2418 προεπινοοῦντες
1242 2351 1305 2406 τὸ
1337 2353 1549 2408 altior.
1579 2354 1762 2408 Ταῦτα
1788 2354 1997 2408 ἐκείνου

409 2436 505 2489 τοῦ
537 2435 683 2491 θείου
715 2439 910 2510 ἀνδρὸς
943 2441 1200 2511 βοῶντος,
1235 2446 1328 2499 καὶ
1363 2446 1638 2516 μηδεμίαν
1665 2447 1834 2517 ἄλλην
1863 2450 2000 2502 dmo-

408 2527 699 2597 δεχομένου
729 2530 906 2599 τάξιν,
937 2536 983 2587 εί
1017 2537 1091 2605 μὴ
1121 2536 1222 2605 τὴν
1253 2535 1376 2589 κατ’
1404 2536 1578 2591 αἴτιον
1610 2539 1703 2591 καὶ
1735 2541 1997 2604 αἱτιατδν,

410 2623 507 2674 καὶ
534 2621 754 2685 ἀσεϐεῖς
781 2623 1185 2689 ἀποκαλοῦντος
1216 2627 1341 2689 τοὺς
1372 2628 1447 2698 μὴ
1478 2629 1858 2694 πιστεύοντας,
1883 2634 2002 2702 τρί-

407 2731 505 2768 τον
533 2711 677 2769 εῐναι
711 2717 772 2770 τὺ
805 2717 1062 2787 Πνεῦμα,
1097 2722 1188 2773 καὶ
1222 2721 1362 2790 μετά
1394 2720 1484 2773 τὸν
1517 2721 1644 2776 Υίδν
1671 2723 1998 2791 τάττεσθαι,

410 2810 531 2874 πῶς
576 2811 714 2875 ὅλως
763 2812 1114 2882 ἀποτολμῶσι
1166 2813 1349 2882 λέγειν
1393 2815 1441 2867 οἱ
1486 2815 1733 2886 Γραικοὶ,
1778 2817 1855 2881 ὡς
1901 2818 2002 2872 οὐκ

409 2903 564 2956 ἐστιν
596 2904 656 2968 ἐξ
689 2903 820 2957 Υίοῦ
856 2905 916 2958 τὸ
947 2905 1210 2977 Πνεῦμα;

482 2995 557 3067 η’.
602 2996 744 3050 Ἀλλ’
773 2992 905 3050 εἷεν.
949 2998 1024 3050 Τὸ
1062 2998 1120 3052 δὲ
1166 3000 1515 3072 προχεῖσθαι,
1559 3001 1655 3054 καὶ
1694 2999 2002 3064 ὲκόλύζειν,
2051 2987 2056 2991 ’

411 3093 510 3146 καὶ
547 3091 831 3162 προῖέναι,
870 3091 963 3145 καὶ
998 3092 1300 3163 πεφηνέναι
1333 3095 1397 3147 ὲκ
1434 3093 1647 3163 Πατρὸς
1681 3091 1748 3146 δι’
1777 3091 1911 3145 Υιοῦ
1945 3091 2005 3144 τδ

415 3181 667 3252 Πνεῦμα,
701 3185 775 3256 μὴ
809 3184 909 3238 οὐκ
940 3182 999 3250 ἐξ
1031 3185 1162 3239 Υίοῦ
1199 3182 1338 3240 εἶναι
1367 3187 1428 3240 τὸ
1461 3186 1684 3256 Πνεῦμα
1715 3185 2002 3256 pastum;

410 3276 602 3331 Ταῦτα
633 3277 680 3331 δ’
704 3277 786 3331 ὄτι
819 3276 1036 3342 πολλοῖς
1067 3278 1316 3332 λέλεκται
1347 3280 1456 3332 τῶν
1486 3278 1662 3347 ἁγίων
1681 3321 1693 3344 ,
1725 3273 1876 3343 οἶδας
1907 3295 2008 3332 και-

412 3373 526 3436 λῶς
546 3415 561 3438 ,
593 3374 690 3426 καὶ
719 3371 806 3426 διὰ.
834 3371 995 3426 τοῦτο
1024 3371 1228 3451 οιλχρὴ
1261 3371 1536 3442 παράγειν
1566 3371 1693 3434 τοὺς
1722 3370 2005 3440 λέγοντας.

411 3467 719 3537 Σκοπῶμεν
745 3465 1061 3535 τοιγαροῦν,
1097 3468 1145 3518 εί
1175 3464 1248 3528 ὡς
1278 3465 1359 3518 δεῖ
1390 3463 1564 3518 ταῦτα
1595 3465 1826 3532 Γραικοὶ
1857 3463 2010 3516 νοοῦ-

418 3577 523 3614 σιν.
566 3559 818 3627 Ἀρκέσει
853 3558 961 3628 γὰρ
994 3555 1154 3611 τοῦτό
1190 3573 1293 3611 σοι.
1330 3556 1403 3608 Τὸ
1442 3555 1803 3626 προχεῖσθαι,
1837 3553 2007 3622 φασὶ,

420 3651 513 3702 καὶ
547 3647 833 3712 ἐκϐλύζειν
855 3687 869 3713 ,
903 3650 998 3700 καὶ
1031 3649 1280 3718 πρτῖέναι
1303 3688 1316 3709 ,
1353 3647 1448 3700 καὶ
1483 3647 1781 3716 πεφηνέναι
1814 3645 1870 3711 ἐξ
1904 3646 2014 3714 ἀμ.

425 3744 544 3810 φοῖν
565 3782 582 3806 ,
613 3738 734 3812 ἦτοι
766 3743 830 3793 ὲκ
869 3741 1080 3808 Πατρὸς
1113 3741 1163 3792 δί
1197 3739 1328 3792 ἴῖἱοῦ
1363 3740 1424 3791 τὸ
1459 3728 2011 3808 Πνεῦμα,’δευτέραν

399 3826 548 3888 ’τινὰ
582 3833 840 3904 σημαίνει
879 3831 1107 3902 πρόοδον
1130 3875 1145 3898 ,
1181 3832 1304 3885 καθ’
1333 3831 1401 3902 ἣν
1437 3833 1514 3902 τῇ
1544 3831 1720 3885 κτίσει
1754 3831 2010 3900 δωρεῖται

420 3929 483 3981 τὸ
516 3926 774 3996 Πνεῦμα,
806 3926 834 3979 ὃ
867 3927 998 3996 ἡμῖν
1027 3923 1229 3978 δίδοται
1257 3924 1316 3976 οὐ
1353 3924 1503 3994 παρὰ
1536 3923 1636 3976 τοῦ
1665 3923 1877 3993 Πα-τρὸς
1914 3923 2016 3993 μό-

421 4038 539 4087 νον,
567 4020 701 4072 ἀλλά
819 4018 911 4070 καὶ
942 4017 1089 4083 παρὰ
1112 4016 1234 4074 ιτοῦ
1258 4016 1434 4087 ζΥὶοῦ.
1467 4017 1711 4086 Διανομὴ
1739 4011 1832 4070 οὖν
1859 4034 2015 4086 χαρι-

424 4115 654 4187 σμὰτων
685 4112 824 4182 αῦτη
858 4108 1043 4181 οὖσαὴ
1064 4111 1291 4181 πρόοδος
1324 4112 1418 4163 καὶ
1450 4110 1627 4182 χρόνῳ
1659 4111 1756 4164 καὶ
1790 4111 1926 4179 πρός
1959 4108 2013 4161 τί

423 4211 544 4261 ἐστι
577 4208 668 4260 καὶ
701 4204 830 4276 παρ’
854 4204 1188 4274 ἀμφοτέρων
1216 4219 1230 4235 ·
1267 4203 1299 4272 ὴ
1327 4201 1396 4255 δὲ.
1418 4201 1624 4263 ἀΐδιος,
1655 4201 1781 4255 καθ’
1806 4203 1871 4272 ἢν
1900 4201 2016 4272 ἔχει

423 4302 488 4355 τὸ
515 4301 819 4370 ὑφεστάναι
851 4299 912 4350 τὸ
939 4295 1180 4366 Πνεῦμα,
1204 4298 1268 4347 ὲκ
1302 4295 1466 4364 μόνου
1499 4296 1616 4346 ἐστὶ
1646 4293 1742 4347 τοῦ
1776 4295 2012 4364 Πατρός.

429 4392 624 4447 Ταῦτα
652 4392 904 4461 λέγοντες
932 4388 1068 4459 πρὸς
1095 4387 1172 4458 τῷ
1203 4387 1372 4458 μηδὲν
1398 4387 1497 4456 τὴν
1521 4387 1677 4451 τάξιν
1703 4388 2020 4456 φυλάττειν,

426 4489 569 4556 ὅπερ
603 4484 797 4548 ἀσεϐὲς
831 4482 1246 4546 ἀποδέδεικται,
1279 4480 1399 4533 οὐδὲ
1437 4477 1704 4550 Κύριλλον
1737 4476 2019 4532 αἰδοῦνται

429 4581 524 4634 τὸν
551 4581 714 4645 θεῖον,
744 4576 946 4631 οὑτωσί
977 4594 1079 4630 που
1108 4575 1338 4644 λέγοντα
1367 4575 1425 4625 ὲν
1449 4572 1529 4642 τῷ
1557 4572 1693 4642 πρὸς
1721 4572 2016 4642 Νεπόριον

2082 699 2287 753 edundi
2323 701 2565 754 tradunt.
2599 698 2705 753 Sed
2738 707 2864 752 ante
2915 698 3098 753 omnia
3131 706 3341 752 secreta
3371 696 3668 751 revelantis

2083 789 2267 845 Basilii
2304 790 2510 844 dictum
2545 788 2807 843 all‘eratur
2843 788 2896 841 in
2949 787 3210 848 medium,
3258 801 3367 856 quo
3391 785 3666 854 duplicem

2084 883 2333 937 ordinem
2366 883 2583 951 probat,
2621 891 2680 935 ut
2724 881 2852 935 inde
2878 879 3260 950 deprehendas
3289 887 3528 934 mentem
3575 893 3668 931 rc-

2085 975 2226 1044 giam
2278 974 2454 1028 modis
2502 971 2762 1028 omnibus
2787 971 3104 1028 Graecorum
3139 971 3477 1040 impietatem
3509 967 3666 1022 refel-

2085 1066 2221 1120 lere.
2292 1065 2383 1121 Sic
2417 1066 2565 1120 enim
2622 1065 2738 1135 ipse
2793 1079 2889 1119 eos
2939 1062 3212 1134 nominat,
3277 1061 3369 1130 qui
3417 1059 3671 1114 ordinem

2088 1159 2368 1230 rejiciunt.
2409 1157 2594 1213 Prima
2647 1158 2832 1228 itaque
2868 1157 3134 1211 adversus
3162 1153 3492 1210 Eunomium
3546 1167 3676 1206 ora-

2090 1251 2241 1305 tione
2291 1250 2460 1306 dicit:
2525 1249 2719 1304 Verum
2761 1258 2838 1304 est
2862 1254 2992 1303 ordo
3024 1249 3107 1303 hic
3132 1247 3344 1318 quidem
3382 1246 3672 1307 naturalis,

2089 1344 2182 1398 ille
2251 1359 2369 1397 vero
2425 1343 2762 1410 artiﬁciosus,
2817 1353 2874 1398 et
2927 1341 3115 1412 paucis
3167 1340 3433 1394 annexis:
3475 1337 3675 1392 Horum

2092 1439 2318 1508 primum
2353 1453 2470 1490 cum
2502 1436 2814 1492 occultasset
2859 1435 3176 1497 Eunomius,
3217 1432 3432 1487 secundi
3478 1431 3679 1485 ordinis

2093 1529 2410 1581 mentionem
2436 1528 2600 1596 facit;
2647 1527 2827 1597 aitque
2880 1542 2986 1580 non
3037 1533 3281 1594 oportere
3321 1525 3494 1578 dicere
3537 1521 3681 1576 ordi-

2069 1609 2212 1673 ~nem
2235 1635 2346 1672 εεεε
2373 1619 2428 1672 in
2460 1617 2588 1679 Deo,
2625 1617 2874 1687 quoniam
2926 1615 3056 1669 ordo
3087 1615 3139 1668 in
3182 1613 3470 1667 ordinante
3511 1617 3684 1678 poste-

2095 1713 2205 1765 rior
2234 1720 2333 1765 εει.
2361 1709 2508 1764 Illud
2529 1725 2647 1763 vero
2672 1717 2769 1763 aut
2810 1725 2916 1762 non
2949 1706 3348 1768 animadvertit,
3381 1714 3473 1756 aut
3503 1702 3682 1757 volens

2095 1803 2428 1874 prudensqne
2459 1802 2708 1867 occuluit,
2749 1800 3019 1872 quoddam
3050 1798 3292 1854 videlicet
3336 1795 3536 1850 ordinis
3572 1808 3684 1848 esse

2101 1910 2260 1964 genus
2293 1910 2396 1950 non
2431 1903 2614 1948 nostra
2644 1895 2992 1948 constitutum
3023 1888 3381 1961 dispositione,
3405 1887 3497 1941 sed
3517 1887 3683 1955 ipsius

2098 1996 2308 2041 natura:
2358 1988 2410 2041 vi
2458 2003 2802 2057 consequens,
2834 1982 3132 2054 cujusmodi
3159 1989 3238 2036 εει
3270 1982 3406 2052 ignis
3445 1988 3496 2033 et
3531 1979 3683 2042 lucis,

2097 2096 2213 2151 qua:
2240 2079 2304 2134 ab
2324 2082 2438 2149 ipso
2464 2090 2559 2134 εει.
2592 2077 2736 2132 Nam
2767 2081 2821 2132 in
2849 2077 2912 2131 iis
2944 2077 3176 2148 priorem
3206 2089 3316 2128 esse
3344 2088 3562 2127 causam
3600 2071 3684 2123 di-

2097 2173 2284 2234 cimus.
2329 2173 2588 2242 posterius
2615 2188 2736 2226 vero
2787 2171 2930 2239 quod
2968 2170 3034 2224 ab
3073 2171 3186 2239 ipsa
3218 2176 3333 2233 est,
3371 2182 3476 2221 non
3521 2166 3687 2219 inter-

2099 2266 2240 2322 rallo
2304 2267 2412 2320 hinc
2462 2266 2528 2318 ab
2581 2265 2800 2318 invicem
2854 2263 3182 2325 dirimentes,
3232 2261 3324 2316 sed
3361 2259 3685 2330 cogitatione

2099 2362 2245 2429 prius
2287 2375 2446 2426 quam
2479 2359 2718 2429 eﬁ'ectum
2756 2373 2976 2412 causam
3017 2354 3393 2425 intelligentes.
3453 2353 3580 2408 ΠΜ
3631 2361 3688 2406 et

2103 2450 2302 2506 similia
2362 2445 2551 2504 divino
2602 2448 2697 2502 illo
2758 2449 2880 2502 viro
2936 2447 3302 2512 exclamante,
3361 2443 3687 2510 nullumque

2104 2544 2272 2598 alium
2299 2541 2548 2597 ordinem
2585 2549 2926 2610 acceptante,
2964 2555 3129 2609 quam
3180 2552 3328 2592 eum,
3360 2536 3454 2607 qui
3488 2535 3688 2590 subsc-

2104 2637 2292 2707 quitur
2321 2651 2388 2691 ex
2439 2634 2640 2689 eli-ecta
2672 2645 2938 2692 etcausa.
2991 2639 3046 2686 et
3097 2629 3296 2699 impios
3323 2627 3690 2697 couiipcllante

2105 2745 2223 2793 eos,
2269 2729 2362 2798 qui
2404 2743 2512 2782 non
2541 2727 2796 2792 credunt,
2842 2724 3063 2780 tertium
3115 2738 3236 2778 esse
3292 2721 3582 2792 Spiritum,
3634 2729 3692 2774 et

2109 2830 2232 2892 post
2287 2821 2486 2876 Filium
2519 2818 2802 2884 collocari,
2846 2834 2954 2889 qua
2989 2817 3204 2872 ratione
3261 2814 3467 2870 audent
3514 2811 3692 2870 Graeci

2110 2913 2491 2984 pronuntiare,
2527 2911 2792 2981 Spiritum
2823 2925 2930 2964 non
2960 2924 3082 2965 esse
3107 2923 3174 2963 ex
3207 2907 3382 2962 Filio?

2180 3005 2234 3060 8.
2263 3003 2369 3060 Sed
2402 3011 2544 3059 esto.
2577 3003 2647 3055 At
2686 3000 2918 3066 etl’undi,
2955 3009 3011 3055 et
3045 2999 3387 3064 exsilirc,.et
3410 2993 3692 3067 progredi,

2108 3107 2164 3154 et
2195 3113 2461 3169 apparere
2486 3096 2750 3167 Spiritum
2783 3112 2864 3152 ex.
2899 3096 3066 3152 Patre
3102 3107 3201 3163 per
3251 3091 3479 3155 Filium,
3506 3104 3716 3143 annua-

2111 3208 2176 3246 cx
2203 3191 2342 3246 Filio
2371 3189 2634 3260 Spiritum
2655 3205 2778 3244 esse
2814 3189 3046 3244 sonant?
3070 3185 3197 3241 llaec
3224 3185 3368 3256 apud
3398 3183 3697 3256 plerosque

2032 3305 2078 3368 ρ
2112 3285 2302 3340 Patres
2329 3283 2544 3346 haberi,
2573 3282 2840 3352 tute-ipse
2863 3284 3071 3352 optime
3101 3281 3266 3346 nosti,
3299 3285 3700 3348 proptereaque

2112 3388 2431 3434 asserenles
2473 3378 2526 3431 in
2580 3375 2821 3431 medium
2857 3373 3126 3431 afferendi
3180 3387 3288 3427 non
3323 3379 3473 3426 sunt.
3520 3369 3701 3435 Quare

2111 3473 2564 3536 consideremus,
2603 3486 2672 3525 an
2714 3470 2912 3531 Gra'ci,
2968 3469 3043 3522 uti
3083 3465 3335 3532 addecet,
3376 3463 3464 3518 illa
3491 3462 3702 3517 intelli-

2110 3575 2262 3634 gent,
2298 3563 2443 3633 quod
2475 3563 2606 3619 satis
2651 3563 2752 3618 tibi
2797 3562 2982 3617 fuerit.
3023 3558 3276 3621 Eﬂ'undi,
3332 3556 3611 3625 inquiunt,
3644 3563 3703 3609 et

2110 3656 2356 3718 exsilire,
2389 3663 2448 3710 et
2475 3654 2752 3724 pragredi.
2805 3663 2861 3708 et
2892 3666 3162 3723 apparere
3191 3651 3260 3704 ab
3293 3657 3548 3717 utroque,
3585 3647 3701 3701 sive

2111 3765 2178 3804 ex
2212 3749 2369 3802 Patre
2401 3763 2500 3814 per
2526 3746 2724 3802 Filium
2763 3745 3025 3815 Spiritum
3053 3788 3067 3810 ,
3105 3743 3419 3799 secundum
3445 3753 3702 3810 progres-

2113 3858 2235 3898 sum
2281 3843 2611 3914 signiﬁcant,
2656 3855 2766 3910 quo
2821 3837 3062 3908 Spiritus
3116 3843 3388 3891 creaturae
3439 3832 3699 3895 donatur,

2113 3938 2209 4008 qui
2243 3937 2400 3991 nobis
2435 3951 2542 3990 non
2583 3949 2614 3988 τι
2660 3933 2820 3988 Patre
2847 3927 3228 3991 solummodo,
3264 3925 3361 3981 sed
3394 3933 3451 3979 et
3502 3938 3532 3978 a
3570 3922 3704 3978 Filio

2115 4041 2335 4096 queque
2364 4023 2676 4078 exhibetur.
2714 4020 3044 4090 Progressus
3087 4018 3277 4087 itaque
3308 4015 3572 4081 hic,~cum
3603 4012 3707 4065 do-

2116 4133 2316 4172 norum
2377 4113 2689 4184 dispartitio
2753 4111 2848 4174 sit,
2882 4118 2940 4164 ct
2982 4123 3250 4176 tempore,
3304 4114 3361 4160 et
3396 4103 3462 4158 ad
3497 4103 3705 4170 aliquid

2119 4208 2232 4270 ﬁat,
2275 4207 2341 4260 ab
2377 4214 2613 4274 utroque
2642 4209 2768 4256 est:
2804 4209 2860 4255 at
2896 4198 3266 4268 sempiternus
3299 4195 3392 4250 ille
3429 4210 3538 4264 quo
3581 4192 3709 4262 Spi-

2119 4301 2261 4355 ritus
2295 4297 2484 4362 habet,
2531 4307 2591 4350 ut
2645 4295 2933 4356 subsistat,
2983 4307 3049 4347 ex
3079 4291 3196 4345 solo
3228 4288 3389 4343 Patre
3439 4297 3543 4343 est.
3582 4285 3708 4341 llaec

2119 4399 2519 4454 asseverantes,
2577 4399 2636 4442 ut
2689 4386 2940 4441 ordinem
2998 4397 3224 4453 prorsus
3266 4381 3507 4451 ejiciant,
3555 4379 3706 4449 quod

2122 4485 2354 4556 impium
2381 4499 2516 4538 esse
2541 4482 2988 4536 demonstratum
3005 4486 3118 4542 est,
3153 4476 3402 4530 divinum
3440 4473 3706 4545 Cyrillum

2126 4576 2352 4629 minime
2402 4581 2765 4635 reverentur,
2826 4570 2899 4623 ita
2963 4567 3213 4623 oratione
3270 4564 3336 4618 ad
3397 4562 3707 4618 Nestorium

431 4673 620 4742 λόγῳο
666 4671 733 4724 El
780 4667 880 4723 καὶ
928 4667 1102 4722 ἐστιν
1146 4666 1218 4720 ἐν
1267 4666 1609 4720 ὑποστάσει
1656 4664 1722 4719 τὸ
1777 4667 2009 4735 Πνεῦμα

2129 4667 2461 4722 scribentem
2493 4683 2508 4720 :
2546 4664 2660 4718 Etsi
2681 4673 2755 4718 est
2794 4663 2849 4716 in
2895 4660 3162 4732 hypostasi
3194 4657 3414 4730 speciali
3454 4656 3709 4726 Spiritus,

429 4760 594 4832 ιδικῇ
616 4805 628 4827 ,
666 4761 766 4815 καὶ
804 4760 883 4829 δὴ
918 4759 1144 4814 νοεῖται
1178 4760 1307 4815 καθ’
1333 4759 1513 4813 ἑαυτὸ
1535 4801 1550 4825 ,
1589 4762 1737 4815 καθὸ
1779 4759 2025 4830 Πνεῦμα

429 4857 585 4917 ἐστι,
630 4854 728 4908 καὶ
777 4854 892 4923 οὐχ
937 4854 1092 4920 Υἱὸς,
1142 4847 1423 4908 ἀλλὀὗν
1469 4851 1643 4906 ἐστιν
1685 4854 1798 4906 οὐκ
1841 4851 2022 4906 ἀλλόο

432 4965 601 5016 τριον
643 4946 750 5001 τοῦ
809 4945 970 5001 Υίοῦ.
1015 4944 1262 5014 Πνεῦμα
1305 4943 1417 5014 γὰρ
1462 4945 1753 5013 ἀληθείας
1799 4943 2027 5014 ὠνόμα-

431 5057 594 5102 σται.
629 5041 731 5094 καί
760 5040 896 5094 ἐστι
925 5037 1181 5108 Χριστὸς
1212 5039 1251 5106 ἠ
1283 5037 1556 5108 ἀλήθεια,
1589 5038 1689 5092 καὶ
1718 5038 2027 5108 προχεῖται

433 5135 572 5204 παρ’
597 5133 815 5199 αὐτοῦ,
851 5133 1120 5200 καθάπερ
1153 5130 1364 5202 ἀμέλει
1397 5131 1497 5185 καὶ
1533 5132 1694 5202 παρὰ
1728 5132 1836 5186 τοῦ
1875 5131 2027 5186 Θεοῦ

436 5228 534 5282 καὶ
571 5229 828 5297 Πατρός.
863 5227 938 5281 Οὐ
975 5226 1083 5296 γὰρ
1119 5226 1292 5296 ἔχοιεν
1326 5225 1509 5295 λέγειν
1542 5225 1809 5298 Γραικοὶ,
1846 5224 2027 5278 καίτοι

435 5339 500 5389 γε
531 5321 698 5375 δεινοὶ
727 5319 1047 5390 σοφίζεσθαι
1075 5318 1249 5385 ὄντες,
1281 5320 1355 5381 ὡς
1386 5317 1678 5373 ἀποδοτέον
1706 5319 1766 5369 τὸ
1784 5315 2028 5385 προχεῖ-

353 5446 358 5450 -
437 5430 536 5469 ται
581 5414 718 5482 πρὸς
763 5413 825 5465 τὸ
887 5412 985 5465 Ἐν
1046 5409 1388 5466 ὑποστάσει
1431 5409 1505 5463 ὂν
1549 5407 1711 5476 ιδικῇ
1755 5398 2024 5477 Πνεῦμα.

443 5508 634 5560 Ἔστιν
662 5505 770 5576 ἀρα
798 5505 950 5575 παρὰ
973 5503 1069 5556 τοῦ
1100 5503 1253 5569 Υιοῢ,
1282 5503 1358 5565 ὡς
1389 5503 1486 5556 καὶ
1514 5504 1664 5573 παρά
1691 5503 1785 5556 τοῦ
1816 5504 2027 5574 Πατρδς

436 5599 498 5651 τὸ
529 5594 775 5665 Πνεῦμα.
809 5596 874 5650 El
899 5598 955 5648 δὲ
987 5595 1178 5666 φαίης,
1207 5594 1282 5658 ὡς
1311 5594 1380 5647 δι’
1408 5593 1532 5647 Υῑοῦ
1567 5593 1741 5648 θέλων
1769 5594 1940 5660 δεῖξαι
1967 5595 2030 5649 τὸ

441 5687 666 5756 Πνεῦμα
702 5687 784 5750 είς
819 5687 879 5765 τὸ
921 5685 1073 5754 παρὰ
1108 5684 1205 5737 τοῦ
1245 5683 1378 5738 Υἰοῦ
1404 5680 1560 5752 ⁸εἶναι
1599 5685 1874 5751 ἐνέπεσον,
1912 5687 2030 5738 trti-

439 5797 568 5850 σχες
603 5779 720 5836 νῦν.
753 5779 954 5849 Μικρῷ
986 5779 1031 5833 δ’
1061 5779 1288 5849 ὕστερον
1323 5780 1422 5849 τὴν
1455 5780 1723 5848 διαφορὰν
1756 5780 2030 5844 ἐξετάσω-

442 5889 542 5941 μεν
568 5873 683 5926 τιὶν
710 5872 1050 5943 προθέσεων.
1085 5870 1164 5924 Οὐ
1199 5871 1309 5941 μὴν
1337 5871 1474 5926 ἀλλὰ
1505 5873 1728 5926 κάκεῖνο
1757 5870 1974 5942 εὔηθες,
2003 5874 2031 5927 ὃ

441 5966 587 6030 τινές
619 5981 804 6038 φασιν,
833 5965 916 6022 ὅτι
943 5964 1004 6019 τὸ
1033 5963 1288 6036 καθάπερ
1313 5965 1576 6035 δμοῖωσιν
1606 5967 1870 6037 σημαῖνον
1931 5967 2031 6020 οὐκ

2127 4771 2174 4815 ει
2199 4761 2320 4832 j‘am
2337 4758 2626 4813 secundum
2653 4758 2884 4824 seipsum
2913 4752 3251 4823 intelligitur,
3271 4758 3326 4804 ut
3352 4748 3710 4827 Spiritus'cst.

2127 4863 2175 4907 ει
2235 4869 2340 4906 non
2400 4850 2598 4914 Filius,
2635 4858 2873 4903 attamen
2909 4863 3013 4901 non
3062 4853 3136 4899 est
3192 4843 3396 4898 alienus
3438 4859 3471 4896 a
3521 4839 3662 4894 Filio
3693 4855 3711 4892 :

2129 4960 2358 5014 namque
2387 4941 2618 5013 Spiritus
2649 4940 2886 4994 veritatis
2919 4935 3245 5009 appellatur,
3277 4941 3326 4988 ει
3359 4941 3433 4987 εει
3470 4931 3714 4985 Christus

2128 5038 2347 5100 veritas,
2381 5046 2431 5090 et
2473 5035 2766 5106 eﬁ‘unditur
2805 5035 2870 5087 ab
2903 5033 3014 5100 ipso
3048 5045 3107 5084 εο
3159 5031 3274 5098 ipso
3306 5028 3481 5090 modo,
3511 5041 3615 5095 quo
3663 5031 3715 5077 et

2130 5128 2421 5197 eﬁ'unditur
2455 5144 2486 5180 a
2514 5126 2618 5179 Deo
2648 5133 2698 5179 et
2727 5123 2910 5178 Patre.
2939 5122 3037 5178 llic
3061 5120 3265 5184 Graeci,
3299 5118 3431 5172 licet
3460 5116 3715 5171 acumine

2131 5222 2362 5274 valeant
2413 5227 2470 5273 et
2492 5219 2661 5273 rebus
2687 5197 2806 5271 'sint
2835 5211 3258 5270 adinveniendis
3290 5205 3717 5279 promptissimi.

2129 5327 2413 5381 nunquam
2443 5309 2795 5364 alIirmabunt
2837 5307 3036 5378 eﬂ‘und-i
3074 5303 3142 5359 ad
3186 5301 3361 5366 illud,
3403 5298 3519 5353 Etsi
3549 5304 3635 5354 εει,
3663 5298 3719 5351 in

2130 5403 2403 5474 hypostasi
2429 5401 2647 5470 speciali
2687 5399 2926 5470 Spiritus
2946 5397 3164 5453 referri.
3200 5395 3297 5450 Est
3325 5395 3491 5463 igitur
3511 5408 3539 5445 a
3576 5390 3716 5446 Filio

2131 5496 2294 5552 sicuti
2350 5505 2406 5549 et
2457 5510 2487 5548 a
2543 5495 2706 5547 Patre
2750 5491 3011 5561 Spiritus.
3049 5490 3206 5556 Quod
3265 5486 3311 5541 si
3362 5483 3719 5540 contenderis

2131 5608 2282 5655 eum,
2331 5604 2458 5644 cum
2517 5586 2785 5656 Spiritum
2834 5584 3003 5638 vellet
3061 5579 3356 5637 ostendere
3384 5592 3484 5648 per
3515 5576 3717 5630 Filium

2131 5701 2273 5750 esse,
2305 5684 2360 5738 in
2389 5681 2524 5735 illud
2557 5679 2874 5749 prolapsum
2921 5691 3064 5742 esse,
3100 5681 3169 5726 ut.
3197 5687 3322 5727 eum
3366 5685 3434 5725 ex
3472 5669 3613 5724 Filio
3639 5667 3722 5722 di-

2131 5786 2299 5831 ceret.
2334 5774 2650 5830 Continesis
2678 5781 2730 5826 te
2763 5768 3068 5840 paululum.
3094 5766 3213 5821 Non
3239 5763 3413 5818 multo
3440 5771 3563 5832 post
3591 5775 3722 5831 pro-

2134 5869 2468 5940 positionum
2507 5868 2804 5922 discrimcn
2836 5861 3304 5918 examinabimus.
3334 5857 3474 5912 Illud
3499 5870 3724 5927 quoque

2135 5963 2393 6021 stolidum
2415 5971 2516 6031 cst,
2531 5962 2676 6032 quod
2695 5959 2915 6032 quidam
2935 5957 3178 6021 tradunt,
3202 5952 3339 6009 illud
3358 5969 3416 6005 eo
3437 5953 3549 6022 ipso
3573 5949 3742 6006 modos
