4098 6420
442 477 556 543 τῖε)

1633 487 1958 547 GEORGII
2000 485 2513 548 TRAPEZUNTII
3589 478 3692 542 780

443 591 858 647 similitudinem
888 603 1083 647 notans
1107 593 1181 647 nil
1211 591 1518 649 conducere
1555 594 1869 650 Latinorum
1897 596 2016 666 Opi-

2121 597 2365 667 ὲνέχεται
2412 600 2481 666 τῇ
2534 595 2644 651 τῶν
2695 596 2944 649 Λατίνων
2995 594 3144 664 δόξῃ,
3197 592 3694 663 προκαταρκτικῶς

444 683 620 747 nioni,
649 685 741 753 qui
773 685 938 738 veluti
972 699 1001 738 a
1033 687 1296 754 primario
1329 685 1600 755 principio
1622 696 1677 741 et
1726 688 1938 758 origine
1982 703 2012 742 a

443 772 603 828 Patre
624 787 746 827 esse
770 773 1038 842 Spiritum
1087 785 1360 839 asserunt,
1412 791 1515 830 nec
1564 791 1632 830 eo
1681 777 1802 845 ipso
1852 776 2014 831 modo

440 879 506 918 ex
539 865 696 920 Filio.
737 865 1050 920 Similitudo
1082 866 1350 937 siquidem
1377 869 1480 921 hoc
1508 867 1560 920 in
1595 868 1738 932 loco,
1768 877 1826 922 ut
1850 869 2012 922 etiam

441 973 503 1010 ea
537 972 658 1026 qua:
690 956 760 1012 ab
795 957 918 1013 aliis
943 957 1223 1025 dicuntur,
1259 959 1348 1013 hic
1377 959 1626 1026 ali‘eram,
1662 973 1769 1013 non
1803 958 1870 1013 ad
1900 974 2014 1013 no-

442 1050 670 1103 taidum
697 1050 944 1112 modum,
979 1050 1076 1104 sed
1121 1066 1365 1114 causam,
1389 1066 1456 1104 ex
1491 1066 1595 1121 qua
1626 1061 1732 1111 est,
1769 1051 2014 1105 desumi-

444 1153 550 1194 tur.
583 1141 740 1206 Quod
769 1141 814 1194 si
839 1141 908 1194 ad
938 1142 1234 1196 notandum
1284 1142 1539 1209 modum,
1571 1143 1777 1213 optime
1807 1143 2014 1198 dictum

442 1242 547 1294 cst,
585 1232 836 1301 procedit
863 1232 1234 1289 cnimaPatre
1265 1250 1361 1303 per
1390 1233 1611 1301 Filium,
1640 1243 1695 1290 et
1715 1235 2016 1290 similitudo

447 1324 783 1378 exsistentiae
814 1324 1036 1379 modum
1075 1326 1318 1396 respicit,
1353 1326 1497 1394 quod
1531 1342 1597 1380 ex
1643 1335 1876 1396 utroque
1918 1341 2015 1396 per

447 1419 669 1473 modum
704 1419 1071 1488 processionis
1095 1429 1198 1486 est,
1234 1436 1344 1475 non
1394 1422 1631 1490 primum
1688 1432 1742 1476 et
1777 1422 2016 1492 originu-

448 1512 588 1564 rium
622 1511 973 1581 principium.
1015 1511 1131 1567 Non
1169 1528 1316 1566 enim
1361 1513 1498 1567 alius
1535 1515 1868 1569 exsisteotiae
1899 1529 2015 1568 mo-

445 1595 549 1655 dus
599 1612 701 1668 est,
735 1618 854 1657 esse
891 1619 988 1673 per
1018 1605 1236 1658 modum
1269 1605 1523 1676 principii
1572 1607 1841 1676 primarii,
1875 1607 2014 1664 alius

405 1701 415 1706 ’
447 1709 545 1762 per
577 1694 707 1748 illud
737 1710 844 1748 non
883 1709 1003 1749 esse
1027 1736 1040 1759 ,
1076 1695 1170 1750 sed
1198 1703 1342 1750 unos
1369 1707 1425 1750 et
1456 1696 1621 1752 idem.
1664 1697 1720 1751 id
1755 1698 1901 1752 enim
1928 1697 2014 1751 in-

447 1787 569 1840 nuit
598 1786 730 1840 lllud
761 1801 859 1856 per
887 1786 1107 1840 modum
1137 1787 1380 1856 primarii
1411 1787 1694 1856 principii.
1728 1786 1881 1853 Quod
1909 1802 2014 1841 una

446 1891 571 1930 cum
604 1875 676 1929 sit
707 1875 1031 1945 productiva
1075 1877 1306 1933 facultas
1336 1879 1408 1931 'in
1466 1878 1626 1933 Patro
1654 1888 1709 1934 et
1744 1881 1901 1944 Filio.
1948 1898 2015 1937 ex

451 1967 612 2022 Patre
640 1975 919 2037 acceptam
953 1971 1118 2024 habet
1156 1969 1348 2036 Filius,
1381 1972 1526 2026 unde
1553 1983 1609 2026 et
1645 1989 1765 2028 esse
1796 1975 2014 2046 accipit.

456 2058 524 2112 Et-
572 2059 1030 2128 qucmadmodum
1082 2064 1126 2116 si
1185 2062 1308 2130 quis
1363 2063 1601 2117 divinam
1655 2074 1903 2118 naturam
1950 2067 2017 2122 ad

454 2151 674 2207 modum
699 2151 946 2222 pritnarii
979 2153 1233 2224 principii
1269 2154 1320 2207 in
1342 2154 1501 2209 Patre
1531 2154 1756 2224 intelligi
1786 2155 2018 2221 diceret,

453 2261 570 2300 rem
605 2260 831 2315 prorsus
856 2247 1217 2301 neCessariam
1246 2247 1625 2316 pronuntiaret
1666 2262 1680 2300 :
1714 2248 1840 2302 inde
1872 2249 2018 2303 enim

450 2354 571 2392 eam
623 2337 788 2392 habet
817 2347 871 2393 et
903 2335 1070 2392 Filius
1098 2347 1156 2393 et
1201 2337 1440 2408 Spiritus
1462 2348 1720 2407 sanctus;
1753 2351 1808 2394 at
1865 2342 2020 2396 dilic-

453 2439 664 2484 rentem
697 2437 987 2498 pr0pterea
1023 2437 1272 2484 naturam
1302 2431 1615 2500 concipere,
1653 2432 1770 2487 lieri
1807 2435 2018 2503 nequit,

451 2522 583 2590 quin
632 2522 967 2590 oppositum,
1001 2523 1306 2577 absolutam
1341 2523 1601 2577 unionem
1629 2565 1642 2585 ,
1675 2525 1821 2594 quod
1854 2542 2017 2593 quam

451 2613 614 2667 habet
650 2613 829 2679 Pater,
859 2627 978 2668 eam
1027 2615 1395 2668 communicat
1429 2613 1606 2669 Filio:
1639 2617 1754 2685 pari
1806 2618 2020 2674 ratione

453 2721 550 2774 per
583 2705 803 2760 modum
825 2705 1072 2773 primarii
1099 2706 1375 2774 principii,
1402 2709 1527 2760 dum
1559 2707 1763 2762 dicitur
1782 2706 2020 2778 Spiritus

450 2798 748 2869 procedere
776 2813 844 2852 ex
875 2797 1054 2861 Patre,
1089 2814 1196 2850 non
1229 2813 1383 2866 aeque
1427 2812 1560 2851 vero
1594 2813 1659 2852 ex
1703 2799 1866 2864 Filio,
1901 2800 2024 2854 nul-

389 2948 393 2952 _
447 2895 560 2946 lum
582 2890 873 2945 discrimen
910 2889 1057 2943 modi
1090 2891 1420 2943 exsistentiaa
1454 2889 1642 2952 infert,
1678 2891 1805 2944 dum
1848 2893 2021 2947 utitur

448 2983 543 3036 illo
575 2982 642 3036 ad
687 2981 908 3037 modum
941 2981 1187 3050 primarii
1238 2980 1513 3050 principii,
1557 2981 1651 3035 sed
1681 2983 2016 3050 oppositum,

447 3075 728 3138 unionem,
763 3082 823 3127 ut
852 3074 922 3127 sit
955 3073 1219 3149 idemper
1247 3074 1427 3126 omnia
1459 3074 1673 3127 modus.
1707 3075 1921 3128 Etenim
1975 3077 2019 3130 si

447 3163 671 3216 exhibet
695 3162 1070 3232 productivam
1099 3161 1410 3216 facultatem
1454 3162 1592 3216 Filio
1626 3163 1786 3217 Pater
1817 3165 2020 3235 absque

448 3253 740 3324 principio,
771 3254 890 3322 ipse
913 3269 1034 3306 eam
1066 3253 1274 3308 habens
1300 3293 1314 3315 ,
1359 3255 1501 3323 quod
1536 3255 1630 3308 illo
1667 3270 1762 3324 per
1795 3257 2016 3311 modum

449 3345 695 3415 primarii
744 3344 1001 3414 principii
1050 3343 1343 3408 indicatur,
1378 3345 1727 3400 mauilestum
1777 3357 2023 3402 remanet

448 3439 596 3493 illam
649 3437 896 3492 eatndem
953 3451 1184 3491 nuntiero
1227 3422 1624 3502 exhibiturum,
1654 3454 1761 3508 qua
1808 3453 1875 3493 ex
1903 3439 2021 3509 ipso

451 3531 690 3599 Spiritus
748 3529 1116 3600 progreditur.
1152 3529 1365 3584 Nullius
1398 3529 1580 3599 itaque
1626 3531 1848 3586 ahsurdi
1895 3547 2020 3586 reus

445 3621 578 3686 erit,
637 3622 729 3693 qui
767 3623 1065 3676 asseruerit
1096 3637 1158 3676 ea
1209 3624 1420 3676 ratione
1473 3622 1738 3692 Spiritum
1792 3637 1914 3678 esse
1953 3639 2017 3678 ex

447 3715 608 3780 Filio,
640 3730 750 3786 qua
798 3725 882 3770 cst
911 3731 978 3770 ex
1033 3715 1212 3780 Patre,
1251 3730 1376 3769 cum
1437 3715 1633 3770 modus
1685 3716 2019 3772 exsistentia:

445 3807 541 3862 ille
565 3821 661 3876 per
691 3805 915 3862 modum
943 3805 1190 3875 primarii
1226 3805 1482 3876 principii
1513 3805 1714 3860 nullam
1749 3805 2015 3861 dill'eren-

443 3903 602 3964 tiam,
636 3899 732 3956 sed
767 3900 950 3969 potius
1003 3901 1268 3955 unitatem
1297 3899 1573 3954 admittat.
1610 3898 1778 3969 quue
1827 3914 2014 3953 verum

446 4006 592 4056 esse,
623 3992 974 4047 manifestum
1029 3992 1137 4046 erit
1159 4007 1227 4046 ex
1260 3991 1625 4061 oppositione.
1662 3990 1797 4045 Nam
1825 3992 1870 4045 si
1906 3991 2016 4060 pri-

447 4082 682 4138 marium
712 4082 1043 4152 principium
1074 4081 1214 4136 Filio
1246 4098 1466 4152 quoque
1492 4082 1881 4145 concedamus,
1913 4081 2014 4136 ha-

449 4177 603 4233 bebit
639 4177 771 4230 illud
819 4175 936 4246 ipse
974 4175 1182 4245 absque
1209 4175 1503 4244 principio,
1535 4183 1591 4229 et
1617 4189 1728 4228 non
1761 4189 1792 4228 a
1831 4174 2014 4228 Patre.

2117 691 2386 758 λεγόντων
2415 689 2477 741 τὸ
2509 687 2734 758 Πνεῦμα
2765 689 2829 741 ἐκ
2860 685 2954 741 τοῦ
2990 686 3230 755 Πατρός,
3263 686 3358 737 καὶ
3390 684 3486 754 οὐχ
3517 682 3697 746 οὕτως

2115 782 2181 834 ὲκ
2204 784 2297 834 τοῦ
2329 780 2486 836 Υἱοῦ.
2523 781 2587 833 Ἠ
2617 779 2724 850 γὰρ
2754 779 3017 848 ὁμοίωσις
3045 777 3279 831 ἐνταῦθα
3305 775 3381 846 τῷ
3413 776 3576 846 ἁγίῳ,
3606 777 3694 828 ἵνα

2116 875 2211 928 καὶ
2245 875 2307 927 τὸ
2349 875 2479 943 παρ’
2501 874 2676 928 ἄλλων
2710 871 3004 941 λεγόμενον
3037 870 3196 934 λέξω.
3229 869 3288 922 οὐ
3327 869 3464 938 πρὸς
3499 867 3564 921 τὸ
3594 867 3694 920 ὡδὶ

2117 963 2280 1033 εῖναι,
2310 967 2444 1021 ἀλλὰ
2471 967 2609 1037 πρὸς
2631 968 2690 1019 τὸ
2715 967 2838 1019 ὅθεν
2865 963 3146 1034 εἴληπται.
3177 961 3239 1015 ΕΞ
3264 959 3321 1015 δὲ
3351 962 3445 1014 καὶ
3472 963 3608 1031 πρὸς
3631 961 3694 1013 τὸ

2117 1057 2246 1124 om,
2279 1064 2373 1112 καὶ
2402 1058 2560 1111 τοῦτο
2591 1057 2793 1118 καλῶς.
2833 1053 3224 1126 Ἐκπορεύεται
3255 1053 3363 1122 γὰρ
3394 1051 3547 1121 παρὰ
3574 1054 3693 1105 Πα-

2116 1147 2243 1219 τρὺς
2277 1147 2343 1200 δι’
2366 1147 2522 1208 Υίοῦ,
2559 1148 2652 1201 καὶ
2688 1149 2719 1217 ἡ
2757 1146 3021 1215 ὁμοίωσις
3059 1144 3196 1211 πρὸς
3229 1143 3322 1196 τὸν
3354 1141 3557 1211 τρόπον
3591 1141 3696 1210 τῆς

2118 1240 2407 1309 ὑπάρξεως
2431 1239 2492 1291 τὸ
2520 1235 3010 1308 προκαταρκτικιῖκ
3037 1233 3132 1287 τοῦ
3167 1233 3266 1304 μὴ,
3293 1228 3410 1286 ἀλλ’
3430 1228 3513 1296 εἷς
3544 1235 3639 1287 καὶ
3663 1234 3694 1286 6

2117 1331 2300 1394 αὑτός.
2337 1331 2509 1384 Τοῦτο
2551 1327 2660 1400 γὰρ
2701 1330 2859 1399 μόνον
2899 1326 3151 1396 βούλεται
3188 1325 3250 1378 τὸ
3289 1338 3695 1394 προκαταρκτι-

2117 1429 2252 1490 κῶς,
2286 1428 2367 1481 ὅτι
2409 1428 2537 1498 μιᾶς
2571 1424 2740 1496 οὔσης
2773 1425 2873 1492 τῆς
2910 1422 3282 1493 προδλητικῆς
3317 1421 3601 1490 δυνάμεως
3636 1420 3696 1471 ἐν

2117 1519 2295 1588 Πατρὶ
2324 1518 2420 1572 καὶ
2451 1517 2586 1586 Υῑῷ,
2618 1519 2682 1571 ὲκ
2709 1516 2805 1571 τοῦ
2839 1518 3056 1584 Πατρδς
3086 1516 3198 1585 ἔχει
3228 1515 3430 1584 ταύτην
3457 1511 3636 1565 λαϐὼν
3665 1513 3695 1565 6

2118 1609 2278 1674 Υἱὸς,
2311 1609 2432 1662 ὅθεν
2463 1609 2555 1661 καὶ
2585 1607 2646 1661 τὸ
2675 1603 2836 1662 εἶναι.
2869 1608 2978 1660 Καὶ
3005 1606 3193 1676 ὥσπερ
3225 1605 3278 1658 εἴ
3301 1622 3386 1666 τις
3415 1604 3563 1671 λέγει
3593 1603 3695 1672 τὴν

2120 1701 2270 1754 θείαν
2298 1700 2461 1769 φύσιν
2488 1699 2979 1770 προκαταρκτικῶς
3011 1699 3108 1750 καὶ
3135 1695 3429 1766 ἀρχοειδῶς
3455 1694 3696 1746 νοεῖσθαι

2120 1793 2178 1843 ὲν
2203 1790 2278 1860 τῷ
2306 1792 2499 1861 Πατρὶ,
2531 1791 2764 1861 πρᾶγμα
2787 1789 2936 1857 λέγει
2963 1790 3138 1858 πάντη
3165 1788 3483 1853 ἀναγκαῖον.
3522 1784 3700 1837 Ἐκεῖ-

2121 1881 2212 1932 θεν
2235 1879 2342 1949 γὰρ
2369 1879 2480 1949 ἔχει
2503 1878 2708 1950 ταύτην
2733 1879 2760 1931 6
2788 1876 2913 1941 Υίδς
2942 1877 3037 1931 καὶ
3061 1872 3120 1930 τδ
3149 1876 3390 1945 Πνεῦμα.
3419 1872 3696 1942 Διαφορὰν

2119 1971 2177 2024 δὲ
2209 1970 2425 2040 φύσεως
2455 1970 2542 2022 διὰ
2571 1971 2729 2023 τοῦτο
2758 1970 2948 2039 νοῆσαι
2983 1970 3277 2030 ἀδύνατον,
3306 1965 3618 2018 τούναντίον
3649 1963 3698 2016 δ’

2123 2064 2270 2119 ἆπιν
2309 2063 2562 2133 ἑνότητα,
2601 2065 2681 2116 ὄτι
2720 2064 2786 2133 ἢν
2822 2063 2936 2131 ἔχει
2972 2063 3135 2132 φύσιν
3167 2063 3194 2114 6
3234 2060 3454 2130 Πατὴρ,
3487 2056 3698 2124 ταύτην

2119 2156 2302 2209 δίδωσι
2350 2157 2428 2226 τῷ
2476 2155 2612 2225 Υἱῷ.
2659 2154 2816 2209 Οὕτω
2863 2154 3354 2225 προκαταρκτικῶς
3401 2152 3696 2218 λεγόμενον

2121 2247 2517 2317 ἐκπορεύεσθαι
2545 2249 2605 2300 τὸ
2636 2247 2860 2317 Πνεῦμα
2887 2249 2951 2301 ὲκ
2978 2248 3074 2300 τοῦ
3105 2246 3340 2318 Πατρὸς,
3372 2241 3446 2314 μὴ
3472 2242 3615 2296 οὕτω
3640 2242 3698 2294 δὲ

2122 2341 2185 2392 ἔκ
2230 2339 2324 2391 τοῦ
2374 2338 2547 2405 Υἰοῦ,
2592 2339 2850 2408 οὐδεμίαν
2897 2339 3163 2408 διαφορὰν
3209 2336 3304 2390 τοῦ
3349 2337 3550 2406 τρόπον
3594 2336 3698 2402 τῆς

2127 2432 2413 2504 ὑπάρξεως
2459 2432 2642 2486 δίδωσι
2671 2435 2812 2485 νοεῖν
2853 2431 2931 2500 τῷ
2985 2428 3508 2500 προκαταρκτικῶς,
3541 2428 3701 2479 τούν-

2122 2525 2302 2578 αντίον
2328 2525 2382 2578 δὲ
2413 2524 2662 2594 ἑνότητα.
2691 2523 2843 2578 Ὥστ’
2867 2519 3006 2576 εἶναι
3033 2523 3123 2576 τὸν
3151 2522 3316 2576 αὑτὸν
3345 2519 3488 2574 κατὰ
3519 2519 3699 2572 πάντα

2120 2617 2347 2683 τρόπον.
2385 2615 2446 2668 El
2487 2615 2597 2685 γὰρ
2640 2614 2823 2667 δίδωσι
2859 2612 2958 2684 τὴν
2993 2610 3364 2682 προϐλητικὴν
3403 2607 3632 2677 δύναμιν
3672 2609 3702 2658 ὁ

2123 2706 2312 2777 Πατὴρ
2345 2705 2422 2776 τῷ
2462 2706 2577 2776 Υἱῷ
2619 2707 2866 2776 ἀνάρχως
2889 2745 2904 2769 ,
2941 2705 3101 2768 αὐτὸς
3140 2705 3312 2774 αὐτὴν
3346 2702 3522 2772 ἔχων,
3557 2702 3708 2770 ὅπερ

2123 2799 2200 2867 τῷ
2229 2799 2723 2869 προκαταρκτικῶς
2753 2797 3030 2868 δηλοῦται,
3062 2796 3328 2866 πρόδηλον
3358 2795 3440 2848 ὅτι
3470 2791 3567 2861 τὴν
3600 2791 3701 2843 αὐ-

2121 2891 2219 2960 τὴν
2247 2891 2459 2960 ἐκείνην
2489 2891 2648 2943 δώσει
2675 2891 2751 2959 τῷ
2779 2889 3030 2960 ἀριθμῷ,
3121 2888 3178 2953 ἐξ
3207 2888 3370 2940 αὑτοῦ
3400 2887 3610 2956 πρόεισι
3639 2885 3704 2937 τὸ

2124 2982 2370 3052 Πνεῦμα.
2404 2982 2516 3035 Οὐκ
2548 2983 2793 3050 ἐνέχεται
2824 2984 2930 3052 ἄρα
2960 2981 3186 3051 οὐδεμιᾷ
3217 2979 3416 3046 ἀτοπίᾳ
3445 2979 3472 3030 6
3501 2976 3698 3045 λέγων,

2122 3073 2295 3136 οὕτως
2323 3069 2464 3126 εἷναι
2489 3074 2550 3126 τὸ
2577 3073 2802 3141 Πνεῦμα
2830 3077 2892 3126 ὲκ
2918 3074 3011 3127 τοῦ
3041 3073 3194 3138 Υίοῦ,
3221 3072 3407 3141 ὥσπερ
3432 3071 3524 3125 καὶ
3551 3073 3704 3140 παρὰ

2122 3164 2218 3218 τοῦ
2250 3167 2487 3236 Πατρδς,
2517 3165 2610 3217 τοῦ
2643 3168 2846 3236 τρόπου
2877 3164 2978 3235 τῆς
3008 3164 3298 3236 ὑπάρξεως
3325 3164 3387 3216 οὐ
3415 3163 3702 3233 διισταμέ-

2123 3275 2214 3311 νου
2237 3299 2252 3324 ,
2287 3257 2402 3312 ἀλλ’
2431 3258 2726 3328 ἑνουμένου
2763 3257 2842 3328 τῷ
2887 3257 3394 3329 προκαταρκτικῶς.
3432 3257 3606 3310 Τοῦτο
3648 3256 3700 3308 δ’

2124 3353 2206 3404 ὅτι.
2245 3351 2446 3422 ἀληθὲς
2486 3350 2644 3421 δῆλον
2687 3352 2780 3404 καὶ
2827 3355 2891 3404 ὲκ
2935 3351 3031 3420 τῆς
3077 3349 3436 3418 ἀντιφάσεως.
3485 3349 3546 3402 El
3584 3349 3702 3420 γὰρ

2121 3443 2367 3514 δώσομεν
2398 3443 2491 3496 καὶ
2521 3444 2598 3513 τῷ
2633 3443 2748 3512 Υίῷ
2777 3444 2838 3494 τὸ
2873 3442 3370 3512 προκαταρκτικῶς
3394 3482 3410 3506 ,
3442 3441 3700 3510 ἀνάρχως

2107 3535 2232 3600 ’ἕξει
2263 3533 2420 3588 τοῦτο
2453 3536 2547 3587 καὶ
2580 3536 2639 3587 οὐ
2679 3534 2830 3604 παρὰ
2859 3535 2952 3587 τοῦ
2987 3535 3222 3603 Πατρός.
3253 3534 3370 3588 Οὐκ
3399 3534 3506 3603 ἄρα
3540 3533 3697 3587 ἔσται

2122 3627 2252 3680 αὐτὸ
2278 3625 2456 3691 τοῦτο,
2483 3626 2620 3695 ὅπερ
2647 3628 2673 3679 6
2701 3626 2891 3697 Πατὴρ
2917 3625 3050 3695 ἔχει.
3079 3625 3345 3694 Διάφορον
3369 3624 3497 3695 ἄρα.
3529 3623 3698 3678 Ἀλλὰ
3789 3689 3794 3692 _

2118 3719 2180 3770 τὸ
2223 3719 2713 3788 προκαταρκτικῶς
2751 3718 2898 3787 μόνῳ
2955 3718 3036 3786 τῷ
3071 3719 3245 3788 Πατρὶ
3279 3717 3506 3773 δέδοται.
3541 3718 3702 3788 Ἔχει

2123 3808 2259 3877 ἄρα,
2290 3808 2544 3871 κοινωνὸς
2573 3807 2650 3860 ὣν
2683 3809 2906 3862 πάντων
2935 3808 3046 3861 τῶν
3073 3809 3168 3862 τοῦ
3201 3809 3413 3879 Πατρδς
3442 3808 3697 3877 ἀγαθῶν,
3725 3807 3728 3810 ’

2123 3899 2293 3954 ταυτὸ
2314 3939 2329 3964 ,
2365 3901 2459 3952 καὶ
2490 3899 2550 3952 οὺ
2586 3900 2842 3970 διάφορος
2875 3902 2903 3952 6
2935 3899 3086 3962 Υἱός.
3123 3899 3197 3953 Τὸ
3230 3900 3550 3970 προχεῖσθαι
3587 3900 3698 3971 ἄρα

2122 3992 2275 4059 παρὰ
2307 3990 2400 4043 τοῦ
2449 3990 2576 4044 Υίοῦ
2612 3992 2671 4046 τὸ
2711 3991 2937 4062 Πνεῦμα
2978 3994 3038 4048 οὐ
3076 3992 3144 4046 τὰ
3189 3995 3527 4063 χαρίσματα,
3563 3993 3701 4046 ἀλλὰ

2121 4084 2220 4153 τὴν
2239 4083 2534 4137 ὑπόστασιν
2553 4085 2762 4137 ἐκεῖθεν
2781 4081 2920 4138 εἶναι
2943 4084 3094 4155 δηλοί
3115 4085 3486 4156 ἐκπορευτῶς,
3507 4083 3655 4138 ὥσπε
3665 4103 3699 4155 ρ

2121 4178 2216 4229 καὶ
2247 4177 2398 4248 παρὰ
2428 4177 2522 4231 τοῦ
2558 4178 2794 4248 Πατρός.

445 4274 565 4330 Non
600 4274 706 4329 erit
739 4271 902 4343 igitur
928 4273 1058 4328 illud
1095 4271 1466 4342 ipsum,quod
1491 4269 1651 4324 Pater
1711 4271 1894 4326 habet.
1947 4269 2088 4342 Ergo
2129 4273 2426 4328 diversum.
2480 4273 2589 4328 Sed
2646 4273 2969 4344 primarium
3017 4273 3348 4343 principium
3397 4272 3497 4327 soli
3549 4271 3699 4328 Patri

443 4367 788 4424 conceditur.
813 4367 986 4423 Habet
1015 4367 1201 4437 igitur,
1235 4380 1360 4421 cum
1385 4367 1628 4420 omnium
1657 4377 2008 4435 paternorum
2051 4369 2322 4423 bonorum
2383 4369 2656 4438 particeps
2727 4366 2818 4433 sit,
2883 4367 3016 4422 illud
3064 4366 3207 4422 idem
3253 4366 3447 4431 Filius,
3478 4375 3533 4422 et
3586 4383 3698 4422 non

443 4465 743 4526 aversum.
799 4461 1021 4517 Ell’undi
1087 4461 1272 4534 itaque
1330 4477 1360 4516 a
1396 4462 1534 4516 Filio
1581 4462 1844 4532 Spiritum
1902 4477 2013 4518 non
2051 4463 2218 4530 dona,
2279 4463 2376 4520 sed
2406 4463 2742 4537 hypostasim
2775 4462 2901 4519 inde
2959 4477 3083 4518 esse
3111 4463 3319 4518 indicat
3350 4479 3448 4532 per
3473 4464 3697 4519 modum

443 4557 832 4627 processionis,
863 4557 1322 4626 quemadmodum
1374 4567 1429 4611 et
1458 4573 1488 4610 a
1521 4557 1700 4612 Patre.

515 4655 570 4704 9.
601 4650 828 4719 Magnus
862 4662 1081 4717 quoque
1104 4640 1340 4704 Basilius
1369 4663 1436 4703 ex
1468 4649 1580 4704 Deo
1603 4650 1868 4721 Spiritum
1895 4665 2017 4706 esse

2192 4647 2258 4701 θ’.
2301 4645 2365 4701 '0
2397 4645 2455 4700 δὲ
2493 4646 2666 4716 μέγας
2698 4645 2978 4710 Βασίλειος
3011 4647 3074 4699 τὸ
3111 4646 3210 4716 μὲν
3243 4648 3308 4699 ὲκ
3340 4645 3434 4700 τοῦ
3468 4637 3604 4700 Θεοῦ
3635 4647 3697 4700 τὸ

445 4742 608 4809 plane
636 4749 934 4807 aperteque
959 4739 1196 4793 asseruit
1222 4756 1236 4791 :
1286 4739 1589 4808 Apostolus,
1620 4743 1715 4805 ait,
1753 4741 2019 4808 Spiritum

447 4829 646 4890 dicens,
680 4827 768 4895 qui
798 4841 861 4878 ex
906 4826 1011 4879 Deo
1044 4836 1140 4893 est,
1179 4837 1226 4881 et
1255 4843 1350 4897 per
1382 4825 1586 4883 Filium
1631 4847 1892 4902 apparere
1921 4849 2019 4896 pa-

449 4921 560 4973 lum
596 4918 742 4987 facit,
782 4915 908 4970 Filii
952 4915 1212 4986 Spiritum
1249 4917 1402 4973 illum
1434 4923 1736 4979 nominans.
1770 4922 1836 4977 Et
1873 4923 2021 4977 hunc

447 5025 668 5082 quoque
701 5009 766 5064 de
789 5009 1020 5078 Spiritu,
1034 5010 1127 5078 qui
1149 5010 1204 5064 in
1223 5011 1499 5080 bypostasi
1518 5022 1620 5079 cst,
1634 5014 1799 5068 verba
1817 5014 2017 5080 facere,

449 5103 578 5158 inde
605 5100 896 5156 manifesto
921 5099 1220 5167 evincitur,
1262 5101 1408 5170 quod
1437 5103 1632 5180 nullus
1657 5105 1723 5158 ad
1775 5104 1878 5158 hoc
1917 5104 2018 5158 δέιεί

447 5210 515 5250 ex
548 5193 871 5249 doctoribus
921 5191 1042 5248 Filii
1089 5189 1353 5260 Spiritum
1397 5191 1561 5254 dona,
1591 5203 1686 5248 aut
1715 5193 1783 5246 ad
1813 5209 1935 5257 nos,
1967 5204 2024 5247 ct

450 5290 506 5344 in
565 5301 810 5358 tempore
853 5299 1200 5355 progressum
1251 5285 1554 5340 secundum
1586 5286 1902 5355 appellavit.
1937 5286 2021 5340 Ab

446 5389 658 5434 αξιοι-[ιο
685 5379 832 5433 enim
860 5375 1098 5444 Spiritus
1157 5376 1275 5431 Filii
1309 5374 1550 5444 Spiritus
1569 5387 1671 5432 cst.
1704 5376 2022 5446 Propterea-

449 5489 558 5539 que
588 5471 774 5541 lingua
809 5485 1034 5540 prorsus
1063 5484 1253 5530 aurea,
1296 5467 1521 5523 homilia
1555 5469 1624 5523 de
1661 5467 1865 5540 Spiritu
1893 5486 2021 5526 san-

450 5575 542 5618 cto
576 5583 590 5617 :
625 5563 828 5632 Ipsam,
861 5563 957 5628 ait,
989 5560 1214 5631 intelligi
1251 5559 1481 5630 Spiritus
1523 5563 1870 5633 hypouasim,
1907 5579 2023 5617 cum

451 5656 678 5725 Spiritus
711 5652 863 5717 Filii,
892 5653 973 5707 vel
1002 5654 1260 5716 veritatis,
1297 5653 1375 5706 uel
1408 5651 1600 5708 Christi
1631 5654 1842 5709 dicitur.
1885 5655 2021 5710 Illud

452 5756 728 5816 pra-terea,
785 5745 958 5814 magis
1009 5759 1072 5799 ac
1102 5745 1272 5815 magis
1319 5744 1711 5800 attendendum
1739 5756 1843 5812 est,
1899 5747 2022 5803 ideo

453 5837 720 5904 Spiritum
756 5835 878 5890 Filii
930 5834 1000 5890 ab
1054 5835 1318 5904 Apostolo
1359 5837 1567 5891 dictqu
1598 5837 1908 5892 divinorum
1937 5854 2022 5894 ar-

456 5940 717 5984 canorum
755 5925 1023 5993 interpres
1071 5927 1288 5994 asserit,
1317 5929 1462 5998 quod
1502 5944 1595 5998 per
1626 5927 1826 5986 Filium
1873 5946 2020 5986 com-

2123 4739 2347 4809 Πνεῦμα
2395 4733 2538 4793 εἶναι
2585 4738 2795 4809 τρανῶς
2843 4738 3112 4809 ἐκήρυξεν
3140 4756 3154 4769 ο
3198 4738 3256 4790 ’0
3300 4739 3696 4803 Ἀπόστολος,

2123 4834 2277 4898 φησι,
2303 4829 2372 4884 τὸ
2396 4828 2640 4898 Πνεῦμα
2663 4831 2858 4898 λέγων
2880 4832 2944 4883 τὸ
2972 4831 3040 4884 ἐκ
3064 4830 3174 4884 τοῦ
3203 4829 3374 4894 Θεοῦ,
3403 4831 3502 4885 καὶ
3528 4835 3595 4884 τὸ
3621 4830 3700 4882 δι’

2131 4922 2268 4976 Υιοῦ
2298 4921 2627 4992 πεφηνέναι
2658 4921 2854 4990 σαφὲς
2883 4923 3238 4988 πεποίηκεν,
3279 4924 3418 4978 Υιοῦ
3452 4925 3698 4988 Πνεῦμα

2123 5015 2432 5084 ὀνομάσας
2461 5015 2630 5068 αὐτό.
2665 5015 2786 5068 Ὀτι
2819 5016 2875 5069 δὲ
2907 5017 3032 5088 περὶ
3061 5015 3157 5069 τοῦ
3189 5018 3248 5068 ὲν
3279 5015 3573 5069 ὑποστάσει
3606 5017 3698 5069 καὶ

2122 5107 2276 5170 οὗτος
2303 5107 2451 5175 λέγει
2478 5107 2795 5175 Πνεῦματος
2819 5109 3029 5161 ἐκεῖθεν
3051 5107 3231 5176 δῆλον,
3257 5109 3339 5160 ὅτι
3365 5106 3540 5168 οὐδείς
3568 5123 3697 5160 ποτε

2127 5199 2288 5270 μέχρι
2319 5201 2412 5252 καὶ
2441 5200 2680 5268 σήμερον
2711 5199 2819 5252 τῶν
2846 5199 3182 5252 διδασκάλων
3214 5197 3346 5252 Υίοῦ
3377 5197 3603 5268 Πνεῦμα
3627 5200 3698 5251 τὰ

2125 5293 2464 5362 χαρίσματα,
2491 5293 2524 5360 ἢ
2555 5293 2653 5361 τὴν
2680 5291 2814 5358 πρὸς
2845 5293 2990 5362 ἡμᾶς
3021 5293 3116 5344 καὶ
3147 5293 3206 5344 ἓν
3233 5292 3407 5362 χρόνῳ
3437 5291 3697 5356 δευτέραν

2124 5386 2350 5453 πρόοδον
2385 5386 2624 5455 είρηκεν.
2661 5382 2905 5445 Αίωνίως
2941 5383 3051 5451 γὰρ
3086 5383 3146 5436 τὸ
3182 5383 3407 5452 Πνεῦμα
3473 5383 3699 5451 Πνεῦμα

2125 5475 2276 5530 Υίοῦ.
2304 5475 2402 5527 Διά
2429 5475 2587 5526 τοῦτο
2614 5473 2710 5528 καὶ
2736 5474 2768 5543 ἡ
2797 5472 3110 5543 πάγχρυσος
3139 5473 3360 5542 γλῶσσα
3387 5474 3445 5524 ἐν
3470 5475 3536 5543 τῇ
3565 5475 3698 5541 περὶ

2122 5568 2214 5621 τοῦ
2265 5566 2422 5634 ἁγίου
2473 5564 2790 5633 Πνεῦματος
2839 5565 3049 5635 ὁμιλίᾳ,
3090 5565 3332 5633 Ἀὐτὴν,
3382 5565 3537 5636 φησὶ,
3587 5565 3736 5619 τοῦ.

2124 5659 2468 5727 Πνεύματος
2530 5656 2864 5724 δηλοῦσθαι
2927 5659 3042 5725 τὴν
3099 5659 3488 5723 ὑπόστασιν,
3548 5657 3700 5714 ὅταν

2125 5749 2370 5817 Πνεῦμα
2416 5749 2577 5815 Υὶοῦ,
2618 5749 2655 5818 ἢ
2697 5749 3000 5816 ἀληθείας,
3041 5749 3079 5817 ἢ
3122 5750 3384 5817 Χριστοῦ
3424 5750 3693 5819 λέγηται,

2136 5842 2360 5912 Ἐκιίνῳ
2390 5841 2446 5894 δὲ
2481 5843 2575 5897 καὶ
2609 5843 2750 5896 πάνυ
2786 5842 3144 5911 προσεκτέον,
3179 5843 3262 5895 ὅτι
3301 5843 3434 5895 Υίοῦ
3471 5843 3694 5912 Πνεῦμα

2126 5933 2312 5988 τούτου
2345 5934 2502 6005 χάριν
2533 5933 2786 6005 εἰρῆσθαι
2821 5933 2896 6005 τῷ
2935 5935 3240 6004 ’Δποστόλῳ
3262 5977 3274 6001 ,
3312 5937 3476 6006 φησν
3508 5938 3533 5989 6
3571 5935 3692 5989 θεο-
