4098 6408
387 409 500 476 73f

1332 417 1427 476 DE
1470 415 1999 477 PROCESSIONE
2043 417 2408 484 SPIRITUS
2450 424 2741 486 SANCTI.

3570 426 3678 488 71κέ

393 525 624 593 φάντωρ
649 564 662 586 ,
694 523 829 577 διότι
864 523 912 578 δί
948 524 1078 579 Υἱοῦ
1111 525 1374 596 πέφηνεν.
1407 527 1470 579 Εἰ
1500 527 1556 582 δὲ
1592 527 1724 580 Υἱοῦ
1758 526 1983 594 Πεῦμα

2098 534 2292 602 paruit.
2321 534 2476 602 Quod
2510 537 2555 590 si
2619 535 2741 592 Filii
2791 537 3029 607 Spiritus
3080 538 3322 610 Spiritus
3373 539 3681 608 hypostasis

392 617 616 685 λέγεται
663 617 696 687 ἡ
746 617 1042 681 ὕπίστάσις
1082 619 1178 672 τοῦ
1233 619 1568 689 Πνιύματος,
1613 621 1703 672 καὶ
1753 620 1820 673 δι’
1853 619 1985 673 Υίοῦ

393 709 506 778 ἄρα
538 709 781 778 πέφηνεν
811 710 943 763 αὐτὸ
972 711 1034 764 τὸ
1061 713 1120 762 ὲν
1151 712 1450 764 ὑποστάσει
1486 712 1628 782 ίδικῇ
1667 711 1890 780 Πνεῦμα
1916 752 1928 775 ,
1960 714 1988 765 ὁ

392 795 474 863 εἷς
513 802 610 870 τῆς
643 795 897 871 Τριάδος.
933 804 994 857 Ei
1029 804 1082 856 δὲ
1114 804 1174 856 rb
1213 803 1510 874 πεφηνέναι
1545 803 1604 857 τὸ
1641 803 1987 873 πεφανεροῦ-

396 891 526 944 σθαι
561 891 629 946 δι’
658 892 786 946 Υίοῦ
819 894 879 946 τὸ
914 894 1140 965 Πνεῦμα
1173 897 1308 964 ἡμίν
1337 895 1555 963 λέγουσί
1586 911 1763 959 τινες,
1795 897 1987 964 αἰσχυ-

393 983 698 1051 νέσθωσαν,
736 988 817 1038 ὅτι
861 987 1068 1056 μᾶλλον
1104 990 1131 1041 ὁ
1173 989 1300 1051 Υίὀς
1339 988 1728 1058 πεφανέρωται
1767 989 1854 1041 διὰ
1895 988 1988 1040 τοῦ

313 1127 322 1134 .
397 1081 740 1152 Πνεύματος.
785 1082 1053 1149 Ἐκεῖνος
1102 1082 1248 1153 γὰρ,
1303 1086 1503 1152 φησὶν,
1551 1080 1708 1152 ὑμᾶς
1757 1082 1989 1146 διδάξει

393 1174 620 1238 πάντα,
660 1174 760 1228 καί
801 1174 1092 1243 ὁδηγήσει
1138 1177 1226 1242 εἷς
1269 1174 1480 1231 πᾶσαν
1521 1175 1636 1242 τὴν
1675 1174 1987 1242 ἀλήθειαν.

395 1265 738 1338 Φανεροῦται
793 1268 850 1321 δὲ
903 1272 993 1321 καὶ
1023 1268 1052 1320 ὁ
1086 1269 1277 1338 Πατὴρ
1304 1269 1373 1321 δι’
1408 1267 1562 1332 Υίοῦ,
1598 1266 1994 1336 Ἐφανέίωσὰ

398 1373 558 1425 σου,
592 1361 761 1428 φησὶ,
796 1359 863 1412 τὸ
917 1360 1107 1429 ὄνομα
1153 1360 1278 1424 τοῖς
1307 1359 1666 1426 ἀνθρώποις.
1703 1359 1845 1411 Ἀλλ’
1868 1359 1991 1412 οὕτε

395 1451 427 1502 ὁ
478 1449 668 1520 Πατὴρ
711 1448 780 1502 δι’
806 1450 935 1503 Υίοῦ
979 1452 1307 1520 πεφηνέναι,
1349 1449 1475 1504 οὔτε
1523 1453 1548 1502 ὁ
1594 1450 1723 1512 Υἱὸς
1769 1449 1855 1503 διὰ
1899 1449 1991 1503 τοῦ

402 1540 720 1610 Πναύμιτος
755 1541 998 1609 λέγεται,
1035 1543 1348 1600 τούναντίον
1386 1543 1429 1594 δ’
1455 1543 1603 1596 ἅπαν
1639 1541 1720 1594 ἔτι
1760 1543 1791 1612 ἡ
1831 1541 1994 1610 φανέ-

403 1653 570 1707 ρωσις
599 1636 738 1706 αῦτη
769 1641 826 1690 ἂν
853 1639 1049 1708 χρόνῳ.
1080 1639 1155 1691 Τὸ
1179 1640 1234 1691 δὲ
1265 1637 1480 1709 Πνεῦμα
1513 1641 1748 1699 αίωνιως
1780 1639 1992 1706 πέφηνε

392 1729 641 1792 δι’Υίοῦ,
681 1732 804 1784 ἐπεὶ
845 1732 940 1784 καὶ
982 1733 1217 1793 αίωνέως
1262 1731 1486 1800 Πνεῦμα
1531 1730 1687 1785 Υίοῦ.
1727 1731 1841 1782 Οὐκ
1883 1730 1992 1798 ἄρα

393 1821 498 1893 τὴν
527 1825 585 1875 ὲν
615 1823 794 1893 χρόνῳ
825 1823 1162 1893 φανέρωσιν,
1193 1818 1360 1898 ἀλλ”ᾗ
1394 1825 1629 1889 αἱωνίως
1660 1825 1708 1876 δι
1745 1823 1876 1876 Υίοῦ
1909 1824 1990 1885 είς

391 1915 456 1966 τὸ
487 1914 608 1968 καθ’
633 1915 801 1968 ἑαυτὸ
830 1911 972 1970 εἶναι
1005 1918 1394 1988 πεφανέρω·αι
1427 1919 1487 1969 το
1521 1917 1822 1987 πεφηνέναι
1859 1914 1988 1985 βού-

395 2007 569 2061 λεται.
610 2009 718 2062 Καὶ
752 2009 927 2063 ταῦτα
965 2011 1063 2080 μὲν
1097 2003 1264 2064 οὗτοι.
1301 2011 1360 2062 Ὀ
1395 2011 1448 2064 δὲ
1489 2008 1632 2072 θεῖος
1669 2009 1992 2071 Ἀθανάσιος

394 2101 456 2152 ἐν
476 2096 509 2174 ᾖ
533 2103 808 2157 ἐκτίθεται
825 2103 1093 2169 Διαλέεει
1120 2104 1478 2172 Ὀρθοδύξου
1503 2103 1599 2158 καὶ
1624 2101 1990 2156 Μακεδονία-

395 2193 510 2247 νοῦ
555 2198 684 2248 τάδε
712 2198 878 2266 φησίν
901 2214 914 2226 ·
947 2198 1089 2251 Ἐὰν
1112 2193 1227 2251 οὖν
1250 2195 1460 2265 δειχθῇ
1489 2195 1596 2262 τῆς
1623 2194 1815 2262 αὐτῆς
1841 2189 1990 2247 εἶναι

391 2288 680 2357 θεότητος
710 2288 790 2354 τῷ
829 2289 939 2355 Υίῷ
970 2291 1067 2344 καὶ
1102 2290 1180 2355 τῷ
1213 2291 1390 2358 Harp!
1424 2289 1488 2342 τὸ
1522 2287 1793 2355 Πνεῦμα,
1825 2287 1891 2339 τὸ
1919 2286 1990 2350 ἐξ

393 2381 586 2436 αὑτοῦ
631 2382 741 2435 τοῦ
786 2382 1019 2450 Πατρός
1065 2383 1161 2434 διὰ
1206 2382 1312 2436 τοῦ
1373 2381 1510 2435 Υῑοῡ
1561 2377 1841 2448 ἐκχυθὲν,
1891 2377 1990 2430 καὶ

395 2477 832 2543 προσκυνητὸν
894 2478 992 2530 καὶ
1057 2475 1393 2545 λατρευτὸν
1453 2472 1987 2542 ἀποδειχθήσεται.

409 2565 545 2619 Ἰδοὺ
590 2559 694 2621 ὦδε
739 2568 902 2622 πάλιν
948 2569 1007 2622 τὸ
1053 2567 1316 2639 ἐκχυθὲν
1358 2567 1495 2638 πρὸς
1541 2568 1639 2637 τὴν
1689 2566 1988 2618 ὑπόστασιν

400 2659 627 2728 φέρεται
656 2659 750 2714 τοῦ
780 2660 1122 2732 Πνεύματος.
1156 2661 1380 2730 Πρῶτον
1412 2660 1543 2729 μὲν,
1574 2660 1656 2713 ὅτι
1682 2657 1783 2728 τῆς
1815 2657 1988 2725 αὐτῆς

397 2753 653 2821 θεότητος
685 2752 765 2821 τῷ
799 2755 975 2824 Πατρὶ
1007 2756 1104 2807 καὶ
1159 2752 1237 2824 τῷ
1271 2752 1384 2824 Υίῷ
1416 2753 1476 2806 οὐ
1512 2753 1697 2820 λέγετε
1730 2751 1799 2804 sit
1833 2750 1989 2820 χαρί-

397 2837 632 2914 σματα,
655 2846 833 2900 καίτοι
869 2863 932 2914 γε
969 2847 1203 2902 ἂκτιστα
1243 2842 1382 2900 εἶναι
1417 2845 1588 2900 ταῦτα
1625 2844 1942 2915 νομίζοντες
1971 2858 1984 2873 ·

397 2937 529 2992 ἄλλο
569 2938 679 3008 γὰρ
719 2940 820 3008 τῆς
865 2939 1015 3002 θείας
1058 2939 1248 3002 οὐσίας
1291 2939 1390 3009 τὴν
1430 2940 1712 3007 ἐνέργειαν
1754 2937 1942 3004 λέγετε
1971 2953 1986 2968 ⁸

398 3029 596 3082 ἔπειτα
624 3029 703 3094 δὲ,
735 3031 817 3084 ὅτι
851 3031 1266 3102 προωιυνητὴν,
1297 3031 1330 3100 ἢ
1363 3030 1670 3101 λατρευτὴν
1703 3029 1988 3099 ἐνέργειαν

399 3123 581 3186 οὐδεὶς
630 3122 756 3176 νοῦν
803 3122 943 3193 ἔχων
995 3123 1146 3191 λέγει
1199 3123 1298 3194 τῆς
1353 3122 1544 3186 οὐσίας
1597 3121 1985 3192 διαφέρουσαν.

2093 638 2470 697 nuncupatur,
2511 645 2576 683 ex
2612 629 2750 684 Filio
2802 631 2986 700 itaque
3046 630 3360 699 comparuit
3416 631 3679 701 Spiritus,

2094 719 2186 788 qui
2220 721 2274 774 in
2326 721 2546 791 propria
2580 721 2858 794 hypostasi
2894 723 3134 792 Spiritus
3176 733 3282 788 est,
3324 740 3468 778 unus
3496 740 3559 778 ex
3595 725 3682 779 di-

2093 812 2216 864 vina
2237 810 2456 867 Triade.
2485 811 2641 878 Quod
2666 813 2709 866 si
2736 812 2982 866 nonnulli
3001 827 3339 881 comparere,
3362 827 3459 879 per
3483 811 3680 865 Filium

2094 901 2362 972 Spiritum
2403 904 2704 958 revelatum
2741 905 3259 968 luisse,autumant,
3294 902 3496 972 pudeat
3529 902 3680 969 ipsos

2094 996 2211 1049 haec
2242 993 2446 1060 dicere,
2473 996 2618 1064 quod
2653 996 2836 1065 potius
2877 995 3047 1050 Filius
3088 1011 3187 1065 per
3220 993 3484 1064 Spiritum
3525 1008 3682 1046 reve-

2093 1086 2237 1140 latus
2269 1094 2376 1140 est.
2411 1086 2512 1141 Ille
2537 1086 2697 1147 enim.
2731 1087 2829 1152 ait,
2863 1104 2950 1141 vos
2982 1087 3180 1140 docebit
3209 1087 3415 1147 omnia,
3447 1093 3495 1137 et
3525 1083 3680 1136 ducet

2094 1177 2150 1231 in
2179 1193 2383 1233 onmem
2403 1180 2725 1234 veritatem‘.
2761 1179 3056 1234 Revelatur
3071 1187 3127 1232 et
3154 1179 3314 1232 Pater
3338 1193 3432 1246 per
3451 1176 3674 1241 Filium,

2096 1268 2342 1323 Revelavi
2370 1287 2557 1324 nomen
2587 1279 2755 1335 tuum,
2783 1271 2982 1340 inquit,
3006 1269 3300 1325 hominibus
3323 1267 3477 1323 ’.Scd
3503 1282 3682 1336 neque

2096 1362 2260 1418 Pater
2287 1379 2384 1432 per
2405 1363 2604 1418 Filium
2625 1379 2966 1433 comparere,
2998 1379 3179 1434 neque
3210 1362 3380 1417 Filius
3399 1377 3495 1432 per
3512 1362 3684 1430 Spiri-

2098 1465 2213 1510 tum
2227 1456 2450 1520 dicitur,
2477 1456 2588 1510 imo
2615 1472 2843 1527 prorsus
2869 1457 3208 1528 oppositum.
3227 1455 3392 1520 Tum,
3421 1454 3683 1508 revelatio

2098 1549 2214 1618 ipsa
2251 1559 2500 1617 tempore
2536 1549 2614 1614 lit,
2641 1549 2736 1604 sed
2771 1549 3011 1619 Spiritus
3038 1550 3106 1602 ab
3139 1559 3351 1605 aeterno
3373 1547 3684 1617 comparuit

2097 1657 2194 1710 per
2250 1643 2468 1702 Filium,
2502 1659 2626 1696 cum
2673 1643 2828 1697 etab
2856 1652 3064 1696 interno
3124 1640 3363 1710 Spiritus
3412 1639 3534 1695 Filii
3589 1637 3680 1692 sit.

2098 1735 2216 1790 Non
2257 1749 2388 1805 ergo
2423 1736 2818 1790 revelationem
2855 1745 3104 1806 tempore
3153 1733 3374 1798 factam,
3417 1729 3512 1786 sed
3557 1745 3680 1784 eam

2099 1842 2206 1896 qua
2247 1827 2317 1882 ab
2343 1837 2552 1882 aeterno
2586 1843 2681 1896 per
2718 1827 2940 1893 Filium,
2976 1837 3036 1882 ut
3091 1828 3271 1896 seipso
3330 1825 3680 1884 subsisteret.

2095 1920 2427 1988 comparuit,
2457 1936 2723 1991 apparere
2764 1920 2898 1976 illud
2929 1919 3226 1990 signiﬁcat.
3275 1916 3344 1972 Et
3390 1917 3509 1970 haec
3558 1914 3682 1984 qui-

2095 2011 2220 2066 dem
2252 2012 2328 2068 hi.
2361 2015 2430 2066 At
2475 2013 2698 2068 divinus
2727 2013 3061 2068 Athanasius
3089 2011 3142 2065 iu
3174 2009 3545 2080 Disputatione
3575 2007 3683 2063 0r-

2096 2105 2312 2158 thodoa‘i
2353 2114 2402 2159 et
2442 2105 2815 2160 Macedoniaui
2838 2105 2954 2160 hzec
2981 2104 3184 2160 habet:
3219 2103 3411 2173 Itaque
3433 2104 3478 2156 si
3512 2112 3682 2154 osten-

2093 2213 2211 2249 sum
2270 2197 2431 2266 fuerit
2483 2197 2719 2267 ejusdem
2769 2213 2879 2250 esse
2939 2197 3234 2250 divinitatis
3257 2211 3377 2248 cum
3438 2191 3579 2246 Filio
3632 2199 3682 2246 et

2095 2289 2257 2343 Patre
2291 2287 2573 2359 Spiritum,
2605 2290 2693 2359 qui
2719 2305 2783 2344 ea:
2808 2291 2919 2358 ipso
2949 2287 3110 2342 Patre
3144 2304 3238 2358 per
3265 2285 3461 2340 Filium
3485 2286 3681 2355 eﬁ'usus

2093 2391 2191 2443 est.
2224 2393 2270 2437 et
2309 2383 2646 2445 adorandus,
2677 2390 2728 2435 et
2775 2381 3023 2436 colendus
3057 2396 3168 2435 esse
3210 2378 3678 2433 demonstrabitur.

2096 2474 2235 2528 Ecce
2286 2490 2433 2528 nunc
2483 2474 2682 2528 iterum
2743 2474 2963 2544 effusum
3015 2471 3149 2526 illud
3204 2469 3272 2525 ad
3340 2466 3679 2540 hypostasim

2095 2566 2338 2635 Spiritus
2387 2565 2647 2621 refertur.
2676 2566 2942 2632 Primum,
2974 2564 3120 2635 quod
3151 2562 3294 2618 dona
3327 2561 3479 2616 nullo
3518 2559 3680 2613 modo

2092 2660 2355 2716 dicuntur
2381 2661 2627 2729 ejusdem
2659 2659 2965 2715 divinitatis
2992 2674 3113 2714 esse
3139 2672 3264 2713 cum
3310 2655 3468 2710 Patre
3495 2662 3551 2707 et
3593 2651 3682 2705 Fl-

2092 2753 2192 2818 lio,
2254 2753 2384 2807 licet
2430 2767 2493 2807 ea
2535 2753 2777 2808 increala
2831 2766 2954 2807 esse
2999 2750 3054 2804 in
3094 2748 3357 2820 opinione
3391 2745 3679 2800 hominum

2090 2855 2196 2911 est,
2229 2862 2355 2901 cum
2391 2847 2541 2901 aliud
2577 2862 2606 2900 a
2647 2846 2830 2900 divina
2885 2844 3128 2902 essentia
3163 2841 3414 2912 operatio
3444 2839 3537 2894 sit.
3579 2835 3680 2892 Se-

2091 2938 2357 3000 cundum,
2389 2938 2537 3008 quod
2587 2938 2772 2993 nullus
2796 2936 3098 2992 dummodo
3142 2935 3306 3005 pleno
3339 2941 3563 3004 pectore
3594 2945 3682 2986 sa-

2093 3032 2207 3100 piat
2238 3031 2578 3085 adorandum
2633 3045 2697 3085 ac
2725 3028 3012 3086 colendam
3042 3025 3422 3097 operationem
3465 3033 3679 3076 nuncu-

2093 3131 2220 3191 pat;
2274 3138 2396 3193 qua:
2447 3124 2517 3179 ab
2560 3130 2797 3179 essentia
2833 3120 3050 3176 diversa
3105 3118 3196 3174 sit.
3248 3115 3356 3172 Sed
3399 3130 3524 3170 cum
3573 3114 3711 3196 hue

408 3215 552 3269 Ἀλλ’
580 3215 816 3269 ἐνταῦθα
866 3218 962 3270 τοῦ
1013 3218 1178 3283 λόγου
1231 3217 1548 3286 γενόμενος,
1605 3215 1710 3280 ἔξω
1765 3215 1986 3284 γίνομαι

2098 3215 2329 3271 dicendo
2375 3218 2727 3280 accesserim,
2785 3223 2936 3270 motu
2974 3211 3143 3267 animi
3197 3210 3472 3273 concitus,
3526 3216 3683 3262 extra

395 3307 676 3378 ἐμαυτοῦ,
710 3307 788 3378 τῷ
820 3308 984 3363 πάθει
1019 3307 1345 3378 νικώμενος.
1382 3307 1520 3364 Οὐαί
1554 3327 1643 3378 μοι
1674 3309 1750 3377 τῷ
1782 3307 1982 3377 ἁθλίῳί

396 3401 525 3456 ούαί
573 3401 700 3471 μοιι
735 3402 816 3455 ὅτι
849 3401 910 3454 τὸ
947 3403 1082 3471 ἐμὸν
1117 3402 1272 3469 γένος
1306 3400 1368 3454 τὸ
1405 3400 1819 3471 ὀρθοδοξὸτατόν
1857 3417 1989 3454 ποτε

397 3495 494 3548 καὶ
541 3493 782 3564 Χριστοῦ
833 3494 990 3564 φίλον
1043 3495 1123 3557 είς
1171 3493 1331 3547 τοῦτο
1381 3493 1640 3557 ἀσεϐείας
1689 3493 1986 3564 κατῆλθες,

398 3587 542 3641 ὥστε
574 3588 871 3650 συνοδικῶς
905 3588 1175 3659 φρονῆσαι
1203 3590 1273 3643 τὰ
1301 3587 1394 3641 τοῦ
1432 3588 1672 3658 Παλαμᾶ
1693 3629 1706 3653 ,
1738 3591 1833 3642 καὶ
1869 3585 1990 3642 κατ’

405 3679 524 3743 ετος
558 3680 637 3752 τῷ
676 3679 986 3750 ἁναθὲματι
1032 3681 1436 3752 παραπέμπειν
1477 3681 1688 3751 Τριάδα
1727 3682 1823 3734 καὶ
1865 3682 1991 3742 τοὺς

405 3773 610 3845 mitis:
647 3772 824 3837 οὕτως
864 3773 1259 3844 ιμάνηςαατὰ.
1299 3773 1397 3843 τῆς
1441 3773 1724 3844 ἀληθείας,
1763 3771 1894 3826 ὥσθ’
1923 3771 1990 3825 ἵν’

403 3867 697 3940 ἀποψύγῃς
723 3869 852 3930 τοὺς
879 3867 1113 3930 ἀλύτους
1143 3870 1210 3937 τῇ
1245 3866 1507 3935 ἀληθείας
1537 3867 1730 3934 λόγους
1763 3866 1994 3920 ἀποτολ-

405 3963 579 4032 μῆσαι
615 3962 924 4030 κηρύττειν,
959 3961 1220 4030 ἀπείρους
1249 3958 1417 4023 οὔσας
1451 3959 1547 4023 τὰς
1581 3959 1866 4029 ινεργείας
1897 3959 1992 4012 τοῦ

399 4053 542 4109 Θεοῦ
568 4096 582 4118 ,
617 4054 710 4107 καὶ
744 4053 972 4115 κτιστᾶις
1007 4047 1148 4106 εἶναι
1170 4095 1184 4119 ,
1216 4055 1309 4107 καὶ
1343 4053 1638 4122 ἀπειράκις
1670 4051 1771 4123 τῆς
1805 4053 1995 4116 οὐσίας

401 4147 715 4215 διαφέρειν,
757 4148 850 4200 καὶ
893 4147 1174 4200 πιστεύειν
1209 4147 1314 4213 ἔξω
1355 4149 1455 4218 τῆς
1493 4145 1726 4218 Τριάδος
1766 4141 1906 4200 εἶναι
1944 4163 1997 4199 τι

400 4241 693 4301 ᾶκτιστον.
725 4240 977 4302 καὶτοὺς
1017 4241 1093 4309 μὴ
1130 4239 1275 4293 οὕτω
1310 4238 1640 4308 φρονοῦντας
1675 4238 1996 4311 ἀποκηρύτ-

402 4345 523 4380 τειν
547 4327 649 4396 τῆς
679 4327 1032 4398 Ἐκκλησίας.
1063 4327 1257 4398 Δεῦρο,
1286 4327 1446 4398 δεῦρο
1475 4328 1610 4399 πρὸς
1635 4328 1733 4398 τὴν
1759 4329 1997 4399 Χριστοῦ

417 4421 770 4492 Ἐκκλησίαν,
803 4420 923 4490 ἦτοι
954 4421 1054 4488 τῆς
1084 4419 1322 4482 παλαιᾶς
1357 4419 1596 4490 Ῥώμης.
1637 4419 1869 4490 Ἐρώτα,
1904 4421 2002 4474 καὶ

407 4511 652 4583 μαθήσῃ.
679 4510 895 4580 Κροῦε,
931 4509 1034 4565 καὶ
1077 4511 1476 4580 ἀνοιγήσεται
1524 4527 1648 4566 σοι.
1689 4510 2001 4564 Ἀκολούθει

2093 3325 2180 3364 me
2213 3310 2300 3364 ﬁo.
2331 3309 2423 3365 Vae
2452 3309 2586 3364 mihi
2621 3309 2858 3363 misero!
2897 3323 2972 3361 va:
3006 3305 3137 3360 mihi
3167 3306 3180 3359 !
3207 3303 3354 3374 quod
3383 3315 3514 3374 gens
3539 3314 3682 3360 mea,

2093 3418 2216 3470 qua:
2267 3401 2564 3472 aliquando
2595 3401 2960 3455 orthodoxam
3009 3397 3366 3466 integerrime
3398 3393 3559 3448 (idem
3597 3405 3686 3446 se-

2094 3497 2390 3565 quebatur,
2443 3506 2498 3552 et
2544 3495 2752 3552 Christi
2784 3510 2974 3549 amans
3010 3495 3064 3547 in
3105 3492 3158 3546 id
3213 3487 3512 3560 impietatis
3558 3500 3688 3557 pro-

2094 3589 2244 3658 lapsa
2297 3605 2377 3656 es,
2404 3601 2464 3643 ut
2488 3589 2748 3660 synodice
2788 3603 2852 3642 ea
2901 3602 3022 3656 quin
3063 3584 3334 3646 Palamas,
3368 3581 3596 3645 sentias,
3627 3585 3687 3633 et

2096 3681 2327 3752 singulis
2385 3682 2545 3742 anuis
2576 3681 2932 3735 anathemate
2970 3677 3244 3732 devoveas
3278 3671 3559 3734 Triadem,
3621 3671 3688 3725 il-

2095 3775 2310 3845 liusque
2349 3775 2594 3831 cultores
2631 3775 2754 3831 :sie
2785 3775 3051 3828 adversus
3080 3770 3370 3824 veritatem
3405 3763 3704 3830 iusauisti,_

2098 3878 2179 3933 ut,
2215 3867 2512 3923 dummod-0
2553 3866 2880 3923 insolubiles
2940 3862 3190 3918 veritatis
3234 3859 3477 3914 rationes
3509 3857 3685 3914 decli-

2098 3976 2284 4024 nares,
2319 3976 2449 4016 ausa
2500 3959 2691 4023 fueris,
2729 3957 2976 4010 inlinitas
3023 3953 3116 4008 Dei
3147 3951 3499 4022 operationes
3548 3963 3690 4017 prae-

2099 4052 2302 4116 dicare,
2349 4065 2553 4121 easque
2608 4049 2899 4112 iucreatas,
2958 4054 3014 4100 et
3055 4043 3272 4100 inﬁnite
3326 4041 3396 4096 ab
3447 4039 3711 4096 essentia.

2100 4143 2344 4210 diﬂ‘erre,
2378 4143 2716 4212 credereque
2743 4139 2949 4209 aliquid
2999 4145 3152 4193 extra
3181 4133 3438 4190 Triadem
3472 4133 3692 4188 increa-

2102 4245 2240 4301 tum,
2273 4247 2329 4292 et
2355 4250 2452 4291 eos
2479 4235 2570 4306 qui
2607 4233 2768 4288 aliter
2799 4231 3067 4293 sentiunt,
3103 4228 3174 4284 ab
3205 4227 3453 4283 Ecclesia
3494 4233 3690 4282 extur-

2101 4327 2254 4383 bare.
2284 4325 2522 4388 Accede,
2551 4325 2754 4381 accede
2784 4323 2852 4378 ad
2868 4322 3101 4386 Christi,
3127 4320 3244 4377 sive
3277 4321 3481 4374 veteris
3502 4317 3698 4372 Romae

2104 4421 2428 4477 Ecclesiam.
2456 4419 2651 4487 Quaere
2677 4427 2734 4474 et
2763 4417 2967 4474 disces.
2994 4413 3183 4479 Pulsa,
3207 4422 3256 4468 et
3283 4411 3554 4482 aperietur
3575 4409 3690 4462 tibi.

2106 4515 2350 4586 Sequere
2405 4523 2530 4569 tuos
2581 4520 2947 4584 praeceptores
2996 4505 3362 4564 Athanasium
3414 4501 3690 4572 Magnum,

403 4607 517 4669 τοῖς
548 4608 662 4668 σοῖς
689 4603 1044 4671 διδασκάλοιςΔ
1068 4604 1376 4674 Ἀθανασίῳ
1403 4603 1480 4674 τῷ
1511 4605 1673 4670 πάνυ,
1707 4605 1992 4675 Βασιλείῳ,

2103 4607 2390 4672 Basilium,
2439 4605 2730 4677 Cyrillum,
2791 4601 3120 4673 Nyssenum,
3156 4609 3213 4654 et
3269 4595 3536 4664 reliquos.
3595 4592 3696 4647 Dic

406 4697 685 4768 Κυρίλλῳ,
710 4696 789 4768 τῷ
816 4696 1064 4766 Νύσσης,
1095 4699 1190 4750 καὶ
1215 4699 1330 4760 τοῖς
1357 4697 1587 4760 λοιποῖς.
1618 4696 1996 4766 Παράπεμψον

404 4792 483 4862 τῷ
512 4791 820 4861 ἀναθεματι
847 4791 1137 4861 Παλαμᾶν,
1167 4791 1281 4854 τὸν,
1313 4791 1401 4844 ἵνα
1434 4791 1584 4864 φύγῃ
1612 4792 1712 4862 τὴν
1738 4791 1835 4861 τῆς
1864 4791 1997 4846 Ῥώ-

412 4901 520 4952 μης
551 4883 746 4950 δόξαν,
779 4884 900 4954 ἦτοι
927 4883 1026 4955 τὴν
1057 4884 1320 4956 ἀλήθειαν
1351 4883 1554 4955 αὐτὴν,
1587 4885 1668 4948 είς
1701 4883 1995 4937 πολυθείαν

406 4981 502 5032 καὶ
539 4977 711 5048 αὐτῆς
743 4977 843 5048 τῆς
876 4977 1200 5048 Ἑλληνικῆς
1242 4978 1423 5048 πολλῷ
1460 4979 1632 5050 χείρω
1672 4979 1997 5033 είσὸαλόντα

405 5073 588 5126 πᾶσαν
623 5069 724 5140 τὴν
760 5069 1095 5135 Ἐκκλησίαν
1129 5069 1405 5139 Γραικῶν.
1448 5069 1542 5133 Τίς
1579 5069 1859 5142 τραγῳδὸς
1905 5072 1996 5122 ὲκ-

405 5161 749 5233 τραγῳδήσει
781 5159 854 5225 ὡς
885 5162 966 5214 δεῖ
994 5163 1202 5228 ταῦτα;
1237 5161 1334 5225 Τίς
1364 5161 1680 5233 ἀρκούντως
1712 5161 1997 5215 ἀποκλαύο

406 5272 600 5320 σεται;
640 5255 795 5327 Ἐμοὶ
827 5257 918 5323 δὲ,
952 5257 1236 5326 εἰρήσεται
1272 5255 1381 5326 γὰρ
1413 5255 1678 5328 τάληθὲς,
1711 5256 1841 5310 ὅταν
1871 5255 1998 5310 τούς

405 5366 515 5403 των
559 5349 808 5420 μνησθῶ,
837 5349 1029 5420 ὥσπερ
1073 5347 1185 5403 τινὶ
1234 5348 1475 5418 φιλογόῳ
1521 5352 1767 5417 γυναικὶ,
1815 5348 2001 5414 ὄνυξιν

406 5443 704 5514 ἐπέρχεται
749 5442 897 5508 ξύειν
939 5441 1037 5505 τὰς
1084 5443 1342 5513 παρειὰς,
1382 5442 1478 5496 καὶ
1518 5445 1619 5511 τὴν
1659 5441 1839 5512 κόμην
1883 5441 2007 5506 ξαία-⁴

406 5553 543 5600 νειν,
577 5535 735 5606 χερσὶ
763 5537 942 5607 δέρειν
974 5537 1053 5600 είς
1082 5533 1183 5606 τὴν
1214 5531 1479 5605 κεφαλῆν,
1512 5537 1604 5588 καὶ
1636 5534 1859 5589 τύπτειν
1893 5552 1998 5590 πα-

402 5625 612 5698 λάμαις
659 5626 732 5680 τὰ
778 5627 1016 5696 γόνατα,
1069 5626 1461 5698 ἐνθυμουμένῳ
1512 5629 1613 5698 τὴν
1659 5627 1758 5681 τοῦ
1807 5628 2000 5696 γένους

404 5718 706 5774 ἀπώλειαν.
737 5719 882 5774 Ἀλλ’
905 5720 966 5774 οὐ
997 5719 1189 5791 καιρὸς
1217 5719 1314 5777 νῦν
1341 5719 1448 5772 τῶν
1473 5719 1734 5775 τοιούτων
1763 5720 1998 5792 θρήνων.

487 5915 504 5945 ⁸
540 5911 702 5969 Joan.
741 5927 854 5978 im,
897 5909 990 5964 '26.
1072 5912 1089 5940 ³
1131 5907 1290 5964 Joau.
1339 5923 1479 5974 xvn,
1513 5908 1570 5961 ϐ.

2104 4703 2396 4758 anathema
2432 4701 2688 4768 Ραισωω,
2714 4697 2809 4768 qui
2860 4706 2915 4752 ul
2974 4695 3279 4752 Romanam
3333 4686 3690 4752 sententiam,

2103 4809 2201 4850 seu
2255 4794 2438 4865 potius
2469 4793 2760 4848 veritatem
2792 4790 2966 4861 ipsam
3016 4787 3338 4851 declinaret,
3371 4783 3427 4839 in
3483 4781 3694 4839 cultum

2103 4888 2406 4943 multorum
2466 4886 2719 4952 deorum,
2771 4895 2830 4941 et
2886 4882 3177 4955 gentilium
3226 4881 3468 4950 ipsorum
3525 4873 3698 4929 multo

2103 4981 2599 5053 perniciosiorum,
2639 4979 2962 5034 Graecorum
3026 4974 3345 5030 universam
3397 4965 3699 5025 Ecclesiam

2105 5073 2366 5143 coniecit.
2400 5072 2533 5139 Quis
2569 5071 2850 5142 tragmdus
2890 5069 3026 5135 haec,
3071 5067 3152 5122 uti
3205 5064 3459 5126 addecet,
3496 5061 3699 5130 tragice

2107 5173 2481 5236 prosequetur
2501 5165 2528 5218 ’ἒ
2555 5164 2690 5231 Quis
2736 5161 2958 5220 abunde
2988 5155 3344 5228 deplorahit?
3380 5152 3511 5208 Mihi
3541 5165 3698 5214 sane,

2110 5274 2302 5313 verum
2325 5257 2476 5314 enim
2505 5257 2745 5320 dicetur,
2776 5255 3056 5311 dumhaec
3086 5252 3142 5306 in
3170 5257 3413 5307 mentem
3442 5245 3714 5310 veniunt,

2110 5351 2279 5406 veluti
2338 5351 2562 5408 cuidam
2620 5350 2676 5405 in
2714 5351 2984 5420 lacrymas
3030 5359 3220 5416 pronae
3248 5339 3468 5396 mulieri
3525 5337 3697 5402 subit,

2112 5443 2393 5516 unguibus
2423 5460 2593 5516 genas
2632 5443 2864 5505 laniare,
2893 5441 3149 5496 manibus
3192 5449 3407 5492 comam
3436 5432 3715 5495 evellere,-

2110 5547 2166 5594 et
2223 5539 2422 5610 palmis
2451 5538 2671 5609 pulsare
2703 5551 2902 5608 genua,
2930 5533 3108 5605 gentis
3157 5545 3292 5586 mete
3339 5527 3568 5584 exitium
3609 5539 3702 5581 re-

2113 5632 2454 5688 miniscenti.
2478 5630 2584 5687 Sed
2611 5630 2871 5688 similium
2908 5628 3278 5698 lacrymarum
3307 5637 3455 5677 nunc
3481 5630 3710 5690 tempus

2113 5740 2228 5782 non
2256 5734 2364 5782 est.
2393 5722 2530 5780 Novi
2559 5723 2727 5790 enim,
2765 5719 2910 5792 quod
2945 5719 3034 5791 qui
3066 5717 3325 5791 opinione
3361 5714 3582 5770 Graecus
3615 5726 3721 5776 es,
