  <div class='ocr_page' id='page_1' title='image "/cluster/home/n/w/nwhite01/storage/ocr_20150623/161/coo.31924054870666/481.png"; bbox 0 0 4098 6406; ppageno 0'>
   <div class='ocr_carea' id='block_1_1' title="bbox 497 394 605 457">
    <p class='ocr_par' dir='ltr' id='par_1_1' title="bbox 497 394 605 457">
     <span class='ocr_line' id='line_1_1' title="bbox 497 394 605 457; baseline 0.009 -1"><span class='ocrx_word' id='word_1_1' title='bbox 497 394 605 457; x_wconf 72' lang='grc' dir='ltr'><strong>7ε3</strong></span> 
     </span>
    </p>
   </div>
   <div class='ocr_carea' id='block_1_2' title="bbox 1694 406 2577 471">
    <p class='ocr_par' dir='ltr' id='par_1_2' title="bbox 1694 406 2577 471">
     <span class='ocr_line' id='line_1_2' title="bbox 1694 406 2577 471; baseline 0.002 -5"><span class='ocrx_word' id='word_1_2' title='bbox 1694 406 2018 468; x_wconf 79' lang='lat' dir='ltr'>GEORGII</span> <span class='ocrx_word' id='word_1_3' title='bbox 2058 407 2577 471; x_wconf 80' lang='lat' dir='ltr'><strong>TRAPEZUNTII</strong></span> 
     </span>
    </p>
   </div>
   <div class='ocr_carea' id='block_1_3' title="bbox 3671 409 3773 473">
    <p class='ocr_par' dir='ltr' id='par_1_3' title="bbox 3671 409 3773 473">
     <span class='ocr_line' id='line_1_3' title="bbox 3671 409 3773 473; baseline 0.01 -1"><span class='ocrx_word' id='word_1_4' title='bbox 3671 409 3773 473; x_wconf 64' lang='grc' dir='ltr'>τςι</span> 
     </span>
    </p>
   </div>
   <div class='ocr_carea' id='block_1_4' title="bbox 503 512 2073 605">
    <p class='ocr_par' dir='ltr' id='par_1_4' title="bbox 503 512 2073 605">
     <span class='ocr_line' id='line_1_4' title="bbox 503 512 2073 605; baseline 0.008 -41"><span class='ocrx_word' id='word_1_5' title='bbox 503 526 590 566; x_wconf 86' lang='lat' dir='ltr'><strong>me</strong></span> <span class='ocrx_word' id='word_1_6' title='bbox 628 512 799 567; x_wconf 77' lang='lat' dir='ltr'><strong>veluti</strong></span> <span class='ocrx_word' id='word_1_7' title='bbox 835 520 1017 569; x_wconf 83' lang='lat' dir='ltr'><strong>mente</strong></span> <span class='ocrx_word' id='word_1_8' title='bbox 1068 525 1285 586; x_wconf 84' lang='lat' dir='ltr'><strong>captum</strong></span> <span class='ocrx_word' id='word_1_9' title='bbox 1325 515 1603 576; x_wconf 87' lang='lat' dir='ltr'><strong>irridebis.</strong></span> <span class='ocrx_word' id='word_1_10' title='bbox 1646 520 1714 574; x_wconf 80' lang='lat' dir='ltr'><strong>At</strong></span> <span class='ocrx_word' id='word_1_11' title='bbox 1756 537 1858 592; x_wconf 81' lang='lat' dir='ltr'><strong>ego</strong></span> <span class='ocrx_word' id='word_1_12' title='bbox 1888 538 2073 605; x_wconf 62' lang='lat' dir='ltr'><strong>quem-</strong></span> 
     </span>
    </p>
   </div>
   <div class='ocr_carea' id='block_1_5' title="bbox 2176 512 3773 605">
    <p class='ocr_par' dir='ltr' id='par_1_5' title="bbox 2189 520 3773 602">
     <span class='ocr_line' id='line_1_5' title="bbox 2189 520 3773 602; baseline 0.002 -26"><span class='ocrx_word' id='word_1_13' title='bbox 2189 520 2320 577; x_wconf 73' lang='grc' dir='ltr'>Οἶδα</span> <span class='ocrx_word' id='word_1_14' title='bbox 2356 524 2464 594; x_wconf 77' lang='grc' dir='ltr'>γὰρ</span> <span class='ocrx_word' id='word_1_15' title='bbox 2501 525 2583 602; x_wconf 76' lang='grc' dir='ltr'>ὅτι</span> <span class='ocrx_word' id='word_1_16' title='bbox 2618 522 2926 595; x_wconf 72' lang='grc' dir='ltr'><strong>καταγελᾷς</strong></span> <span class='ocrx_word' id='word_1_17' title='bbox 2963 524 3203 595; x_wconf 69' lang='grc' dir='ltr'>Γραικὸς</span> <span class='ocrx_word' id='word_1_18' title='bbox 3241 525 3309 595; x_wconf 80' lang='grc' dir='ltr'>τῇ</span> <span class='ocrx_word' id='word_1_19' title='bbox 3348 523 3477 596; x_wconf 75' lang='grc' dir='ltr'>δόξῃ</span> <span class='ocrx_word' id='word_1_20' title='bbox 3512 525 3587 587; x_wconf 81' lang='grc' dir='ltr'><strong>ὡς</strong></span> <span class='ocrx_word' id='word_1_21' title='bbox 3622 526 3773 596; x_wconf 80' lang='grc' dir='ltr'>ἀνοή-</span> 
     </span>
    </p>
   </div>
   <div class='ocr_carea' id='block_1_6' title="bbox 495 604 2073 689">
    <p class='ocr_par' dir='ltr' id='par_1_6' title="bbox 495 604 2073 683">
     <span class='ocr_line' id='line_1_6' title="bbox 495 604 2073 683; baseline 0.008 -26"><span class='ocrx_word' id='word_1_22' title='bbox 495 604 790 659; x_wconf 81' lang='lat' dir='ltr'><strong>admodum</strong></span> <span class='ocrx_word' id='word_1_23' title='bbox 827 621 952 661; x_wconf 85' lang='lat' dir='ltr'><strong>vera</strong></span> <span class='ocrx_word' id='word_1_24' title='bbox 1001 606 1145 670; x_wconf 92' lang='lat' dir='ltr'><strong>dico,</strong></span> <span class='ocrx_word' id='word_1_25' title='bbox 1198 610 1269 664; x_wconf 88' lang='lat' dir='ltr'><strong>ita</strong></span> <span class='ocrx_word' id='word_1_26' title='bbox 1321 611 1452 664; x_wconf 89' lang='lat' dir='ltr'><strong>mihi</strong></span> <span class='ocrx_word' id='word_1_27' title='bbox 1484 610 1737 669; x_wconf 74' lang='lat' dir='ltr'><strong>Christus</strong></span> <span class='ocrx_word' id='word_1_28' title='bbox 1767 625 1954 683; x_wconf 82' lang='lat' dir='ltr'><strong>parcat</strong></span> <span class='ocrx_word' id='word_1_29' title='bbox 1986 604 2073 669; x_wconf 89' lang='lat' dir='ltr'><strong>die</strong></span> 
     </span>
    </p>
   </div>
   <div class='ocr_carea' id='block_1_7' title="bbox 2176 604 3771 689">
    <p class='ocr_par' dir='ltr' id='par_1_7' title="bbox 2183 616 3771 689">
     <span class='ocr_line' id='line_1_7' title="bbox 2183 616 3771 689; baseline 0.003 -21"><span class='ocrx_word' id='word_1_30' title='bbox 2183 633 2301 670; x_wconf 86' lang='grc' dir='ltr'>του.</span> <span class='ocrx_word' id='word_1_31' title='bbox 2331 616 2474 685; x_wconf 83' lang='grc' dir='ltr'><strong>Ἐγὼ</strong></span> <span class='ocrx_word' id='word_1_32' title='bbox 2501 617 2547 670; x_wconf 88' lang='grc' dir='ltr'>δ’</span> <span class='ocrx_word' id='word_1_33' title='bbox 2567 616 2760 687; x_wconf 84' lang='grc' dir='ltr'>ὥσπερ</span> <span class='ocrx_word' id='word_1_34' title='bbox 2788 617 2964 688; x_wconf 84' lang='grc' dir='ltr'>ἀληθῆ</span> <span class='ocrx_word' id='word_1_35' title='bbox 2998 617 3141 685; x_wconf 79' lang='grc' dir='ltr'><strong>λέγω</strong></span> <span class='ocrx_word' id='word_1_36' title='bbox 3169 616 3321 671; x_wconf 78' lang='grc' dir='ltr'>οὕτω</span> <span class='ocrx_word' id='word_1_37' title='bbox 3354 635 3459 686; x_wconf 89' lang='grc' dir='ltr'><strong>μου</strong></span> <span class='ocrx_word' id='word_1_38' title='bbox 3491 619 3520 670; x_wconf 88' lang='grc' dir='ltr'><strong>ό</strong></span> <span class='ocrx_word' id='word_1_39' title='bbox 3546 618 3771 689; x_wconf 75' lang='grc' dir='ltr'>Χριστος</span> 
     </span>
    </p>
   </div>
   <div class='ocr_carea' id='block_1_8' title="bbox 490 693 2077 767">
    <p class='ocr_par' dir='ltr' id='par_1_8' title="bbox 490 693 2077 767">
     <span class='ocr_line' id='line_1_8' title="bbox 490 693 2077 767; baseline 0.009 -23"><span class='ocrx_word' id='word_1_40' title='bbox 490 693 705 759; x_wconf 81' lang='lat' dir='ltr'><strong>jmticii.</strong></span> <span class='ocrx_word' id='word_1_41' title='bbox 744 693 846 751; x_wconf 90' lang='lat' dir='ltr'><strong>Sed</strong></span> <span class='ocrx_word' id='word_1_42' title='bbox 888 696 1104 751; x_wconf 83' lang='lat' dir='ltr'><strong>valeant</strong></span> <span class='ocrx_word' id='word_1_43' title='bbox 1139 697 1255 753; x_wconf 70' lang='lat' dir='ltr'><strong>bare</strong></span> <span class='ocrx_word' id='word_1_44' title='bbox 1287 715 1409 767; x_wconf 68' lang='lat' dir='ltr'><strong>quae</strong></span> <span class='ocrx_word' id='word_1_45' title='bbox 1458 701 1540 755; x_wconf 81' lang='lat' dir='ltr'><strong>vel</strong></span> <span class='ocrx_word' id='word_1_46' title='bbox 1567 701 1796 757; x_wconf 87' lang='lat' dir='ltr'><strong>deorum</strong></span> <span class='ocrx_word' id='word_1_47' title='bbox 1824 702 2077 759; x_wconf 86' lang='lat' dir='ltr'><strong>multitu-</strong></span> 
     </span>
    </p>
   </div>
   <div class='ocr_carea' id='block_1_9' title="bbox 370 785 2079 859">
    <p class='ocr_par' dir='ltr' id='par_1_9' title="bbox 370 785 2079 859">
     <span class='ocr_line' id='line_1_9' title="bbox 370 785 2079 859; baseline 0.008 -23"><span class='ocrx_word' id='word_1_48' title='bbox 370 816 385 821; x_wconf 92' lang='lat'><strong>-</strong></span> <span class='ocrx_word' id='word_1_49' title='bbox 493 785 699 853; x_wconf 82' lang='lat' dir='ltr'><strong>dinem,</strong></span> <span class='ocrx_word' id='word_1_50' title='bbox 724 787 807 841; x_wconf 78' lang='lat' dir='ltr'><strong>vel</strong></span> <span class='ocrx_word' id='word_1_51' title='bbox 851 788 1187 859; x_wconf 74' lang='lat' dir='ltr'><strong>impietatem</strong></span> <span class='ocrx_word' id='word_1_52' title='bbox 1232 792 1287 845; x_wconf 91' lang='lat' dir='ltr'><strong>in</strong></span> <span class='ocrx_word' id='word_1_53' title='bbox 1339 790 1638 850; x_wconf 87' lang='lat' dir='ltr'><strong>Ecclesiam</strong></span> <span class='ocrx_word' id='word_1_54' title='bbox 1692 795 1782 850; x_wconf 91' lang='lat' dir='ltr'><strong>Dei</strong></span> <span class='ocrx_word' id='word_1_55' title='bbox 1827 796 2079 852; x_wconf 88' lang='lat' dir='ltr'><strong>introdu-</strong></span> 
     </span>
    </p>
   </div>
   <div class='ocr_carea' id='block_1_10' title="bbox 493 880 2079 955">
    <p class='ocr_par' dir='ltr' id='par_1_10' title="bbox 493 880 2079 955">
     <span class='ocr_line' id='line_1_10' title="bbox 493 880 2079 955; baseline 0.009 -23"><span class='ocrx_word' id='word_1_56' title='bbox 493 889 659 945; x_wconf 89' lang='lat' dir='ltr'><strong>cunt;</strong></span> <span class='ocrx_word' id='word_1_57' title='bbox 696 888 751 934; x_wconf 90' lang='lat' dir='ltr'><strong>et</strong></span> <span class='ocrx_word' id='word_1_58' title='bbox 774 880 921 937; x_wconf 86' lang='lat' dir='ltr'><strong>unde</strong></span> <span class='ocrx_word' id='word_1_59' title='bbox 948 884 1155 951; x_wconf 80' lang='lat' dir='ltr'><strong>egressi</strong></span> <span class='ocrx_word' id='word_1_60' title='bbox 1182 900 1376 942; x_wconf 86' lang='lat' dir='ltr'><strong>sumus</strong></span> <span class='ocrx_word' id='word_1_61' title='bbox 1413 889 1688 955; x_wconf 88' lang='lat' dir='ltr'><strong>oratione,</strong></span> <span class='ocrx_word' id='word_1_62' title='bbox 1726 888 1947 945; x_wconf 89' lang='lat' dir='ltr'><strong>divinus</strong></span> <span class='ocrx_word' id='word_1_63' title='bbox 1977 905 2079 946; x_wconf 89' lang='lat' dir='ltr'><strong>nos</strong></span> 
     </span>
    </p>
   </div>
   <div class='ocr_carea' id='block_1_11' title="bbox 490 969 2079 1040">
    <p class='ocr_par' dir='ltr' id='par_1_11' title="bbox 490 969 2079 1040">
     <span class='ocr_line' id='line_1_11' title="bbox 490 969 2079 1040; baseline 0.01 -18"><span class='ocrx_word' id='word_1_64' title='bbox 490 969 729 1040; x_wconf 87' lang='lat' dir='ltr'><strong>Cyrillus</strong></span> <span class='ocrx_word' id='word_1_65' title='bbox 759 971 1006 1036; x_wconf 85' lang='lat' dir='ltr'><strong>reducat,</strong></span> <span class='ocrx_word' id='word_1_66' title='bbox 1041 973 1172 1028; x_wconf 90' lang='lat' dir='ltr'><strong>dum</strong></span> <span class='ocrx_word' id='word_1_67' title='bbox 1225 977 1472 1033; x_wconf 89' lang='lat' dir='ltr'><strong>secundo</strong></span> <span class='ocrx_word' id='word_1_68' title='bbox 1518 979 1903 1035; x_wconf 85' lang='lat' dir='ltr'><strong>Thesaurorum</strong></span> <span class='ocrx_word' id='word_1_69' title='bbox 1933 972 2079 1038; x_wconf 89' lang='lat' dir='ltr'><strong>libro</strong></span> 
     </span>
    </p>
   </div>
   <div class='ocr_carea' id='block_1_12' title="bbox 490 1062 2078 1144">
    <p class='ocr_par' dir='ltr' id='par_1_12' title="bbox 490 1062 2078 1144">
     <span class='ocr_line' id='line_1_12' title="bbox 490 1062 2078 1144; baseline 0.008 -28"><span class='ocrx_word' id='word_1_70' title='bbox 490 1063 682 1144; x_wconf 79' lang='lat' dir='ltr'><strong>scribit</strong></span> <span class='ocrx_word' id='word_1_71' title='bbox 709 1081 721 1116; x_wconf 94' lang='lat'>:</span> <span class='ocrx_word' id='word_1_72' title='bbox 747 1062 981 1134; x_wconf 77' lang='lat' dir='ltr'><strong>Spiritus</strong></span> <span class='ocrx_word' id='word_1_73' title='bbox 1012 1077 1226 1123; x_wconf 87' lang='lat' dir='ltr'><strong>sanctus</strong></span> <span class='ocrx_word' id='word_1_74' title='bbox 1264 1071 1334 1124; x_wconf 89' lang='lat' dir='ltr'><strong>ad</strong></span> <span class='ocrx_word' id='word_1_75' title='bbox 1360 1087 1451 1125; x_wconf 90' lang='lat' dir='ltr'><strong>nos</strong></span> <span class='ocrx_word' id='word_1_76' title='bbox 1485 1075 1761 1140; x_wconf 75' lang='lat' dir='ltr'><strong>accedens,</strong></span> <span class='ocrx_word' id='word_1_77' title='bbox 1781 1076 2078 1144; x_wconf 74' lang='lat' dir='ltr'><strong>conformes</strong></span> 
     </span>
    </p>
   </div>
   <div class='ocr_carea' id='block_1_13' title="bbox 493 1136 2078 1232">
    <p class='ocr_par' dir='ltr' id='par_1_13' title="bbox 493 1136 2078 1232">
     <span class='ocr_line' id='line_1_13' title="bbox 493 1136 2078 1232; baseline 0.009 -24"><span class='ocrx_word' id='word_1_78' title='bbox 493 1174 586 1210; x_wconf 87' lang='lat' dir='ltr'><strong>nos</strong></span> <span class='ocrx_word' id='word_1_79' title='bbox 614 1136 717 1211; x_wconf 44' lang='lat' dir='ltr'><strong>&#39;Dei</strong></span> <span class='ocrx_word' id='word_1_80' title='bbox 757 1170 1161 1225; x_wconf 81' lang='lat' dir='ltr'><strong>commonstrat,</strong></span> <span class='ocrx_word' id='word_1_81' title='bbox 1211 1166 1553 1232; x_wconf 84' lang='lat' dir='ltr'><strong>progreditur</strong></span> <span class='ocrx_word' id='word_1_82' title='bbox 1584 1183 1706 1220; x_wconf 83' lang='lat' dir='ltr'><strong>vero</strong></span> <span class='ocrx_word' id='word_1_83' title='bbox 1738 1183 1801 1220; x_wconf 65' lang='lat' dir='ltr'><strong>ea.</strong></span> <span class='ocrx_word' id='word_1_84' title='bbox 1831 1167 1996 1222; x_wconf 85' lang='lat' dir='ltr'><strong>Patre</strong></span> <span class='ocrx_word' id='word_1_85' title='bbox 2030 1178 2078 1223; x_wconf 92' lang='lat' dir='ltr'><strong>et</strong></span> 
     </span>
    </p>
   </div>
   <div class='ocr_carea' id='block_1_14' title="bbox 490 1246 2076 1321">
    <p class='ocr_par' dir='ltr' id='par_1_14' title="bbox 490 1246 2076 1321">
     <span class='ocr_line' id='line_1_14' title="bbox 490 1246 2076 1321; baseline 0.01 -21"><span class='ocrx_word' id='word_1_86' title='bbox 490 1246 648 1301; x_wconf 74' lang='lat' dir='ltr'><strong>Filio.</strong></span> <span class='ocrx_word' id='word_1_87' title='bbox 685 1248 1029 1321; x_wconf 80' lang='lat' dir='ltr'><strong>Manifestum</strong></span> <span class='ocrx_word' id='word_1_88' title='bbox 1057 1262 1132 1308; x_wconf 87' lang='lat' dir='ltr'><strong>est</strong></span> <span class='ocrx_word' id='word_1_89' title='bbox 1185 1271 1305 1309; x_wconf 91' lang='lat' dir='ltr'><strong>eum</strong></span> <span class='ocrx_word' id='word_1_90' title='bbox 1340 1258 1534 1313; x_wconf 76' lang='lat' dir='ltr'><strong>divina:</strong></span> <span class='ocrx_word' id='word_1_91' title='bbox 1577 1275 1690 1314; x_wconf 85' lang='lat' dir='ltr'><strong>esse</strong></span> <span class='ocrx_word' id='word_1_92' title='bbox 1715 1261 1954 1315; x_wconf 72' lang='lat' dir='ltr'><strong>essentia:</strong></span> <span class='ocrx_word' id='word_1_93' title='bbox 1978 1279 2076 1316; x_wconf 88' lang='lat' dir='ltr'><strong>na-</strong></span> 
     </span>
    </p>
   </div>
   <div class='ocr_carea' id='block_1_15' title="bbox 492 1341 2079 1423">
    <p class='ocr_par' dir='ltr' id='par_1_15' title="bbox 492 1341 2079 1423">
     <span class='ocr_line' id='line_1_15' title="bbox 492 1341 2079 1423; baseline 0.011 -30"><span class='ocrx_word' id='word_1_94' title='bbox 492 1341 763 1405; x_wconf 85' lang='lat' dir='ltr'><strong>turaliter,</strong></span> <span class='ocrx_word' id='word_1_95' title='bbox 813 1345 869 1397; x_wconf 88' lang='lat' dir='ltr'><strong>in</strong></span> <span class='ocrx_word' id='word_1_96' title='bbox 921 1347 1036 1411; x_wconf 87' lang='lat' dir='ltr'><strong>ipsa</strong></span> <span class='ocrx_word' id='word_1_97' title='bbox 1100 1356 1149 1401; x_wconf 90' lang='lat' dir='ltr'><strong>et</strong></span> <span class='ocrx_word' id='word_1_98' title='bbox 1197 1365 1262 1403; x_wconf 74' lang='lat' dir='ltr'><strong>ex</strong></span> <span class='ocrx_word' id='word_1_99' title='bbox 1306 1353 1423 1419; x_wconf 87' lang='lat' dir='ltr'><strong>ipsa</strong></span> <span class='ocrx_word' id='word_1_100' title='bbox 1481 1354 1854 1423; x_wconf 75' lang='lat' dir='ltr'><strong>egredientem.</strong></span> <span class='ocrx_word' id='word_1_101' title='bbox 1892 1356 1959 1410; x_wconf 87' lang='lat' dir='ltr'><strong>Et</strong></span> <span class='ocrx_word' id='word_1_102' title='bbox 1993 1356 2079 1411; x_wconf 88' lang='lat' dir='ltr'><strong>hic</strong></span> 
     </span>
    </p>
   </div>
   <div class='ocr_carea' id='block_1_16' title="bbox 491 1433 2080 1519">
    <p class='ocr_par' dir='ltr' id='par_1_16' title="bbox 491 1433 2080 1519">
     <span class='ocr_line' id='line_1_16' title="bbox 491 1433 2080 1519; baseline 0.013 -36"><span class='ocrx_word' id='word_1_103' title='bbox 491 1447 715 1502; x_wconf 76' lang='lat' dir='ltr'><strong>quoque</strong></span> <span class='ocrx_word' id='word_1_104' title='bbox 740 1433 808 1489; x_wconf 92' lang='lat' dir='ltr'><strong>de</strong></span> <span class='ocrx_word' id='word_1_105' title='bbox 842 1434 1122 1507; x_wconf 85' lang='lat' dir='ltr'><strong>hypostasi</strong></span> <span class='ocrx_word' id='word_1_106' title='bbox 1153 1454 1463 1497; x_wconf 86' lang='lat' dir='ltr'><strong>sermonem</strong></span> <span class='ocrx_word' id='word_1_107' title='bbox 1496 1459 1636 1511; x_wconf 89' lang='lat' dir='ltr'><strong>esse,</strong></span> <span class='ocrx_word' id='word_1_108' title='bbox 1679 1447 1813 1503; x_wconf 83' lang='lat' dir='ltr'><strong>satis</strong></span> <span class='ocrx_word' id='word_1_109' title='bbox 1849 1458 2080 1519; x_wconf 80' lang='lat' dir='ltr'><strong>apparet</strong></span> 
     </span>
    </p>
   </div>
   <div class='ocr_carea' id='block_1_17' title="bbox 494 1524 2075 1608">
    <p class='ocr_par' dir='ltr' id='par_1_17' title="bbox 494 1524 2075 1608">
     <span class='ocr_line' id='line_1_17' title="bbox 494 1524 2075 1608; baseline 0.013 -34"><span class='ocrx_word' id='word_1_110' title='bbox 494 1537 559 1576; x_wconf 82' lang='lat' dir='ltr'><strong>ex</strong></span> <span class='ocrx_word' id='word_1_111' title='bbox 595 1538 665 1579; x_wconf 90' lang='lat' dir='ltr'><strong>co</strong></span> <span class='ocrx_word' id='word_1_112' title='bbox 693 1524 838 1605; x_wconf 87' lang='lat' dir='ltr'><strong>quod</strong></span> <span class='ocrx_word' id='word_1_113' title='bbox 880 1537 1103 1585; x_wconf 88' lang='lat' dir='ltr'><strong>sanctus</strong></span> <span class='ocrx_word' id='word_1_114' title='bbox 1133 1544 1257 1585; x_wconf 92' lang='lat' dir='ltr'><strong>cum</strong></span> <span class='ocrx_word' id='word_1_115' title='bbox 1300 1534 1537 1589; x_wconf 80' lang='lat' dir='ltr'><strong>articulo</strong></span> <span class='ocrx_word' id='word_1_116' title='bbox 1581 1537 1781 1591; x_wconf 81' lang='lat' dir='ltr'><strong>extulit</strong></span> <span class='ocrx_word' id='word_1_117' title='bbox 1811 1537 2075 1608; x_wconf 83' lang='lat' dir='ltr'><strong>Spiritum</strong></span> 
     </span>
    </p>
   </div>
   <div class='ocr_carea' id='block_1_18' title="bbox 492 1624 2072 1701">
    <p class='ocr_par' dir='ltr' id='par_1_18' title="bbox 492 1624 2072 1701">
     <span class='ocr_line' id='line_1_18' title="bbox 492 1624 2072 1701; baseline 0.011 -31"><span class='ocrx_word' id='word_1_118' title='bbox 492 1624 778 1671; x_wconf 87' lang='lat' dir='ltr'><strong>sanctum:</strong></span> <span class='ocrx_word' id='word_1_119' title='bbox 815 1635 996 1689; x_wconf 88' lang='lat' dir='ltr'><strong>neque</strong></span> <span class='ocrx_word' id='word_1_120' title='bbox 1028 1624 1174 1677; x_wconf 89' lang='lat' dir='ltr'><strong>enim</strong></span> <span class='ocrx_word' id='word_1_121' title='bbox 1206 1640 1270 1679; x_wconf 83' lang='lat' dir='ltr'><strong>ca</strong></span> <span class='ocrx_word' id='word_1_122' title='bbox 1297 1627 1510 1683; x_wconf 87' lang='lat' dir='ltr'><strong>ratione</strong></span> <span class='ocrx_word' id='word_1_123' title='bbox 1528 1628 1669 1684; x_wconf 77' lang='lat' dir='ltr'><strong>dona</strong></span> <span class='ocrx_word' id='word_1_124' title='bbox 1694 1630 2072 1701; x_wconf 77' lang='lat' dir='ltr'><strong>proferuntur,</strong></span> 
     </span>
    </p>
   </div>
   <div class='ocr_carea' id='block_1_19' title="bbox 492 1707 2076 1795">
    <p class='ocr_par' dir='ltr' id='par_1_19' title="bbox 492 1707 2076 1795">
     <span class='ocr_line' id='line_1_19' title="bbox 492 1707 2076 1795; baseline 0.014 -36"><span class='ocrx_word' id='word_1_125' title='bbox 492 1722 614 1762; x_wconf 85' lang='lat' dir='ltr'><strong>cum</strong></span> <span class='ocrx_word' id='word_1_126' title='bbox 648 1723 713 1763; x_wconf 75' lang='lat' dir='ltr'><strong>es</strong></span> <span class='ocrx_word' id='word_1_127' title='bbox 735 1707 897 1765; x_wconf 81' lang='lat' dir='ltr'><strong>Patre</strong></span> <span class='ocrx_word' id='word_1_128' title='bbox 942 1722 998 1767; x_wconf 93' lang='lat' dir='ltr'><strong>et</strong></span> <span class='ocrx_word' id='word_1_129' title='bbox 1053 1713 1192 1771; x_wconf 84' lang='lat' dir='ltr'><strong>Filio</strong></span> <span class='ocrx_word' id='word_1_130' title='bbox 1219 1717 1382 1773; x_wconf 87' lang='lat' dir='ltr'><strong>simul</strong></span> <span class='ocrx_word' id='word_1_131' title='bbox 1412 1729 1470 1776; x_wconf 88' lang='lat' dir='ltr'><strong>et</strong></span> <span class='ocrx_word' id='word_1_132' title='bbox 1506 1721 1713 1792; x_wconf 88' lang='lat' dir='ltr'><strong>Spiritu</strong></span> <span class='ocrx_word' id='word_1_133' title='bbox 1751 1723 1900 1779; x_wconf 77' lang='lat' dir='ltr'><strong>dona</strong></span> <span class='ocrx_word' id='word_1_134' title='bbox 1920 1740 2076 1795; x_wconf 79' lang='lat' dir='ltr'><strong>egre-</strong></span> 
     </span>
    </p>
   </div>
   <div class='ocr_carea' id='block_1_20' title="bbox 491 1799 2066 1882">
    <p class='ocr_par' dir='ltr' id='par_1_20' title="bbox 491 1799 2066 1882">
     <span class='ocr_line' id='line_1_20' title="bbox 491 1799 2066 1882; baseline 0.013 -31"><span class='ocrx_word' id='word_1_135' title='bbox 491 1799 739 1856; x_wconf 86' lang='lat' dir='ltr'><strong>diuntur.</strong></span> <span class='ocrx_word' id='word_1_136' title='bbox 767 1802 921 1858; x_wconf 79' lang='lat' dir='ltr'><strong>Adde</strong></span> <span class='ocrx_word' id='word_1_137' title='bbox 949 1816 1240 1874; x_wconf 70' lang='lat' dir='ltr'><strong>praeterea,</strong></span> <span class='ocrx_word' id='word_1_138' title='bbox 1262 1808 1463 1867; x_wconf 68' lang='lat' dir='ltr'><strong>divina,-</strong></span> <span class='ocrx_word' id='word_1_139' title='bbox 1483 1814 1741 1870; x_wconf 67' lang='lat' dir='ltr'><strong>essentire-</strong></span> <span class='ocrx_word' id='word_1_140' title='bbox 1757 1815 1900 1871; x_wconf 87' lang='lat' dir='ltr'><strong>dona</strong></span> <span class='ocrx_word' id='word_1_141' title='bbox 1924 1831 2066 1882; x_wconf 88' lang='lat' dir='ltr'><strong>esse,</strong></span> 
     </span>
    </p>
   </div>
   <div class='ocr_carea' id='block_1_21' title="bbox 494 1894 2073 1980">
    <p class='ocr_par' dir='ltr' id='par_1_21' title="bbox 494 1894 2073 1980">
     <span class='ocr_line' id='line_1_21' title="bbox 494 1894 2073 1980; baseline 0.014 -35"><span class='ocrx_word' id='word_1_142' title='bbox 494 1894 720 1949; x_wconf 86' lang='lat' dir='ltr'><strong>minime</strong></span> <span class='ocrx_word' id='word_1_143' title='bbox 773 1898 1051 1967; x_wconf 89' lang='lat' dir='ltr'><strong>astruitis,</strong></span> <span class='ocrx_word' id='word_1_144' title='bbox 1082 1909 1138 1954; x_wconf 86' lang='lat' dir='ltr'><strong>at</strong></span> <span class='ocrx_word' id='word_1_145' title='bbox 1197 1916 1263 1956; x_wconf 85' lang='lat' dir='ltr'><strong>ex</strong></span> <span class='ocrx_word' id='word_1_146' title='bbox 1312 1902 1477 1959; x_wconf 86' lang='lat' dir='ltr'><strong>Patre</strong></span> <span class='ocrx_word' id='word_1_147' title='bbox 1530 1915 1586 1961; x_wconf 93' lang='lat' dir='ltr'><strong>et</strong></span> <span class='ocrx_word' id='word_1_148' title='bbox 1639 1907 1780 1963; x_wconf 86' lang='lat' dir='ltr'><strong>Filio</strong></span> <span class='ocrx_word' id='word_1_149' title='bbox 1838 1908 2073 1980; x_wconf 88' lang='lat' dir='ltr'><strong>Spiritus</strong></span> 
     </span>
    </p>
   </div>
   <div class='ocr_carea' id='block_1_22' title="bbox 494 1988 2074 2070">
    <p class='ocr_par' dir='ltr' id='par_1_22' title="bbox 494 1988 2074 2070">
     <span class='ocr_line' id='line_1_22' title="bbox 494 1988 2074 2070; baseline 0.013 -33"><span class='ocrx_word' id='word_1_150' title='bbox 494 1988 851 2056; x_wconf 77' lang='lat' dir='ltr'><strong>progrediens</strong></span> <span class='ocrx_word' id='word_1_151' title='bbox 890 1990 1085 2047; x_wconf 71' lang='lat' dir='ltr'><strong>divina:</strong></span> <span class='ocrx_word' id='word_1_152' title='bbox 1117 1996 1373 2051; x_wconf 60' lang='lat' dir='ltr'><strong>essentia;</strong></span> <span class='ocrx_word' id='word_1_153' title='bbox 1403 2006 1509 2053; x_wconf 91' lang='lat' dir='ltr'><strong>est.</strong></span> <span class='ocrx_word' id='word_1_154' title='bbox 1559 1998 1657 2054; x_wconf 89' lang='lat' dir='ltr'><strong>llis</strong></span> <span class='ocrx_word' id='word_1_155' title='bbox 1689 2000 1856 2070; x_wconf 83' lang='lat' dir='ltr'><strong>igitur</strong></span> <span class='ocrx_word' id='word_1_156' title='bbox 1894 2002 2074 2056; x_wconf 83' lang='lat' dir='ltr'><strong>omni-</strong></span> 
     </span>
    </p>
   </div>
   <div class='ocr_carea' id='block_1_23' title="bbox 492 2078 2075 2163">
    <p class='ocr_par' dir='ltr' id='par_1_23' title="bbox 492 2078 2075 2163">
     <span class='ocr_line' id='line_1_23' title="bbox 492 2078 2075 2163; baseline 0.009 -30"><span class='ocrx_word' id='word_1_157' title='bbox 492 2078 598 2134; x_wconf 88' lang='lat' dir='ltr'><strong>bus</strong></span> <span class='ocrx_word' id='word_1_158' title='bbox 641 2080 980 2137; x_wconf 90' lang='lat' dir='ltr'><strong>credendum</strong></span> <span class='ocrx_word' id='word_1_159' title='bbox 1014 2093 1100 2141; x_wconf 86' lang='lat' dir='ltr'><strong>est</strong></span> <span class='ocrx_word' id='word_1_160' title='bbox 1124 2101 1290 2155; x_wconf 86' lang='lat' dir='ltr'><strong>vere,</strong></span> <span class='ocrx_word' id='word_1_161' title='bbox 1336 2088 1567 2154; x_wconf 83' lang='lat' dir='ltr'><strong>eﬂ&#39;undi,</strong></span> <span class='ocrx_word' id='word_1_162' title='bbox 1598 2107 1881 2162; x_wconf 82' lang='lat' dir='ltr'><strong>apparere,</strong></span> <span class='ocrx_word' id='word_1_163' title='bbox 1945 2107 2075 2163; x_wconf 84' lang='lat' dir='ltr'><strong>pro-</strong></span> 
     </span>
    </p>
   </div>
   <div class='ocr_carea' id='block_1_24' title="bbox 492 2173 2071 2259">
    <p class='ocr_par' dir='ltr' id='par_1_24' title="bbox 492 2173 2071 2259">
     <span class='ocr_line' id='line_1_24' title="bbox 492 2173 2071 2259; baseline 0.01 -34"><span class='ocrx_word' id='word_1_164' title='bbox 492 2173 671 2239; x_wconf 76' lang='lat' dir='ltr'><strong>gredi,</strong></span> <span class='ocrx_word' id='word_1_165' title='bbox 724 2183 781 2229; x_wconf 91' lang='lat' dir='ltr'><strong>et</strong></span> <span class='ocrx_word' id='word_1_166' title='bbox 828 2176 1093 2247; x_wconf 86' lang='lat' dir='ltr'><strong>quidquid</strong></span> <span class='ocrx_word' id='word_1_167' title='bbox 1155 2179 1304 2234; x_wconf 87' lang='lat' dir='ltr'><strong>aliud</strong></span> <span class='ocrx_word' id='word_1_168' title='bbox 1364 2181 1433 2259; x_wconf 84' lang='lat' dir='ltr'><strong>de</strong></span> <span class='ocrx_word' id='word_1_169' title='bbox 1469 2181 1676 2252; x_wconf 83' lang='lat' dir='ltr'><strong>Spiritu</strong></span> <span class='ocrx_word' id='word_1_170' title='bbox 1709 2183 1946 2250; x_wconf 87' lang='lat' dir='ltr'><strong>dicetur,</strong></span> <span class='ocrx_word' id='word_1_171' title='bbox 2003 2189 2071 2240; x_wconf 85' lang='lat' dir='ltr'><strong>ad</strong></span> 
     </span>
    </p>
   </div>
   <div class='ocr_carea' id='block_1_25' title="bbox 492 2266 2073 2347">
    <p class='ocr_par' dir='ltr' id='par_1_25' title="bbox 492 2266 2073 2347">
     <span class='ocr_line' id='line_1_25' title="bbox 492 2266 2073 2347; baseline 0.011 -30"><span class='ocrx_word' id='word_1_172' title='bbox 492 2266 826 2336; x_wconf 86' lang='lat' dir='ltr'><strong>hypostasim</strong></span> <span class='ocrx_word' id='word_1_173' title='bbox 856 2270 1155 2337; x_wconf 89' lang='lat' dir='ltr'><strong>pertinere.</strong></span> <span class='ocrx_word' id='word_1_174' title='bbox 1187 2271 1341 2340; x_wconf 87' lang='lat' dir='ltr'><strong>Quod</strong></span> <span class='ocrx_word' id='word_1_175' title='bbox 1373 2275 1417 2331; x_wconf 91' lang='lat' dir='ltr'><strong>si</strong></span> <span class='ocrx_word' id='word_1_176' title='bbox 1462 2276 1721 2347; x_wconf 76' lang='lat' dir='ltr'><strong>quopiam</strong></span> <span class='ocrx_word' id='word_1_177' title='bbox 1772 2278 1828 2333; x_wconf 92' lang='lat' dir='ltr'><strong>in</strong></span> <span class='ocrx_word' id='word_1_178' title='bbox 1867 2279 1989 2334; x_wconf 93' lang='lat' dir='ltr'><strong>loco</strong></span> <span class='ocrx_word' id='word_1_179' title='bbox 2016 2289 2073 2335; x_wconf 87' lang='lat' dir='ltr'><strong>et</strong></span> 
     </span>
    </p>
   </div>
   <div class='ocr_carea' id='block_1_26' title="bbox 488 2357 2072 2429">
    <p class='ocr_par' dir='ltr' id='par_1_26' title="bbox 488 2357 2072 2429">
     <span class='ocr_line' id='line_1_26' title="bbox 488 2357 2072 2429; baseline 0.01 -18"><span class='ocrx_word' id='word_1_180' title='bbox 488 2358 557 2413; x_wconf 89' lang='lat' dir='ltr'><strong>de</strong></span> <span class='ocrx_word' id='word_1_181' title='bbox 590 2357 754 2414; x_wconf 88' lang='lat' dir='ltr'><strong>donis</strong></span> <span class='ocrx_word' id='word_1_182' title='bbox 809 2360 951 2416; x_wconf 89' lang='lat' dir='ltr'><strong>idem</strong></span> <span class='ocrx_word' id='word_1_183' title='bbox 982 2364 1272 2429; x_wconf 87' lang='lat' dir='ltr'><strong>asseritur,</strong></span> <span class='ocrx_word' id='word_1_184' title='bbox 1324 2383 1393 2423; x_wconf 91' lang='lat' dir='ltr'><strong>ne</strong></span> <span class='ocrx_word' id='word_1_185' title='bbox 1443 2368 1694 2425; x_wconf 80' lang='lat' dir='ltr'><strong>fallamur</strong></span> <span class='ocrx_word' id='word_1_186' title='bbox 1729 2371 1924 2426; x_wconf 88' lang='lat' dir='ltr'><strong>eodem</strong></span> <span class='ocrx_word' id='word_1_187' title='bbox 1970 2387 2072 2427; x_wconf 86' lang='lat' dir='ltr'><strong>no-</strong></span> 
     </span>
    </p>
   </div>
   <div class='ocr_carea' id='block_1_27' title="bbox 490 2449 2069 2533">
    <p class='ocr_par' dir='ltr' id='par_1_27' title="bbox 490 2449 2069 2533">
     <span class='ocr_line' id='line_1_27' title="bbox 490 2449 2069 2533; baseline 0.011 -32"><span class='ocrx_word' id='word_1_188' title='bbox 490 2449 637 2504; x_wconf 88' lang='lat' dir='ltr'><strong>mine</strong></span> <span class='ocrx_word' id='word_1_189' title='bbox 672 2467 684 2503; x_wconf 92' lang='lat'>:</span> <span class='ocrx_word' id='word_1_190' title='bbox 717 2465 783 2507; x_wconf 82' lang='lat' dir='ltr'><strong>ex</strong></span> <span class='ocrx_word' id='word_1_191' title='bbox 817 2451 945 2518; x_wconf 84' lang='lat' dir='ltr'><strong>illis,</strong></span> <span class='ocrx_word' id='word_1_192' title='bbox 982 2471 1102 2524; x_wconf 73' lang='lat' dir='ltr'><strong>quae</strong></span> <span class='ocrx_word' id='word_1_193' title='bbox 1131 2468 1331 2514; x_wconf 88' lang='lat' dir='ltr'><strong>anteet</strong></span> <span class='ocrx_word' id='word_1_194' title='bbox 1356 2470 1477 2529; x_wconf 89' lang='lat' dir='ltr'><strong>post</strong></span> <span class='ocrx_word' id='word_1_195' title='bbox 1510 2461 1829 2531; x_wconf 89' lang='lat' dir='ltr'><strong>dictionem,</strong></span> <span class='ocrx_word' id='word_1_196' title='bbox 1866 2464 1936 2520; x_wconf 92' lang='lat' dir='ltr'><strong>de</strong></span> <span class='ocrx_word' id='word_1_197' title='bbox 1959 2480 2069 2533; x_wconf 89' lang='lat' dir='ltr'><strong>quo</strong></span> 
     </span>
    </p>
   </div>
   <div class='ocr_carea' id='block_1_28' title="bbox 490 2543 2072 2618">
    <p class='ocr_par' dir='ltr' id='par_1_28' title="bbox 490 2543 2072 2618">
     <span class='ocr_line' id='line_1_28' title="bbox 490 2543 2072 2618; baseline 0.009 -24"><span class='ocrx_word' id='word_1_198' title='bbox 490 2555 672 2594; x_wconf 82' lang='lat' dir='ltr'><strong>sermo</strong></span> <span class='ocrx_word' id='word_1_199' title='bbox 695 2549 800 2603; x_wconf 89' lang='lat' dir='ltr'><strong>est,</strong></span> <span class='ocrx_word' id='word_1_200' title='bbox 835 2543 1163 2611; x_wconf 78' lang='lat' dir='ltr'><strong>atieruntur,</strong></span> <span class='ocrx_word' id='word_1_201' title='bbox 1187 2548 1289 2603; x_wconf 77' lang='lat' dir='ltr'><strong>&#39;res</strong></span> <span class='ocrx_word' id='word_1_202' title='bbox 1340 2550 1456 2618; x_wconf 86' lang='lat' dir='ltr'><strong>ipsa</strong></span> <span class='ocrx_word' id='word_1_203' title='bbox 1494 2553 1820 2607; x_wconf 77' lang='lat' dir='ltr'><strong>excutienda</strong></span> <span class='ocrx_word' id='word_1_204' title='bbox 1850 2564 1955 2611; x_wconf 90' lang='lat' dir='ltr'><strong>est.</strong></span> <span class='ocrx_word' id='word_1_205' title='bbox 1988 2553 2072 2609; x_wconf 87' lang='lat' dir='ltr'><strong>Sit</strong></span> 
     </span>
    </p>
   </div>
   <div class='ocr_carea' id='block_1_29' title="bbox 487 2631 2069 2712">
    <p class='ocr_par' dir='ltr' id='par_1_29' title="bbox 487 2631 2069 2712">
     <span class='ocr_line' id='line_1_29' title="bbox 487 2631 2069 2712; baseline 0.013 -30"><span class='ocrx_word' id='word_1_206' title='bbox 487 2645 620 2699; x_wconf 85' lang='lat' dir='ltr'><strong>ergo</strong></span> <span class='ocrx_word' id='word_1_207' title='bbox 651 2631 1093 2690; x_wconf 79' lang='lat' dir='ltr'><strong>demonstratum</strong></span> <span class='ocrx_word' id='word_1_208' title='bbox 1130 2653 1159 2691; x_wconf 88' lang='lat' dir='ltr'><strong>a</strong></span> <span class='ocrx_word' id='word_1_209' title='bbox 1197 2638 1357 2694; x_wconf 83' lang='lat' dir='ltr'><strong>nobis</strong></span> <span class='ocrx_word' id='word_1_210' title='bbox 1388 2642 1639 2712; x_wconf 83' lang='lat' dir='ltr'><strong>progredi</strong></span> <span class='ocrx_word' id='word_1_211' title='bbox 1678 2654 1736 2699; x_wconf 89' lang='lat' dir='ltr'><strong>et</strong></span> <span class='ocrx_word' id='word_1_212' title='bbox 1765 2644 1972 2702; x_wconf 76' lang='lat' dir='ltr'><strong>eﬁ‘undi</strong></span> <span class='ocrx_word' id='word_1_213' title='bbox 2002 2661 2069 2701; x_wconf 72' lang='lat' dir='ltr'><strong>ex</strong></span> 
     </span>
    </p>
   </div>
   <div class='ocr_carea' id='block_1_30' title="bbox 488 2720 2068 2803">
    <p class='ocr_par' dir='ltr' id='par_1_30' title="bbox 488 2720 2068 2803">
     <span class='ocr_line' id='line_1_30' title="bbox 488 2720 2068 2803; baseline 0.013 -28"><span class='ocrx_word' id='word_1_214' title='bbox 488 2720 648 2778; x_wconf 79' lang='lat' dir='ltr'><strong>Patre</strong></span> <span class='ocrx_word' id='word_1_215' title='bbox 671 2736 725 2778; x_wconf 89' lang='lat' dir='ltr'><strong>et</strong></span> <span class='ocrx_word' id='word_1_216' title='bbox 758 2725 897 2781; x_wconf 88' lang='lat' dir='ltr'><strong>Filio</strong></span> <span class='ocrx_word' id='word_1_217' title='bbox 920 2726 1139 2784; x_wconf 88' lang='lat' dir='ltr'><strong>Triadis</strong></span> <span class='ocrx_word' id='word_1_218' title='bbox 1158 2746 1347 2799; x_wconf 88' lang='lat' dir='ltr'><strong>unum,</strong></span> <span class='ocrx_word' id='word_1_219' title='bbox 1382 2732 1647 2803; x_wconf 89' lang='lat' dir='ltr'><strong>Spiritum</strong></span> <span class='ocrx_word' id='word_1_220' title='bbox 1683 2748 1933 2793; x_wconf 83' lang='lat' dir='ltr'><strong>sanctum</strong></span> <span class='ocrx_word' id='word_1_221' title='bbox 1964 2740 2068 2794; x_wconf 90' lang='lat' dir='ltr'><strong>sci-</strong></span> 
     </span>
    </p>
   </div>
   <div class='ocr_carea' id='block_1_31' title="bbox 489 2814 2071 2894">
    <p class='ocr_par' dir='ltr' id='par_1_31' title="bbox 489 2814 2071 2894">
     <span class='ocr_line' id='line_1_31' title="bbox 489 2814 2071 2894; baseline 0.012 -26"><span class='ocrx_word' id='word_1_222' title='bbox 489 2814 640 2870; x_wconf 89' lang='lat' dir='ltr'><strong>licet.</strong></span> <span class='ocrx_word' id='word_1_223' title='bbox 675 2814 799 2873; x_wconf 69' lang='lat' dir='ltr'><strong>llaec</strong></span> <span class='ocrx_word' id='word_1_224' title='bbox 826 2829 1010 2874; x_wconf 83' lang='lat' dir='ltr'><strong>autem</strong></span> <span class='ocrx_word' id='word_1_225' title='bbox 1042 2830 1097 2876; x_wconf 89' lang='lat' dir='ltr'><strong>et</strong></span> <span class='ocrx_word' id='word_1_226' title='bbox 1120 2824 1319 2879; x_wconf 73' lang='lat' dir='ltr'><strong>similia</strong></span> <span class='ocrx_word' id='word_1_227' title='bbox 1346 2840 1696 2894; x_wconf 79' lang='lat' dir='ltr'><strong>progressum</strong></span> <span class='ocrx_word' id='word_1_228' title='bbox 1719 2830 1776 2885; x_wconf 91' lang='lat' dir='ltr'><strong>in</strong></span> <span class='ocrx_word' id='word_1_229' title='bbox 1804 2832 2071 2887; x_wconf 80' lang='lat' dir='ltr'><strong>exsisten-</strong></span> 
     </span>
    </p>
   </div>
   <div class='ocr_carea' id='block_1_32' title="bbox 488 2907 2070 2992">
    <p class='ocr_par' dir='ltr' id='par_1_32' title="bbox 488 2907 2070 2992">
     <span class='ocr_line' id='line_1_32' title="bbox 488 2907 2070 2992; baseline 0.013 -33"><span class='ocrx_word' id='word_1_230' title='bbox 488 2908 618 2961; x_wconf 88' lang='lat' dir='ltr'><strong>tiam</strong></span> <span class='ocrx_word' id='word_1_231' title='bbox 636 2907 877 2978; x_wconf 89' lang='lat' dir='ltr'><strong>Spiritus</strong></span> <span class='ocrx_word' id='word_1_232' title='bbox 898 2914 1071 2967; x_wconf 90' lang='lat' dir='ltr'><strong>sancti</strong></span> <span class='ocrx_word' id='word_1_233' title='bbox 1095 2924 1414 2979; x_wconf 79' lang='lat' dir='ltr'><strong>connotare,</strong></span> <span class='ocrx_word' id='word_1_234' title='bbox 1430 2934 1494 2974; x_wconf 80' lang='lat' dir='ltr'><strong>ex</strong></span> <span class='ocrx_word' id='word_1_235' title='bbox 1518 2921 1645 2987; x_wconf 87' lang='lat' dir='ltr'><strong>illis,</strong></span> <span class='ocrx_word' id='word_1_236' title='bbox 1664 2937 1785 2992; x_wconf 60' lang='lat' dir='ltr'><strong>quae</strong></span> <span class='ocrx_word' id='word_1_237' title='bbox 1807 2924 2070 2991; x_wconf 79' lang='lat' dir='ltr'><strong>diximus,</strong></span> 
     </span>
    </p>
   </div>
   <div class='ocr_carea' id='block_1_33' title="bbox 488 3003 2069 3078">
    <p class='ocr_par' dir='ltr' id='par_1_33' title="bbox 488 3003 2069 3078">
     <span class='ocr_line' id='line_1_33' title="bbox 488 3003 2069 3078; baseline 0.013 -24"><span class='ocrx_word' id='word_1_238' title='bbox 488 3017 597 3058; x_wconf 91' lang='lat' dir='ltr'><strong>non</strong></span> <span class='ocrx_word' id='word_1_239' title='bbox 622 3004 729 3057; x_wconf 87' lang='lat' dir='ltr'><strong>erit</strong></span> <span class='ocrx_word' id='word_1_240' title='bbox 758 3003 981 3061; x_wconf 84' lang='lat' dir='ltr'><strong>diliicile</strong></span> <span class='ocrx_word' id='word_1_241' title='bbox 1014 3007 1457 3078; x_wconf 90' lang='lat' dir='ltr'><strong>deprehendere.</strong></span> <span class='ocrx_word' id='word_1_242' title='bbox 1505 3013 1643 3069; x_wconf 87' lang='lat' dir='ltr'><strong>Nam</strong></span> <span class='ocrx_word' id='word_1_243' title='bbox 1674 3016 1785 3071; x_wconf 87' lang='lat' dir='ltr'><strong>alio</strong></span> <span class='ocrx_word' id='word_1_244' title='bbox 1811 3018 1975 3073; x_wconf 88' lang='lat' dir='ltr'><strong>modo</strong></span> <span class='ocrx_word' id='word_1_245' title='bbox 2002 3037 2069 3074; x_wconf 80' lang='lat' dir='ltr'><strong>ex</strong></span> 
     </span>
    </p>
   </div>
   <div class='ocr_carea' id='block_1_34' title="bbox 488 3094 2067 3179">
    <p class='ocr_par' dir='ltr' id='par_1_34' title="bbox 488 3094 2067 3179">
     <span class='ocr_line' id='line_1_34' title="bbox 488 3094 2067 3179; baseline 0.012 -32"><span class='ocrx_word' id='word_1_246' title='bbox 488 3094 647 3149; x_wconf 80' lang='lat' dir='ltr'><strong>Patre</strong></span> <span class='ocrx_word' id='word_1_247' title='bbox 691 3108 747 3151; x_wconf 91' lang='lat' dir='ltr'><strong>et</strong></span> <span class='ocrx_word' id='word_1_248' title='bbox 791 3096 952 3162; x_wconf 87' lang='lat' dir='ltr'><strong>Filio,</strong></span> <span class='ocrx_word' id='word_1_249' title='bbox 1009 3100 1125 3155; x_wconf 87' lang='lat' dir='ltr'><strong>sive</strong></span> <span class='ocrx_word' id='word_1_250' title='bbox 1152 3118 1251 3171; x_wconf 83' lang='lat' dir='ltr'><strong>per</strong></span> <span class='ocrx_word' id='word_1_251' title='bbox 1293 3103 1491 3158; x_wconf 88' lang='lat' dir='ltr'><strong>Filium</strong></span> <span class='ocrx_word' id='word_1_252' title='bbox 1518 3105 1727 3162; x_wconf 81' lang='lat' dir='ltr'><strong>eﬂ‘uudi</strong></span> <span class='ocrx_word' id='word_1_253' title='bbox 1779 3108 2067 3179; x_wconf 84' lang='lat' dir='ltr'><strong>Spiritum,</strong></span> 
     </span>
    </p>
   </div>
   <div class='ocr_carea' id='block_1_35' title="bbox 488 3188 1863 3263">
    <p class='ocr_par' dir='ltr' id='par_1_35' title="bbox 488 3188 1863 3263">
     <span class='ocr_line' id='line_1_35' title="bbox 488 3188 1863 3263; baseline 0.011 -22"><span class='ocrx_word' id='word_1_254' title='bbox 488 3189 581 3258; x_wconf 83' lang='lat' dir='ltr'><strong>qui</strong></span> <span class='ocrx_word' id='word_1_255' title='bbox 615 3188 671 3243; x_wconf 91' lang='lat' dir='ltr'><strong>in</strong></span> <span class='ocrx_word' id='word_1_256' title='bbox 709 3190 932 3259; x_wconf 86' lang='lat' dir='ltr'><strong>speciali</strong></span> <span class='ocrx_word' id='word_1_257' title='bbox 962 3193 1234 3263; x_wconf 73' lang='lat' dir='ltr'><strong>hypostasi</strong></span> <span class='ocrx_word' id='word_1_258' title='bbox 1259 3204 1363 3262; x_wconf 89' lang='lat' dir='ltr'><strong>est,</strong></span> <span class='ocrx_word' id='word_1_259' title='bbox 1394 3198 1863 3256; x_wconf 79' lang='lat' dir='ltr'><strong>intellexerimus?</strong></span> 
     </span>
    </p>
   </div>
   <div class='ocr_carea' id='block_1_36' title="bbox 563 3367 2074 3453">
    <p class='ocr_par' dir='ltr' id='par_1_36' title="bbox 563 3367 2074 3453">
     <span class='ocr_line' id='line_1_36' title="bbox 563 3367 2074 3453; baseline 0.011 -32"><span class='ocrx_word' id='word_1_260' title='bbox 563 3367 652 3422; x_wconf 79' lang='grc'><strong>10.</strong></span> <span class='ocrx_word' id='word_1_261' title='bbox 678 3367 786 3425; x_wconf 87' lang='lat' dir='ltr'><strong>Sed</strong></span> <span class='ocrx_word' id='word_1_262' title='bbox 814 3383 1165 3442; x_wconf 81' lang='lat' dir='ltr'><strong>exponantur</strong></span> <span class='ocrx_word' id='word_1_263' title='bbox 1186 3374 1303 3432; x_wconf 69' lang='lat' dir='ltr'><strong>haec</strong></span> <span class='ocrx_word' id='word_1_264' title='bbox 1326 3376 1521 3434; x_wconf 82' lang='lat' dir='ltr'><strong>iusius.</strong></span> <span class='ocrx_word' id='word_1_265' title='bbox 1550 3378 1605 3437; x_wconf 91' lang='lat' dir='ltr'><strong>Si</strong></span> <span class='ocrx_word' id='word_1_266' title='bbox 1641 3379 1713 3436; x_wconf 88' lang='lat' dir='ltr'><strong>ab</strong></span> <span class='ocrx_word' id='word_1_267' title='bbox 1737 3382 2074 3453; x_wconf 81' lang='grc' dir='ltr'><strong>ὑφίστασθαι</strong></span> 
     </span>
    </p>
   </div>
   <div class='ocr_carea' id='block_1_37' title="bbox 488 3460 2076 3545">
    <p class='ocr_par' dir='ltr' id='par_1_37' title="bbox 488 3460 2076 3545">
     <span class='ocr_line' id='line_1_37' title="bbox 488 3460 2076 3545; baseline 0.013 -32"><span class='ocrx_word' id='word_1_268' title='bbox 488 3460 731 3516; x_wconf 80' lang='lat' dir='ltr'><strong>substare</strong></span> <span class='ocrx_word' id='word_1_269' title='bbox 755 3479 953 3536; x_wconf 87' lang='lat' dir='ltr'><strong>nempe</strong></span> <span class='ocrx_word' id='word_1_270' title='bbox 980 3482 1045 3522; x_wconf 86' lang='lat' dir='ltr'><strong>ac</strong></span> <span class='ocrx_word' id='word_1_271' title='bbox 1068 3469 1355 3526; x_wconf 76' lang='lat' dir='ltr'><strong>subsistere</strong></span> <span class='ocrx_word' id='word_1_272' title='bbox 1381 3476 1694 3545; x_wconf 87' lang='lat' dir='ltr'><strong>hypostasis</strong></span> <span class='ocrx_word' id='word_1_273' title='bbox 1732 3493 1935 3533; x_wconf 88' lang='lat' dir='ltr'><strong>nomen</strong></span> <span class='ocrx_word' id='word_1_274' title='bbox 1985 3478 2076 3533; x_wconf 91' lang='lat' dir='ltr'><strong>ha-</strong></span> 
     </span>
    </p>
   </div>
   <div class='ocr_carea' id='block_1_38' title="bbox 486 3555 2071 3640">
    <p class='ocr_par' dir='ltr' id='par_1_38' title="bbox 486 3555 2071 3640">
     <span class='ocr_line' id='line_1_38' title="bbox 486 3555 2071 3640; baseline 0.01 -32"><span class='ocrx_word' id='word_1_275' title='bbox 486 3555 603 3621; x_wconf 81' lang='lat' dir='ltr'><strong>bet,</strong></span> <span class='ocrx_word' id='word_1_276' title='bbox 645 3556 792 3626; x_wconf 86' lang='lat' dir='ltr'><strong>quod</strong></span> <span class='ocrx_word' id='word_1_277' title='bbox 829 3560 1183 3629; x_wconf 77' lang='lat' dir='ltr'><strong>progreditur</strong></span> <span class='ocrx_word' id='word_1_278' title='bbox 1200 3573 1256 3618; x_wconf 86' lang='lat' dir='ltr'><strong>et</strong></span> <span class='ocrx_word' id='word_1_279' title='bbox 1285 3564 1593 3621; x_wconf 72' lang='lat' dir='ltr'><strong>effunditur</strong></span> <span class='ocrx_word' id='word_1_280' title='bbox 1621 3570 1675 3624; x_wconf 89' lang='lat' dir='ltr'><strong>in</strong></span> <span class='ocrx_word' id='word_1_281' title='bbox 1706 3569 2071 3640; x_wconf 84' lang='lat' dir='ltr'><strong>hypostasim,</strong></span> 
     </span>
    </p>
   </div>
   <div class='ocr_carea' id='block_1_39' title="bbox 491 3649 2076 3733">
    <p class='ocr_par' dir='ltr' id='par_1_39' title="bbox 491 3649 2076 3733">
     <span class='ocr_line' id='line_1_39' title="bbox 491 3649 2076 3733; baseline 0.011 -32"><span class='ocrx_word' id='word_1_282' title='bbox 491 3649 564 3702; x_wconf 89' lang='lat' dir='ltr'><strong>ita</strong></span> <span class='ocrx_word' id='word_1_283' title='bbox 598 3651 976 3719; x_wconf 77' lang='lat' dir='ltr'><strong>progreditur,</strong></span> <span class='ocrx_word' id='word_1_284' title='bbox 1015 3660 1074 3707; x_wconf 90' lang='lat' dir='ltr'><strong>ut</strong></span> <span class='ocrx_word' id='word_1_285' title='bbox 1108 3655 1329 3711; x_wconf 85' lang='lat' dir='ltr'><strong>substet</strong></span> <span class='ocrx_word' id='word_1_286' title='bbox 1383 3658 1781 3731; x_wconf 87' lang='lat' dir='ltr'><strong>subsistetque.</strong></span> <span class='ocrx_word' id='word_1_287' title='bbox 1844 3662 2076 3733; x_wconf 81' lang='lat' dir='ltr'><strong>Progre-</strong></span> 
     </span>
    </p>
   </div>
   <div class='ocr_carea' id='block_1_40' title="bbox 488 3740 2075 3819">
    <p class='ocr_par' dir='ltr' id='par_1_40' title="bbox 488 3740 2075 3819">
     <span class='ocr_line' id='line_1_40' title="bbox 488 3740 2075 3819; baseline 0.01 -24"><span class='ocrx_word' id='word_1_288' title='bbox 488 3740 640 3796; x_wconf 86' lang='lat' dir='ltr'><strong>ditur</strong></span> <span class='ocrx_word' id='word_1_289' title='bbox 675 3742 885 3813; x_wconf 88' lang='lat' dir='ltr'><strong>itaque,</strong></span> <span class='ocrx_word' id='word_1_290' title='bbox 910 3752 968 3800; x_wconf 89' lang='lat' dir='ltr'><strong>et</strong></span> <span class='ocrx_word' id='word_1_291' title='bbox 994 3744 1308 3802; x_wconf 69' lang='lat' dir='ltr'><strong>eﬂunditur</strong></span> <span class='ocrx_word' id='word_1_292' title='bbox 1337 3748 1584 3819; x_wconf 88' lang='lat' dir='ltr'><strong>Spiritus</strong></span> <span class='ocrx_word' id='word_1_293' title='bbox 1617 3766 1684 3806; x_wconf 83' lang='lat' dir='ltr'><strong>ex</strong></span> <span class='ocrx_word' id='word_1_294' title='bbox 1708 3753 1872 3809; x_wconf 87' lang='lat' dir='ltr'><strong>Patre</strong></span> <span class='ocrx_word' id='word_1_295' title='bbox 1897 3766 1955 3810; x_wconf 91' lang='lat' dir='ltr'><strong>et</strong></span> <span class='ocrx_word' id='word_1_296' title='bbox 1983 3754 2075 3810; x_wconf 87' lang='lat' dir='ltr'><strong>Fi-</strong></span> 
     </span>
    </p>
   </div>
   <div class='ocr_carea' id='block_1_41' title="bbox 489 3834 2073 3919">
    <p class='ocr_par' dir='ltr' id='par_1_41' title="bbox 489 3834 2073 3919">
     <span class='ocr_line' id='line_1_41' title="bbox 489 3834 2073 3919; baseline 0.009 -29"><span class='ocrx_word' id='word_1_297' title='bbox 489 3834 587 3899; x_wconf 90' lang='lat' dir='ltr'><strong>lio,</strong></span> <span class='ocrx_word' id='word_1_298' title='bbox 618 3837 685 3892; x_wconf 89' lang='lat' dir='ltr'><strong>ad</strong></span> <span class='ocrx_word' id='word_1_299' title='bbox 720 3838 1163 3908; x_wconf 85' lang='lat' dir='ltr'><strong>subsistendum,</strong></span> <span class='ocrx_word' id='word_1_300' title='bbox 1196 3842 1346 3913; x_wconf 89' lang='lat' dir='ltr'><strong>quod</strong></span> <span class='ocrx_word' id='word_1_301' title='bbox 1399 3843 1453 3898; x_wconf 93' lang='lat' dir='ltr'><strong>in</strong></span> <span class='ocrx_word' id='word_1_302' title='bbox 1517 3845 1742 3916; x_wconf 88' lang='lat' dir='ltr'><strong>speciali</strong></span> <span class='ocrx_word' id='word_1_303' title='bbox 1792 3847 2073 3919; x_wconf 85' lang='lat' dir='ltr'><strong>hypostasi</strong></span> 
     </span>
    </p>
   </div>
   <div class='ocr_carea' id='block_1_42' title="bbox 486 3930 2075 4012">
    <p class='ocr_par' dir='ltr' id='par_1_42' title="bbox 486 3930 2075 4012">
     <span class='ocr_line' id='line_1_42' title="bbox 486 3930 2075 4012; baseline 0.01 -33"><span class='ocrx_word' id='word_1_304' title='bbox 486 3942 611 3982; x_wconf 76' lang='lat' dir='ltr'><strong>esse</strong></span> <span class='ocrx_word' id='word_1_305' title='bbox 637 3938 829 3984; x_wconf 88' lang='lat' dir='ltr'><strong>notat:</strong></span> <span class='ocrx_word' id='word_1_306' title='bbox 872 3930 925 3985; x_wconf 92' lang='lat' dir='ltr'><strong>id</strong></span> <span class='ocrx_word' id='word_1_307' title='bbox 959 3946 1107 3999; x_wconf 64' lang='lat' dir='ltr'><strong>vero,</strong></span> <span class='ocrx_word' id='word_1_308' title='bbox 1128 3942 1214 3988; x_wconf 88' lang='lat' dir='ltr'><strong>est</strong></span> <span class='ocrx_word' id='word_1_309' title='bbox 1243 3936 1567 4004; x_wconf 81' lang='lat' dir='ltr'><strong>procedere.</strong></span> <span class='ocrx_word' id='word_1_310' title='bbox 1617 3938 1699 3993; x_wconf 84' lang='lat' dir='ltr'><strong>Ex</strong></span> <span class='ocrx_word' id='word_1_311' title='bbox 1750 3936 1911 3994; x_wconf 79' lang='lat' dir='ltr'><strong>Patre</strong></span> <span class='ocrx_word' id='word_1_312' title='bbox 1944 3956 2075 4012; x_wconf 74' lang='lat' dir='ltr'><strong>ergo</strong></span> 
     </span>
    </p>
   </div>
   <div class='ocr_carea' id='block_1_43' title="bbox 486 4019 2074 4100">
    <p class='ocr_par' dir='ltr' id='par_1_43' title="bbox 486 4019 2074 4100">
     <span class='ocr_line' id='line_1_43' title="bbox 486 4019 2074 4100; baseline 0.009 -25"><span class='ocrx_word' id='word_1_313' title='bbox 486 4030 545 4077; x_wconf 92' lang='lat' dir='ltr'><strong>et</strong></span> <span class='ocrx_word' id='word_1_314' title='bbox 565 4019 731 4088; x_wconf 86' lang='lat' dir='ltr'><strong>Filio,</strong></span> <span class='ocrx_word' id='word_1_315' title='bbox 763 4024 847 4078; x_wconf 78' lang='lat' dir='ltr'><strong>vel</strong></span> <span class='ocrx_word' id='word_1_316' title='bbox 884 4040 981 4096; x_wconf 87' lang='lat' dir='ltr'><strong>per</strong></span> <span class='ocrx_word' id='word_1_317' title='bbox 1004 4025 1207 4081; x_wconf 84' lang='lat' dir='ltr'><strong>Filium</strong></span> <span class='ocrx_word' id='word_1_318' title='bbox 1258 4030 1519 4099; x_wconf 51' lang='lat' dir='ltr'><strong>procedit»</strong></span> <span class='ocrx_word' id='word_1_319' title='bbox 1549 4029 1792 4099; x_wconf 85' lang='lat' dir='ltr'><strong>Spiritus</strong></span> <span class='ocrx_word' id='word_1_320' title='bbox 1829 4043 2074 4100; x_wconf 81' lang='lat' dir='ltr'><strong>sanctus,</strong></span> 
     </span>
    </p>
   </div>
   <div class='ocr_carea' id='block_1_44' title="bbox 489 4116 2078 4190">
    <p class='ocr_par' dir='ltr' id='par_1_44' title="bbox 489 4116 2078 4190">
     <span class='ocr_line' id='line_1_44' title="bbox 489 4116 2078 4190; baseline 0.009 -22"><span class='ocrx_word' id='word_1_321' title='bbox 489 4116 566 4169; x_wconf 86' lang='lat' dir='ltr'><strong>ita</strong></span> <span class='ocrx_word' id='word_1_322' title='bbox 595 4124 653 4170; x_wconf 92' lang='lat' dir='ltr'><strong>ut</strong></span> <span class='ocrx_word' id='word_1_323' title='bbox 674 4116 743 4170; x_wconf 86' lang='lat' dir='ltr'><strong>ab</strong></span> <span class='ocrx_word' id='word_1_324' title='bbox 762 4127 997 4187; x_wconf 89' lang='lat' dir='ltr'><strong>utroque</strong></span> <span class='ocrx_word' id='word_1_325' title='bbox 1024 4119 1246 4186; x_wconf 82' lang='lat' dir='ltr'><strong>habeat,</strong></span> <span class='ocrx_word' id='word_1_326' title='bbox 1271 4123 1418 4190; x_wconf 90' lang='lat' dir='ltr'><strong>quod</strong></span> <span class='ocrx_word' id='word_1_327' title='bbox 1436 4122 1529 4181; x_wconf 90' lang='lat' dir='ltr'><strong>sit.</strong></span> <span class='ocrx_word' id='word_1_328' title='bbox 1549 4124 1618 4179; x_wconf 84' lang='lat' dir='ltr'><strong>Et</strong></span> <span class='ocrx_word' id='word_1_329' title='bbox 1642 4124 1783 4182; x_wconf 84' lang='lat' dir='ltr'><strong>hanc</strong></span> <span class='ocrx_word' id='word_1_330' title='bbox 1805 4140 1925 4181; x_wconf 86' lang='lat' dir='ltr'><strong>esse</strong></span> <span class='ocrx_word' id='word_1_331' title='bbox 1950 4142 2078 4182; x_wconf 90' lang='lat' dir='ltr'><strong>sen-</strong></span> 
     </span>
    </p>
   </div>
   <div class='ocr_carea' id='block_1_45' title="bbox 490 4206 2074 4286">
    <p class='ocr_par' dir='ltr' id='par_1_45' title="bbox 490 4206 2074 4286">
     <span class='ocr_line' id='line_1_45' title="bbox 490 4206 2074 4286; baseline 0.007 -25"><span class='ocrx_word' id='word_1_332' title='bbox 490 4206 720 4263; x_wconf 86' lang='lat' dir='ltr'><strong>tentiam</strong></span> <span class='ocrx_word' id='word_1_333' title='bbox 752 4208 1067 4277; x_wconf 90' lang='lat' dir='ltr'><strong>doctorum,</strong></span> <span class='ocrx_word' id='word_1_334' title='bbox 1098 4213 1309 4269; x_wconf 72' lang='lat' dir='ltr'><strong>audies</strong></span> <span class='ocrx_word' id='word_1_335' title='bbox 1367 4215 1554 4286; x_wconf 87' lang='lat' dir='ltr'><strong>Cyrilli</strong></span> <span class='ocrx_word' id='word_1_336' title='bbox 1580 4214 1994 4273; x_wconf 88' lang='lat' dir='ltr'><strong>Commentario</strong></span> <span class='ocrx_word' id='word_1_337' title='bbox 2018 4218 2074 4272; x_wconf 91' lang='lat' dir='ltr'><strong>in</strong></span> 
     </span>
    </p>
   </div>
   <div class='ocr_carea' id='block_1_46' title="bbox 485 4301 2078 4380">
    <p class='ocr_par' dir='ltr' id='par_1_46' title="bbox 485 4301 2078 4380">
     <span class='ocr_line' id='line_1_46' title="bbox 485 4301 2078 4380; baseline 0.009 -25"><span class='ocrx_word' id='word_1_338' title='bbox 485 4301 718 4357; x_wconf 89' lang='lat' dir='ltr'><strong>Joannis</strong></span> <span class='ocrx_word' id='word_1_339' title='bbox 742 4302 1120 4375; x_wconf 82' lang='lat' dir='ltr'><strong>Evangelium.</strong></span> <span class='ocrx_word' id='word_1_340' title='bbox 1146 4306 1449 4377; x_wconf 84' lang='lat' dir='ltr'><strong>Repetatur</strong></span> <span class='ocrx_word' id='word_1_341' title='bbox 1466 4323 1597 4365; x_wconf 84' lang='lat' dir='ltr'><strong>vero</strong></span> <span class='ocrx_word' id='word_1_342' title='bbox 1614 4313 1777 4380; x_wconf 83' lang='lat' dir='ltr'><strong>paulo</strong></span> <span class='ocrx_word' id='word_1_343' title='bbox 1808 4312 1974 4368; x_wconf 89' lang='lat' dir='ltr'><strong>altius</strong></span> <span class='ocrx_word' id='word_1_344' title='bbox 1997 4322 2078 4369; x_wconf 89' lang='lat' dir='ltr'><strong>te-</strong></span> 
     </span>
    </p>
   </div>
   <div class='ocr_carea' id='block_1_47' title="bbox 486 4394 2077 4469">
    <p class='ocr_par' dir='ltr' id='par_1_47' title="bbox 486 4394 2077 4469">
     <span class='ocr_line' id='line_1_47' title="bbox 486 4394 2077 4469; baseline 0.008 -21"><span class='ocrx_word' id='word_1_345' title='bbox 486 4394 833 4459; x_wconf 90' lang='lat' dir='ltr'><strong>stimonium,</strong></span> <span class='ocrx_word' id='word_1_346' title='bbox 852 4406 912 4452; x_wconf 92' lang='lat' dir='ltr'><strong>ut</strong></span> <span class='ocrx_word' id='word_1_347' title='bbox 934 4396 1058 4468; x_wconf 69' lang='lat' dir='ltr'><strong>qua:</strong></span> <span class='ocrx_word' id='word_1_348' title='bbox 1078 4408 1275 4456; x_wconf 87' lang='lat' dir='ltr'><strong>contra</strong></span> <span class='ocrx_word' id='word_1_349' title='bbox 1302 4416 1400 4457; x_wconf 92' lang='lat' dir='ltr'><strong>nos</strong></span> <span class='ocrx_word' id='word_1_350' title='bbox 1428 4418 1576 4469; x_wconf 85' lang='lat' dir='ltr'><strong>esse,</strong></span> <span class='ocrx_word' id='word_1_351' title='bbox 1602 4413 1660 4457; x_wconf 91' lang='lat' dir='ltr'><strong>ut</strong></span> <span class='ocrx_word' id='word_1_352' title='bbox 1687 4404 1893 4460; x_wconf 74' lang='lat' dir='ltr'><strong>Grrecis</strong></span> <span class='ocrx_word' id='word_1_353' title='bbox 1926 4405 2077 4460; x_wconf 78' lang='lat' dir='ltr'><strong>ride-</strong></span> 
     </span>
    </p>
   </div>
   <div class='ocr_carea' id='block_1_48' title="bbox 486 4488 2075 4567">
    <p class='ocr_par' dir='ltr' id='par_1_48' title="bbox 486 4488 2075 4567">
     <span class='ocr_line' id='line_1_48' title="bbox 486 4488 2075 4567; baseline 0.006 -27"><span class='ocrx_word' id='word_1_354' title='bbox 486 4497 664 4552; x_wconf 87' lang='lat' dir='ltr'><strong>retur,</strong></span> <span class='ocrx_word' id='word_1_355' title='bbox 696 4488 856 4544; x_wconf 84' lang='lat' dir='ltr'><strong>nobis</strong></span> <span class='ocrx_word' id='word_1_356' title='bbox 888 4492 1074 4559; x_wconf 83' lang='lat' dir='ltr'><strong>potius</strong></span> <span class='ocrx_word' id='word_1_357' title='bbox 1109 4491 1318 4556; x_wconf 84' lang='lat' dir='ltr'><strong>favere,</strong></span> <span class='ocrx_word' id='word_1_358' title='bbox 1361 4494 1522 4564; x_wconf 88' lang='lat' dir='ltr'><strong>plane</strong></span> <span class='ocrx_word' id='word_1_359' title='bbox 1559 4510 1861 4567; x_wconf 80' lang='lat' dir='ltr'><strong>cognoscas</strong></span> <span class='ocrx_word' id='word_1_360' title='bbox 1894 4514 1910 4551; x_wconf 83' lang='lat'>:</span> <span class='ocrx_word' id='word_1_361' title='bbox 1941 4495 2075 4550; x_wconf 85' lang='lat' dir='ltr'><strong>Pro-</strong></span> 
     </span>
    </p>
   </div>
   <div class='ocr_carea' id='block_1_49' title="bbox 2104 1868 2152 1928">
    <p class='ocr_par' dir='ltr' id='par_1_49' title="bbox 2104 1868 2152 1928">
     <span class='ocr_line' id='line_1_49' title="bbox 2104 1868 2152 1928; baseline 0 0"><span class='ocrx_word' id='word_1_362' title='bbox 2104 1868 2152 1928; x_wconf 91' lang='lat' dir='ltr'><strong>B</strong></span> 
     </span>
    </p>
   </div>
   <div class='ocr_carea' id='block_1_50' title="bbox 2183 708 3771 781">
    <p class='ocr_par' dir='ltr' id='par_1_50' title="bbox 2183 708 3771 781">
     <span class='ocr_line' id='line_1_50' title="bbox 2183 708 3771 781; baseline 0.001 -20"><span class='ocrx_word' id='word_1_363' title='bbox 2183 708 2427 775; x_wconf 87' lang='grc' dir='ltr'>φείσοιτο</span> <span class='ocrx_word' id='word_1_364' title='bbox 2477 708 2534 761; x_wconf 75' lang='grc' dir='ltr'>ἐν</span> <span class='ocrx_word' id='word_1_365' title='bbox 2579 710 2766 781; x_wconf 79' lang='grc' dir='ltr'>ἡμέρᾳ</span> <span class='ocrx_word' id='word_1_366' title='bbox 2813 709 2911 778; x_wconf 76' lang='grc' dir='ltr'><strong>τῆς</strong></span> <span class='ocrx_word' id='word_1_367' title='bbox 2961 709 3221 779; x_wconf 77' lang='grc' dir='ltr'>κρίσεως.</span> <span class='ocrx_word' id='word_1_368' title='bbox 3266 709 3489 763; x_wconf 85' lang='grc' dir='ltr'>Ἐάσθω</span> <span class='ocrx_word' id='word_1_369' title='bbox 3536 710 3665 777; x_wconf 82' lang='grc' dir='ltr'>γοῦν</span> <span class='ocrx_word' id='word_1_370' title='bbox 3710 711 3771 763; x_wconf 77' lang='grc' dir='ltr'>τά</span> 
     </span>
    </p>
   </div>
   <div class='ocr_carea' id='block_1_51' title="bbox 2183 798 3775 873">
    <p class='ocr_par' dir='ltr' id='par_1_51' title="bbox 2183 798 3775 873">
     <span class='ocr_line' id='line_1_51' title="bbox 2183 798 3775 873; baseline -0.001 -21"><span class='ocrx_word' id='word_1_371' title='bbox 2183 800 2314 868; x_wconf 56' lang='grc' dir='ltr'><strong>περι⁵</strong></span> <span class='ocrx_word' id='word_1_372' title='bbox 2347 798 2446 870; x_wconf 84' lang='grc' dir='ltr'><strong>τῆς</strong></span> <span class='ocrx_word' id='word_1_373' title='bbox 2483 798 2772 861; x_wconf 75' lang='grc' dir='ltr'>πολυθεϊας</span> <span class='ocrx_word' id='word_1_374' title='bbox 2806 798 3013 873; x_wconf 79' lang='grc' dir='ltr'>ταύτης</span> <span class='ocrx_word' id='word_1_375' title='bbox 3035 839 3049 864; x_wconf 94' lang='grc'><strong>,</strong></span> <span class='ocrx_word' id='word_1_376' title='bbox 3085 799 3116 869; x_wconf 79' lang='grc' dir='ltr'><strong>ἢ</strong></span> <span class='ocrx_word' id='word_1_377' title='bbox 3153 798 3384 864; x_wconf 83' lang='grc' dir='ltr'>άθεῖας,</span> <span class='ocrx_word' id='word_1_378' title='bbox 3423 798 3519 852; x_wconf 69' lang='grc' dir='ltr'><strong>καὶ</strong></span> <span class='ocrx_word' id='word_1_379' title='bbox 3555 799 3686 867; x_wconf 81' lang='grc' dir='ltr'>πρδς</span> <span class='ocrx_word' id='word_1_380' title='bbox 3718 801 3775 851; x_wconf 73' lang='grc' dir='ltr'>τὸ</span> 
     </span>
    </p>
   </div>
   <div class='ocr_carea' id='block_1_52' title="bbox 2182 890 3773 962">
    <p class='ocr_par' dir='ltr' id='par_1_52' title="bbox 2182 890 3773 962">
     <span class='ocr_line' id='line_1_52' title="bbox 2182 890 3773 962; baseline -0.001 -19"><span class='ocrx_word' id='word_1_381' title='bbox 2182 891 2400 961; x_wconf 85' lang='grc' dir='ltr'>πρῶτον</span> <span class='ocrx_word' id='word_1_382' title='bbox 2428 890 2588 955; x_wconf 80' lang='grc' dir='ltr'>αὖθις</span> <span class='ocrx_word' id='word_1_383' title='bbox 2616 892 2645 945; x_wconf 97' lang='lat'><strong>6</strong></span> <span class='ocrx_word' id='word_1_384' title='bbox 2676 891 2821 956; x_wconf 87' lang='grc' dir='ltr'>θεῖος</span> <span class='ocrx_word' id='word_1_385' title='bbox 2849 892 2999 962; x_wconf 79' lang='grc' dir='ltr'>ἡμᾶς</span> <span class='ocrx_word' id='word_1_386' title='bbox 3025 890 3274 960; x_wconf 76' lang='grc' dir='ltr'>ὲναγίτω</span> <span class='ocrx_word' id='word_1_387' title='bbox 3304 891 3601 961; x_wconf 77' lang='grc' dir='ltr'>Κύριλλος,</span> <span class='ocrx_word' id='word_1_388' title='bbox 3627 892 3693 945; x_wconf 90' lang='grc' dir='ltr'><strong>Ὃ</strong></span> <span class='ocrx_word' id='word_1_389' title='bbox 3718 908 3773 943; x_wconf 92' lang='grc' dir='ltr'><strong>τε</strong></span> 
     </span>
    </p>
   </div>
   <div class='ocr_carea' id='block_1_53' title="bbox 2180 982 3774 1054">
    <p class='ocr_par' dir='ltr' id='par_1_53' title="bbox 2180 982 3774 1054">
     <span class='ocr_line' id='line_1_53' title="bbox 2180 982 3774 1054; baseline 0 -19"><span class='ocrx_word' id='word_1_390' title='bbox 2180 983 2391 1051; x_wconf 79' lang='grc' dir='ltr'>τοίνυν,</span> <span class='ocrx_word' id='word_1_391' title='bbox 2430 983 2655 1052; x_wconf 80' lang='grc' dir='ltr'><strong>φάσκων</strong></span> <span class='ocrx_word' id='word_1_392' title='bbox 2690 984 2747 1036; x_wconf 80' lang='grc' dir='ltr'>ἐν</span> <span class='ocrx_word' id='word_1_393' title='bbox 2782 982 2858 1053; x_wconf 83' lang='grc' dir='ltr'>τῷ</span> <span class='ocrx_word' id='word_1_394' title='bbox 2893 983 3133 1054; x_wconf 85' lang='grc' dir='ltr'><strong>δευτέρῳ</strong></span> <span class='ocrx_word' id='word_1_395' title='bbox 3165 983 3282 1045; x_wconf 76' lang='grc' dir='ltr'><strong>τῶν</strong></span> <span class='ocrx_word' id='word_1_396' title='bbox 3321 983 3687 1050; x_wconf 83' lang='grc' dir='ltr'>Θησαυρῶν,</span> <span class='ocrx_word' id='word_1_397' title='bbox 3719 983 3774 1035; x_wconf 80' lang='grc' dir='ltr'>τὸ</span> 
     </span>
    </p>
   </div>
   <div class='ocr_carea' id='block_1_54' title="bbox 2182 1075 3832 1146">
    <p class='ocr_par' dir='ltr' id='par_1_54' title="bbox 2182 1075 3832 1146">
     <span class='ocr_line' id='line_1_54' title="bbox 2182 1075 3832 1146; baseline 0.001 -17"><span class='ocrx_word' id='word_1_398' title='bbox 2182 1075 2428 1146; x_wconf 77' lang='grc' dir='ltr'><strong>Πνεῦμα</strong></span> <span class='ocrx_word' id='word_1_399' title='bbox 2469 1076 2536 1130; x_wconf 85' lang='grc' dir='ltr'><strong>τὸ</strong></span> <span class='ocrx_word' id='word_1_400' title='bbox 2584 1075 2758 1145; x_wconf 79' lang='grc' dir='ltr'>ἅγιον</span> <span class='ocrx_word' id='word_1_401' title='bbox 2797 1077 2867 1130; x_wconf 79' lang='grc' dir='ltr'>ἐν</span> <span class='ocrx_word' id='word_1_402' title='bbox 2908 1075 3056 1146; x_wconf 66' lang='grc' dir='ltr'>’ἡμῖν</span> <span class='ocrx_word' id='word_1_403' title='bbox 3096 1075 3470 1145; x_wconf 74' lang='grc' dir='ltr'>γενόμενον,</span> <span class='ocrx_word' id='word_1_404' title='bbox 3516 1076 3774 1146; x_wconf 84' lang='grc' dir='ltr'>συμμόρ-</span> <span class='ocrx_word' id='word_1_405' title='bbox 3822 1112 3832 1119; x_wconf 84' lang='lat'><strong><em>-</em></strong></span> 
     </span>
    </p>
   </div>
   <div class='ocr_carea' id='block_1_55' title="bbox 2180 1167 3772 1239">
    <p class='ocr_par' dir='ltr' id='par_1_55' title="bbox 2180 1167 3772 1239">
     <span class='ocr_line' id='line_1_55' title="bbox 2180 1167 3772 1239; baseline -0.001 -17"><span class='ocrx_word' id='word_1_406' title='bbox 2180 1185 2338 1239; x_wconf 69' lang='grc' dir='ltr'><strong>φους</strong></span> <span class='ocrx_word' id='word_1_407' title='bbox 2370 1167 2531 1238; x_wconf 81' lang='grc' dir='ltr'><strong>ἡμᾶς</strong></span> <span class='ocrx_word' id='word_1_408' title='bbox 2562 1168 2948 1223; x_wconf 79' lang='grc' dir='ltr'><strong>ἀποδεικνύει</strong></span> <span class='ocrx_word' id='word_1_409' title='bbox 2984 1168 3155 1223; x_wconf 87' lang='grc' dir='ltr'>Θεοῦ.</span> <span class='ocrx_word' id='word_1_410' title='bbox 3186 1168 3444 1237; x_wconf 86' lang='grc' dir='ltr'>Πρόεισι</span> <span class='ocrx_word' id='word_1_411' title='bbox 3479 1168 3547 1221; x_wconf 74' lang='grc' dir='ltr'>δὲ</span> <span class='ocrx_word' id='word_1_412' title='bbox 3580 1167 3677 1221; x_wconf 76' lang='grc' dir='ltr'><strong>καὶ</strong></span> <span class='ocrx_word' id='word_1_413' title='bbox 3707 1168 3772 1221; x_wconf 73' lang='grc' dir='ltr'><strong>ἐκ</strong></span> 
     </span>
    </p>
   </div>
   <div class='ocr_carea' id='block_1_56' title="bbox 2180 1261 3773 1335">
    <p class='ocr_par' dir='ltr' id='par_1_56' title="bbox 2180 1261 3773 1335">
     <span class='ocr_line' id='line_1_56' title="bbox 2180 1261 3773 1335; baseline -0.001 -20"><span class='ocrx_word' id='word_1_414' title='bbox 2180 1262 2413 1330; x_wconf 79' lang='grc' dir='ltr'>Πατρός</span> <span class='ocrx_word' id='word_1_415' title='bbox 2445 1261 2547 1316; x_wconf 78' lang='grc' dir='ltr'><strong>καὶ</strong></span> <span class='ocrx_word' id='word_1_416' title='bbox 2588 1261 2747 1316; x_wconf 81' lang='grc' dir='ltr'>Υὶοῦ.</span> <span class='ocrx_word' id='word_1_417' title='bbox 2782 1262 3108 1331; x_wconf 74' lang='grc' dir='ltr'><strong>Πρόδηλον</strong></span> <span class='ocrx_word' id='word_1_418' title='bbox 3135 1261 3230 1317; x_wconf 82' lang='grc' dir='ltr'>ὅτι</span> <span class='ocrx_word' id='word_1_419' title='bbox 3264 1261 3382 1330; x_wconf 85' lang='grc' dir='ltr'><strong>τῆς</strong></span> <span class='ocrx_word' id='word_1_420' title='bbox 3413 1262 3580 1327; x_wconf 81' lang='grc' dir='ltr'><strong>θείας</strong></span> <span class='ocrx_word' id='word_1_421' title='bbox 3609 1261 3773 1335; x_wconf 73' lang='grc' dir='ltr'>ἐστὶν</span> 
     </span>
    </p>
   </div>
   <div class='ocr_carea' id='block_1_57' title="bbox 2180 1351 3770 1422">
    <p class='ocr_par' dir='ltr' id='par_1_57' title="bbox 2180 1351 3770 1422">
     <span class='ocr_line' id='line_1_57' title="bbox 2180 1351 3770 1422; baseline -0.003 -12"><span class='ocrx_word' id='word_1_422' title='bbox 2180 1357 2421 1422; x_wconf 83' lang='grc' dir='ltr'><strong>οὐσίας,</strong></span> <span class='ocrx_word' id='word_1_423' title='bbox 2454 1354 2764 1421; x_wconf 86' lang='grc' dir='ltr'>οὐσιωδῶς</span> <span class='ocrx_word' id='word_1_424' title='bbox 2794 1355 2864 1408; x_wconf 81' lang='grc' dir='ltr'>ἐν</span> <span class='ocrx_word' id='word_1_425' title='bbox 2892 1352 3050 1422; x_wconf 82' lang='grc' dir='ltr'>αὐτῇ</span> <span class='ocrx_word' id='word_1_426' title='bbox 3083 1353 3180 1408; x_wconf 75' lang='grc' dir='ltr'>καί</span> <span class='ocrx_word' id='word_1_427' title='bbox 3213 1352 3286 1418; x_wconf 80' lang='grc' dir='ltr'><strong>ἐξ</strong></span> <span class='ocrx_word' id='word_1_428' title='bbox 3318 1351 3517 1421; x_wconf 81' lang='grc' dir='ltr'>αὐτῆς</span> <span class='ocrx_word' id='word_1_429' title='bbox 3546 1352 3770 1420; x_wconf 82' lang='grc' dir='ltr'>προτόν.</span> 
     </span>
    </p>
   </div>
   <div class='ocr_carea' id='block_1_58' title="bbox 2182 1446 3773 1520">
    <p class='ocr_par' dir='ltr' id='par_1_58' title="bbox 2182 1446 3773 1520">
     <span class='ocr_line' id='line_1_58' title="bbox 2182 1446 3773 1520; baseline -0.004 -16"><span class='ocrx_word' id='word_1_430' title='bbox 2182 1447 2308 1504; x_wconf 75' lang='grc' dir='ltr'>Ὀτι</span> <span class='ocrx_word' id='word_1_431' title='bbox 2338 1448 2395 1502; x_wconf 84' lang='grc' dir='ltr'>δὲ</span> <span class='ocrx_word' id='word_1_432' title='bbox 2426 1449 2677 1520; x_wconf 75' lang='grc' dir='ltr'>περὶτῆς</span> <span class='ocrx_word' id='word_1_433' title='bbox 2706 1448 3062 1514; x_wconf 77' lang='grc' dir='ltr'><strong>ὑποστάσεως</strong></span> <span class='ocrx_word' id='word_1_434' title='bbox 3093 1446 3382 1501; x_wconf 71' lang='grc' dir='ltr'>κάνταῦθα</span> <span class='ocrx_word' id='word_1_435' title='bbox 3413 1448 3442 1501; x_wconf 96' lang='lat'><strong>6</strong></span> <span class='ocrx_word' id='word_1_436' title='bbox 3475 1446 3674 1510; x_wconf 78' lang='grc' dir='ltr'>σκοπὸς</span> <span class='ocrx_word' id='word_1_437' title='bbox 3702 1447 3773 1517; x_wconf 81' lang='grc' dir='ltr'><strong>τῷ</strong></span> 
     </span>
    </p>
   </div>
   <div class='ocr_carea' id='block_1_59' title="bbox 2180 1537 3774 1613">
    <p class='ocr_par' dir='ltr' id='par_1_59' title="bbox 2180 1537 3774 1613">
     <span class='ocr_line' id='line_1_59' title="bbox 2180 1537 3774 1613; baseline -0.005 -16"><span class='ocrx_word' id='word_1_438' title='bbox 2180 1542 2347 1613; x_wconf 81' lang='grc' dir='ltr'>ἁγίῳ,</span> <span class='ocrx_word' id='word_1_439' title='bbox 2380 1542 2540 1612; x_wconf 82' lang='grc' dir='ltr'>δῆλον</span> <span class='ocrx_word' id='word_1_440' title='bbox 2574 1541 2654 1612; x_wconf 85' lang='grc' dir='ltr'><strong>τῷ</strong></span> <span class='ocrx_word' id='word_1_441' title='bbox 2686 1558 2745 1595; x_wconf 90' lang='grc' dir='ltr'><strong>τε</strong></span> <span class='ocrx_word' id='word_1_442' title='bbox 2792 1540 2933 1611; x_wconf 77' lang='grc' dir='ltr'>μετὰ</span> <span class='ocrx_word' id='word_1_443' title='bbox 2966 1539 3063 1593; x_wconf 89' lang='grc' dir='ltr'><strong>τοῦ</strong></span> <span class='ocrx_word' id='word_1_444' title='bbox 3103 1539 3317 1609; x_wconf 81' lang='grc' dir='ltr'><strong>ἄρθρου</strong></span> <span class='ocrx_word' id='word_1_445' title='bbox 3355 1540 3419 1592; x_wconf 80' lang='grc' dir='ltr'>τὸ</span> <span class='ocrx_word' id='word_1_446' title='bbox 3461 1537 3686 1604; x_wconf 82' lang='grc' dir='ltr'><strong>Πνεῦμα</strong></span> <span class='ocrx_word' id='word_1_447' title='bbox 3717 1537 3774 1589; x_wconf 74' lang='grc' dir='ltr'><strong>τὸ</strong></span> 
     </span>
    </p>
   </div>
   <div class='ocr_carea' id='block_1_60' title="bbox 2178 1629 3767 1704">
    <p class='ocr_par' dir='ltr' id='par_1_60' title="bbox 2178 1629 3767 1704">
     <span class='ocr_line' id='line_1_60' title="bbox 2178 1629 3767 1704; baseline -0.006 -14"><span class='ocrx_word' id='word_1_448' title='bbox 2178 1635 2336 1704; x_wconf 68' lang='grc' dir='ltr'>ἅγιον</span> <span class='ocrx_word' id='word_1_449' title='bbox 2371 1636 2563 1688; x_wconf 84' lang='grc' dir='ltr'>εἰπεῖν.</span> <span class='ocrx_word' id='word_1_450' title='bbox 2600 1634 2678 1689; x_wconf 86' lang='grc' dir='ltr'><strong>Οὑ</strong></span> <span class='ocrx_word' id='word_1_451' title='bbox 2720 1633 2830 1703; x_wconf 83' lang='grc' dir='ltr'><strong>γάρ</strong></span> <span class='ocrx_word' id='word_1_452' title='bbox 2869 1631 3015 1686; x_wconf 80' lang='grc' dir='ltr'>οὑτω</span> <span class='ocrx_word' id='word_1_453' title='bbox 3050 1631 3278 1700; x_wconf 77' lang='grc' dir='ltr'>λέγεται</span> <span class='ocrx_word' id='word_1_454' title='bbox 3316 1630 3389 1685; x_wconf 77' lang='grc' dir='ltr'>τὰ</span> <span class='ocrx_word' id='word_1_455' title='bbox 3436 1629 3767 1702; x_wconf 73' lang='grc' dir='ltr'>χαρίσματα,</span> 
     </span>
    </p>
   </div>
   <div class='ocr_carea' id='block_1_61' title="bbox 2179 1720 3769 1798">
    <p class='ocr_par' dir='ltr' id='par_1_61' title="bbox 2179 1720 3769 1798">
     <span class='ocr_line' id='line_1_61' title="bbox 2179 1720 3769 1798; baseline -0.006 -16"><span class='ocrx_word' id='word_1_456' title='bbox 2179 1730 2270 1782; x_wconf 73' lang='grc' dir='ltr'>καὶ</span> <span class='ocrx_word' id='word_1_457' title='bbox 2303 1728 2380 1798; x_wconf 82' lang='grc' dir='ltr'>τῷ</span> <span class='ocrx_word' id='word_1_458' title='bbox 2423 1725 2680 1797; x_wconf 79' lang='grc' dir='ltr'><strong>προϊέναι</strong></span> <span class='ocrx_word' id='word_1_459' title='bbox 2720 1728 2785 1780; x_wconf 79' lang='grc' dir='ltr'><strong>ὲκ</strong></span> <span class='ocrx_word' id='word_1_460' title='bbox 2830 1725 3046 1796; x_wconf 75' lang='grc' dir='ltr'>[ἰατρὸς</span> <span class='ocrx_word' id='word_1_461' title='bbox 3087 1724 3183 1779; x_wconf 72' lang='grc' dir='ltr'><strong>καὶ</strong></span> <span class='ocrx_word' id='word_1_462' title='bbox 3225 1723 3366 1777; x_wconf 79' lang='grc' dir='ltr'>Υίοῦ</span> <span class='ocrx_word' id='word_1_463' title='bbox 3408 1722 3548 1792; x_wconf 88' lang='grc' dir='ltr'>όμοῦ</span> <span class='ocrx_word' id='word_1_464' title='bbox 3585 1739 3642 1775; x_wconf 85' lang='grc' dir='ltr'>τε</span> <span class='ocrx_word' id='word_1_465' title='bbox 3682 1720 3769 1774; x_wconf 73' lang='grc' dir='ltr'><strong>καὶ</strong></span> 
     </span>
    </p>
   </div>
   <div class='ocr_carea' id='block_1_62' title="bbox 2180 1811 3767 1891">
    <p class='ocr_par' dir='ltr' id='par_1_62' title="bbox 2180 1811 3767 1891">
     <span class='ocr_line' id='line_1_62' title="bbox 2180 1811 3767 1891; baseline -0.007 -16"><span class='ocrx_word' id='word_1_466' title='bbox 2180 1823 2500 1891; x_wconf 72' lang='grc' dir='ltr'>Πνεῦματος</span> <span class='ocrx_word' id='word_1_467' title='bbox 2540 1819 2850 1890; x_wconf 79' lang='grc' dir='ltr'>προϊόντων</span> <span class='ocrx_word' id='word_1_468' title='bbox 2882 1818 2997 1872; x_wconf 76' lang='grc' dir='ltr'>τῶν</span> <span class='ocrx_word' id='word_1_469' title='bbox 3035 1816 3427 1888; x_wconf 77' lang='grc' dir='ltr'><strong>χαρισμάτων.</strong></span> <span class='ocrx_word' id='word_1_470' title='bbox 3467 1813 3612 1885; x_wconf 76' lang='grc' dir='ltr'>Πρὸς</span> <span class='ocrx_word' id='word_1_471' title='bbox 3650 1811 3767 1865; x_wconf 83' lang='grc' dir='ltr'>τοὺ-</span> 
     </span>
    </p>
   </div>
   <div class='ocr_carea' id='block_1_63' title="bbox 2181 1904 3765 1981">
    <p class='ocr_par' dir='ltr' id='par_1_63' title="bbox 2181 1904 3765 1981">
     <span class='ocr_line' id='line_1_63' title="bbox 2181 1904 3765 1981; baseline -0.008 -12"><span class='ocrx_word' id='word_1_472' title='bbox 2181 1932 2292 1978; x_wconf 80' lang='grc' dir='ltr'>τοις</span> <span class='ocrx_word' id='word_1_473' title='bbox 2322 1914 2383 1968; x_wconf 88' lang='grc' dir='ltr'><strong>οὑ</strong></span> <span class='ocrx_word' id='word_1_474' title='bbox 2414 1914 2514 1981; x_wconf 84' lang='grc' dir='ltr'><strong>τῆς</strong></span> <span class='ocrx_word' id='word_1_475' title='bbox 2544 1913 2694 1976; x_wconf 78' lang='grc' dir='ltr'>θείας</span> <span class='ocrx_word' id='word_1_476' title='bbox 2724 1910 2941 1979; x_wconf 77' lang='grc' dir='ltr'>φύσεώς</span> <span class='ocrx_word' id='word_1_477' title='bbox 2968 1926 3105 1979; x_wconf 82' lang='grc' dir='ltr'>φατε</span> <span class='ocrx_word' id='word_1_478' title='bbox 3135 1910 3205 1963; x_wconf 78' lang='grc' dir='ltr'><strong>τά</strong></span> <span class='ocrx_word' id='word_1_479' title='bbox 3236 1909 3589 1979; x_wconf 83' lang='grc' dir='ltr'>χαρίσματα.</span> <span class='ocrx_word' id='word_1_480' title='bbox 3619 1905 3689 1957; x_wconf 82' lang='grc' dir='ltr'>Τὸ</span> <span class='ocrx_word' id='word_1_481' title='bbox 3712 1904 3765 1957; x_wconf 80' lang='grc' dir='ltr'>δὲ</span> 
     </span>
    </p>
   </div>
   <div class='ocr_carea' id='block_1_64' title="bbox 2175 1997 3765 2078">
    <p class='ocr_par' dir='ltr' id='par_1_64' title="bbox 2175 1997 3765 2078">
     <span class='ocr_line' id='line_1_64' title="bbox 2175 1997 3765 2078; baseline -0.008 -16"><span class='ocrx_word' id='word_1_482' title='bbox 2175 2007 2366 2078; x_wconf 78' lang='grc' dir='ltr'>προϊὸν</span> <span class='ocrx_word' id='word_1_483' title='bbox 2394 2008 2456 2059; x_wconf 83' lang='grc' dir='ltr'><strong>ὲκ</strong></span> <span class='ocrx_word' id='word_1_484' title='bbox 2486 2004 2699 2076; x_wconf 84' lang='grc' dir='ltr'>Πατρδς</span> <span class='ocrx_word' id='word_1_485' title='bbox 2729 2004 2825 2058; x_wconf 71' lang='grc' dir='ltr'><strong>καὶ</strong></span> <span class='ocrx_word' id='word_1_486' title='bbox 2852 2003 2986 2057; x_wconf 83' lang='grc' dir='ltr'>Υίοῦ</span> <span class='ocrx_word' id='word_1_487' title='bbox 3014 2001 3248 2073; x_wconf 78' lang='grc' dir='ltr'>Πνεῦμα</span> <span class='ocrx_word' id='word_1_488' title='bbox 3271 2002 3375 2072; x_wconf 82' lang='grc' dir='ltr'><strong>τῆς</strong></span> <span class='ocrx_word' id='word_1_489' title='bbox 3405 2000 3559 2060; x_wconf 78' lang='grc' dir='ltr'>θείας</span> <span class='ocrx_word' id='word_1_490' title='bbox 3586 1997 3765 2059; x_wconf 80' lang='grc' dir='ltr'>οὐσίας</span> 
     </span>
    </p>
   </div>
   <div class='ocr_carea' id='block_1_65' title="bbox 2174 2092 3764 2165">
    <p class='ocr_par' dir='ltr' id='par_1_65' title="bbox 2174 2092 3764 2165">
     <span class='ocr_line' id='line_1_65' title="bbox 2174 2092 3764 2165; baseline -0.007 -13"><span class='ocrx_word' id='word_1_491' title='bbox 2174 2098 2346 2152; x_wconf 79' lang='grc' dir='ltr'>ἐστίν.</span> <span class='ocrx_word' id='word_1_492' title='bbox 2387 2098 2483 2150; x_wconf 84' lang='grc' dir='ltr'><strong>Ἐκ</strong></span> <span class='ocrx_word' id='word_1_493' title='bbox 2520 2096 2729 2151; x_wconf 79' lang='grc' dir='ltr'>τούτων</span> <span class='ocrx_word' id='word_1_494' title='bbox 2771 2096 2881 2165; x_wconf 74' lang='grc' dir='ltr'>ἄρα</span> <span class='ocrx_word' id='word_1_495' title='bbox 2925 2096 3147 2151; x_wconf 85' lang='grc' dir='ltr'>πάντων</span> <span class='ocrx_word' id='word_1_496' title='bbox 3191 2093 3486 2149; x_wconf 82' lang='grc' dir='ltr'>πιστεύειν</span> <span class='ocrx_word' id='word_1_497' title='bbox 3526 2092 3608 2146; x_wconf 80' lang='grc' dir='ltr'>δεῖ</span> <span class='ocrx_word' id='word_1_498' title='bbox 3646 2092 3764 2159; x_wconf 73' lang='grc' dir='ltr'>ἀλη-</span> 
     </span>
    </p>
   </div>
   <div class='ocr_carea' id='block_1_66' title="bbox 2176 2182 3749 2260">
    <p class='ocr_par' dir='ltr' id='par_1_66' title="bbox 2176 2182 3749 2260">
     <span class='ocr_line' id='line_1_66' title="bbox 2176 2182 3749 2260; baseline -0.006 -16"><span class='ocrx_word' id='word_1_499' title='bbox 2176 2191 2306 2255; x_wconf 76' lang='grc' dir='ltr'>θῶς,</span> <span class='ocrx_word' id='word_1_500' title='bbox 2333 2190 2415 2243; x_wconf 82' lang='grc' dir='ltr'>ὅτι</span> <span class='ocrx_word' id='word_1_501' title='bbox 2439 2191 2502 2242; x_wconf 75' lang='grc' dir='ltr'>τὸ</span> <span class='ocrx_word' id='word_1_502' title='bbox 2531 2187 2854 2260; x_wconf 80' lang='grc' dir='ltr'>προχεῖσθαι</span> <span class='ocrx_word' id='word_1_503' title='bbox 2877 2205 2960 2255; x_wconf 89' lang='grc' dir='ltr'><strong>τε,</strong></span> <span class='ocrx_word' id='word_1_504' title='bbox 2987 2189 3086 2242; x_wconf 79' lang='grc' dir='ltr'><strong>καὶ</strong></span> <span class='ocrx_word' id='word_1_505' title='bbox 3113 2188 3450 2257; x_wconf 79' lang='grc' dir='ltr'>πεφηνέναι,</span> <span class='ocrx_word' id='word_1_506' title='bbox 3479 2185 3573 2239; x_wconf 75' lang='grc' dir='ltr'><strong>καὶ</strong></span> <span class='ocrx_word' id='word_1_507' title='bbox 3601 2182 3749 2255; x_wconf 83' lang='grc' dir='ltr'>προϊέ</span> 
     </span>
    </p>
   </div>
   <div class='ocr_carea' id='block_1_67' title="bbox 2174 2279 3763 2353">
    <p class='ocr_par' dir='ltr' id='par_1_67' title="bbox 2174 2279 3763 2353">
     <span class='ocr_line' id='line_1_67' title="bbox 2174 2279 3763 2353; baseline -0.006 -15"><span class='ocrx_word' id='word_1_508' title='bbox 2174 2303 2299 2350; x_wconf 84' lang='grc' dir='ltr'>ναι,</span> <span class='ocrx_word' id='word_1_509' title='bbox 2333 2286 2425 2338; x_wconf 76' lang='grc' dir='ltr'><strong>καὶ</strong></span> <span class='ocrx_word' id='word_1_510' title='bbox 2461 2285 2515 2338; x_wconf 85' lang='grc' dir='ltr'>εῐ</span> <span class='ocrx_word' id='word_1_511' title='bbox 2542 2300 2594 2336; x_wconf 90' lang='grc' dir='ltr'>τι</span> <span class='ocrx_word' id='word_1_512' title='bbox 2627 2283 2815 2353; x_wconf 81' lang='grc' dir='ltr'>ὅμοιον</span> <span class='ocrx_word' id='word_1_513' title='bbox 2847 2281 2982 2353; x_wconf 70' lang='grc' dir='ltr'>περὶ</span> <span class='ocrx_word' id='word_1_514' title='bbox 3012 2282 3108 2336; x_wconf 89' lang='grc' dir='ltr'><strong>τοῦ</strong></span> <span class='ocrx_word' id='word_1_515' title='bbox 3144 2282 3482 2351; x_wconf 84' lang='grc' dir='ltr'>Πνεύματος</span> <span class='ocrx_word' id='word_1_516' title='bbox 3515 2279 3763 2346; x_wconf 80' lang='grc' dir='ltr'>λέγεται,</span> 
     </span>
    </p>
   </div>
   <div class='ocr_carea' id='block_1_68' title="bbox 2136 2371 3763 2448">
    <p class='ocr_par' dir='ltr' id='par_1_68' title="bbox 2136 2371 3763 2448">
     <span class='ocr_line' id='line_1_68' title="bbox 2136 2371 3763 2448; baseline -0.005 -18"><span class='ocrx_word' id='word_1_517' title='bbox 2136 2384 2149 2395; x_wconf 84' lang='lat'><em>‘</em></span> <span class='ocrx_word' id='word_1_518' title='bbox 2172 2379 2240 2448; x_wconf 81' lang='grc' dir='ltr'>τῇ</span> <span class='ocrx_word' id='word_1_519' title='bbox 2277 2375 2577 2430; x_wconf 80' lang='grc' dir='ltr'>ὑποστάσει</span> <span class='ocrx_word' id='word_1_520' title='bbox 2612 2373 2865 2445; x_wconf 80' lang='grc' dir='ltr'>ἁρμόζει.</span> <span class='ocrx_word' id='word_1_521' title='bbox 2902 2375 2962 2427; x_wconf 82' lang='lat' dir='ltr'><strong>El</strong></span> <span class='ocrx_word' id='word_1_522' title='bbox 2998 2374 3055 2428; x_wconf 80' lang='grc' dir='ltr'>δέ</span> <span class='ocrx_word' id='word_1_523' title='bbox 3091 2390 3196 2427; x_wconf 88' lang='grc' dir='ltr'>που</span> <span class='ocrx_word' id='word_1_524' title='bbox 3230 2373 3334 2428; x_wconf 80' lang='grc' dir='ltr'>καὶ</span> <span class='ocrx_word' id='word_1_525' title='bbox 3368 2373 3502 2443; x_wconf 78' lang='grc' dir='ltr'>περὶ</span> <span class='ocrx_word' id='word_1_526' title='bbox 3533 2371 3641 2425; x_wconf 82' lang='grc' dir='ltr'><strong>τῶν</strong></span> <span class='ocrx_word' id='word_1_527' title='bbox 3672 2387 3763 2439; x_wconf 84' lang='grc' dir='ltr'>χα-</span> 
     </span>
    </p>
   </div>
   <div class='ocr_carea' id='block_1_69' title="bbox 2177 2463 3809 2556">
    <p class='ocr_par' dir='ltr' id='par_1_69' title="bbox 2177 2463 3809 2556">
     <span class='ocr_line' id='line_1_69' title="bbox 2177 2463 3809 2556; baseline -0.008 -33"><span class='ocrx_word' id='word_1_528' title='bbox 2177 2470 2464 2542; x_wconf 89' lang='grc' dir='ltr'>ρισμάτων</span> <span class='ocrx_word' id='word_1_529' title='bbox 2495 2467 2712 2538; x_wconf 78' lang='grc' dir='ltr'>εἴρηται</span> <span class='ocrx_word' id='word_1_530' title='bbox 2733 2507 2749 2531; x_wconf 93' lang='grc'><strong>,</strong></span> <span class='ocrx_word' id='word_1_531' title='bbox 2782 2465 2897 2520; x_wconf 83' lang='grc' dir='ltr'>ἀλλ’</span> <span class='ocrx_word' id='word_1_532' title='bbox 2922 2465 2984 2519; x_wconf 88' lang='grc' dir='ltr'><strong>οὑ</strong></span> <span class='ocrx_word' id='word_1_533' title='bbox 3022 2464 3128 2536; x_wconf 80' lang='grc' dir='ltr'>χρὴ</span> <span class='ocrx_word' id='word_1_534' title='bbox 3162 2464 3493 2519; x_wconf 82' lang='grc' dir='ltr'>ἀπατᾶσθαι</span> <span class='ocrx_word' id='word_1_535' title='bbox 3527 2464 3605 2556; x_wconf 12' lang='grc' dir='ltr'><strong>τῇᾼ</strong></span> <span class='ocrx_word' id='word_1_536' title='bbox 3626 2463 3761 2527; x_wconf 79' lang='grc' dir='ltr'><strong>ὀμω-</strong></span> <span class='ocrx_word' id='word_1_537' title='bbox 3798 2548 3809 2556; x_wconf 19' lang='grc'>⁸</span> 
     </span>
    </p>
   </div>
   <div class='ocr_carea' id='block_1_70' title="bbox 2175 2554 3758 2635">
    <p class='ocr_par' dir='ltr' id='par_1_70' title="bbox 2175 2554 3758 2635">
     <span class='ocr_line' id='line_1_70' title="bbox 2175 2554 3758 2635; baseline -0.008 -17"><span class='ocrx_word' id='word_1_538' title='bbox 2175 2564 2367 2635; x_wconf 79' lang='grc' dir='ltr'>νυμὶᾳ.</span> <span class='ocrx_word' id='word_1_539' title='bbox 2398 2561 2678 2630; x_wconf 78' lang='grc' dir='ltr'>ἐξετάζειν</span> <span class='ocrx_word' id='word_1_540' title='bbox 2703 2560 2761 2615; x_wconf 86' lang='grc' dir='ltr'>δὲ</span> <span class='ocrx_word' id='word_1_541' title='bbox 2794 2559 2997 2629; x_wconf 79' lang='grc' dir='ltr'>μᾶλλον</span> <span class='ocrx_word' id='word_1_542' title='bbox 3025 2559 3114 2613; x_wconf 85' lang='grc' dir='ltr'>διὰ</span> <span class='ocrx_word' id='word_1_543' title='bbox 3141 2558 3250 2611; x_wconf 87' lang='grc' dir='ltr'><strong>τῶν</strong></span> <span class='ocrx_word' id='word_1_544' title='bbox 3277 2557 3393 2626; x_wconf 77' lang='grc' dir='ltr'>πρὸ</span> <span class='ocrx_word' id='word_1_545' title='bbox 3419 2558 3521 2628; x_wconf 83' lang='grc' dir='ltr'><strong>τῆς</strong></span> <span class='ocrx_word' id='word_1_546' title='bbox 3550 2554 3758 2619; x_wconf 78' lang='grc' dir='ltr'>λέξεως,</span> 
     </span>
    </p>
   </div>
   <div class='ocr_carea' id='block_1_71' title="bbox 2174 2648 3761 2725">
    <p class='ocr_par' dir='ltr' id='par_1_71' title="bbox 2174 2648 3761 2725">
     <span class='ocr_line' id='line_1_71' title="bbox 2174 2648 3761 2725; baseline -0.009 -13"><span class='ocrx_word' id='word_1_547' title='bbox 2174 2656 2270 2713; x_wconf 75' lang='grc' dir='ltr'><strong>καὶ</strong></span> <span class='ocrx_word' id='word_1_548' title='bbox 2303 2656 2414 2710; x_wconf 84' lang='grc' dir='ltr'><strong>τῶν</strong></span> <span class='ocrx_word' id='word_1_549' title='bbox 2452 2655 2593 2725; x_wconf 78' lang='grc' dir='ltr'>μετὰ</span> <span class='ocrx_word' id='word_1_550' title='bbox 2626 2651 2726 2724; x_wconf 76' lang='grc' dir='ltr'><strong>τὴν</strong></span> <span class='ocrx_word' id='word_1_551' title='bbox 2761 2652 2909 2719; x_wconf 82' lang='grc' dir='ltr'>λέξιν</span> <span class='ocrx_word' id='word_1_552' title='bbox 2946 2652 3075 2723; x_wconf 75' lang='grc' dir='ltr'>περὶ</span> <span class='ocrx_word' id='word_1_553' title='bbox 3109 2651 3259 2714; x_wconf 82' lang='grc' dir='ltr'>τινος</span> <span class='ocrx_word' id='word_1_554' title='bbox 3303 2654 3333 2707; x_wconf 94' lang='lat'><strong>6</strong></span> <span class='ocrx_word' id='word_1_555' title='bbox 3373 2651 3556 2720; x_wconf 82' lang='grc' dir='ltr'>λόγος.</span> <span class='ocrx_word' id='word_1_556' title='bbox 3589 2648 3761 2725; x_wconf 65' lang='grc' dir='ltr'>Ἔσται</span> 
     </span>
    </p>
   </div>
   <div class='ocr_carea' id='block_1_72' title="bbox 2173 2716 3758 2817">
    <p class='ocr_par' dir='ltr' id='par_1_72' title="bbox 2173 2716 3758 2817">
     <span class='ocr_line' id='line_1_72' title="bbox 2173 2716 3758 2817; baseline -0.01 -15"><span class='ocrx_word' id='word_1_557' title='bbox 2173 2747 2305 2817; x_wconf 81' lang='grc' dir='ltr'>γοῦν</span> <span class='ocrx_word' id='word_1_558' title='bbox 2356 2716 2515 2801; x_wconf 71' lang='grc' dir='ltr'>τοῦτο</span> <span class='ocrx_word' id='word_1_559' title='bbox 2564 2716 3035 2813; x_wconf 37' lang='grc' dir='ltr'>ἀποδεδειχμένον.</span> <span class='ocrx_word' id='word_1_560' title='bbox 3064 2742 3223 2812; x_wconf 80' lang='grc' dir='ltr'>ἡμῖν,</span> <span class='ocrx_word' id='word_1_561' title='bbox 3269 2744 3359 2796; x_wconf 78' lang='grc' dir='ltr'>ὅτι</span> <span class='ocrx_word' id='word_1_562' title='bbox 3409 2716 3625 2810; x_wconf 83' lang='grc' dir='ltr'>πρόεισι</span> <span class='ocrx_word' id='word_1_563' title='bbox 3673 2716 3758 2787; x_wconf 60' lang='grc' dir='ltr'><strong>καὶ</strong></span> 
     </span>
    </p>
   </div>
   <div class='ocr_carea' id='block_1_73' title="bbox 2176 2827 3758 2911">
    <p class='ocr_par' dir='ltr' id='par_1_73' title="bbox 2176 2827 3758 2911">
     <span class='ocr_line' id='line_1_73' title="bbox 2176 2827 3758 2911; baseline -0.008 -18"><span class='ocrx_word' id='word_1_564' title='bbox 2176 2842 2463 2911; x_wconf 81' lang='grc' dir='ltr'>προχεῖται</span> <span class='ocrx_word' id='word_1_565' title='bbox 2501 2838 2656 2909; x_wconf 82' lang='grc' dir='ltr'>παρὰ</span> <span class='ocrx_word' id='word_1_566' title='bbox 2688 2836 2907 2908; x_wconf 78' lang='grc' dir='ltr'>Πατρὸς</span> <span class='ocrx_word' id='word_1_567' title='bbox 2940 2838 3037 2891; x_wconf 81' lang='grc' dir='ltr'><strong>καὶ</strong></span> <span class='ocrx_word' id='word_1_568' title='bbox 3068 2835 3201 2888; x_wconf 78' lang='grc' dir='ltr'>Υίοῦ</span> <span class='ocrx_word' id='word_1_569' title='bbox 3233 2836 3260 2889; x_wconf 93' lang='lat'><strong>6</strong></span> <span class='ocrx_word' id='word_1_570' title='bbox 3295 2832 3381 2899; x_wconf 77' lang='grc' dir='ltr'><strong>εἷς</strong></span> <span class='ocrx_word' id='word_1_571' title='bbox 3411 2834 3512 2902; x_wconf 84' lang='grc' dir='ltr'><strong>τῆς</strong></span> <span class='ocrx_word' id='word_1_572' title='bbox 3542 2827 3758 2901; x_wconf 80' lang='grc' dir='ltr'>Τριάδος</span> 
     </span>
    </p>
   </div>
   <div class='ocr_carea' id='block_1_74' title="bbox 2173 2920 3759 3001">
    <p class='ocr_par' dir='ltr' id='par_1_74' title="bbox 2173 2920 3759 3001">
     <span class='ocr_line' id='line_1_74' title="bbox 2173 2920 3759 3001; baseline -0.009 -15"><span class='ocrx_word' id='word_1_573' title='bbox 2173 2933 2237 2986; x_wconf 75' lang='grc' dir='ltr'>τὸ</span> <span class='ocrx_word' id='word_1_574' title='bbox 2276 2930 2505 3001; x_wconf 82' lang='grc' dir='ltr'>Πνεῦμα</span> <span class='ocrx_word' id='word_1_575' title='bbox 2537 2930 2596 2984; x_wconf 79' lang='grc' dir='ltr'><strong>τδ</strong></span> <span class='ocrx_word' id='word_1_576' title='bbox 2632 2929 2812 3000; x_wconf 76' lang='grc' dir='ltr'>ἅγιον.</span> <span class='ocrx_word' id='word_1_577' title='bbox 2844 2931 2967 2984; x_wconf 83' lang='grc' dir='ltr'>Ὀτι</span> <span class='ocrx_word' id='word_1_578' title='bbox 3001 2929 3058 2983; x_wconf 87' lang='grc' dir='ltr'>δὲ</span> <span class='ocrx_word' id='word_1_579' title='bbox 3090 2929 3269 2982; x_wconf 89' lang='grc' dir='ltr'>ταῦτα</span> <span class='ocrx_word' id='word_1_580' title='bbox 3305 2928 3405 2983; x_wconf 79' lang='grc' dir='ltr'><strong>καὶ</strong></span> <span class='ocrx_word' id='word_1_581' title='bbox 3441 2926 3511 2982; x_wconf 83' lang='grc' dir='ltr'>τὰ</span> <span class='ocrx_word' id='word_1_582' title='bbox 3545 2920 3759 2979; x_wconf 86' lang='grc' dir='ltr'>τοιαῦτα</span> 
     </span>
    </p>
   </div>
   <div class='ocr_carea' id='block_1_75' title="bbox 2176 3015 3757 3093">
    <p class='ocr_par' dir='ltr' id='par_1_75' title="bbox 2176 3015 3757 3093">
     <span class='ocr_line' id='line_1_75' title="bbox 2176 3015 3757 3093; baseline -0.001 -17"><span class='ocrx_word' id='word_1_583' title='bbox 2176 3026 2274 3092; x_wconf 79' lang='grc' dir='ltr'><strong>τὴν</strong></span> <span class='ocrx_word' id='word_1_584' title='bbox 2315 3026 2396 3088; x_wconf 86' lang='grc' dir='ltr'>είς</span> <span class='ocrx_word' id='word_1_585' title='bbox 2433 3023 2500 3077; x_wconf 83' lang='grc' dir='ltr'><strong>τό</strong></span> <span class='ocrx_word' id='word_1_586' title='bbox 2538 3019 2679 3078; x_wconf 73' lang='grc' dir='ltr'>εἶναι</span> <span class='ocrx_word' id='word_1_587' title='bbox 2722 3021 2981 3093; x_wconf 77' lang='grc' dir='ltr'>σημαίνει</span> <span class='ocrx_word' id='word_1_588' title='bbox 3012 3020 3108 3074; x_wconf 90' lang='grc' dir='ltr'><strong>τοῦ</strong></span> <span class='ocrx_word' id='word_1_589' title='bbox 3134 3021 3482 3091; x_wconf 67' lang='grc' dir='ltr'>(Ῐνεὺματος</span> <span class='ocrx_word' id='word_1_590' title='bbox 3522 3015 3757 3087; x_wconf 66' lang='grc' dir='ltr'>πρόοδον.</span> 
     </span>
    </p>
   </div>
   <div class='ocr_carea' id='block_1_76' title="bbox 2138 3105 3762 3187">
    <p class='ocr_par' dir='ltr' id='par_1_76' title="bbox 2138 3105 3762 3187">
     <span class='ocr_line' id='line_1_76' title="bbox 2138 3105 3762 3187; baseline -0.009 -16"><span class='ocrx_word' id='word_1_591' title='bbox 2138 3114 2143 3117; x_wconf 29' lang='grc' dir='ltr'><strong>λ</strong></span> <span class='ocrx_word' id='word_1_592' title='bbox 2176 3119 2237 3171; x_wconf 80' lang='grc' dir='ltr'><strong>οὑ</strong></span> <span class='ocrx_word' id='word_1_593' title='bbox 2268 3116 2504 3187; x_wconf 72' lang='grc' dir='ltr'>χαλεπὸν</span> <span class='ocrx_word' id='word_1_594' title='bbox 2531 3116 2624 3169; x_wconf 80' lang='grc' dir='ltr'><strong>καὶ</strong></span> <span class='ocrx_word' id='word_1_595' title='bbox 2655 3119 2721 3169; x_wconf 69' lang='grc' dir='ltr'><strong>ὲκ</strong></span> <span class='ocrx_word' id='word_1_596' title='bbox 2746 3116 2855 3168; x_wconf 87' lang='grc' dir='ltr'>τῶν</span> <span class='ocrx_word' id='word_1_597' title='bbox 2884 3115 3193 3185; x_wconf 78' lang='grc' dir='ltr'>εἰρημένων</span> <span class='ocrx_word' id='word_1_598' title='bbox 3222 3114 3487 3167; x_wconf 78' lang='grc' dir='ltr'>συνιδεῖν.</span> <span class='ocrx_word' id='word_1_599' title='bbox 3516 3110 3635 3163; x_wconf 83' lang='grc' dir='ltr'>Τίνι</span> <span class='ocrx_word' id='word_1_600' title='bbox 3662 3105 3762 3175; x_wconf 82' lang='grc' dir='ltr'>γάρ</span> 
     </span>
    </p>
   </div>
   <div class='ocr_carea' id='block_1_77' title="bbox 2100 3236 2147 3296">
    <p class='ocr_par' dir='ltr' id='par_1_77' title="bbox 2100 3236 2147 3296">
     <span class='ocr_line' id='line_1_77' title="bbox 2100 3236 2147 3296; baseline 0 0"><span class='ocrx_word' id='word_1_601' title='bbox 2100 3236 2147 3296; x_wconf 85' lang='lat' dir='ltr'><strong><em>C</em></strong></span> 
     </span>
    </p>
   </div>
   <div class='ocr_carea' id='block_1_78' title="bbox 2178 3199 3762 3281">
    <p class='ocr_par' dir='ltr' id='par_1_78' title="bbox 2178 3199 3762 3281">
     <span class='ocr_line' id='line_1_78' title="bbox 2178 3199 3762 3281; baseline -0.009 -16"><span class='ocrx_word' id='word_1_602' title='bbox 2178 3211 2323 3281; x_wconf 73' lang='grc' dir='ltr'>ἄλλῳ</span> <span class='ocrx_word' id='word_1_603' title='bbox 2353 3209 2542 3281; x_wconf 84' lang='grc' dir='ltr'>τρόπῳ</span> <span class='ocrx_word' id='word_1_604' title='bbox 2572 3211 2637 3263; x_wconf 82' lang='grc' dir='ltr'><strong>ὲκ</strong></span> <span class='ocrx_word' id='word_1_605' title='bbox 2667 3208 2884 3279; x_wconf 78' lang='grc' dir='ltr'>Πατρδς</span> <span class='ocrx_word' id='word_1_606' title='bbox 2912 3210 3008 3263; x_wconf 76' lang='grc' dir='ltr'><strong>καὶ</strong></span> <span class='ocrx_word' id='word_1_607' title='bbox 3036 3205 3190 3273; x_wconf 83' lang='grc' dir='ltr'>Υἱοῦ,</span> <span class='ocrx_word' id='word_1_608' title='bbox 3223 3206 3255 3277; x_wconf 78' lang='grc' dir='ltr'><strong>ἢ</strong></span> <span class='ocrx_word' id='word_1_609' title='bbox 3286 3206 3364 3260; x_wconf 73' lang='grc' dir='ltr'>δι’</span> <span class='ocrx_word' id='word_1_610' title='bbox 3390 3203 3520 3259; x_wconf 86' lang='grc' dir='ltr'><strong>Υἱοῦ</strong></span> <span class='ocrx_word' id='word_1_611' title='bbox 3554 3199 3762 3273; x_wconf 85' lang='grc' dir='ltr'>προχεῖ-</span> 
     </span>
    </p>
   </div>
   <div class='ocr_carea' id='block_1_79' title="bbox 2180 3297 3629 3371">
    <p class='ocr_par' dir='ltr' id='par_1_79' title="bbox 2180 3297 3629 3371">
     <span class='ocr_line' id='line_1_79' title="bbox 2180 3297 3629 3371; baseline -0.006 -15"><span class='ocrx_word' id='word_1_612' title='bbox 2180 3303 2308 3356; x_wconf 87' lang='grc' dir='ltr'>σθαι</span> <span class='ocrx_word' id='word_1_613' title='bbox 2338 3302 2395 3356; x_wconf 84' lang='grc' dir='ltr'><strong>τδ</strong></span> <span class='ocrx_word' id='word_1_614' title='bbox 2426 3303 2482 3355; x_wconf 80' lang='grc' dir='ltr'>ἐν</span> <span class='ocrx_word' id='word_1_615' title='bbox 2510 3301 2809 3355; x_wconf 82' lang='grc' dir='ltr'>ὑποστάσει</span> <span class='ocrx_word' id='word_1_616' title='bbox 2843 3301 2988 3369; x_wconf 82' lang='grc' dir='ltr'>ίδικῇ</span> <span class='ocrx_word' id='word_1_617' title='bbox 3020 3298 3324 3371; x_wconf 83' lang='grc' dir='ltr'>νοήσαιμεν</span> <span class='ocrx_word' id='word_1_618' title='bbox 3363 3297 3629 3367; x_wconf 87' lang='grc' dir='ltr'>Πνεῦμα;</span> 
     </span>
    </p>
   </div>
   <div class='ocr_carea' id='block_1_80' title="bbox 2252 3379 3762 3464">
    <p class='ocr_par' dir='ltr' id='par_1_80' title="bbox 2252 3379 3762 3464">
     <span class='ocr_line' id='line_1_80' title="bbox 2252 3379 3762 3464; baseline -0.009 -16"><span class='ocrx_word' id='word_1_619' title='bbox 2252 3393 2303 3447; x_wconf 82' lang='grc' dir='ltr'>ι’.</span> <span class='ocrx_word' id='word_1_620' title='bbox 2345 3392 2594 3464; x_wconf 81' lang='grc' dir='ltr'>Λελέχθω</span> <span class='ocrx_word' id='word_1_621' title='bbox 2633 3392 2691 3446; x_wconf 75' lang='grc' dir='ltr'>δὲ</span> <span class='ocrx_word' id='word_1_622' title='bbox 2736 3393 2831 3446; x_wconf 73' lang='grc' dir='ltr'><strong>καὶ</strong></span> <span class='ocrx_word' id='word_1_623' title='bbox 2875 3390 3212 3461; x_wconf 76' lang='grc' dir='ltr'>πλατύτερον</span> <span class='ocrx_word' id='word_1_624' title='bbox 3236 3406 3249 3420; x_wconf 88' lang='grc'><strong>·</strong></span> <span class='ocrx_word' id='word_1_625' title='bbox 3295 3390 3478 3459; x_wconf 71' lang='grc' dir='ltr'>Εἴπερ</span> <span class='ocrx_word' id='word_1_626' title='bbox 3520 3382 3668 3456; x_wconf 69' lang='grc' dir='ltr'>παρὰ</span> <span class='ocrx_word' id='word_1_627' title='bbox 3706 3379 3762 3434; x_wconf 72' lang='grc' dir='ltr'>τὸ</span> 
     </span>
    </p>
   </div>
   <div class='ocr_carea' id='block_1_81' title="bbox 2178 3472 3761 3557">
    <p class='ocr_par' dir='ltr' id='par_1_81' title="bbox 2178 3472 3761 3557">
     <span class='ocr_line' id='line_1_81' title="bbox 2178 3472 3761 3557; baseline -0.01 -15"><span class='ocrx_word' id='word_1_628' title='bbox 2178 3485 2514 3557; x_wconf 82' lang='grc' dir='ltr'>ὑφίστασθαι</span> <span class='ocrx_word' id='word_1_629' title='bbox 2544 3485 2844 3547; x_wconf 79' lang='grc' dir='ltr'>ὑπόστασις</span> <span class='ocrx_word' id='word_1_630' title='bbox 2870 3483 3114 3553; x_wconf 78' lang='grc' dir='ltr'>λέγεται,</span> <span class='ocrx_word' id='word_1_631' title='bbox 3140 3482 3199 3535; x_wconf 78' lang='grc' dir='ltr'>τὸ</span> <span class='ocrx_word' id='word_1_632' title='bbox 3228 3483 3449 3552; x_wconf 83' lang='grc' dir='ltr'>προϊὸν,</span> <span class='ocrx_word' id='word_1_633' title='bbox 3482 3478 3517 3551; x_wconf 79' lang='grc' dir='ltr'><strong>ἧ</strong></span> <span class='ocrx_word' id='word_1_634' title='bbox 3547 3472 3761 3546; x_wconf 82' lang='grc' dir='ltr'>προχεό-</span> 
     </span>
    </p>
   </div>
   <div class='ocr_carea' id='block_1_82' title="bbox 2181 3572 3759 3652">
    <p class='ocr_par' dir='ltr' id='par_1_82' title="bbox 2181 3572 3759 3652">
     <span class='ocr_line' id='line_1_82' title="bbox 2181 3572 3759 3652; baseline -0.01 -18"><span class='ocrx_word' id='word_1_635' title='bbox 2181 3596 2341 3652; x_wconf 89' lang='grc' dir='ltr'>μενον</span> <span class='ocrx_word' id='word_1_636' title='bbox 2370 3582 2454 3643; x_wconf 80' lang='grc' dir='ltr'>εἰς</span> <span class='ocrx_word' id='word_1_637' title='bbox 2487 3578 2788 3633; x_wconf 81' lang='grc' dir='ltr'>ὑπόστασιν</span> <span class='ocrx_word' id='word_1_638' title='bbox 2808 3618 2825 3645; x_wconf 88' lang='grc'><strong>,</strong></span> <span class='ocrx_word' id='word_1_639' title='bbox 2855 3577 3009 3631; x_wconf 81' lang='grc' dir='ltr'>οὑτω</span> <span class='ocrx_word' id='word_1_640' title='bbox 3034 3579 3285 3646; x_wconf 80' lang='grc' dir='ltr'>πρόεισιν</span> <span class='ocrx_word' id='word_1_641' title='bbox 3307 3618 3321 3641; x_wconf 94' lang='grc'><strong>,</strong></span> <span class='ocrx_word' id='word_1_642' title='bbox 3356 3575 3505 3630; x_wconf 83' lang='grc' dir='ltr'>ὥστε</span> <span class='ocrx_word' id='word_1_643' title='bbox 3539 3572 3759 3641; x_wconf 70' lang='grc' dir='ltr'>ὑφίστα-</span> 
     </span>
    </p>
   </div>
   <div class='ocr_carea' id='block_1_83' title="bbox 2178 3661 3760 3745">
    <p class='ocr_par' dir='ltr' id='par_1_83' title="bbox 2178 3661 3760 3745">
     <span class='ocr_line' id='line_1_83' title="bbox 2178 3661 3760 3745; baseline -0.007 -18"><span class='ocrx_word' id='word_1_644' title='bbox 2178 3675 2323 3729; x_wconf 84' lang='grc' dir='ltr'>σθαι.</span> <span class='ocrx_word' id='word_1_645' title='bbox 2372 3673 2631 3745; x_wconf 84' lang='grc' dir='ltr'>Πρόεισιν</span> <span class='ocrx_word' id='word_1_646' title='bbox 2677 3671 2791 3741; x_wconf 77' lang='grc' dir='ltr'>ἄρα</span> <span class='ocrx_word' id='word_1_647' title='bbox 2834 3670 2930 3723; x_wconf 77' lang='grc' dir='ltr'><strong>καὶ</strong></span> <span class='ocrx_word' id='word_1_648' title='bbox 2978 3672 3265 3741; x_wconf 75' lang='grc' dir='ltr'>προχεῖται</span> <span class='ocrx_word' id='word_1_649' title='bbox 3317 3669 3382 3723; x_wconf 82' lang='grc' dir='ltr'><strong>τδ</strong></span> <span class='ocrx_word' id='word_1_650' title='bbox 3434 3666 3660 3735; x_wconf 83' lang='grc' dir='ltr'>Πνεῦμα</span> <span class='ocrx_word' id='word_1_651' title='bbox 3700 3661 3760 3713; x_wconf 81' lang='grc' dir='ltr'>ἐκ</span> 
     </span>
    </p>
   </div>
   <div class='ocr_carea' id='block_1_84' title="bbox 2178 3754 3755 3838">
    <p class='ocr_par' dir='ltr' id='par_1_84' title="bbox 2178 3754 3755 3838">
     <span class='ocr_line' id='line_1_84' title="bbox 2178 3754 3755 3838; baseline -0.008 -17"><span class='ocrx_word' id='word_1_652' title='bbox 2178 3769 2389 3838; x_wconf 87' lang='grc' dir='ltr'>Πατρὸς</span> <span class='ocrx_word' id='word_1_653' title='bbox 2454 3767 2524 3820; x_wconf 81' lang='grc' dir='ltr'><strong>δι’</strong></span> <span class='ocrx_word' id='word_1_654' title='bbox 2573 3766 2703 3819; x_wconf 88' lang='grc' dir='ltr'>Υίοῦ</span> <span class='ocrx_word' id='word_1_655' title='bbox 2758 3766 2899 3837; x_wconf 83' lang='grc' dir='ltr'>πρὸς</span> <span class='ocrx_word' id='word_1_656' title='bbox 2943 3764 3004 3819; x_wconf 81' lang='grc' dir='ltr'>τὺ</span> <span class='ocrx_word' id='word_1_657' title='bbox 3049 3763 3382 3834; x_wconf 79' lang='grc' dir='ltr'>ὑφίστασθαι</span> <span class='ocrx_word' id='word_1_658' title='bbox 3421 3765 3483 3818; x_wconf 79' lang='grc' dir='ltr'><strong>τὸ</strong></span> <span class='ocrx_word' id='word_1_659' title='bbox 3523 3762 3580 3814; x_wconf 87' lang='grc' dir='ltr'>ὲν</span> <span class='ocrx_word' id='word_1_660' title='bbox 3624 3754 3755 3823; x_wconf 83' lang='grc' dir='ltr'>ἱδικῇ</span> 
     </span>
    </p>
   </div>
   <div class='ocr_carea' id='block_1_85' title="bbox 2176 3853 3758 3929">
    <p class='ocr_par' dir='ltr' id='par_1_85' title="bbox 2176 3853 3758 3929">
     <span class='ocr_line' id='line_1_85' title="bbox 2176 3853 3758 3929; baseline -0.009 -15"><span class='ocrx_word' id='word_1_661' title='bbox 2176 3861 2475 3914; x_wconf 87' lang='grc' dir='ltr'>ὑποστάσει</span> <span class='ocrx_word' id='word_1_662' title='bbox 2518 3854 2658 3913; x_wconf 76' lang='grc' dir='ltr'>εἶναι</span> <span class='ocrx_word' id='word_1_663' title='bbox 2702 3858 2985 3929; x_wconf 77' lang='grc' dir='ltr'>σημαίνει.</span> <span class='ocrx_word' id='word_1_664' title='bbox 3038 3856 3212 3912; x_wconf 89' lang='grc' dir='ltr'>Τοῦτο</span> <span class='ocrx_word' id='word_1_665' title='bbox 3250 3856 3308 3910; x_wconf 81' lang='grc' dir='ltr'>δέ</span> <span class='ocrx_word' id='word_1_666' title='bbox 3345 3858 3470 3910; x_wconf 74' lang='grc' dir='ltr'>ἐστι</span> <span class='ocrx_word' id='word_1_667' title='bbox 3503 3856 3564 3908; x_wconf 83' lang='grc' dir='ltr'>τὸ</span> <span class='ocrx_word' id='word_1_668' title='bbox 3604 3853 3758 3904; x_wconf 77' lang='grc' dir='ltr'>ἐκπο-</span> 
     </span>
    </p>
   </div>
   <div class='ocr_carea' id='block_1_86' title="bbox 2178 3942 3756 4022">
    <p class='ocr_par' dir='ltr' id='par_1_86' title="bbox 2178 3942 3756 4022">
     <span class='ocr_line' id='line_1_86' title="bbox 2178 3942 3756 4022; baseline -0.009 -17"><span class='ocrx_word' id='word_1_669' title='bbox 2178 3950 2457 4022; x_wconf 81' lang='grc' dir='ltr'>ρεύεσθαι.</span> <span class='ocrx_word' id='word_1_670' title='bbox 2495 3950 2591 4004; x_wconf 88' lang='grc' dir='ltr'><strong>Ἐκ</strong></span> <span class='ocrx_word' id='word_1_671' title='bbox 2627 3950 2837 4020; x_wconf 81' lang='grc' dir='ltr'>Ιῐατρὸς</span> <span class='ocrx_word' id='word_1_672' title='bbox 2873 3949 2981 4019; x_wconf 78' lang='grc' dir='ltr'>ἄρα</span> <span class='ocrx_word' id='word_1_673' title='bbox 3014 3950 3111 4003; x_wconf 75' lang='grc' dir='ltr'><strong>καὶ</strong></span> <span class='ocrx_word' id='word_1_674' title='bbox 3146 3948 3309 4013; x_wconf 81' lang='grc' dir='ltr'>Υἱοῦ,</span> <span class='ocrx_word' id='word_1_675' title='bbox 3344 3948 3379 4020; x_wconf 83' lang='grc' dir='ltr'>ἢ</span> <span class='ocrx_word' id='word_1_676' title='bbox 3404 3948 3471 4003; x_wconf 76' lang='grc' dir='ltr'>δι’</span> <span class='ocrx_word' id='word_1_677' title='bbox 3507 3942 3632 3999; x_wconf 83' lang='grc' dir='ltr'>Υίοῦ</span> <span class='ocrx_word' id='word_1_678' title='bbox 3666 3943 3756 3993; x_wconf 82' lang='grc' dir='ltr'><strong>ὲκ-</strong></span> 
     </span>
    </p>
   </div>
   <div class='ocr_carea' id='block_1_87' title="bbox 2179 4034 3760 4114">
    <p class='ocr_par' dir='ltr' id='par_1_87' title="bbox 2179 4034 3760 4114">
     <span class='ocr_line' id='line_1_87' title="bbox 2179 4034 3760 4114; baseline -0.009 -17"><span class='ocrx_word' id='word_1_679' title='bbox 2179 4042 2472 4114; x_wconf 84' lang='grc' dir='ltr'>πορεὺεται</span> <span class='ocrx_word' id='word_1_680' title='bbox 2497 4043 2559 4097; x_wconf 80' lang='grc' dir='ltr'>τὸ</span> <span class='ocrx_word' id='word_1_681' title='bbox 2587 4043 2817 4113; x_wconf 83' lang='grc' dir='ltr'>Πνεῦμα</span> <span class='ocrx_word' id='word_1_682' title='bbox 2843 4042 2903 4095; x_wconf 81' lang='grc' dir='ltr'>τὸ</span> <span class='ocrx_word' id='word_1_683' title='bbox 2929 4045 3109 4112; x_wconf 80' lang='grc' dir='ltr'>άγιον,</span> <span class='ocrx_word' id='word_1_684' title='bbox 3138 4041 3279 4095; x_wconf 82' lang='grc' dir='ltr'>ὥστε</span> <span class='ocrx_word' id='word_1_685' title='bbox 3306 4042 3365 4107; x_wconf 71' lang='grc' dir='ltr'><strong>ἐξ</strong></span> <span class='ocrx_word' id='word_1_686' title='bbox 3392 4042 3599 4113; x_wconf 81' lang='grc' dir='ltr'>ἀμφοῖν</span> <span class='ocrx_word' id='word_1_687' title='bbox 3623 4034 3760 4105; x_wconf 78' lang='grc' dir='ltr'>ἔχειν</span> 
     </span>
    </p>
   </div>
   <div class='ocr_carea' id='block_1_88' title="bbox 2176 4127 3755 4200">
    <p class='ocr_par' dir='ltr' id='par_1_88' title="bbox 2176 4127 3755 4200">
     <span class='ocr_line' id='line_1_88' title="bbox 2176 4127 3755 4200; baseline -0.008 -11"><span class='ocrx_word' id='word_1_688' title='bbox 2176 4137 2239 4189; x_wconf 82' lang='grc' dir='ltr'>τὸ</span> <span class='ocrx_word' id='word_1_689' title='bbox 2275 4132 2438 4191; x_wconf 75' lang='grc' dir='ltr'>εἶναι.</span> <span class='ocrx_word' id='word_1_690' title='bbox 2469 4136 2595 4190; x_wconf 82' lang='grc' dir='ltr'><strong>Ὀτι</strong></span> <span class='ocrx_word' id='word_1_691' title='bbox 2627 4136 2684 4188; x_wconf 82' lang='grc' dir='ltr'>δὲ</span> <span class='ocrx_word' id='word_1_692' title='bbox 2714 4135 2894 4190; x_wconf 88' lang='grc' dir='ltr'>ταῦτα</span> <span class='ocrx_word' id='word_1_693' title='bbox 2926 4137 3022 4190; x_wconf 75' lang='grc' dir='ltr'><strong>καὶ</strong></span> <span class='ocrx_word' id='word_1_694' title='bbox 3055 4138 3171 4200; x_wconf 85' lang='grc' dir='ltr'>τοῖς</span> <span class='ocrx_word' id='word_1_695' title='bbox 3203 4135 3550 4198; x_wconf 79' lang='grc' dir='ltr'>διδασκάλοις</span> <span class='ocrx_word' id='word_1_696' title='bbox 3581 4127 3755 4193; x_wconf 81' lang='grc' dir='ltr'>δοκεῖ,</span> 
     </span>
    </p>
   </div>
   <div class='ocr_carea' id='block_1_89' title="bbox 2177 4219 3759 4299">
    <p class='ocr_par' dir='ltr' id='par_1_89' title="bbox 2177 4219 3759 4299">
     <span class='ocr_line' id='line_1_89' title="bbox 2177 4219 3759 4299; baseline -0.008 -16"><span class='ocrx_word' id='word_1_697' title='bbox 2177 4229 2412 4283; x_wconf 78' lang='grc' dir='ltr'>ἄκουσον</span> <span class='ocrx_word' id='word_1_698' title='bbox 2439 4227 2711 4299; x_wconf 83' lang='grc' dir='ltr'>Κυρίλλου</span> <span class='ocrx_word' id='word_1_699' title='bbox 2738 4228 2803 4281; x_wconf 81' lang='grc' dir='ltr'><strong>ὲκ</strong></span> <span class='ocrx_word' id='word_1_700' title='bbox 2826 4226 2925 4281; x_wconf 87' lang='grc' dir='ltr'><strong>τοῦ</strong></span> <span class='ocrx_word' id='word_1_701' title='bbox 2955 4229 3035 4291; x_wconf 85' lang='grc' dir='ltr'><strong>είς</strong></span> <span class='ocrx_word' id='word_1_702' title='bbox 3062 4229 3122 4281; x_wconf 84' lang='grc' dir='ltr'>τὸ</span> <span class='ocrx_word' id='word_1_703' title='bbox 3149 4227 3290 4281; x_wconf 81' lang='grc' dir='ltr'>κατὰ</span> <span class='ocrx_word' id='word_1_704' title='bbox 3322 4227 3577 4296; x_wconf 85' lang='grc' dir='ltr'>Ἰωάννην</span> <span class='ocrx_word' id='word_1_705' title='bbox 3602 4219 3759 4288; x_wconf 80' lang='grc' dir='ltr'>πονή-</span> 
     </span>
    </p>
   </div>
   <div class='ocr_carea' id='block_1_90' title="bbox 2179 4313 3757 4393">
    <p class='ocr_par' dir='ltr' id='par_1_90' title="bbox 2179 4313 3757 4393">
     <span class='ocr_line' id='line_1_90' title="bbox 2179 4313 3757 4393; baseline -0.006 -17"><span class='ocrx_word' id='word_1_706' title='bbox 2179 4339 2375 4393; x_wconf 83' lang='grc' dir='ltr'>ματος.</span> <span class='ocrx_word' id='word_1_707' title='bbox 2422 4322 2682 4393; x_wconf 77' lang='grc' dir='ltr'>Εἰρήσθω</span> <span class='ocrx_word' id='word_1_708' title='bbox 2725 4321 2784 4374; x_wconf 83' lang='grc' dir='ltr'>δὲ</span> <span class='ocrx_word' id='word_1_709' title='bbox 2829 4321 2891 4375; x_wconf 85' lang='grc' dir='ltr'>τὸ</span> <span class='ocrx_word' id='word_1_710' title='bbox 2936 4322 3101 4392; x_wconf 79' lang='grc' dir='ltr'>ῥητὸν</span> <span class='ocrx_word' id='word_1_711' title='bbox 3148 4321 3346 4392; x_wconf 80' lang='grc' dir='ltr'>μικρὸν</span> <span class='ocrx_word' id='word_1_712' title='bbox 3386 4321 3630 4379; x_wconf 78' lang='grc' dir='ltr'>ἄνωθεν,</span> <span class='ocrx_word' id='word_1_713' title='bbox 3677 4313 3757 4367; x_wconf 80' lang='grc' dir='ltr'>ἵνα</span> 
     </span>
    </p>
   </div>
   <div class='ocr_carea' id='block_1_91' title="bbox 2178 4410 3759 4506">
    <p class='ocr_par' dir='ltr' id='par_1_91' title="bbox 2178 4410 3759 4506">
     <span class='ocr_line' id='line_1_91' title="bbox 2178 4410 3759 4506; baseline -0.004 -39"><span class='ocrx_word' id='word_1_714' title='bbox 2178 4414 2323 4485; x_wconf 82' lang='grc' dir='ltr'><strong>γνῷς</strong></span> <span class='ocrx_word' id='word_1_715' title='bbox 2352 4413 2450 4468; x_wconf 80' lang='grc' dir='ltr'><strong>καὶ</strong></span> <span class='ocrx_word' id='word_1_716' title='bbox 2478 4413 2549 4467; x_wconf 82' lang='grc' dir='ltr'>τὰ</span> <span class='ocrx_word' id='word_1_717' title='bbox 2578 4412 2843 4467; x_wconf 87' lang='grc' dir='ltr'>δοκοῦντα</span> <span class='ocrx_word' id='word_1_718' title='bbox 2873 4413 2995 4468; x_wconf 83' lang='grc' dir='ltr'>καθ’</span> <span class='ocrx_word' id='word_1_719' title='bbox 3020 4414 3181 4485; x_wconf 59' lang='grc' dir='ltr'><strong>⁴ἡμῶν</strong></span> <span class='ocrx_word' id='word_1_720' title='bbox 3210 4410 3372 4479; x_wconf 81' lang='grc' dir='ltr'>εῖναι,</span> <span class='ocrx_word' id='word_1_721' title='bbox 3402 4414 3479 4478; x_wconf 79' lang='grc' dir='ltr'>ὡς</span> <span class='ocrx_word' id='word_1_722' title='bbox 3511 4414 3587 4506; x_wconf 65' lang='grc' dir='ltr'>ἂν</span> <span class='ocrx_word' id='word_1_723' title='bbox 3607 4410 3759 4506; x_wconf 44' lang='grc' dir='ltr'>Ιῖραιῖ</span> 
     </span>
    </p>
   </div>
   <div class='ocr_carea' id='block_1_92' title="bbox 2179 4503 3754 4575">
    <p class='ocr_par' dir='ltr' id='par_1_92' title="bbox 2179 4503 3754 4575">
     <span class='ocr_line' id='line_1_92' title="bbox 2179 4503 3754 4575; baseline -0.005 -13"><span class='ocrx_word' id='word_1_724' title='bbox 2179 4508 2264 4562; x_wconf 67' lang='grc' dir='ltr'>κο).</span> <span class='ocrx_word' id='word_1_725' title='bbox 2291 4508 2472 4575; x_wconf 81' lang='grc' dir='ltr'>φαῖεν,</span> <span class='ocrx_word' id='word_1_726' title='bbox 2497 4504 2627 4558; x_wconf 78' lang='grc' dir='ltr'>ὄντα</span> <span class='ocrx_word' id='word_1_727' title='bbox 2656 4505 2859 4573; x_wconf 83' lang='grc' dir='ltr'>μᾶλλον</span> <span class='ocrx_word' id='word_1_728' title='bbox 2885 4506 3026 4575; x_wconf 81' lang='grc' dir='ltr'>ὑπὲρ</span> <span class='ocrx_word' id='word_1_729' title='bbox 3049 4508 3081 4575; x_wconf 84' lang='grc' dir='ltr'>ἡ</span> <span class='ocrx_word' id='word_1_730' title='bbox 3091 4506 3206 4574; x_wconf 82' lang='grc' dir='ltr'>μῶν</span> <span class='ocrx_word' id='word_1_731' title='bbox 3225 4523 3239 4539; x_wconf 75' lang='grc' dir='ltr'><strong>ο</strong></span> <span class='ocrx_word' id='word_1_732' title='bbox 3271 4505 3462 4561; x_wconf 80' lang='grc' dir='ltr'>ἰδιον</span> <span class='ocrx_word' id='word_1_733' title='bbox 3484 4503 3590 4559; x_wconf 79' lang='grc' dir='ltr'><strong>τοῦ</strong></span> <span class='ocrx_word' id='word_1_734' title='bbox 3615 4503 3754 4554; x_wconf 80' lang='grc' dir='ltr'>Θεοῦ</span> 
     </span>
    </p>
   </div>
   <div class='ocr_carea' id='block_1_93' title="bbox 485 4579 2073 4667">
    <p class='ocr_par' dir='ltr' id='par_1_93' title="bbox 485 4579 2073 4653">
     <span class='ocr_line' id='line_1_93' title="bbox 485 4579 2073 4653; baseline 0.007 -22"><span class='ocrx_word' id='word_1_735' title='bbox 485 4581 635 4648; x_wconf 85' lang='lat' dir='ltr'><strong>prius</strong></span> <span class='ocrx_word' id='word_1_736' title='bbox 676 4579 775 4634; x_wconf 89' lang='lat' dir='ltr'><strong>Dei</strong></span> <span class='ocrx_word' id='word_1_737' title='bbox 808 4589 859 4635; x_wconf 90' lang='lat' dir='ltr'><strong>et</strong></span> <span class='ocrx_word' id='word_1_738' title='bbox 892 4581 1070 4638; x_wconf 82' lang='lat' dir='ltr'><strong>Patris</strong></span> <span class='ocrx_word' id='word_1_739' title='bbox 1094 4583 1328 4653; x_wconf 84' lang='lat' dir='ltr'><strong>Spiritus</strong></span> <span class='ocrx_word' id='word_1_740' title='bbox 1360 4595 1458 4653; x_wconf 85' lang='lat' dir='ltr'><strong>est,</strong></span> <span class='ocrx_word' id='word_1_741' title='bbox 1490 4587 1815 4653; x_wconf 88' lang='lat' dir='ltr'><strong>scribit,sed</strong></span> <span class='ocrx_word' id='word_1_742' title='bbox 1850 4604 1954 4642; x_wconf 89' lang='lat' dir='ltr'><strong>non</strong></span> <span class='ocrx_word' id='word_1_743' title='bbox 1980 4591 2073 4643; x_wconf 88' lang='lat' dir='ltr'><strong>mi-</strong></span> 
     </span>
    </p>
   </div>
   <div class='ocr_carea' id='block_1_94' title="bbox 2176 4579 3757 4667">
    <p class='ocr_par' dir='ltr' id='par_1_94' title="bbox 2182 4587 3757 4667">
     <span class='ocr_line' id='line_1_94' title="bbox 2182 4587 3757 4667; baseline -0.007 -16"><span class='ocrx_word' id='word_1_744' title='bbox 2182 4599 2283 4652; x_wconf 76' lang='grc' dir='ltr'><strong>καὶ</strong></span> <span class='ocrx_word' id='word_1_745' title='bbox 2318 4598 2554 4664; x_wconf 85' lang='grc' dir='ltr'>Πατρός</span> <span class='ocrx_word' id='word_1_746' title='bbox 2587 4596 2655 4649; x_wconf 85' lang='grc' dir='ltr'>τό</span> <span class='ocrx_word' id='word_1_747' title='bbox 2690 4596 2938 4667; x_wconf 75' lang='grc' dir='ltr'>Πνεῦμα</span> <span class='ocrx_word' id='word_1_748' title='bbox 2969 4597 3136 4662; x_wconf 81' lang='grc' dir='ltr'>ἐστι,</span> <span class='ocrx_word' id='word_1_749' title='bbox 3173 4597 3340 4667; x_wconf 79' lang='grc' dir='ltr'>φησιν</span> <span class='ocrx_word' id='word_1_750' title='bbox 3372 4613 3386 4627; x_wconf 88' lang='grc'><strong>·</strong></span> <span class='ocrx_word' id='word_1_751' title='bbox 3424 4596 3562 4652; x_wconf 75' lang='grc' dir='ltr'><strong>ἀλλ’</strong></span> <span class='ocrx_word' id='word_1_752' title='bbox 3585 4587 3757 4645; x_wconf 78' lang='grc' dir='ltr'>οὐδὲν</span> 
     </span>
    </p>
   </div>
   <div class='ocr_carea' id='block_1_95' title="bbox 486 4673 2076 4747">
    <p class='ocr_par' dir='ltr' id='par_1_95' title="bbox 486 4673 2076 4747">
     <span class='ocr_line' id='line_1_95' title="bbox 486 4673 2076 4747; baseline 0.007 -23"><span class='ocrx_word' id='word_1_753' title='bbox 486 4688 584 4727; x_wconf 84' lang='lat' dir='ltr'><strong>nus</strong></span> <span class='ocrx_word' id='word_1_754' title='bbox 604 4673 850 4741; x_wconf 88' lang='lat' dir='ltr'><strong>proprius</strong></span> <span class='ocrx_word' id='word_1_755' title='bbox 875 4682 1017 4728; x_wconf 87' lang='lat' dir='ltr'><strong>estet</strong></span> <span class='ocrx_word' id='word_1_756' title='bbox 1052 4673 1200 4741; x_wconf 80' lang='lat' dir='ltr'><strong>Filii,</strong></span> <span class='ocrx_word' id='word_1_757' title='bbox 1230 4694 1331 4731; x_wconf 87' lang='lat' dir='ltr'><strong>non</strong></span> <span class='ocrx_word' id='word_1_758' title='bbox 1351 4687 1407 4731; x_wconf 91' lang='lat' dir='ltr'><strong>ut</strong></span> <span class='ocrx_word' id='word_1_759' title='bbox 1432 4679 1581 4733; x_wconf 83' lang='lat' dir='ltr'><strong>aliud</strong></span> <span class='ocrx_word' id='word_1_760' title='bbox 1607 4689 1656 4734; x_wconf 89' lang='lat' dir='ltr'><strong>et</strong></span> <span class='ocrx_word' id='word_1_761' title='bbox 1686 4680 1860 4747; x_wconf 86' lang='lat' dir='ltr'><strong>aliud,</strong></span> <span class='ocrx_word' id='word_1_762' title='bbox 1883 4683 2076 4736; x_wconf 85' lang='lat' dir='ltr'><strong>autdi-</strong></span> 
     </span>
    </p>
   </div>
   <div class='ocr_carea' id='block_1_96' title="bbox 484 4767 2075 4847">
    <p class='ocr_par' dir='ltr' id='par_1_96' title="bbox 484 4767 2075 4847">
     <span class='ocr_line' id='line_1_96' title="bbox 484 4767 2075 4847; baseline 0.008 -29"><span class='ocrx_word' id='word_1_763' title='bbox 484 4767 593 4819; x_wconf 71' lang='lat' dir='ltr'><strong>nise</strong></span> <span class='ocrx_word' id='word_1_764' title='bbox 609 4768 664 4819; x_wconf 87' lang='lat' dir='ltr'><strong>in</strong></span> <span class='ocrx_word' id='word_1_765' title='bbox 689 4776 912 4833; x_wconf 87' lang='lat' dir='ltr'><strong>utroque</strong></span> <span class='ocrx_word' id='word_1_766' title='bbox 927 4769 1312 4839; x_wconf 85' lang='lat' dir='ltr'><strong>consideratus,</strong></span> <span class='ocrx_word' id='word_1_767' title='bbox 1330 4780 1423 4826; x_wconf 87' lang='lat' dir='ltr'><strong>aut</strong></span> <span class='ocrx_word' id='word_1_768' title='bbox 1446 4775 1717 4829; x_wconf 69' lang='lat' dir='ltr'><strong>exsistens.</strong></span> <span class='ocrx_word' id='word_1_769' title='bbox 1743 4774 1847 4831; x_wconf 87' lang='lat' dir='ltr'><strong>Sed</strong></span> <span class='ocrx_word' id='word_1_770' title='bbox 1863 4778 2075 4847; x_wconf 85' lang='lat' dir='ltr'><strong>quando</strong></span> 
     </span>
    </p>
   </div>
   <div class='ocr_carea' id='block_1_97' title="bbox 486 4856 2078 4940">
    <p class='ocr_par' dir='ltr' id='par_1_97' title="bbox 486 4856 2078 4940">
     <span class='ocr_line' id='line_1_97' title="bbox 486 4856 2078 4940; baseline 0.008 -28"><span class='ocrx_word' id='word_1_771' title='bbox 486 4875 551 4912; x_wconf 78' lang='lat' dir='ltr'><strong>ea:</strong></span> <span class='ocrx_word' id='word_1_772' title='bbox 577 4856 743 4912; x_wconf 82' lang='lat' dir='ltr'><strong>Patre</strong></span> <span class='ocrx_word' id='word_1_773' title='bbox 766 4869 815 4912; x_wconf 92' lang='lat' dir='ltr'><strong>et</strong></span> <span class='ocrx_word' id='word_1_774' title='bbox 834 4860 890 4914; x_wconf 85' lang='lat' dir='ltr'><strong>in</strong></span> <span class='ocrx_word' id='word_1_775' title='bbox 905 4860 1064 4917; x_wconf 87' lang='lat' dir='ltr'><strong>Patre</strong></span> <span class='ocrx_word' id='word_1_776' title='bbox 1094 4864 1417 4919; x_wconf 80' lang='lat' dir='ltr'><strong>naturaliter</strong></span> <span class='ocrx_word' id='word_1_777' title='bbox 1444 4875 1519 4920; x_wconf 85' lang='lat' dir='ltr'><strong>est</strong></span> <span class='ocrx_word' id='word_1_778' title='bbox 1539 4864 1736 4935; x_wconf 86' lang='lat' dir='ltr'><strong>Filius,</strong></span> <span class='ocrx_word' id='word_1_779' title='bbox 1759 4870 1962 4940; x_wconf 78' lang='lat' dir='ltr'><strong>fructus</strong></span> <span class='ocrx_word' id='word_1_780' title='bbox 1992 4886 2078 4924; x_wconf 78' lang='lat' dir='ltr'><strong>ve-</strong></span> 
     </span>
    </p>
   </div>
   <div class='ocr_carea' id='block_1_98' title="bbox 410 4952 2076 5032">
    <p class='ocr_par' dir='ltr' id='par_1_98' title="bbox 410 4952 2076 5032">
     <span class='ocr_line' id='line_1_98' title="bbox 410 4952 2076 5032; baseline 0.009 -31"><span class='ocrx_word' id='word_1_781' title='bbox 410 4998 413 5001; x_wconf 89' lang='lat'><strong>.</strong></span> <span class='ocrx_word' id='word_1_782' title='bbox 487 4969 578 5006; x_wconf 88' lang='lat' dir='ltr'><strong>rus</strong></span> <span class='ocrx_word' id='word_1_783' title='bbox 604 4952 858 5006; x_wconf 70' lang='lat' dir='ltr'><strong>easistens</strong></span> <span class='ocrx_word' id='word_1_784' title='bbox 892 4952 1041 5009; x_wconf 82' lang='lat' dir='ltr'><strong>illius</strong></span> <span class='ocrx_word' id='word_1_785' title='bbox 1058 4959 1318 5024; x_wconf 74' lang='lat' dir='ltr'><strong>essentiar,</strong></span> <span class='ocrx_word' id='word_1_786' title='bbox 1338 4957 1589 5027; x_wconf 82' lang='lat' dir='ltr'><strong>Spiritus,</strong></span> <span class='ocrx_word' id='word_1_787' title='bbox 1610 4965 1701 5032; x_wconf 86' lang='lat' dir='ltr'><strong>qui</strong></span> <span class='ocrx_word' id='word_1_788' title='bbox 1721 4963 1971 5032; x_wconf 87' lang='lat' dir='ltr'><strong>proprius</strong></span> <span class='ocrx_word' id='word_1_789' title='bbox 2000 4970 2076 5016; x_wconf 88' lang='lat' dir='ltr'><strong>est</strong></span> 
     </span>
    </p>
   </div>
   <div class='ocr_carea' id='block_1_99' title="bbox 485 5045 2075 5122">
    <p class='ocr_par' dir='ltr' id='par_1_99' title="bbox 485 5045 2075 5122">
     <span class='ocr_line' id='line_1_99' title="bbox 485 5045 2075 5122; baseline 0.006 -24"><span class='ocrx_word' id='word_1_790' title='bbox 485 5045 673 5099; x_wconf 80' lang='lat' dir='ltr'><strong>Patris</strong></span> <span class='ocrx_word' id='word_1_791' title='bbox 689 5047 982 5101; x_wconf 87' lang='lat' dir='ltr'><strong>secundum</strong></span> <span class='ocrx_word' id='word_1_792' title='bbox 1011 5059 1266 5103; x_wconf 87' lang='lat' dir='ltr'><strong>naturam</strong></span> <span class='ocrx_word' id='word_1_793' title='bbox 1306 5051 1635 5120; x_wconf 84' lang='lat' dir='ltr'><strong>producitur,</strong></span> <span class='ocrx_word' id='word_1_794' title='bbox 1660 5064 1708 5107; x_wconf 92' lang='lat' dir='ltr'><strong>et</strong></span> <span class='ocrx_word' id='word_1_795' title='bbox 1728 5054 2021 5122; x_wconf 69' lang='lat' dir='ltr'><strong>effunditur</strong></span> <span class='ocrx_word' id='word_1_796' title='bbox 2041 5070 2075 5107; x_wconf 84' lang='grc' dir='ltr'><strong>ιι</strong></span> 
     </span>
    </p>
   </div>
   <div class='ocr_carea' id='block_1_100' title="bbox 487 5139 2074 5217">
    <p class='ocr_par' dir='ltr' id='par_1_100' title="bbox 487 5139 2074 5217">
     <span class='ocr_line' id='line_1_100' title="bbox 487 5139 2074 5217; baseline 0.004 -24"><span class='ocrx_word' id='word_1_797' title='bbox 487 5139 731 5205; x_wconf 88' lang='lat' dir='ltr'><strong>Patre,et</strong></span> <span class='ocrx_word' id='word_1_798' title='bbox 752 5158 846 5207; x_wconf 82' lang='lat' dir='ltr'><strong>per</strong></span> <span class='ocrx_word' id='word_1_799' title='bbox 867 5143 1038 5213; x_wconf 86' lang='lat' dir='ltr'><strong>ipsum</strong></span> <span class='ocrx_word' id='word_1_800' title='bbox 1059 5141 1250 5197; x_wconf 82' lang='lat' dir='ltr'><strong>Filium</strong></span> <span class='ocrx_word' id='word_1_801' title='bbox 1268 5156 1527 5201; x_wconf 71' lang='lat' dir='ltr'><strong>creatura:</strong></span> <span class='ocrx_word' id='word_1_802' title='bbox 1553 5147 1947 5217; x_wconf 84' lang='lat' dir='ltr'><strong>suppeditatur,</strong></span> <span class='ocrx_word' id='word_1_803' title='bbox 1970 5163 2074 5200; x_wconf 90' lang='lat' dir='ltr'><strong>non</strong></span> 
     </span>
    </p>
   </div>
   <div class='ocr_carea' id='block_1_101' title="bbox 485 5223 2070 5312">
    <p class='ocr_par' dir='ltr' id='par_1_101' title="bbox 485 5223 2070 5312">
     <span class='ocr_line' id='line_1_101' title="bbox 485 5223 2070 5312; baseline 0.006 -26"><span class='ocrx_word' id='word_1_804' title='bbox 485 5234 640 5288; x_wconf 84' lang='lat' dir='ltr'><strong>modo</strong></span> <span class='ocrx_word' id='word_1_805' title='bbox 668 5234 850 5306; x_wconf 87' lang='lat' dir='ltr'><strong>aliquo</strong></span> <span class='ocrx_word' id='word_1_806' title='bbox 877 5235 1081 5302; x_wconf 78' lang='lat' dir='ltr'><strong>servili,</strong></span> <span class='ocrx_word' id='word_1_807' title='bbox 1108 5237 1197 5307; x_wconf 87' lang='lat' dir='ltr'><strong>qui</strong></span> <span class='ocrx_word' id='word_1_808' title='bbox 1226 5238 1282 5291; x_wconf 88' lang='lat' dir='ltr'><strong>in</strong></span> <span class='ocrx_word' id='word_1_809' title='bbox 1313 5240 1573 5294; x_wconf 81' lang='lat' dir='ltr'><strong>ministris</strong></span> <span class='ocrx_word' id='word_1_810' title='bbox 1606 5223 1933 5312; x_wconf 67' lang='lat' dir='ltr'><strong>agnoscitur,</strong></span> <span class='ocrx_word' id='word_1_811' title='bbox 1958 5243 2070 5307; x_wconf 85' lang='lat' dir='ltr'><strong>sed,</strong></span> 
     </span>
    </p>
   </div>
   <div class='ocr_carea' id='block_1_102' title="bbox 480 5327 2071 5400">
    <p class='ocr_par' dir='ltr' id='par_1_102' title="bbox 480 5327 2071 5400">
     <span class='ocr_line' id='line_1_102' title="bbox 480 5327 2071 5400; baseline 0.006 -23"><span class='ocrx_word' id='word_1_812' title='bbox 480 5338 542 5378; x_wconf 76' lang='lat' dir='ltr'><strong>ut</strong></span> <span class='ocrx_word' id='word_1_813' title='bbox 567 5328 689 5397; x_wconf 88' lang='lat' dir='ltr'><strong>jam</strong></span> <span class='ocrx_word' id='word_1_814' title='bbox 721 5329 852 5391; x_wconf 73' lang='lat' dir='ltr'><strong>dixi,</strong></span> <span class='ocrx_word' id='word_1_815' title='bbox 886 5344 950 5383; x_wconf 78' lang='lat' dir='ltr'><strong>ea:</strong></span> <span class='ocrx_word' id='word_1_816' title='bbox 979 5330 1100 5400; x_wconf 87' lang='lat' dir='ltr'><strong>ipsa</strong></span> <span class='ocrx_word' id='word_1_817' title='bbox 1140 5327 1253 5394; x_wconf 80' lang='lat' dir='ltr'><strong>Dei,</strong></span> <span class='ocrx_word' id='word_1_818' title='bbox 1296 5340 1346 5385; x_wconf 85' lang='lat' dir='ltr'><strong>et</strong></span> <span class='ocrx_word' id='word_1_819' title='bbox 1384 5330 1563 5387; x_wconf 81' lang='lat' dir='ltr'><strong>Patris</strong></span> <span class='ocrx_word' id='word_1_820' title='bbox 1588 5334 1814 5388; x_wconf 82' lang='lat' dir='ltr'><strong>essentia</strong></span> <span class='ocrx_word' id='word_1_821' title='bbox 1871 5335 2071 5399; x_wconf 68' lang='lat' dir='ltr'><strong>exiens,</strong></span> 
     </span>
    </p>
   </div>
   <div class='ocr_carea' id='block_1_103' title="bbox 484 5418 2076 5496">
    <p class='ocr_par' dir='ltr' id='par_1_103' title="bbox 484 5418 2076 5496">
     <span class='ocr_line' id='line_1_103' title="bbox 484 5418 2076 5496; baseline 0.006 -27"><span class='ocrx_word' id='word_1_822' title='bbox 484 5418 779 5489; x_wconf 75' lang='lat' dir='ltr'><strong>elfususque</strong></span> <span class='ocrx_word' id='word_1_823' title='bbox 802 5419 932 5486; x_wconf 81' lang='lat' dir='ltr'><strong>illis,</strong></span> <span class='ocrx_word' id='word_1_824' title='bbox 960 5423 1049 5491; x_wconf 85' lang='lat' dir='ltr'><strong>qui</strong></span> <span class='ocrx_word' id='word_1_825' title='bbox 1076 5435 1195 5475; x_wconf 86' lang='lat' dir='ltr'><strong>eum</strong></span> <span class='ocrx_word' id='word_1_826' title='bbox 1219 5432 1492 5492; x_wconf 84' lang='lat' dir='ltr'><strong>acceptare</strong></span> <span class='ocrx_word' id='word_1_827' title='bbox 1509 5425 1659 5496; x_wconf 89' lang='lat' dir='ltr'><strong>digni</strong></span> <span class='ocrx_word' id='word_1_828' title='bbox 1681 5435 1805 5479; x_wconf 91' lang='lat' dir='ltr'><strong>sunt</strong></span> <span class='ocrx_word' id='word_1_829' title='bbox 1822 5442 1917 5496; x_wconf 86' lang='lat' dir='ltr'><strong>per</strong></span> <span class='ocrx_word' id='word_1_830' title='bbox 1949 5424 2076 5479; x_wconf 85' lang='lat' dir='ltr'><strong>Ver-</strong></span> 
     </span>
    </p>
   </div>
   <div class='ocr_carea' id='block_1_104' title="bbox 484 5509 2071 5590">
    <p class='ocr_par' dir='ltr' id='par_1_104' title="bbox 484 5509 2071 5590">
     <span class='ocr_line' id='line_1_104' title="bbox 484 5509 2071 5590; baseline 0.006 -27"><span class='ocrx_word' id='word_1_831' title='bbox 484 5509 606 5563; x_wconf 86' lang='lat' dir='ltr'><strong>bum</strong></span> <span class='ocrx_word' id='word_1_832' title='bbox 639 5513 1107 5579; x_wconf 71' lang='lat' dir='ltr'><strong>consubstantiale,</strong></span> <span class='ocrx_word' id='word_1_833' title='bbox 1140 5523 1190 5567; x_wconf 91' lang='lat' dir='ltr'><strong>et</strong></span> <span class='ocrx_word' id='word_1_834' title='bbox 1220 5530 1284 5568; x_wconf 74' lang='lat' dir='ltr'><strong>ex</strong></span> <span class='ocrx_word' id='word_1_835' title='bbox 1317 5516 1430 5585; x_wconf 90' lang='lat' dir='ltr'><strong>ipso</strong></span> <span class='ocrx_word' id='word_1_836' title='bbox 1454 5531 1738 5587; x_wconf 86' lang='lat' dir='ltr'><strong>apparens,</strong></span> <span class='ocrx_word' id='word_1_837' title='bbox 1776 5534 1871 5587; x_wconf 89' lang='lat' dir='ltr'><strong>per</strong></span> <span class='ocrx_word' id='word_1_838' title='bbox 1900 5536 2071 5590; x_wconf 83' lang='lat' dir='ltr'><strong>appa-</strong></span> 
     </span>
    </p>
   </div>
   <div class='ocr_carea' id='block_1_105' title="bbox 484 5605 2068 5683">
    <p class='ocr_par' dir='ltr' id='par_1_105' title="bbox 484 5605 2068 5683">
     <span class='ocr_line' id='line_1_105' title="bbox 484 5605 2068 5683; baseline 0.008 -28"><span class='ocrx_word' id='word_1_839' title='bbox 484 5605 728 5659; x_wconf 89' lang='lat' dir='ltr'><strong>ritionem</strong></span> <span class='ocrx_word' id='word_1_840' title='bbox 760 5623 947 5676; x_wconf 84' lang='lat' dir='ltr'><strong>nempe</strong></span> <span class='ocrx_word' id='word_1_841' title='bbox 977 5608 1032 5662; x_wconf 89' lang='lat' dir='ltr'><strong>in</strong></span> <span class='ocrx_word' id='word_1_842' title='bbox 1063 5609 1451 5675; x_wconf 75' lang='lat' dir='ltr'><strong>exsistentiam,</strong></span> <span class='ocrx_word' id='word_1_843' title='bbox 1484 5610 1770 5665; x_wconf 87' lang='lat' dir='ltr'><strong>secundum</strong></span> <span class='ocrx_word' id='word_1_844' title='bbox 1810 5613 2068 5683; x_wconf 85' lang='lat' dir='ltr'><strong>seipsum,</strong></span> 
     </span>
    </p>
   </div>
   <div class='ocr_carea' id='block_1_106' title="bbox 484 5694 2073 5774">
    <p class='ocr_par' dir='ltr' id='par_1_106' title="bbox 484 5694 2073 5774">
     <span class='ocr_line' id='line_1_106' title="bbox 484 5694 2073 5774; baseline 0.009 -27"><span class='ocrx_word' id='word_1_845' title='bbox 484 5705 533 5747; x_wconf 87' lang='lat' dir='ltr'><strong>et</strong></span> <span class='ocrx_word' id='word_1_846' title='bbox 570 5701 623 5749; x_wconf 82' lang='lat' dir='ltr'><strong>in</strong></span> <span class='ocrx_word' id='word_1_847' title='bbox 647 5698 760 5768; x_wconf 89' lang='lat' dir='ltr'><strong>ipso</strong></span> <span class='ocrx_word' id='word_1_848' title='bbox 789 5716 1103 5765; x_wconf 86' lang='lat' dir='ltr'><strong>permanens</strong></span> <span class='ocrx_word' id='word_1_849' title='bbox 1127 5703 1525 5773; x_wconf 82' lang='lat' dir='ltr'><strong>immoransque</strong></span> <span class='ocrx_word' id='word_1_850' title='bbox 1579 5694 1829 5774; x_wconf 82' lang='lat' dir='ltr'><strong>perpetuo</strong></span> <span class='ocrx_word' id='word_1_851' title='bbox 1860 5706 2073 5762; x_wconf 76' lang='lat' dir='ltr'><strong>adhwse</strong></span> 
     </span>
    </p>
   </div>
   <div class='ocr_carea' id='block_1_107' title="bbox 482 5788 2071 5873">
    <p class='ocr_par' dir='ltr' id='par_1_107' title="bbox 482 5788 2071 5873">
     <span class='ocr_line' id='line_1_107' title="bbox 482 5788 2071 5873; baseline 0.012 -35"><span class='ocrx_word' id='word_1_852' title='bbox 482 5788 644 5840; x_wconf 88' lang='lat' dir='ltr'><strong>simul</strong></span> <span class='ocrx_word' id='word_1_853' title='bbox 700 5799 858 5861; x_wconf 85' lang='lat' dir='ltr'><strong>atque</strong></span> <span class='ocrx_word' id='word_1_854' title='bbox 920 5794 1205 5855; x_wconf 71' lang='lat' dir='ltr'><strong>disiuncta.</strong></span> <span class='ocrx_word' id='word_1_855' title='bbox 1258 5796 1451 5851; x_wconf 80' lang='lat' dir='ltr'><strong>Vidcn&#39;</strong></span> <span class='ocrx_word' id='word_1_856' title='bbox 1476 5805 1603 5853; x_wconf 84' lang='lat' dir='ltr'><strong>ante</strong></span> <span class='ocrx_word' id='word_1_857' title='bbox 1664 5801 1870 5870; x_wconf 87' lang='lat' dir='ltr'><strong>omnia,</strong></span> <span class='ocrx_word' id='word_1_858' title='bbox 1915 5820 2071 5873; x_wconf 73' lang='lat' dir='ltr'><strong>mque</strong></span> 
     </span>
    </p>
   </div>
   <div class='ocr_carea' id='block_1_108' title="bbox 488 5879 2068 5959">
    <p class='ocr_par' dir='ltr' id='par_1_108' title="bbox 488 5879 2068 5959">
     <span class='ocr_line' id='line_1_108' title="bbox 488 5879 2068 5959; baseline 0.015 -30"><span class='ocrx_word' id='word_1_859' title='bbox 488 5879 760 5951; x_wconf 78' lang='lat' dir='ltr'><strong>Spiritum</strong></span> <span class='ocrx_word' id='word_1_860' title='bbox 794 5898 913 5939; x_wconf 76' lang='lat' dir='ltr'><strong>esse</strong></span> <span class='ocrx_word' id='word_1_861' title='bbox 947 5880 1093 5940; x_wconf 48' lang='lat' dir='ltr'><strong>Filii’</strong></span> <span class='ocrx_word' id='word_1_862' title='bbox 1125 5897 1289 5959; x_wconf 76' lang='lat' dir='ltr'><strong>atque</strong></span> <span class='ocrx_word' id='word_1_863' title='bbox 1319 5900 1402 5947; x_wconf 88' lang='lat' dir='ltr'><strong>est</strong></span> <span class='ocrx_word' id='word_1_864' title='bbox 1448 5891 1675 5951; x_wconf 78' lang='lat' dir='ltr'><strong>Patris?</strong></span> <span class='ocrx_word' id='word_1_865' title='bbox 1732 5892 1888 5953; x_wconf 81' lang='lat' dir='ltr'><strong>Esset</strong></span> <span class='ocrx_word' id='word_1_866' title='bbox 1936 5912 2068 5953; x_wconf 76' lang='lat' dir='ltr'><strong>vero</strong></span> 
     </span>
    </p>
   </div>
   <div class='ocr_carea' id='block_1_109' title="bbox 2178 4677 3755 4759">
    <p class='ocr_par' dir='ltr' id='par_1_109' title="bbox 2178 4677 3755 4759">
     <span class='ocr_line' id='line_1_109' title="bbox 2178 4677 3755 4759; baseline -0.002 -18"><span class='ocrx_word' id='word_1_867' title='bbox 2178 4683 2363 4759; x_wconf 85' lang='grc' dir='ltr'>ἧττον</span> <span class='ocrx_word' id='word_1_868' title='bbox 2388 4686 2548 4741; x_wconf 72' lang='grc' dir='ltr'>ἴδιόν</span> <span class='ocrx_word' id='word_1_869' title='bbox 2569 4687 2704 4742; x_wconf 87' lang='grc' dir='ltr'>ἐστι</span> <span class='ocrx_word' id='word_1_870' title='bbox 2735 4690 2833 4742; x_wconf 79' lang='grc' dir='ltr'><strong>καὶ</strong></span> <span class='ocrx_word' id='word_1_871' title='bbox 2861 4688 2969 4743; x_wconf 84' lang='grc' dir='ltr'><strong>τοῦ</strong></span> <span class='ocrx_word' id='word_1_872' title='bbox 3004 4689 3167 4754; x_wconf 80' lang='grc' dir='ltr'>Υἱοῦ,</span> <span class='ocrx_word' id='word_1_873' title='bbox 3192 4690 3309 4758; x_wconf 78' lang='grc' dir='ltr'>οὐχ</span> <span class='ocrx_word' id='word_1_874' title='bbox 3334 4689 3414 4754; x_wconf 85' lang='grc' dir='ltr'><strong>ὡς</strong></span> <span class='ocrx_word' id='word_1_875' title='bbox 3436 4689 3641 4758; x_wconf 81' lang='grc' dir='ltr'>ἕτερον</span> <span class='ocrx_word' id='word_1_876' title='bbox 3663 4677 3755 4735; x_wconf 78' lang='grc' dir='ltr'><strong>καὶ</strong></span> 
     </span>
    </p>
   </div>
   <div class='ocr_carea' id='block_1_110' title="bbox 2177 4774 3751 4857">
    <p class='ocr_par' dir='ltr' id='par_1_110' title="bbox 2177 4774 3751 4857">
     <span class='ocr_line' id='line_1_110' title="bbox 2177 4774 3751 4857; baseline -0.004 -19"><span class='ocrx_word' id='word_1_877' title='bbox 2177 4783 2413 4853; x_wconf 78' lang='grc' dir='ltr'>ἕτερον,</span> <span class='ocrx_word' id='word_1_878' title='bbox 2433 4784 2472 4854; x_wconf 83' lang='grc' dir='ltr'><em>ἢ</em></span> <span class='ocrx_word' id='word_1_879' title='bbox 2496 4784 2795 4855; x_wconf 81' lang='grc' dir='ltr'>μεριστῶς</span> <span class='ocrx_word' id='word_1_880' title='bbox 2824 4786 2894 4841; x_wconf 79' lang='grc' dir='ltr'>ἐν</span> <span class='ocrx_word' id='word_1_881' title='bbox 2918 4787 3179 4855; x_wconf 76' lang='grc' dir='ltr'>ἐκατέρῳ</span> <span class='ocrx_word' id='word_1_882' title='bbox 3205 4788 3546 4857; x_wconf 82' lang='grc' dir='ltr'>νοούμενόν</span> <span class='ocrx_word' id='word_1_883' title='bbox 3571 4799 3634 4838; x_wconf 86' lang='grc' dir='ltr'><strong>τε</strong></span> <span class='ocrx_word' id='word_1_884' title='bbox 3659 4774 3751 4833; x_wconf 80' lang='grc' dir='ltr'><strong>καὶ</strong></span> 
     </span>
    </p>
   </div>
   <div class='ocr_carea' id='block_1_111' title="bbox 2178 4868 3752 4949">
    <p class='ocr_par' dir='ltr' id='par_1_111' title="bbox 2178 4868 3752 4949">
     <span class='ocr_line' id='line_1_111' title="bbox 2178 4868 3752 4949; baseline 0.003 -15"><span class='ocrx_word' id='word_1_885' title='bbox 2178 4878 2478 4948; x_wconf 81' lang='grc' dir='ltr'>ὑπάρχον.</span> <span class='ocrx_word' id='word_1_886' title='bbox 2514 4878 2681 4933; x_wconf 74' lang='grc' dir='ltr'><strong>Ἀλλ’</strong></span> <span class='ocrx_word' id='word_1_887' title='bbox 2705 4880 2952 4949; x_wconf 81' lang='grc' dir='ltr'>ἐπείπερ</span> <span class='ocrx_word' id='word_1_888' title='bbox 2983 4880 3053 4934; x_wconf 81' lang='grc' dir='ltr'><strong>ἐκ</strong></span> <span class='ocrx_word' id='word_1_889' title='bbox 3084 4880 3321 4949; x_wconf 83' lang='grc' dir='ltr'>Πατρός</span> <span class='ocrx_word' id='word_1_890' title='bbox 3354 4883 3449 4936; x_wconf 85' lang='grc' dir='ltr'><strong>καὶ</strong></span> <span class='ocrx_word' id='word_1_891' title='bbox 3486 4882 3555 4935; x_wconf 85' lang='grc' dir='ltr'>ἐν</span> <span class='ocrx_word' id='word_1_892' title='bbox 3578 4868 3752 4939; x_wconf 66' lang='lat' dir='ltr'><strong>Harp1</strong></span> 
     </span>
    </p>
   </div>
   <div class='ocr_carea' id='block_1_112' title="bbox 2178 4968 3755 5043">
    <p class='ocr_par' dir='ltr' id='par_1_112' title="bbox 2178 4968 3755 5043">
     <span class='ocr_line' id='line_1_112' title="bbox 2178 4968 3755 5043; baseline 0.001 -16"><span class='ocrx_word' id='word_1_893' title='bbox 2178 4971 2331 5027; x_wconf 83' lang='grc' dir='ltr'>κατὰ</span> <span class='ocrx_word' id='word_1_894' title='bbox 2359 4973 2551 5040; x_wconf 74' lang='grc' dir='ltr'>φύσιν</span> <span class='ocrx_word' id='word_1_895' title='bbox 2577 4972 2754 5026; x_wconf 77' lang='grc' dir='ltr'>ἐστὶν</span> <span class='ocrx_word' id='word_1_896' title='bbox 2780 4975 2807 5026; x_wconf 92' lang='lat'><strong>6</strong></span> <span class='ocrx_word' id='word_1_897' title='bbox 2848 4974 3002 5041; x_wconf 73' lang='grc' dir='ltr'><strong>Υἱὸς,</strong></span> <span class='ocrx_word' id='word_1_898' title='bbox 3039 4974 3269 5043; x_wconf 84' lang='grc' dir='ltr'>καρπὸς</span> <span class='ocrx_word' id='word_1_899' title='bbox 3299 4973 3592 5043; x_wconf 78' lang='grc' dir='ltr'>ὑπάρχων</span> <span class='ocrx_word' id='word_1_900' title='bbox 3615 4968 3755 5029; x_wconf 73' lang='grc' dir='ltr'><strong>ἀλη’</strong></span> 
     </span>
    </p>
   </div>
   <div class='ocr_carea' id='block_1_113' title="bbox 2177 5060 3750 5136">
    <p class='ocr_par' dir='ltr' id='par_1_113' title="bbox 2177 5060 3750 5136">
     <span class='ocr_line' id='line_1_113' title="bbox 2177 5060 3750 5136; baseline -0.004 -8"><span class='ocrx_word' id='word_1_901' title='bbox 2177 5063 2345 5127; x_wconf 81' lang='grc' dir='ltr'>θινὸς</span> <span class='ocrx_word' id='word_1_902' title='bbox 2388 5063 2500 5130; x_wconf 79' lang='grc' dir='ltr'><strong>τῆς</strong></span> <span class='ocrx_word' id='word_1_903' title='bbox 2551 5065 2773 5129; x_wconf 85' lang='grc' dir='ltr'>οὐσίας</span> <span class='ocrx_word' id='word_1_904' title='bbox 2818 5067 3009 5121; x_wconf 84' lang='grc' dir='ltr'>αὐτοῦ</span> <span class='ocrx_word' id='word_1_905' title='bbox 3055 5069 3126 5123; x_wconf 87' lang='grc' dir='ltr'><strong>τὸ</strong></span> <span class='ocrx_word' id='word_1_906' title='bbox 3175 5066 3286 5122; x_wconf 83' lang='grc' dir='ltr'><strong>τοῦ</strong></span> <span class='ocrx_word' id='word_1_907' title='bbox 3336 5068 3567 5136; x_wconf 81' lang='grc' dir='ltr'>Πατρός</span> <span class='ocrx_word' id='word_1_908' title='bbox 3606 5060 3750 5115; x_wconf 74' lang='grc' dir='ltr'><strong>ιδιον</strong></span> 
     </span>
    </p>
   </div>
   <div class='ocr_carea' id='block_1_114' title="bbox 2178 5149 3751 5231">
    <p class='ocr_par' dir='ltr' id='par_1_114' title="bbox 2178 5149 3751 5231">
     <span class='ocr_line' id='line_1_114' title="bbox 2178 5149 3751 5231; baseline -0.003 -20"><span class='ocrx_word' id='word_1_909' title='bbox 2178 5157 2425 5231; x_wconf 82' lang='grc' dir='ltr'>Πνεῦμα</span> <span class='ocrx_word' id='word_1_910' title='bbox 2459 5158 2613 5211; x_wconf 79' lang='grc' dir='ltr'>κατὰ</span> <span class='ocrx_word' id='word_1_911' title='bbox 2644 5160 2838 5228; x_wconf 71' lang='grc' dir='ltr'>φύσιν</span> <span class='ocrx_word' id='word_1_912' title='bbox 2868 5160 3153 5230; x_wconf 79' lang='grc' dir='ltr'>ἐπάγεται</span> <span class='ocrx_word' id='word_1_913' title='bbox 3173 5200 3188 5223; x_wconf 88' lang='grc'><strong>,</strong></span> <span class='ocrx_word' id='word_1_914' title='bbox 3226 5162 3520 5231; x_wconf 79' lang='grc' dir='ltr'><strong>χεόμενον</strong></span> <span class='ocrx_word' id='word_1_915' title='bbox 3545 5155 3658 5229; x_wconf 89' lang='grc' dir='ltr'>μὲν</span> <span class='ocrx_word' id='word_1_916' title='bbox 3687 5149 3751 5202; x_wconf 72' lang='grc' dir='ltr'><strong><em>ἐκ</em></strong></span> 
     </span>
    </p>
   </div>
   <div class='ocr_carea' id='block_1_115' title="bbox 2175 5253 3748 5325">
    <p class='ocr_par' dir='ltr' id='par_1_115' title="bbox 2175 5253 3748 5325">
     <span class='ocr_line' id='line_1_115' title="bbox 2175 5253 3748 5325; baseline 0.005 -17"><span class='ocrx_word' id='word_1_917' title='bbox 2175 5254 2444 5321; x_wconf 85' lang='grc' dir='ltr'>Πατρός,</span> <span class='ocrx_word' id='word_1_918' title='bbox 2478 5253 2555 5307; x_wconf 81' lang='grc' dir='ltr'><strong>δι’</strong></span> <span class='ocrx_word' id='word_1_919' title='bbox 2580 5255 2769 5309; x_wconf 88' lang='grc' dir='ltr'>αὐτοῦ</span> <span class='ocrx_word' id='word_1_920' title='bbox 2805 5254 2875 5308; x_wconf 80' lang='grc' dir='ltr'>δὲ</span> <span class='ocrx_word' id='word_1_921' title='bbox 2911 5255 3018 5311; x_wconf 86' lang='grc' dir='ltr'><strong>τοῦ</strong></span> <span class='ocrx_word' id='word_1_922' title='bbox 3056 5255 3199 5311; x_wconf 80' lang='grc' dir='ltr'>Υίοῦ</span> <span class='ocrx_word' id='word_1_923' title='bbox 3238 5254 3313 5325; x_wconf 73' lang='grc' dir='ltr'><strong>τῇ</strong></span> <span class='ocrx_word' id='word_1_924' title='bbox 3351 5257 3545 5311; x_wconf 81' lang='grc' dir='ltr'>κτίσει</span> <span class='ocrx_word' id='word_1_925' title='bbox 3579 5259 3748 5320; x_wconf 80' lang='grc' dir='ltr'><strong>χοΡη’</strong></span> 
     </span>
    </p>
   </div>
   <div class='ocr_carea' id='block_1_116' title="bbox 2178 5342 3749 5417">
    <p class='ocr_par' dir='ltr' id='par_1_116' title="bbox 2178 5342 3749 5417">
     <span class='ocr_line' id='line_1_116' title="bbox 2178 5342 3749 5417; baseline 0.008 -19"><span class='ocrx_word' id='word_1_926' title='bbox 2178 5346 2496 5417; x_wconf 80' lang='grc' dir='ltr'>γούμενον,</span> <span class='ocrx_word' id='word_1_927' title='bbox 2524 5349 2597 5402; x_wconf 83' lang='grc' dir='ltr'>οὐ</span> <span class='ocrx_word' id='word_1_928' title='bbox 2627 5348 2779 5402; x_wconf 83' lang='grc' dir='ltr'><strong>κατὰ</strong></span> <span class='ocrx_word' id='word_1_929' title='bbox 2812 5365 2946 5402; x_wconf 87' lang='grc' dir='ltr'>τινα</span> <span class='ocrx_word' id='word_1_930' title='bbox 2975 5350 3205 5417; x_wconf 81' lang='grc' dir='ltr'>τρόπον</span> <span class='ocrx_word' id='word_1_931' title='bbox 3230 5348 3600 5410; x_wconf 77' lang='grc' dir='ltr'>διακονικὸν,</span> <span class='ocrx_word' id='word_1_932' title='bbox 3627 5342 3749 5409; x_wconf 67' lang='grc' dir='ltr'><strong>ἦτοι</strong></span> 
     </span>
    </p>
   </div>
   <div class='ocr_carea' id='block_1_117' title="bbox 2176 5427 3747 5513">
    <p class='ocr_par' dir='ltr' id='par_1_117' title="bbox 2176 5427 3747 5513">
     <span class='ocr_line' id='line_1_117' title="bbox 2176 5427 3747 5513; baseline -0.003 -19"><span class='ocrx_word' id='word_1_933' title='bbox 2176 5440 2286 5494; x_wconf 79' lang='grc' dir='ltr'><strong>τόν</strong></span> <span class='ocrx_word' id='word_1_934' title='bbox 2322 5440 2392 5493; x_wconf 86' lang='grc' dir='ltr'>ἐν</span> <span class='ocrx_word' id='word_1_935' title='bbox 2425 5441 2726 5511; x_wconf 79' lang='grc' dir='ltr'>ὑπουργία</span> <span class='ocrx_word' id='word_1_936' title='bbox 2748 5481 2762 5505; x_wconf 93' lang='grc'><strong>,</strong></span> <span class='ocrx_word' id='word_1_937' title='bbox 2802 5443 2945 5497; x_wconf 79' lang='grc' dir='ltr'><strong>ἀλλ’</strong></span> <span class='ocrx_word' id='word_1_938' title='bbox 2970 5442 3175 5510; x_wconf 84' lang='grc' dir='ltr'>ὥσπερ</span> <span class='ocrx_word' id='word_1_939' title='bbox 3212 5442 3371 5513; x_wconf 64' lang='grc' dir='ltr'>ἔφην</span> <span class='ocrx_word' id='word_1_940' title='bbox 3407 5441 3652 5513; x_wconf 85' lang='grc' dir='ltr'>ἀρτίως,</span> <span class='ocrx_word' id='word_1_941' title='bbox 3684 5427 3747 5490; x_wconf 78' lang='grc' dir='ltr'><strong>ἐξ</strong></span> 
     </span>
    </p>
   </div>
   <div class='ocr_carea' id='block_1_118' title="bbox 2175 5518 3745 5603">
    <p class='ocr_par' dir='ltr' id='par_1_118' title="bbox 2175 5518 3745 5603">
     <span class='ocr_line' id='line_1_118' title="bbox 2175 5518 3745 5603; baseline -0.002 -18"><span class='ocrx_word' id='word_1_942' title='bbox 2175 5531 2367 5600; x_wconf 81' lang='grc' dir='ltr'>αὐτῆς</span> <span class='ocrx_word' id='word_1_943' title='bbox 2396 5532 2516 5601; x_wconf 87' lang='grc' dir='ltr'>μὲν</span> <span class='ocrx_word' id='word_1_944' title='bbox 2547 5533 2902 5601; x_wconf 80' lang='grc' dir='ltr'>προκύπτον</span> <span class='ocrx_word' id='word_1_945' title='bbox 2934 5535 3047 5603; x_wconf 83' lang='grc' dir='ltr'><strong>τῆς</strong></span> <span class='ocrx_word' id='word_1_946' title='bbox 3078 5535 3298 5602; x_wconf 80' lang='grc' dir='ltr'>οὐσίας</span> <span class='ocrx_word' id='word_1_947' title='bbox 3333 5535 3441 5589; x_wconf 87' lang='grc' dir='ltr'><strong>τοῦ</strong></span> <span class='ocrx_word' id='word_1_948' title='bbox 3479 5528 3624 5588; x_wconf 84' lang='grc' dir='ltr'>Θεοῦ</span> <span class='ocrx_word' id='word_1_949' title='bbox 3658 5518 3745 5577; x_wconf 66' lang='grc' dir='ltr'><strong>καὶ</strong></span> 
     </span>
    </p>
   </div>
   <div class='ocr_carea' id='block_1_119' title="bbox 2176 5621 3745 5696">
    <p class='ocr_par' dir='ltr' id='par_1_119' title="bbox 2176 5621 3745 5696">
     <span class='ocr_line' id='line_1_119' title="bbox 2176 5621 3745 5696; baseline 0.006 -18"><span class='ocrx_word' id='word_1_950' title='bbox 2176 5625 2431 5693; x_wconf 78' lang='grc' dir='ltr'>Πατρός,</span> <span class='ocrx_word' id='word_1_951' title='bbox 2459 5627 2755 5696; x_wconf 80' lang='grc' dir='ltr'>χεόμενον</span> <span class='ocrx_word' id='word_1_952' title='bbox 2777 5625 2848 5679; x_wconf 81' lang='grc' dir='ltr'>δὲ</span> <span class='ocrx_word' id='word_1_953' title='bbox 2871 5626 3001 5694; x_wconf 86' lang='grc' dir='ltr'>τοῖς</span> <span class='ocrx_word' id='word_1_954' title='bbox 3025 5627 3195 5681; x_wconf 74' lang='grc' dir='ltr'>ἑλεῖν</span> <span class='ocrx_word' id='word_1_955' title='bbox 3221 5628 3419 5695; x_wconf 78' lang='grc' dir='ltr'>ἀξίοις</span> <span class='ocrx_word' id='word_1_956' title='bbox 3443 5626 3542 5682; x_wconf 82' lang='grc' dir='ltr'>διὰ</span> <span class='ocrx_word' id='word_1_957' title='bbox 3566 5621 3745 5687; x_wconf 67' lang='grc' dir='ltr'>Αόιυυ</span> 
     </span>
    </p>
   </div>
   <div class='ocr_carea' id='block_1_120' title="bbox 2176 5710 3747 5790">
    <p class='ocr_par' dir='ltr' id='par_1_120' title="bbox 2176 5710 3747 5790">
     <span class='ocr_line' id='line_1_120' title="bbox 2176 5710 3747 5790; baseline -0.003 -18"><span class='ocrx_word' id='word_1_958' title='bbox 2176 5717 2284 5772; x_wconf 73' lang='grc' dir='ltr'><strong>τοῦ</strong></span> <span class='ocrx_word' id='word_1_959' title='bbox 2310 5720 2665 5787; x_wconf 85' lang='grc' dir='ltr'>όμοουσίου,</span> <span class='ocrx_word' id='word_1_960' title='bbox 2690 5719 2788 5773; x_wconf 80' lang='grc' dir='ltr'><strong>καὶ</strong></span> <span class='ocrx_word' id='word_1_961' title='bbox 2814 5719 2884 5785; x_wconf 82' lang='grc' dir='ltr'><strong>ἐξ</strong></span> <span class='ocrx_word' id='word_1_962' title='bbox 2908 5721 3099 5775; x_wconf 83' lang='grc' dir='ltr'>αὑτοῦ</span> <span class='ocrx_word' id='word_1_963' title='bbox 3126 5722 3493 5790; x_wconf 78' lang='grc' dir='ltr'>πεφηνότος,</span> <span class='ocrx_word' id='word_1_964' title='bbox 3520 5714 3642 5773; x_wconf 78' lang='grc' dir='ltr'>κατ’</span> <span class='ocrx_word' id='word_1_965' title='bbox 3661 5710 3747 5763; x_wconf 76' lang='grc' dir='ltr'><strong>ἐκ·</strong></span> 
     </span>
    </p>
   </div>
   <div class='ocr_carea' id='block_1_121' title="bbox 2176 5796 3745 5880">
    <p class='ocr_par' dir='ltr' id='par_1_121' title="bbox 2176 5796 3745 5880">
     <span class='ocr_line' id='line_1_121' title="bbox 2176 5796 3745 5880; baseline -0.003 -15"><span class='ocrx_word' id='word_1_966' title='bbox 2176 5827 2370 5880; x_wconf 69' lang='grc' dir='ltr'>φασιν</span> <span class='ocrx_word' id='word_1_967' title='bbox 2394 5812 2685 5880; x_wconf 79' lang='grc' dir='ltr'>δηλονότι</span> <span class='ocrx_word' id='word_1_968' title='bbox 2719 5811 2835 5879; x_wconf 77' lang='grc' dir='ltr'>τὴν</span> <span class='ocrx_word' id='word_1_969' title='bbox 2866 5816 2953 5879; x_wconf 76' lang='grc' dir='ltr'>εις</span> <span class='ocrx_word' id='word_1_970' title='bbox 2984 5814 3050 5867; x_wconf 87' lang='grc' dir='ltr'><strong>τὸ</strong></span> <span class='ocrx_word' id='word_1_971' title='bbox 3081 5810 3237 5870; x_wconf 78' lang='grc' dir='ltr'>εἶναι</span> <span class='ocrx_word' id='word_1_972' title='bbox 3272 5814 3403 5871; x_wconf 83' lang='grc' dir='ltr'>καθ’</span> <span class='ocrx_word' id='word_1_973' title='bbox 3426 5809 3624 5871; x_wconf 79' lang='grc' dir='ltr'>ἑαυτὸ,</span> <span class='ocrx_word' id='word_1_974' title='bbox 3656 5796 3745 5854; x_wconf 72' lang='grc' dir='ltr'><strong>καὶ</strong></span> 
     </span>
    </p>
   </div>
   <div class='ocr_carea' id='block_1_122' title="bbox 2178 5899 3743 5979">
    <p class='ocr_par' dir='ltr' id='par_1_122' title="bbox 2178 5899 3743 5979">
     <span class='ocr_line' id='line_1_122' title="bbox 2178 5899 3743 5979; baseline 0.006 -23"><span class='ocrx_word' id='word_1_975' title='bbox 2178 5903 2247 5958; x_wconf 84' lang='grc' dir='ltr'>ἐν</span> <span class='ocrx_word' id='word_1_976' title='bbox 2276 5902 2435 5970; x_wconf 75' lang='grc' dir='ltr'>αὐτῷ</span> <span class='ocrx_word' id='word_1_977' title='bbox 2461 5902 2755 5974; x_wconf 75' lang='grc' dir='ltr'>μένοντος</span> <span class='ocrx_word' id='word_1_978' title='bbox 2792 5922 2851 5959; x_wconf 90' lang='grc' dir='ltr'><strong>τε</strong></span> <span class='ocrx_word' id='word_1_979' title='bbox 2883 5905 2981 5961; x_wconf 81' lang='grc' dir='ltr'><strong>καὶ</strong></span> <span class='ocrx_word' id='word_1_980' title='bbox 3012 5906 3191 5975; x_wconf 78' lang='grc' dir='ltr'>ὄντος</span> <span class='ocrx_word' id='word_1_981' title='bbox 3225 5908 3319 5965; x_wconf 80' lang='grc' dir='ltr'><strong>ἀεὶ</strong></span> <span class='ocrx_word' id='word_1_982' title='bbox 3352 5899 3655 5979; x_wconf 71' lang='grc' dir='ltr'>προσεχῶς</span> <span class='ocrx_word' id='word_1_983' title='bbox 3685 5904 3743 5945; x_wconf 79' lang='grc' dir='ltr'><strong>τε</strong></span> 
     </span>
    </p>
   </div>
  </div>
