4098 6406
355 386 460 448 7‘35

1291 380 1390 442 DE
1433 381 1962 444 PROCESSIONE
2005 385 2370 448 SPIRITUS
2408 387 2704 448 SANCTI.

3533 379 3638 444 786

345 507 468 571 ἅμα
527 503 625 555 καὶ
657 497 1130 568 μεμερισμένιυς.
1171 495 1338 567 Ὁρᾷς
1369 499 1586 567 πρῶτον
1619 499 1718 567 μὲν
1747 499 1822 563 ὡς
1853 499 1946 553 οῦ·

2060 502 2240 558 miuus
2270 503 2553 574 proprius,
2607 503 2719 556 imo
2750 515 2848 556 nec
2874 499 3156 570 proprius,
3190 498 3235 552 si
3288 513 3354 554 ex
3405 512 3472 552 eo
3529 513 3638 551 non

345 597 437 646 δὲν
467 586 635 663 ἦττον
669 589 801 641 ῐδιον
831 585 927 639 τοῦ
965 586 1096 638 Υἱοῦ
1129 583 1190 637 τὸ
1227 585 1455 653 Πνεῦμα
1490 586 1522 655 ἢ
1556 585 1650 639 τοῦ
1688 585 1940 654 Πατρός;

344 675 462 734 Ἦν
493 679 538 730 δ’
562 677 631 732 ἂν
658 673 824 749 ἦττον
857 674 1010 734 ἴδιον,
1031 673 1233 741 μᾶλλον
1264 674 1319 727 δὲ
1352 675 1472 727 οὐδὲ
1505 675 1667 740 ἴδιον,
1691 675 1765 746 μὴ
1797 675 1856 728 ὃν
1886 676 1944 741 ἐξ

346 772 544 825 αὐτοῦ.
581 771 642 822 Ei
683 768 791 837 γὰρ
832 767 966 821 ἴδιόν
1001 767 1117 818 ἐστι
1151 764 1246 818 τοῦ
1288 766 1419 818 Υἱοῦ
1455 766 1515 818 τὸ
1552 767 1611 818 ἐν
1646 766 1946 818 ὑποστάσει

351 865 610 934 Πνεῦμα,
649 863 786 932 ὅπερ
833 860 1119 929 ὁμολογεῖν
1164 861 1263 914 καὶ
1309 859 1581 932 Γραικοὺς
1629 859 1867 924 σύνοιδα,
1911 859 1944 929 ἢ

347 957 543 1028 φύσει,
574 955 606 1025 ἢ
639 956 955 1024 ὲπικτήτως
984 955 1134 1006 ἐστὶν
1165 953 1331 1007 αὑτοῦ
1364 953 1519 1007 ἴδιον.
1552 953 1713 1020 Λέγω
1740 953 1794 1005 δὲ
1828 955 1947 1006 ἐπι-

349 1055 575 1124 κτήτως
606 1055 667 1105 τὸ
701 1051 930 1122 ὕστερόν
960 1069 1068 1105 τινι
1103 1051 1416 1121 διδόμενον,
1453 1051 1546 1104 καὶ
1585 1049 1948 1120 ἰδιοποιούμε-

347 1165 475 1213 νον,
505 1146 600 1200 καὶ
624 1146 724 1198 οὐκ
752 1145 860 1198 ἀπὸ
886 1146 1197 1214 γεννήσεως
1224 1147 1288 1213 τῇ
1321 1144 1481 1212 φύσει
1509 1144 1628 1196 ἐνὸν
1651 1145 1716 1214 τῇ
1745 1141 1941 1207 αὑτοῦ,

348 1242 494 1308 ὅπερ
531 1239 651 1292 οὐδέ
688 1239 894 1307 κυρεως
932 1239 1088 1292 ῐδιον.
1131 1237 1292 1292 Ἀλλὰ
1324 1237 1481 1291 τοῦτο
1517 1237 1713 1300 ἀσεϐὲς
1748 1236 1946 1290 πολλα-

349 1329 454 1397 χοῦ
497 1329 764 1397 Κύριλλος
803 1327 1068 1394 δείκνυσι,
1114 1329 1211 1382 καὶ
1252 1328 1349 1398 οὐχ
1389 1321 1554 1400 ἧττον
1595 1330 1652 1381 ὲν
1691 1329 1756 1398 τῇ
1799 1329 1950 1397 εἰρη-

354 1424 498 1496 μένῃ
543 1426 845 1493 περικοπῇ.
883 1421 1104 1494 Ἐπειδὴ
1147 1423 1255 1492 γὰρ
1292 1425 1319 1476 ὁ
1358 1423 1481 1485 Υἱὸς
1518 1423 1632 1492 ἔχει
1670 1423 1846 1476 πάντα
1880 1423 1947 1474 τὰ

351 1516 454 1570 τοῦ
503 1517 738 1586 Πατρὸς,
783 1517 860 1577 ὡς
909 1515 1074 1584 φύσει
1121 1515 1273 1582 Υἱὸς,
1316 1516 1376 1569 τὸ
1417 1515 1510 1569 τοῦ
1557 1515 1774 1586 Πατρὶς
1816 1513 1948 1568 ῐδιον

357 1608 589 1676 Πνεῦμα
634 1607 777 1661 κατὰ
825 1609 992 1676 φύσιν
1039 1609 1328 1677 ἐπάγεται,
1377 1609 1478 1662 οὐκ
1521 1609 1783 1673 ἐπακτὸν,
1825 1607 1947 1660 οὐδὲ

353 1701 582 1766 ἔξωθεν.
616 1701 858 1754 Μανικδν
891 1702 1004 1772 γὰρ
1033 1702 1090 1753 τὸ
1125 1702 1268 1755 οῦτοι)
1293 1704 1536 1774 φρονεῖν,
1563 1702 1639 1764 ὡς
1673 1703 1732 1754 ὲν
1765 1701 1945 1763 ἄλλοις

355 1795 516 1866 φησι.
543 1793 707 1848 Φύσει
735 1793 792 1850 δὲ
820 1793 877 1848 ὃν
907 1795 1041 1849 ἴδιον
1066 1795 1127 1848 τὸ
1159 1795 1380 1865 Πνεῦμα
1408 1795 1502 1849 τοῦ
1532 1794 1684 1860 Υἱοῦ,
1714 1795 1788 1858 ὡς
1816 1797 1947 1848 ἑπα-

354 1860 594 1956 γογμένου
638 1887 798 1954 φύσει
838 1888 969 1940 αὐτὸ
1006 1889 1069 1940 ὲκ
1102 1887 1198 1940 τοῦ
1240 1860 1455 1958 Πατρδς
1490 1887 1606 1958 ἅμα
1640 1887 1718 1956 τῷ
1757 1889 1950 1954 γεννᾶο
1985 1860 2024 1914 Β

356 1978 514 2042 σθαι,
539 1977 752 2046 ἀνάγκη
780 1977 912 2048 παρ’
938 1977 1104 2030 αὐτοῦ
1132 1978 1279 2047 ἔχειν
1303 1978 1362 2030 τὸ
1392 1973 1550 2031 εἶναι.
1580 1978 1655 2030 Οὐ
1684 1976 1793 2046 γὰρ
1816 1976 1951 2029 διότι

354 2071 689 2139 ὁμοούσιον,
732 2069 822 2122 διὰ
857 2071 1018 2123 τοῦτο
1059 2069 1211 2124 ἴδιον.
1241 2065 1352 2123 Ἦν
1393 2069 1502 2139 γὰρ
1542 2067 1610 2122 ἂν
1649 2071 1744 2122 καὶ
1787 2070 1818 2138 ἡ
1856 2067 1952 2119 τοῦ

357 2165 496 2217 Υἱοῦ
527 2165 826 2226 ὑπόστασις
857 2164 988 2216 ἴδιόν
1019 2182 1070 2217 τι
1104 2165 1198 2216 τοῦ
1235 2162 1577 2232 Πνεύματος.
1615 2161 1758 2216 Ἀλλ’
1780 2160 1953 2221 οὐδεὶς

357 2255 482 2309 εἶπέ
515 2273 666 2321 ποτε,
695 2257 778 2309 ὅτι
805 2256 866 2308 τὸ
901 2257 1126 2325 Πνεῦμα
1158 2258 1222 2308 ἐκ
1249 2254 1344 2310 τοῦ
1379 2255 1595 2320 Πατρδς
1627 2253 1789 2322 φύσει
1821 2252 1956 2304 ἐπά-

358 2367 523 2418 γεται
557 2351 648 2402 τὸν
680 2351 878 2418 Λόγον,
914 2350 1024 2404 οὐδ’
1047 2351 1129 2402 ὅτι
1163 2349 1220 2402 ἐν
1252 2347 1758 2427 τῷκὲκπορεύεσϐαι
1793 2345 1954 2414 φύσει

359 2443 572 2497 δέδοται
603 2443 752 2513 αὐτῷ
782 2446 810 2495 ὁ
843 2442 971 2506 Υἱός
991 2457 1006 2471 ⁶
1039 2441 1150 2494 οὐδ’
1171 2442 1256 2494 ὅτι
1283 2439 1361 2510 τῷ
1390 2440 1538 2510 ἔχειν
1567 2439 1746 2492 πάντα
1769 2438 1838 2491 τὰ
1863 2436 1954 2490 τοῦ

362 2536 675 2606 προϐολέως
717 2537 779 2588 τὸ
819 2535 1046 2604 Πνεῦμα
1065 2574 1086 2606 ,ο
1125 2535 1319 2586 τούτου
1365 2534 1526 2603 χάριν
1570 2531 1682 2600 ἔχει
1729 2531 1824 2584 καὶ
1865 2531 1955 2582 τὸν

366 2630 500 2682 Υἱὸν
531 2629 607 2692 ὡς
643 2630 774 2684 ῐδιον
805 2627 993 2683 αὑτοῦ.
1031 2627 1360 2681 Τούναντίον
1395 2624 1595 2696 μενοῦν
1628 2625 1774 2677 ἆτιαν
1806 2619 1956 2682 οἶδας

363 2723 480 2784 ιτα-,ῖς
521 2724 697 2791 ἁγίοις
737 2720 1180 2790 Θεολογούμενον.
1219 2718 1372 2773 Διατί
1394 2735 1409 2784 ;
1447 2717 1595 2770 Διότι
1632 2717 1692 2772 τὸ
1734 2713 1958 2782 Πνεῦμα

367 2814 462 2868 καὶ
493 2818 557 2868 ὲκ
583 2813 678 2866 τοῦ
712 2812 842 2866 Υἱοῦ
874 2813 1096 2884 ᾔδεσαν,
1125 2811 1216 2864 τὸν
1242 2810 1298 2864 δὲ
1333 2810 1460 2864 Υἱὸν
1485 2812 1548 2862 ὲκ
1577 2807 1670 2862 τοῦ
1703 2807 1958 2873 Πνεῦμα-

366 2925 461 2971 τος
489 2907 589 2961 οὐκ
623 2906 840 2976 ᾔδεσαν.
873 2906 1011 2972 Φέρε
1038 2906 1169 2975 γὰρ,
1191 2904 1244 2956 εἴ
1268 2921 1353 2968 τις
1382 2888 1647 2967 εῑποι,·ὃτι
1679 2901 1736 2952 ὲν
1765 2899 1843 2968 τῷ
1873 2899 1960 2952 ὲκ-

369 2994 706 3066 πορεῦεσθαι
737 2995 797 3049 τὸ
832 2993 1059 3064 Πνεῦμα
1091 2997 1154 3046 ἐκ
1185 2994 1280 3048 τοῦ
1314 2993 1530 3063 Πατρδς
1564 2991 1726 3063 φύσει
1757 2992 1962 3057 ἐπαγε-

367 3106 458 3142 ται
491 3089 583 3140 τδν
621 3087 788 3149 Υιδν,
825 3087 919 3141 καὶ
957 3087 1040 3140 ὅτι
1076 3085 1208 3149 ῐδιος
1242 3085 1336 3138 τοῦ
1379 3083 1698 3153 Πνεὺμιτος
1735 3081 1762 3134 ὁ
1802 3079 1967 3143 Υἰὺςτ,

2046 603 2218 647 εεεει.
2254 593 2470 647 Etenim
2500 592 2544 646 si
2581 591 2845 658 Spiritus,
2873 589 2966 660 qui
3003 591 3058 644 in
3103 588 3384 658 hypostasi
3415 597 3520 651 est,
3559 597 3644 643 est.

2049 681 2302 751 proprius
2336 681 2483 743 Filii,
2550 680 2698 751 quod
2729 689 2783 735 et
2813 679 2956 749 apud
3005 677 3226 734 (ἔπειτοε
3288 679 3344 731 in
3386 678 3644 732 confesso

2049 789 2171 828 esse
2209 774 2398 828 nullus
2422 773 2634 837 dubito,
2661 785 2756 827 aut
2781 780 3001 837 natura,
3039 778 3136 824 aut
3169 768 3406 824 ascititie
3459 776 3546 822 est
3576 767 3642 822 il-

2046 869 2156 924 lius
2184 870 2475 941 proprius;
2525 867 2828 924 ascititium
2861 880 2994 919 vero
3029 864 3178 930 ilico,
3211 863 3358 934 quod
3395 870 3641 932 postmo-

2048 963 2179 1018 dum
2203 962 2481 1030 adjicitur,
2515 961 2810 1030 daturque,
2846 958 3288 1028 applicaturque,
3330 965 3385 1009 et
3419 971 3528 1009 non
3556 963 3643 1009 est

2049 1056 2382 1112 auativitate
2407 1063 2616 1110 uaturze
2643 1053 3147 1126 propriteiusitum.
3173 1053 3320 1123 quod
3364 1067 3464 1108 nec
3512 1053 3644 1106 stri-

2049 1159 2140 1202 cto
2171 1148 2332 1203 modo
2364 1146 2645 1218 proprium
2670 1154 2779 1202 est.
2814 1145 2920 1201 Sed
2944 1147 3048 1201 hoc
3068 1144 3406 1215 impietatem
3424 1159 3639 1213 sapere,

2050 1239 2306 1311 pluribus
2363 1239 2420 1292 in
2449 1238 2586 1293 locis
2640 1237 2884 1308 Cyrillus
2935 1236 3301 1300 demonstrat,
3360 1238 3642 1304 multoque

2050 1332 2224 1400 magis
2254 1332 2308 1385 in
2341 1331 2505 1386 allata
2547 1330 2831 1401 pericopc.
2886 1328 3026 1384 Cum
3071 1328 3221 1383 enim
3258 1325 3434 1382 Filius
3464 1327 3644 1398 possi—

2049 1423 2178 1478 deat
2201 1423 2385 1477 omnia
2413 1422 2609 1487 Patris,
2637 1431 2896 1492 tanquam
2931 1420 3026 1490 qui
3089 1419 3261 1475 Filius
3292 1427 3491 1474 natura
3535 1413 3658 1483 est,

2052 1516 2226 1571 Patris
2252 1517 2535 1586 proprium
2567 1515 2837 1582 Spiritum
2877 1513 3184 1570 secundum
3229 1523 3482 1570 naturam
3517 1528 3646 1568 cou-

2050 1609 2224 1668 ducit.
2258 1624 2365 1662 non
2393 1609 2696 1663 ascititium
2748 1623 2928 1679 neque
2953 1618 3276 1662 extraneum
3305 1622 3322 1674 ;
3371 1605 3648 1676 desipien-

2055 1702 2124 1757 tis
2157 1701 2307 1757 enim
2337 1712 2440 1762 est.
2485 1702 2558 1758 ita
2601 1703 2834 1766 sentire,
2907 1710 2966 1755 ut
3000 1701 3132 1756 alibi
3165 1699 3384 1756 scribit.
3439 1697 3646 1753 Natura

2053 1805 2236 1849 autem
2265 1809 2390 1849 cum
2419 1795 2489 1850 sit
2518 1796 2775 1866 proprius
2801 1793 3044 1864 Spiritus
3068 1793 3214 1858 Filii,
3249 1801 3510 1862 tanquam
3543 1790 3642 1860 qui

2057 1887 2208 1941 illum
2242 1902 2349 1941 una
2375 1901 2561 1942 secum
2591 1885 2818 1942 adducit
2848 1901 2914 1940 ex
2945 1887 3132 1951 Patre,
3171 1885 3292 1955 ipso
3324 1883 3638 1954 generatio-

2057 1979 2467 2042 nismomento,
2503 1993 2731 2032 necesse
2781 1988 2864 2031 est
2920 1985 2979 2032 ut
3007 1991 3072 2032 ex
3107 1992 3174 2031 eo
3241 1977 3440 2031 habeat
3491 1990 3640 2032 esse.

2057 2074 2247 2143 Neque
2271 2072 2420 2128 enim
2451 2072 2579 2142 quia
2605 2072 2854 2143 ejusdem
2893 2081 3104 2127 naturae
3133 2078 3241 2134 est,
3273 2070 3399 2125 ideo
3437 2077 3493 2124 et
3517 2083 3650 2138 pro-

2059 2168 2239 2236 prius:
2259 2175 2403 2220 esset
2423 2166 2568 2220 enim
2586 2176 2642 2220 et
2664 2165 2784 2221 Filii
2811 2167 3119 2237 hypestasis
3135 2165 3342 2236 aliquid
3366 2163 3645 2234 proprium

2060 2259 2318 2330 Spiritus.
2359 2259 2464 2315 Sed
2497 2275 2658 2315 nemo
2687 2276 2930 2330 unquam
2960 2259 3100 2314 dixit
3157 2259 3426 2326 Spiritum
3444 2273 3509 2312 ex
3540 2257 3643 2311 Pa—

2061 2360 2142 2406 tre
2167 2352 2442 2406 adducere
2480 2367 2585 2404 una
2617 2366 2803 2405 secum
2845 2350 3124 2414 Verbum;
3156 2364 3341 2417 neque
3364 2362 3490 2402 cum
3517 2360 3651 2416 pro-

2058 2445 2229 2507 cedit,
2259 2454 2456 2499 natura
2491 2443 2608 2497 dari
2640 2443 2741 2512 ipsi
2775 2442 2975 2496 Filium
3005 2458 3022 2507 ;
3061 2455 3240 2508 neque
3281 2437 3428 2510 quod
3482 2437 3650 2492 habet

2061 2540 2298 2612 Spiritus
2325 2537 2508 2592 omnia
2534 2535 2916 2606 producenlis,
2951 2534 3076 2588 ideo
3113 2533 3280 2587 habet
3310 2543 3366 2588 et
3413 2531 3648 2601 Filium,

2061 2640 2122 2686 ut
2165 2633 2246 2687 sui
2293 2631 2599 2700 proprium.
2641 2627 2747 2683 Sed
2808 2627 2940 2681 hinc
2998 2625 3278 2681 contraria
3329 2623 3514 2679 omnia
3566 2634 3654 2678 sat

2072 2734 2228 2780 tenes
2281 2722 2599 2778 aPatribus
2659 2719 2879 2774 tradita.
2939 2717 3327 2787 Quapropter?
3380 2715 3653 2782 Quoniam

2060 2819 2328 2889 Spiritum
2389 2825 2444 2870 et
2475 2832 2538 2870 ex
2567 2815 2710 2870 Filio
2741 2813 3013 2877 sciebant,
3048 2811 3246 2868 Filium
3270 2825 3402 2864 vero
3429 2825 3496 2864 ex
3523 2809 3650 2878 Spio

2060 2911 2168 2965 ritu
2202 2909 2356 2964 nulio
2387 2908 2573 2964 modo.
2611 2907 2802 2978 Agesis
2829 2905 3002 2972 enim,
3039 2904 3086 2960 si
3113 2906 3240 2975 quis
3267 2902 3493 2963 dixerit.
3519 2901 3652 2955 dum

2064 3003 2308 3074 Spiritus
2340 3016 2409 3056 ex
2439 3000 2600 3055 Patre
2636 2997 2921 3070 procedit,
2960 3007 3160 3052 natura
3219 3011 3325 3050 una
3357 2994 3521 3048 simul
3559 2991 3656 3046 ad.

2063 3093 2216 3148 ducit
2248 3092 2468 3157 Filium,
2525 3099 2582 3146 et
2617 3089 2860 3160 Spiritus
2913 3087 3112 3143 Filium
3150 3101 3274 3141 esse
3339 3083 3650 3156 proprium,
3721 3154 3728 3159 ἰ

369 3184 606 3254 ἀποδέξῃ
641 3182 703 3236 σὺ
733 3181 923 3236 τοῦτον
939 3197 956 3248 ;
986 3177 1102 3234 οἶδα
1133 3181 1216 3234 ὅτι
1244 3178 1538 3248 ὲξωθήσεις
1566 3175 1660 3228 τοῦ
1689 3173 1796 3228 τῶν
1825 3172 1957 3243 Χρι-

2067 3184 2480 3240 concederesne
2508 3192 2563 3238 tu
2600 3183 2651 3238 id
2679 3179 2948 3253 quidem?
2980 3181 3127 3235 Bene
3153 3177 3281 3233 novi
3307 3186 3382 3245 te,
3412 3192 3541 3233 eum
3583 3191 3652 3230 ex

371 3278 606 3330 στιανὼν
641 3275 989 3342 συστήματος
1011 3315 1025 3338 ,
1059 3272 1153 3325 καὶ
1187 3272 1403 3342 νοήσεις
1436 3269 1598 3331 εὐθὺς
1618 3308 1634 3333 ,
1665 3267 1741 3331 ὠς
1772 3267 1836 3320 εκ
1863 3267 1957 3318 τοῦ

369 3369 690 3438 Πνεύματος
715 3366 927 3432 δοξάζει
954 3366 1048 3420 τὸν
1075 3365 1205 3418 Υἰὸν
1229 3367 1256 3417 ὁ
1282 3361 1455 3416 τιῦῖα
1480 3361 1680 3430 λέγων.
1709 3359 1825 3412 Οὐκ
1851 3357 1960 3428 ἄρα
1987 3425 1992 3436 1

367 3460 458 3513 διὰ
500 3457 562 3511 τὸ
602 3455 890 3527 ὁμοούσιον
934 3456 1067 3510 ῐδιον
1107 3453 1201 3507 τοῦ
1250 3452 1380 3507 Υἱοῦ
1423 3452 1485 3506 τὸ
1530 3451 1777 3521 Πνεῦμα,
1823 3449 1963 3502 ἀλλὰ

366 3553 503 3605 διότι
532 3549 592 3614 ἐξ
620 3547 786 3602 αὑτοῦ
816 3548 1024 3618 πέφηνε
1057 3545 1178 3600 κατ’
1200 3543 1465 3615 ἔκφανσιν
1493 3545 1592 3613 τὴν
1620 3545 1699 3606 εἰς
1728 3543 1789 3595 τὸ
1816 3536 1960 3594 εἶναι

372 3646 494 3700 καθ’
520 3647 699 3711 ἑαυτὸ,
729 3643 974 3715 δηλονότι
1003 3644 1085 3706 εἰς
1115 3644 1176 3695 τὸ
1204 3645 1262 3696 ὲν
1294 3642 1432 3712 ἱδικῇ
1465 3640 1764 3694 ὑποστάσει
1793 3634 1960 3702 εἶναι,

375 3741 472 3795 καὶ
502 3740 638 3793 διότι
672 3739 806 3792 ἴδιον
827 3781 843 3804 ,
875 3737 962 3791 διὰ
991 3736 1151 3789 τοῦτο
1183 3735 1278 3788 καὶ
1310 3735 1624 3804 ὁμοούσιον.
1658 3735 1778 3787 Ὀτι
1814 3733 1872 3786 δὲ
1900 3732 1962 3786 τὸ

372 3835 505 3889 ἴδιον
535 3833 679 3887 οὕτω
709 3834 1048 3903 λαμϐάνεται
1073 3871 1088 3896 ,
1121 3832 1213 3883 καὶ
1242 3829 1402 3883 τοῦτο
1436 3828 1697 3894 δύναται,
1729 3829 1832 3897 ὅρα
1867 3845 1960 3881 σα-

368 3927 486 3994 φῶς
517 3924 787 3995 Κύριλλον
812 3922 1041 3990 λέγοντα
1070 3923 1128 3972 ἐν
1156 3920 1234 3989 τῷ
1263 3920 1401 3990 πρὸς
1433 3918 1734 3988 Νεπόριον
1775 3917 1920 3989 λόγῳ
1944 3934 1958 3948 ·

369 4022 606 4085 Ὠσπερ
650 4017 761 4086 γὰρ
811 4014 1154 4082 ἀνθρώπου,
1205 4013 1305 4067 καὶ
1350 4013 1480 4082 μὴν
1528 4011 1797 4066 ἑκάστου
1844 4011 1964 4064 τῶν

367 4111 589 4180 ἐτέρων
623 4109 780 4170 ζώων
815 4110 876 4161 τὸ
917 4107 986 4171 ἐξ
1023 4105 1214 4160 αὑτοῦ
1251 4105 1402 4159 κατὰ
1437 4105 1633 4174 φύσιν
1667 4103 1962 4173 γέννημα,

370 4205 566 4270 οὕτως
595 4203 751 4256 ἴδιον
773 4201 962 4256 αὐτοῦ
986 4199 1053 4254 τὸ
1080 4201 1149 4253 ἐκ
1174 4197 1286 4268 τῆς
1311 4198 1532 4264 οὐσίας
1561 4196 1750 4251 αὑτοῦ
1778 4195 1962 4251 νοοῖτ⁹

368 4296 450 4351 ἂν
477 4291 634 4350 εἶναι
664 4293 764 4348 καὶ
794 4293 1056 4363 λέγοιτο.
1094 4291 1340 4356 Ἀκούεις
1371 4292 1453 4345 ὅτι
1483 4291 1544 4344 τὸ
1576 4291 1708 4343 ἴδιον
1738 4290 1841 4355 οὐκ
1870 4291 1964 4343 ἐπὶ

367 4387 508 4442 Θεοῦ
541 4391 724 4459 μόνον,
755 4387 892 4442 ἀλλὰ
922 4387 1016 4440 καὶ
1047 4386 1135 4439 ἐπ’
1157 4384 1470 4452 ἀνθρώπων
1499 4386 1592 4438 καὶ
1619 4384 1731 4436 τῶν
1760 4383 1962 4454 ἑτέρων

369 4483 528 4548 ζώων
563 4483 784 4550 λέγεται
819 4480 881 4533 τὸ
922 4480 984 4532 ἐκ
1018 4496 1165 4542 τινος
1190 4493 1205 4545 ;
1227 4477 1392 4531 Ἀλλὰ
1413 4479 1509 4530 καὶ
1548 4475 1867 4539 Ἀθανάσιος
1906 4478 1962 4530 ὲν

2061 3280 2500 3336 Christianorum
2533 3288 2680 3335 cmtu
2720 3277 3102 3350 repulsurum.
3136 3275 3435 3344 statimque
3465 3271 3652 3327 animo

2063 3372 2363 3443 concipies,
2418 3373 2618 3427 similia
2667 3370 3017 3434 efferentem,
3065 3385 3132 3424 ex
3179 3367 3390 3439 Spiritu
3454 3365 3652 3422 Filium

2063 3481 2184 3520 esse
2205 3465 2440 3532 epiuari.
2472 3464 2591 3520 Non
2621 3465 2786 3535 igitur
2820 3474 3047 3535 propter
3089 3462 3339 3518 eamdem
3396 3469 3652 3516 naturam

2065 3558 2308 3629 Spiritus
2331 3566 2418 3612 est
2449 3557 2567 3612 Filii
2593 3556 2872 3627 proprius,
2909 3555 3002 3610 sed
3034 3553 3180 3625 quod
3208 3569 3274 3608 ex
3305 3570 3372 3609 eo
3399 3557 3656 3624 apparuit

2063 3648 2365 3704 secundum
2401 3649 2831 3719 apparitioucm,
2879 3662 2988 3718 qua
3019 3655 3077 3700 ut
3120 3648 3306 3715 seipse
3358 3646 3650 3709 subsistat,

2065 3741 2420 3807 conducitur,
2464 3743 2692 3814 propria
2716 3757 2916 3811 nempe
2947 3740 3226 3812 bypostasi
3277 3740 3569 3804 exsistere,
3597 3749 3655 3791 ct

2066 3835 2196 3905 quia
2233 3835 2513 3905 proprius,
2569 3835 2693 3890 ideo
2729 3842 2813 3889 est
2848 3841 2904 3890 et
2938 3833 3186 3904 ejusdem
3243 3842 3477 3887 naturae.
3519 3831 3655 3886 Pro-

2066 3928 2247 3998 prium
2275 3943 2405 3983 vero
2460 3928 2534 3982 ita
2559 3927 2728 3993 sumi,
2759 3935 2817 3981 et
2864 3925 2918 3980 id
2955 3926 3265 3988 insinuare,
3329 3925 3529 3979 discito
3583 3941 3651 3979 ex

2063 4021 2290 4093 Cyrillo,
2323 4020 2416 4091 qui
2448 4020 2693 4074 oratione
2717 4019 2784 4074 ad
2821 4019 3138 4074 Nestorium
3194 4018 3419 4073 scribit:
3452 4017 3655 4084 Quen.-

2075 4113 2364 4167 admodum
2414 4117 2555 4165 enim
2594 4111 2843 4175 hominis,
2907 4125 3000 4164 nec
3057 4125 3160 4162 non
3203 4117 3252 4162 et
3277 4106 3511 4161 aliorum
3544 4107 3657 4160 sin-

2067 4205 2317 4276 gulorum
2353 4205 2718 4258 animantium
2751 4203 2908 4270 fetus.
2943 4201 3034 4270 qui
3065 4217 3130 4255 ex
3161 4217 3220 4254 eo
3239 4208 3338 4266 est,
3367 4199 3657 4253 secundum

2069 4310 2348 4363 naturam,
2412 4300 2487 4352 sic
2517 4298 2792 4366 proprium
2829 4295 2976 4350 illius
3013 4295 3340 4365 intelligetur
3371 4310 3483 4348 esse
3517 4293 3658 4347 dice-

2069 4376 2283 4464 turque,
2320 4394 2460 4462 quod
2496 4407 2560 4445 ea:
2584 4392 2812 4445 essentia
2853 4391 2998 4445 illius
3030 4390 3148 4442 erit.
3180 4386 3494 4454 Audistine,
3525 4402 3658 4455 pro-

2069 4487 2249 4556 prium
2287 4501 2395 4539 non
2427 4485 2496 4539 de
2533 4485 2644 4540 Deo
2675 4483 2876 4548 solum,
2902 4481 2997 4537 sed
3028 4490 3083 4536 et
3109 4481 3177 4536 de
3211 4479 3553 4544 hominibus,
3600 4485 3656 4530 et

368 4576 448 4646 τῷ
473 4577 617 4629 κατὰ
647 4573 944 4644 Ἀρειανῶν
984 4574 1159 4642 λόγῳ,
1192 4569 1429 4639 Ἐπειδὴ
1454 4569 1565 4639 γὰρ
1588 4569 1780 4640 Λόγος
1804 4568 1958 4634 ἐστὶ,

2071 4577 2140 4632 de
2178 4577 2300 4631 aliis
2323 4575 2702 4632 animantibus
2735 4573 2867 4639 dici,
2899 4572 3048 4645 quod
3089 4589 3152 4627 ex
3180 4569 3365 4641 aliquo
3393 4568 3520 4625 est?
3545 4567 3654 4622 Sed

368 4669 578 4738 φησιν,
609 4667 763 4733 ἴδιος
794 4667 976 4735 φύσει
1006 4664 1118 4732 τῆς
1145 4665 1365 4728 οὐσίας
1393 4663 1499 4716 τοῦ
1531 4662 1682 4716 Θεοῦ
1704 4701 1719 4725 ,
1749 4659 1820 4726 ἐξ
1851 4662 1961 4714 αὑ-

369 4761 478 4814 τοῦ
505 4759 568 4814 τέ
590 4762 746 4824 ἐστι,
777 4759 877 4812 καὶ
901 4758 971 4812 ἐν
993 4757 1174 4821 αὐτῷ.
1211 4756 1342 4810 Ἰδοὺ
1370 4755 1531 4808 πάλιν
1553 4756 1617 4806 ὲκ
1640 4753 1830 4808 τούτου
1855 4753 1964 4807 δεί-

368 4870 563 4905 κνυται
595 4855 623 4904 ὁ
656 4853 782 4910 Υἱὸς
813 4847 957 4904 εἶναι
988 4852 1053 4903 ἐκ
1081 4849 1176 4902 τοῦ
1211 4848 1444 4919 Πατρὸς,
1473 4847 1555 4900 ὅτι
1583 4847 1758 4916 Λόγος
1788 4844 1958 4902 αὐτοῦ

370 4947 504 5009 ἴδιος
549 4945 820 4998 καλεῖται.
859 4945 920 4997 '0
959 4943 1018 4996 δὲ
1061 4943 1206 5005 θεῖος
1251 4939 1406 5003 αὖθις
1450 4939 1720 5010 Κύριλλος
1758 4940 1840 5001 εἰς
1879 4937 1962 5002 τδ,

370 5038 546 5106 Κάγὼ
573 5036 856 5106 ἐρωτήσω
886 5037 996 5089 τὸν
1027 5035 1292 5102 Πατέρα,
1324 5032 1450 5086 τάδε
1484 5032 1620 5101 φησι
1646 5047 1661 5062 ·
1701 5029 1825 5084 Τῶν
1852 5028 1962 5100 γὰρ

371 5125 522 5180 Θεοῦ
581 5125 682 5179 καὶ
736 5110 970 5194 Πιιτρὸς
1025 5122 1308 5192 φυσικῶν
1355 5121 1600 5191 ἀγαθῶν
1651 5121 1965 5175 οὺσιωδῶν

366 5219 664 5287 ὑπάρχων
695 5220 728 5271 ὀ
759 5218 888 5283 Υἱὸς
920 5218 1241 5282 κοινωνὸς,
1275 5215 1402 5285 ἔχει
1433 5215 1502 5267 τὸ
1538 5214 1784 5283 Πνεῦμα
1811 5213 1964 5268 κατά

370 5311 588 5366 τοῦτον
627 5311 735 5363 τὸν
773 5312 1023 5378 τρόπον,
1063 5309 1193 5363 καθ’
1221 5309 1405 5377 ὅνπερ
1439 5308 1515 5362 ἂν
1538 5307 1740 5362 νοοῖτο
1786 5309 1885 5362 καὶ
1930 5311 1964 5362 ὁ

372 5406 598 5473 Πατὴρ,
632 5407 746 5459 οὐκ
775 5405 1065 5467 ἐπακτὸν,
1098 5401 1245 5456 οὐδὲ
1273 5401 1500 5465 ἔξωθεν
1526 5416 1539 5431 ·
1575 5401 1794 5468 εὔηθες
1828 5399 1960 5469 γὰρ,

363 5496 610 5566 μᾶλλον
635 5494 704 5550 δὲ
725 5494 989 5566 μανικὸν
1013 5494 1079 5548 τὸ
1107 5495 1263 5548 οὕτω
1288 5492 1539 5563 φρονεῖν
1557 5509 1572 5522 ⁸
1597 5494 1740 5549 ἀλλ’
1759 5492 1964 5562 ὥσπερ

369 5591 469 5646 καὶ
528 5587 695 5658 ἡμῶν
738 5588 1002 5654 ἕκαστος
1047 5586 1114 5641 τὸ
1165 5586 1323 5640 ἴδιον
1366 5585 1436 5639 ἐν
1482 5585 1677 5652 ἐαυτῷ
1727 5585 1966 5655 πνεῦμα

370 5683 623 5751 συνέχει
647 5723 661 5747 ,
701 5681 802 5734 καὶ
837 5681 906 5734 ἐκ
941 5677 1060 5733 τῶν
1091 5680 1433 5734 ἐνδοτάτων
1465 5679 1844 5748 σπλάγχνων
1878 5681 1965 5746 εις

373 5779 438 5830 τὸ
476 5777 593 5838 ἔξω
637 5773 902 5846 προχέει.
940 5773 1109 5844 Ὀρᾷς
1153 5775 1250 5844 τὴν
1289 5771 1590 5842 ὁμοιιυσιν;
1640 5770 1810 5841 Πεέθῃ
1853 5774 1963 5834 τοῖς

375 5868 713 5941 εἰρημένοις.
744 5867 776 5938 ἢ
807 5867 889 5920 ἔτι
919 5867 1194 5939 χρῄζομεν
1224 5865 1556 5938 μαρτύρων,
1586 5863 1744 5917 Ἴδιον
1773 5864 1881 5934 ἄρα
1906 5866 1966 5917 τὸ

2065 4681 2122 4726 ει
2148 4671 2505 4735 Athanasius,
2537 4669 2802 4726 Oratione
2828 4676 3021 4724 contra
3053 4665 3324 4721 Arianos:
3354 4662 3487 4720 Cum
3515 4662 3656 4715 enim

2067 4763 2292 4818 Verbum
2316 4763 2409 4829 sit,
2437 4763 2537 4829 ait,
2564 4761 2842 4834 proprium
2901 4768 3097 4812 natura
3144 4756 3335 4811 divinw
3392 4756 3655 4818 essentia,

2064 4864 2143 4911 est
2194 4871 2258 4910 ea:
2305 4871 2364 4908 eo
2417 4863 2466 4908 et
2516 4854 2575 4907 in
2630 4851 2747 4906 illo.
2802 4851 2884 4904 En
2946 4859 3006 4904 ut
3035 4848 3218 4904 denuo
3243 4863 3310 4903 ex
3361 4847 3467 4901 hoc
3512 4861 3659 4917 quo-

2064 4966 2174 5021 que
2219 4948 2638 5004 coustabiliatur
2671 4988 2686 5012 ,
2740 4945 2936 5000 Filium
2973 4960 3039 4998 ex
3102 4941 3266 4997 Patre
3321 4957 3468 5001 esse.
3511 4939 3663 5012 quod

2065 5037 2310 5094 Verbum
2337 5037 2512 5107 ipsius
2545 5035 2832 5108 proprium
2879 5033 3176 5089 vocitatur.
3208 5033 3438 5088 Divinus
3469 5046 3664 5086 rursus

2065 5129 2306 5202 Cyrillus
2339 5132 2393 5184 in
2423 5131 2556 5184 illud
2587 5145 2606 5184 :
2645 5128 2709 5182 Et
2751 5145 2845 5199 ego
2877 5128 3073 5199 rogabo
3105 5125 3344 5188 Patrem,
3415 5124 3534 5178 haec
3561 5123 3662 5178 ad-

2066 5233 2256 5278 notat:
2289 5221 2436 5276 Nam
2483 5222 2578 5275 Dei
2625 5231 2674 5275 et
2731 5220 2912 5274 Patris
2944 5217 3280 5274 naturalium
3309 5216 3566 5270 bonorum
3613 5225 3662 5269 et

2067 5312 2427 5366 essentiulium
2451 5329 2571 5366 cum
2607 5311 2783 5366 Filius
2843 5313 3102 5381 particeps
3131 5311 3222 5371 sit,
3278 5309 3428 5363 habet
3481 5307 3663 5379 Spiri-

2068 5412 2181 5454 tum
2207 5418 2266 5456 eo
2290 5405 2462 5468 modo,
2499 5418 2602 5472 quo
2641 5402 2793 5455 illum
2815 5403 3003 5455 habere
3031 5411 3079 5454 et
3116 5399 3282 5453 Pater
3310 5397 3662 5469 intelligetur,

2070 5514 2174 5550 non
2205 5497 2496 5550 ascititium
2554 5510 2724 5564 neque
2757 5504 3096 5548 extraneum.
3139 5491 3334 5545 Stolidi
3369 5492 3510 5545 enim
3561 5501 3664 5557 est,

2068 5591 2176 5644 imo
2209 5589 2398 5659 furiosi
2441 5591 2515 5643 ita
2542 5591 2755 5642 sentire.
2807 5586 2912 5641 Sed
2955 5587 3120 5642 veluti
3167 5594 3408 5640 nostrum
3459 5587 3664 5659 singuli

2069 5680 2343 5751 proprium
2365 5682 2419 5734 in
2440 5681 2716 5750 semetipso
2745 5680 2995 5750 spiritum
3023 5681 3316 5739 continent,
3348 5687 3396 5731 et
3439 5695 3503 5733 ea:
3538 5680 3667 5734 inti-

2072 5776 2168 5829 mis
2192 5775 2472 5828 visceribus
2498 5773 2643 5842 [oras
2672 5773 2963 5843 effundunt.
2996 5755 3622 5827 Vidcu‘similitudinem
3643 5773 3669 5826 ?

2075 5867 2336 5924 Suadcris
2366 5867 2480 5939 jam
2515 5867 2714 5925 dictis?
2741 5868 2820 5923 Au
2851 5877 3115 5938 prxtcrca
3147 5869 3284 5924 alios
3341 5879 3509 5924 lcstcs
3567 5883 3666 5922 ex—
