4098 6464
442 395 548 457 787
1641 372 1965 469 CEOitGlI
2008 411 2524 477 numam-xm
3369 487 3374 493 ,
3622 429 3738 493 7.8

443 513 661 583 poscis?
693 513 954 586 Proxirius
978 517 1161 587 itaque
1197 520 1436 590 Spiritus
1468 524 1592 580 Filii
1624 536 1728 592 est,
1785 528 1933 597 quod
1965 545 2032 584 ex

2154 531 2364 599 πνεῦμα
2397 531 2489 585 τοῦ
2533 530 2698 597 Υὲοὖ,
2732 532 2810 586 ὅτι
2845 533 2906 597 ἐξ
2939 533 3104 587 αὐτνῦ
3127 579 3140 601 ,
3172 535 3248 601 ῶς
3283 535 3376 590 καὶ
3412 538 3544 609 παρ’
3570 542 3738 612 ἡμῶν

445 608 567 674 ipso
587 617 694 671 est,
717 607 882 663 veluti
911 618 965 663 et
987 610 1132 679 apud
1156 627 1253 667 nos
1277 616 1533 684 preprius
1556 617 1744 674 noster
1775 621 2026 690 spiritus.

443 701 580 753 Nam
605 700 648 753 si
676 715 829 754 exeo
857 716 964 755 non
994 710 1162 768 esset,
1207 720 1386 775 neque
1415 718 1562 764 esset
1600 712 1897 781 proprius;
1932 713 2030 768 sed

446 789 703 858 proprius
723 801 828 858 est,
853 808 985 863 ergo
1012 804 1067 848 et
1097 811 1161 849 ex
1195 797 1334 866 ipso,
1367 816 1476 854 non
1503 802 1734 868 donum,
1764 821 1873 860 non
1900 821 2032 878 ope-

447 881 608 948 ratio,
675 884 769 939 sed
798 899 865 940 ex
897 886 1096 942 Triade
1123 890 1579 962 unus.Apparuit
1609 897 1754 951 enim
1785 914 1851 953 ex
1885 900 2029 970 ipso,
2078 913 2090 920 ‘

442 988 506 1026 ea
539 975 884 1044 apparitione
913 978 980 1032 ad
1003 979 1380 1038 exsistentiam
1412 985 1635 1053 ductus,
1684 1006 1790 1058 qua
1842 1008 1938 1061 per
1971 1009 2032 1051 se

445 1064 796 1137 subsisteret,
857 1071 964 1126 hoc
1019 1085 1207 1130 autem
1261 1087 1348 1132 est
1398 1079 1724 1147 procedere.
1779 1081 2034 1139 Procedit

445 1157 616 1228 igitur
635 1169 692 1214 et
718 1177 788 1218 ex
821 1161 982 1228 Filio.
1022 1166 1138 1221 sive
1177 1183 1274 1238 per
1306 1169 1527 1235 Filium,
1560 1173 2030 1242 quemadmodum

446 1260 501 1306 et
557 1253 782 1310 divinus
834 1257 1112 1314 Maximus
1164 1263 1366 1327 tradit,
1411 1262 1557 1317 dum
1613 1266 1745 1335 quid
1804 1282 2031 1322 aureum

447 1345 845 1402 candelabrum
920 1352 1064 1419 apud
1146 1352 1468 1409 Zachariam
1533 1358 1858 1428 prophetam
1945 1363 2032 1416 in-

447 1437 590 1499 nuit.
619 1437 1047 1510 interpretatur:
1086 1445 1226 1500 Nam
1251 1446 1486 1516 Spiritus
1501 1459 1736 1514 structus,
1763 1455 1861 1519 ait,
1890 1455 2033 1509 velu-

449 1532 491 1584 ti
526 1543 724 1588 natura
749 1537 1038 1592 secundum
1064 1544 1350 1595 essentiam
1379 1552 1455 1597 est
1495 1544 1589 1598 Dei
1614 1556 1663 1600 et
1694 1545 1897 1611 Patris,
1951 1550 2031 1604 ita

451 1633 502 1676 et
531 1623 658 1680 Filii
684 1630 976 1684 secundum
1008 1636 1293 1688 essentiam
1343 1645 1438 1712 est,
1476 1640 1553 1689 uti
1579 1655 1609 1690 α
1645 1635 1807 1692 Patre
1859 1656 2034 1694 essen-

450 1717 656 1772 tialiter
703 1737 799 1790 per
847 1719 1051 1777 Filium
1110 1728 1348 1796 genitum
1394 1730 1748 1786 inenarrabili
1800 1736 2032 1802 quodam

450 1811 605 1866 modo
645 1815 955 1882 procedens.
1007 1817 1087 1871 En
1121 1835 1318 1874 rursus
1367 1822 1674 1876 secundum
1733 1824 2032 1879 essentiam

447 1919 569 1960 esse
624 1906 759 1962 Filii'
788 1906 1081 1978 Spiritum,
1148 1928 1214 1967 ex
1267 1928 1334 1969 eo
1388 1915 1690 1985 procedere
1747 1931 2034 1973 common-
2066 1933 2111 1989 Β

450 2009 682 2057 stratur.

525 2093 612 2148 ll.
648 2094 806 2160 Quod
832 2097 876 2150 si
907 2097 1078 2162 dicas,
1106 2100 1476 2155 essentialiter
1506 2101 1576 2157 ab
1604 2117 1673 2157 eo
1695 2103 1934 2169 dictum,
1977 2113 2040 2159 ut

449 2201 514 2240 ex
536 2189 774 2242 essentia
799 2190 950 2244 illum
980 2190 1101 2246 Filii
1128 2208 1248 2248 esse
1274 2193 1632 2263 signiﬁcaret,
1659 2197 1881 2252 tolleret
1904 2211 2039 2254 vero

450 2293 516 2331 ex
544 2279 846 2349 hypostasi,
873 2282 1020 2351 quod
1052 2298 1119 2337 ex
1146 2284 1354 2341 Graecis
1377 2287 1627 2342 nonnulli
1660 2288 2036 2358 susiﬁcantur,

451 2382 506 2428 et
532 2374 780 2430 eamdem
831 2376 959 2432 inde
989 2389 1243 2433 naturam
1281 2381 1462 2436 notari
1520 2383 1887 2444 contendunt,
1928 2398 2039 2437 non

451 2467 1002 2536 comprehendentes,
1027 2471 1069 2526 si
1096 2470 1199 2527 hoc
1217 2474 1638 2537 concederetur,
1662 2475 1881 2530 Patrem
1907 2491 2043 2546 quo-

451 2575 558 2628 que
587 2575 654 2614 ex
691 2563 936 2618 essentia
974 2563 1215 2634 Spiritus
1249 2582 1371 2622 esse
1431 2568 1519 2636 pie
1552 2566 1852 2623 admodum
1908 2569 2039 2634 diei,

454 2667 618 2720 quam
637 2669 827 2709 vocem
854 2670 1019 2710 nemo
1046 2654 1112 2710 ad
1139 2637 1285 2712 hunc
1307 2658 1454 2712 diem
1484 2658 1652 2712 misit.
1683 2657 1746 2712 Et
1766 2657 2039 2726 fraudem,

454 2761 576 2812 qua:
604 2745 660 2800 in
693 2746 841 2801 dicto
871 2748 1026 2810 latet,
1054 2749 1203 2803 facili
1239 2752 1464 2820 negotio
1494 2749 1898 2819 deprehendes.
1935 2752 2042 2805 Ab-

454 2833 782 2892 surdissime
815 2853 1055 2907 namque
1115 2839 1444 2910 loqueretur
1499 2841 1773 2910 sapientia
1812 2843 2044 2912 praecla-

455 2928 707 2984 rissimas
732 2928 1022 2995 Maximus,
1052 2932 1100 2987 si
1133 2949 1199 2987 ex
1233 2934 1428 2989 eodem
1463 2931 1607 2988 idem
1639 2946 2048 2990 commonstra-

453 3021 1057 3090 ret;quemadmodum
1117 3025 1161 3078 si
1214 3025 1340 3094 quis
1389 3025 1555 3079 vellet
1609 3027 1902 3082 ostendere
1959 3043 2046 3084 es-

456 3117 693 3171 sentiam
734 3133 858 3174 esse
931 3120 1236 3184 hominem,
1291 3119 1344 3175 id
1405 3119 1617 3176 diceret
1673 3136 1797 3178 esse
1849 3122 2044 3192 :quod

457 3211 696 3265 essentia
732 3211 898 3264 homo
930 3221 1035 3266 est.
1070 3211 1289 3266 Etenim
1344 3214 1390 3266 si
1418 3211 1567 3281 quod
1599 3212 1906 3268 secundum
1955 3227 2046 3268 es-

2134 624 2194 678 τὸ
2239 626 2370 679 ἴδιον
2414 626 2570 696 ὴμῶν
2615 625 2855 695 πνεῦμα.
2897 627 2957 679 Εἰ
2999 627 3110 698 γὰρ
3156 631 3231 700 μὴ
3275 631 3334 695 ἐξ
3379 631 3568 696 αὐτοῦ,
3605 635 3734 688 οὐδὲ

2139 716 2270 770 ἴδιον
2293 734 2305 747 ⁸
2339 718 2455 771 ἀλλ’
2479 719 2610 772 ἴδιον
2635 735 2650 751 ο
2685 718 2743 784 ἐξ
2775 719 2939 773 αὐτοῦ
2971 719 3100 790 ἄρα,
3134 723 3194 774 οὐ
3227 723 3411 794 χάρις,
3445 726 3549 778 οὐκ
3579 729 3736 798 ἐνέρ-

2136 829 2293 882 γεια,
2329 812 2446 866 ἀλλ’
2470 815 2497 866 ὁ
2527 814 2627 884 τῆς
2662 813 2892 883 Τριὰδο;
2929 809 3030 878 εἷς.
3069 818 3284 886 Πὲφηνε
3319 819 3429 890 γὰρ
3465 821 3523 886 ἐξ
3560 822 3734 875 αὐτοῦ

2136 905 2258 960 κατ’
2287 907 2552 975 ἕκςρανσιν
2582 909 2680 980 τὴν
2712 909 2786 971 εἰς
2823 908 2882 960 τὸ
2917 905 3058 962 εἶναι
3093 910 3216 964 καθ’
3243 913 3430 966 ἑαυτό.
3465 913 3640 968 Τοῦτο
3671 915 3736 969 δέ

2136 1002 2250 1054 ἐστι
2275 1001 2334 1053 τὸ
2361 1001 2778 1072 ἐκπορεύεσθαι.
2809 1001 3199 1073 Ἐκπορεύεται
3228 1005 3336 1076 ἄρα
3363 1008 3458 1058 καὶ
3485 1008 3545 1071 ἑξ
3571 1008 3734 1075 Υἱοῦ,

2136 1092 2256 1160 ἦτοι
2293 1093 2363 1146 δι’
2390 1093 2523 1146 Υἱοῦ
2545 1133 2559 1158 ,
2597 1093 2675 1157 ὡς
2715 1094 2810 1147 καὶ
2846 1095 2874 1147 ό
2909 1094 3054 1159 θεῖός
3087 1113 3220 1167 φησι
3255 1098 3509 1168 Μάξιμος
3554 1103 3612 1152 ἐν
3647 1095 3736 1165 οἷς

2137 1185 2456 1254 ἄρμηνεύει,
2482 1188 2534 1240 τί
2563 1186 2812 1256 βούλεται
2832 1187 2910 1260 τῷ
2941 1191 3191 1262 προφήτῃ
3217 1191 3464 1263 Ζαχαρία
3490 1193 3523 1262 ἡ
3549 1197 3732 1265 χρυσῆ

2136 1278 2346 1348 λυχνία.
2395 1281 2465 1334 Τὸ
2510 1283 2621 1351 γὰρ
2664 1282 2907 1352 Πνεῦμα
2946 1285 3010 1339 τὸ
3051 1285 3246 1354 ἅγιον,
3295 1288 3482 1358 φησὶν,
3521 1286 3738 1358 ὥσπερ

2135 1375 2320 1441 φύσει
2349 1375 2718 1429 κατόὺσιάν
2742 1377 3003 1447 ὑπάρχει
3026 1378 3135 1432 τοῦ
3165 1380 3314 1433 Θεοῦ
3343 1381 3440 1434 καὶ
3471 1382 3731 1448 Πατρές,

2137 1465 2290 1520 οὕτω
2325 1467 2424 1520 καὶ
2456 1466 2563 1521 τοῦ
2599 1468 2733 1522 Υιοῦ
2768 1473 2900 1524 κατ’
2925 1473 3151 1524 οὐσίαν
3180 1472 3374 1538 ἐστὶν,
3404 1471 3486 1538 ὡς
3516 1471 3585 1526 ἐκ
3619 1473 3734 1526 τοῦ

2137 1557 2369 1626 Πατρός
2419 1560 2727 1627 οὐσιωδῶς
2777 1562 2853 1616 δι’
2891 1564 3027 1618 Υὶοῦ
3081 1567 3480 1634 γεννηθέντος
3533 1567 3732 1635 ἀφρά-

2137 1667 2300 1717 στως
2345 1652 2846 1722 ἐκπορευόμενον.
2889 1657 3020 1710 Ἰδοὺ
3069 1658 3233 1711 πάλιν
3258 1658 3342 1711 τὸ
3384 1659 3508 1711 κατ’
3536 1661 3734 1712 οὖσῖαν

2139 1737 2280 1796 εἶναι
2329 1743 2459 1796 Υἰοῦ
2505 1746 2565 1798 τὸ
2613 1746 2837 1816 Πνεῦμα
2885 1748 2963 1817 τῷ
3008 1748 3080 1803 δι’
3109 1750 3276 1805 αὐτοῦ
3325 1751 3733 1824 ἐκπορεύεσθαι

2139 1835 2438 1889 δείκνυται.

2215 2109 2302 2156 ια’.
2360 2103 2420 2157 Εἰ
2466 2103 2520 2157 δὲ
2572 2105 2752 2176 λεγοις
2793 2107 2851 2158 τὸ
2900 2106 3174 2170 οὐσιωδῶς
3237 2108 3389 2179 αὐτῷ
3439 2107 3734 2182 εἰρῆσθαι,

2144 2193 2231 2247 ἵνα
2265 2195 2325 2247 τὸ
2357 2196 2456 2263 μὲν
2479 2197 2544 2249 ἐκ
2570 2199 2668 2266 τῆς
2705 2196 2896 2260 οὐσίας
2925 2197 3069 2252 εἶναι
3100 2199 3196 2253 τοῦ
3233 2200 3363 2254 Υἱοῦ
3394 2201 3635 2273 δηλώσῃ,
3669 2203 3760 2257 τὸν

2141 2286 2199 2340 δὲ
2229 2288 2294 2340 ὲκ
2322 2290 2421 2358 τῆς
2455 2289 2811 2354 ὑποστάσεως
2847 2292 3143 2363 ἀναιρήσῃ,
3179 2293 3206 2346 ὃ
3243 2311 3392 2356 τινες
3419 2294 3530 2346 τῶν
3564 2295 3739 2364 Γραι-

2143 2379 2259 2432 κῶν
2295 2379 2660 2450 ὑπειλήφασι,
2693 2383 2787 2434 καὶ
2821 2383 2884 2434 τὸ
2918 2383 3222 2451 duco-ﬁcto»
3253 2379 3506 2437 ἐντεῦθεν
3535 2384 3736 2454 δηλοῦ-

2147 2471 2270 2524 σθαι
2326 2469 2565 2538 θέλουσι,
2625 2472 2700 2542 μὴ
2750 2474 3087 2542 συνορῶντες
3119 2472 3196 2536 ὡς
3248 2473 3440 2527 τούτου
3481 2474 3736 2539 δοθέντος

2143 2567 2240 2618 καὶ
2269 2563 2298 2616 ὁ
2331 2566 2525 2635 Πατὴρ
2558 2567 2623 2618 ὲκ
2662 2567 2761 2637 τῆς
2809 2549 2999 2630 οὐσίας
3039 2566 3134 2620 τοῦ
3168 2566 3490 2636 Πνεύματος
3525 2566 3740 2634 ἐλέγετ’

2147 2657 2214 2710 ἂν
2253 2657 2515 2723 εὐσεϐῶς,
2549 2660 2687 2728 ὅπερ
2730 2658 2908 2713 οὐδενὶ
2943 2659 3214 2727 λέλεκται,
3252 2660 3436 2731 ῥᾴδιον
3470 2660 3602 2713 ἰδεῖν
3635 2658 3738 2730 τὴν

2146 2751 2518 2805 λανθάνουσαν
2543 2750 2622 2821 τῷ
2655 2751 2800 2822 λόγῳ
2845 2751 3087 2821 ἀπάτην.
3125 2753 3501 2816 Ἀτοπώτατος
3524 2751 3634 2822 γὰρ
3662 2747 3737 2824 ἦν

2147 2843 2176 2895 ὁ
2207 2844 2370 2912 σοφὸς
2403 2844 2470 2896 τὰ
2502 2842 2682 2896 πάντα
2733 2841 3011 2910 Μάξιμος.
3056 2844 3104 2895 εἰ
3151 2843 3212 2895 ὲκ
3246 2841 3342 2896 τοῦ
3376 2841 3546 2896 αὐτοῦ
3595 2841 3742 2895 ἐδει-

2148 2948 2277 2985 κνυε
2307 2933 2368 2984 τὸ
2397 2931 2530 2985 αὐτό
2552 2946 2566 2961 ⁶
2598 2930 2790 3001 ῶσπερ
2820 2931 2888 2984 ἂν
2916 2930 3080 2990 εἴτις
3105 2929 3304 2984 ἐθέλων
3341 2929 3513 2996 δεῖξαι
3544 2930 3742 2984 οὐσίαν

2149 3017 2291 3074 εἶναι
2317 3022 2408 3074 τὸν
2436 3021 2747 3092 ἄνθρωπον,
2775 3020 2924 3076 τοῦτ’
2955 3020 3146 3088 ἔλεγεν
3188 3016 3332 3074 εἶναι
3354 3039 3369 3053 ·
3404 3021 3540 3075 διότι
3573 3022 3742 3075 οὐσία

2150 3116 2179 3167 ὁ
2202 3111 2486 3184 ἄνθρωπός
2526 3117 2697 3170 ἐστιν.
2731 3113 2792 3167 Et
2815 3114 2925 3185 γὰρ
2957 3113 3082 3168 κατ’
3097 3114 3290 3167 οὐσίαν
3311 3109 3452 3168 εἶναι
3474 3111 3570 3167 τοῦ
3600 3114 3739 3167 Υἱοῦ

2151 3207 2212 3259 τὸ
2240 3204 2465 3276 Πνεῦμα
2515 3205 2705 3260 τούτου
2741 3204 2904 3278 χάριν
2936 3205 3208 3276 βούλεται,
3247 3206 3332 3260 ὅτι
3363 3205 3639 3269 οὐσιωδῶς
3679 3207 3745 3270 ἐξ

455 3301 694 3356 sentiam
719 3302 843 3358 Filii
878 3303 1118 3373 Spiritus
1171 3314 1274 3371 est,
1319 3305 1442 3360 ideo
1469 3305 1760 3361 contendit
1855 3321 2048 3361 essen-

2154 3299 2343 3363 αὐτοῦ,
2375 3301 2495 3369 ἦτοι
2523 3302 2621 3370 τῆς
2645 3302 2837 3363 οὐσίας
2879 3301 3072 3365 αὐτοῦ,
3119 3301 3194 3363 ὡς
3241 3302 3392 3356 δοκεί
3421 3306 3533 3365 τοῖς
3568 3301 3745 3371 Γραι-

459 3394 668 3450 tiaiiter
706 3411 828 3451 esse
854 3411 920 3451 ex
949 3412 1037 3458 eo.
1067 3395 1185 3452 sive
1217 3412 1282 3451 ex
1309 3398 1555 3452 essentia
1583 3397 1754 3463 illius,
1787 3405 1849 3451 ut
1875 3397 2049 3453 Graeci

458 3485 776 3557 opinantur,
804 3486 964 3558 plane
994 3488 1336 3543 deridiculus
1363 3496 1509 3544 esset
1559 3503 1764 3556 sermo,
1805 3487 1940 3542 nihil
1964 3502 2054 3542 os-

461 3581 694 3637 tendens
732 3581 979 3652 ejusdem
1021 3581 1274 3638 essentia:
1310 3581 1432 3637 Filii
1476 3580 1742 3653 Spiritum
1777 3580 1903 3636 ideo
1931 3594 2054 3635 esse

461 3675 674 3743 dicens,
703 3673 850 3746 quod
869 3675 1115 3745 ejusdem
1138 3675 1392 3730 essentite
1415 3673 1762 3730 est.Videsne
1785 3672 2048 3728 ridicula—

460 3775 572 3828 rias
599 3771 920 3828 Graecorum
957 3769 1492 3839 argumentationes,
1531 3781 1643 3837 quo
1680 3781 1801 3822 sese
1827 3774 1997 3836 agunt
2027 3764 2052 3816 ἲ

461 3866 765 3922 Considera
798 3873 1063 3934 praeterea
1087 3861 1453 3931 impietatem.
1487 3858 1769 3929 Quidquid
1825 3871 2056 3929 genera-

462 3973 571 4026 tur,
610 3959 969 4030 proceditque
999 3957 1053 4011 in
1075 3955 1472 4021 exsistentiam,
1502 3963 1599 4008 aut
1628 3961 1716 4008 est
1743 3968 1812 4006 ex
1885 3951 2055 4022 hypo-

464 4053 599 4110 stasi
631 4063 841 4108 tantum
867 4067 972 4122 qua
1011 4048 1321 4122 hypostasis
1340 4057 1446 4114 est,
1480 4055 1577 4100 aut
1629 4060 1695 4100 ex
1728 4045 1969 4101 essentia
1998 4053 2053 4100 et

465 4160 665 4205 natura
693 4157 927 4214 tantum,
988 4155 1047 4200 et
1086 4146 1296 4216 absque
1347 4141 1630 4214 hypostasi
1676 4139 2048 4208 considerata,

466 4252 562 4298 aut
598 4258 666 4299 ex
704 4251 938 4311 utraque
964 4253 1030 4294 ex
1062 4247 1258 4293 natura
1289 4235 1504 4291 scilicet
1536 4243 1634 4289 aut
1659 4233 1902 4289 essentia
1934 4247 2056 4302 qua;

468 4342 523 4395 in
558 4336 841 4407 hypostasi
867 4344 972 4402 est,
999 4343 1055 4390 et
1084 4333 1136 4387 in
1166 4331 1451 4403 hypostasi
1483 4328 1820 4398 concipitur.
1848 4326 2059 4382 Secun-

467 4435 596 4491 dum
621 4445 800 4502 neque
828 4428 1002 4485 Graeci
1029 4426 1132 4497 ipsi
1163 4423 1438 4489 dixerint;
1465 4436 1707 4491 namque
1727 4421 2051 4487 absurdum,

469 4534 529 4579 ut
553 4523 793 4588 videtur,
825 4519 1149 4575 existimant
1201 4515 1351 4585 quod
1399 4513 1527 4569 inde
1559 4513 1810 4582 sequitur
1856 4530 1870 4566 :
1903 4511 2056 4581 ejus-

469 4619 594 4673 dem
622 4615 895 4686 siquidem
917 4621 1125 4666 natura:
1155 4609 1398 4664 Trinitas
1419 4605 1882 4666 confunderetur.
1919 4604 2058 4658 adeo

473 4715 534 4759 ut
561 4718 627 4759 ex
661 4703 838 4758 tribus
871 4699 1328 4768 unumquodque,
1364 4705 1506 4751 etex
1536 4696 1721 4765 seipse
1749 4705 1805 4749 et
1833 4709 1902 4750 ex
1935 4693 2058 4749 aliis

471 4799 639 4857 esset,
669 4802 1070 4860 proptereaque
1117 4803 1184 4842 ex
1216 4788 1520 4859 hypostasi,
1578 4801 1688 4856 qua
1736 4786 2054 4858 hypostasis

471 4892 579 4950 est,
609 4883 931 4937 existimant
959 4896 1102 4948 esse,
1135 4888 1191 4933 et
1221 4879 1366 4948 quod
1398 4877 1668 4948 procedit,
1700 4889 1761 4934 et
1789 4878 1939 4947 quod
1967 4891 2060 4948 ge-

473 4985 722 5035 neratur.
752 4975 878 5031 Heu'
901 4975 1213 5031 vesaniam!
1243 4973 1459 5029 Etenim
1494 4973 1542 5029 si
1583 4971 1918 5042 hypostasis,
1952 4984 2062 5039 qua

475 5066 783 5139 hypostasis
811 5073 912 5133 est,
938 5071 1186 5135 generat,
1221 5073 1387 5133 atque
1421 5061 1698 5132 producit,
1735 5059 1843 5117 erit
1865 5074 1932 5113 ex
1962 5058 2064 5128 hy-

474 5160 680 5233 posmsi
713 5157 1028 5232 hypostasis
1053 5156 1356 5212 secundum
1392 5157 1564 5221 idem,
1602 5155 1792 5224 sicque
1825 5153 1940 5208 haec
1970 5167 2066 5206 na-

476 5267 616 5312 tura
647 5269 755 5309 non
779 5253 1005 5318 fuerint,
1043 5249 1140 5306 sed
1182 5251 1516 5322 hypostasis.
1555 5248 1713 5316 Quod
1741 5249 1787 5303 si
1818 5249 2066 5304 commu-

478 5364 578 5405 nes
605 5348 1047 5405 Christianorum
1071 5347 1397 5412 sententias,
1427 5354 1485 5400 et
1504 5343 1792 5398 doctorum
1817 5341 2065 5396 omnium

478 5442 625 5497 dicta
652 5453 798 5498 recte
847 5440 1194 5505 consideres,
1234 5451 1529 5507 rerumque
1561 5437 1734 5505 ipsam
1788 5445 2063 5499 naturam,

481 5534 629 5594 haud
664 5535 783 5592 ﬁeri
815 5551 976 5606 posse
997 5532 1300 5605 judicatur,
1341 5539 1402 5584 ut
1423 5529 1623 5598 cuique
1665 5536 1836 5598 patet.
1888 5525 2065 5592 Dices,

483 5643 551 5683 ex
581 5628 858 5700 hypostasi
922 5627 1100 5681 Patris
1129 5624 1329 5679 Filium
1379 5621 1655 5693 generari,
1681 5621 1853 5676 certis
1882 5619 2070 5675 verbis

488 5725 785 5792 reperitur.
817 5724 940 5794 Ipse
963 5737 1187 5793 quoque
1215 5719 1359 5774 addo
1383 5726 1438 5772 et
1474 5732 1541 5772 ex
1573 5725 1770 5772 natura
1806 5723 1863 5771 et
1890 5727 1956 5770 ex
1984 5728 2070 5769 es-

488 5816 664 5872 sentia
724 5832 888 5883 esse,
927 5825 982 5868 et
1044 5814 1370 5870 naturaliter
1409 5812 1538 5866 inde
1599 5808 1851 5882 generari
1897 5807 2072 5862 multo

491 5907 718 5965 uberius
746 5921 1002 5978 expresse
1026 5906 1284 5963 inveniri.
1313 5904 1470 5972 Quod
1493 5904 1540 5962 si
1572 5920 1639 5961 ex
1667 5901 1946 5977 hypostasi
1978 5913 2071 5956 na-

2160 3397 2300 3459 κοῖς,
2336 3395 2545 3464 γελοῖος
2567 3395 2631 3448 ἂν
2658 3391 2728 3465 ἦν
2753 3397 2780 3448 ό
2808 3395 2965 3463 λόγος
2985 3394 3139 3448 οὐδὲν
3163 3394 3448 3458 δεικνύων,
3479 3393 3617 3446 ἀλλὰ
3641 3392 3746 3463 τῆς

2157 3489 2326 3558 αὐτῆς
2361 3488 2548 3551 οὐσίας
2577 3485 2672 3541 τοῦ
2708 3485 2840 3540 Υῑοῢ
2887 3487 2947 3540 τὸ
2981 3487 3206 3557 Πνεῦμα
3236 3486 3429 3540 τούτου
3457 3485 3622 3541 ἕνεκα
3656 3486 3750 3540 λέ·-

2157 3594 2292 3648 γων,
2321 3579 2403 3632 ὅτι
2431 3581 2531 3647 τῆς
2565 3577 2738 3648 αὐτῆς
2781 3578 2992 3641 οὐσίας.
3042 3577 3271 3640 Βλέπεις
3299 3577 3398 3640 τὰς
3431 3576 3747 3645 γελοιώδεις

2157 3670 2268 3724 τῶν
2323 3670 2574 3740 Γραικῶν
2619 3670 3027 3741 ὲπενθυμήσεις
3078 3671 3173 3722 ποῖ
3206 3668 3503 3739 φέρονταις
3541 3666 3748 3721 Σκόπει

2158 3764 2254 3818 καὶ
2281 3764 2380 3832 τὴν
2399 3763 2682 3819 ἀσέϐειαν.
2711 3763 2785 3816 Τὸ
2808 3761 3154 3832 γεννώμενον
3182 3765 3292 3816 πᾶν
3322 3760 3419 3816 καὶ
3446 3757 3750 3828 ἐκπορευό-

2163 3871 2324 3925 μενον
2355 3855 2437 3918 εἰς
2469 3852 2725 3923 ὕπαρξιν,
2750 3851 2782 3922 ἢ
2813 3855 2876 3905 ὲκ
2901 3851 3000 3920 τῆς
3024 3851 3378 3912 ὑποστάσεως
3407 3848 3572 3919 μόνον
3593 3847 3744 3900 καθὰ

2161 3949 2484 4011 ὑπόστασις,
2517 3947 2550 4017 ἢ
2606 3947 2670 3999 ὲκ
2706 3944 2804 4014 τῆς
2839 3943 3029 4006 οὐσίας
3075 3941 3168 3996 καὶ
3217 3939 3457 4010 φύσεως,
3581 3937 3747 3991 τοῦτο

2167 4042 2327 4110 μόνον
2365 4040 2460 4093 καὶ
2495 4037 2594 4109 οὐχ
2631 4037 2956 4102 ὑπόστασις,
2986 4034 3018 4099 ἢ
3053 4032 3178 4087 κατ’
3208 4033 3521 4103 ἀμφότερον
3547 4031 3613 4084 ἐκ
3643 4029 3748 4098 τῆς

2165 4130 2537 4187 ὲνυποστάτου
2590 4131 2828 4200 φύσεως,
2863 4127 2986 4197 ἦτοι
3032 4125 3134 4194 τῆς
3170 4124 3230 4177 ἐν
3262 4122 3564 4177 ὑποστάσει
3613 4121 3751 4174 Θεω-

2165 4226 2439 4299 ρουμένης
2459 4223 2672 4288 οὐσίας,
2697 4219 2836 4275 ἀλλὰ
2859 4219 2920 4272 τὸ
2947 4218 3205 4289 δεύτερον
3232 4216 3356 4270 οὐδὲ
3398 4214 3628 4286 Γραικοὶ
3658 4214 3754 4268 λέ-

2161 4335 2374 4391 γουσιν.
2414 4317 2655 4371 ’Δτοτιον
2684 4315 2816 4385 γὰρ,
2855 4312 2936 4376 ὡς
2975 4311 3178 4376 ἔοικεν,
3221 4306 3517 4362 οἴονταιτὸ
3548 4306 3755 4376 ἑπόμε-

2163 4431 2278 4481 νον,
2299 4414 2384 4468 ὅτι
2425 4411 2526 4482 τῆς
2555 4410 2728 4481 αὐτῆς
2765 4409 2798 4480 ἡ
2847 4407 3020 4477 Τριὰς
3049 4400 3188 4459 οὐσα
3216 4404 3434 4472 φύσεως
3466 4400 3754 4471 συγχυθή-

2169 4523 2342 4574 σεται,
2372 4505 2516 4559 ῶστε
2546 4503 2658 4557 τῶν
2686 4499 2858 4572 τριῶν
2913 4498 3150 4551 ἕκαστον
3197 4497 3288 4550 καὶ
3318 4496 3376 4561 ἐξ
3423 4492 3622 4548 ἑαυτοῦ
3656 4492 3756 4546 καὶ

2165 4603 2230 4655 ὲκ
2262 4600 2372 4653 τῶν
2407 4597 2612 4651 λοιπῶν
2650 4594 2797 4664 ἔχειν
2824 4593 2886 4647 τὸ
2918 4587 3084 4656 εἶναι,
3121 4590 3218 4643 καὶ
3249 4589 3338 4643 διὰ
3372 4585 3533 4641 τοῦτο
3556 4587 3620 4638 ἐκ
3652 4585 3756 4653 τῆς

2164 4690 2540 4753 ὑποστάσεως,
2663 4687 2986 4750 ὑπόστασις,
3033 4680 3317 4753 νομίζουσι
3349 4680 3410 4733 τὸ
3454 4677 3760 4749 ἐκπορευό-

2167 4799 2327 4856 μενον
2373 4783 2468 4836 καὶ
2513 4781 2879 4849 γεννώμενον.
2922 4777 2987 4830 ’Ὠ
3042 4777 3141 4846 τῆς
3193 4772 3417 4836 ἀνοίαςῑ
3476 4772 3539 4824 Et
3576 4772 3680 4840 γὰρ
3720 4770 3756 4840 ή

2165 4878 2467 4936 ὑπόστασις
2498 4869 2665 4944 γεννᾷ
2691 4872 2786 4925 καὶ
2826 4868 3146 4942 προῦάλλει,
3239 4867 3564 4931 ὑπόστασις,
3600 4861 3759 4917 ἔσται

2167 4972 2230 5023 ἐκ
2261 4967 2359 5038 τῆς
2392 4966 2751 5028 ὑποστάσεως
2778 4965 3079 5021 ὑπόστασις
3115 4960 3238 5015 καθ’
3269 4960 3426 5022 αὐτὸ,
3455 4958 3550 5010 καὶ
3577 4956 3759 5018 οὑτως

2167 5063 2269 5117 οὐκ
2299 5061 2456 5114 ἔσται
2489 5059 2707 5128 φύσεως
2756 5055 2956 5116 ταῦτα,
3005 5053 3124 5107 ἀλλ’
3169 5053 3568 5112 ὑποστάσεως·
3617 5050 3762 5119 ὅπερ

2169 5157 2266 5211 καὶ
2301 5157 2425 5218 ταῖς
2460 5154 2670 5214 κοιναῖς
2710 5151 2816 5203 τῶν
2848 5147 3199 5218 Χριστιανῶν
3229 5145 3483 5206 ἐννοίαις,
3523 5147 3616 5196 καὶ
3643 5143 3762 5204 τοῖς

2168 5247 2515 5307 διδασκάλοις
2551 5243 2710 5305 πᾶσι,
2739 5240 2836 5293 καὶ
2867 5239 3006 5306 αὐτῇ
3037 5240 3104 5306 τῇ
3145 5233 3254 5288 τῶν
3283 5231 3630 5302 πραγμάτων
3656 5227 3764 5299 φύ-

2173 5354 2276 5403 σει⁹
2319 5337 2586 5394 ἀδύνατον
2617 5329 2759 5387 εἶναι
2793 5330 2958 5384 παντί
2992 5346 3094 5381 που
3126 5327 3315 5396 δῆλον.
3358 5322 3523 5376 Ἀλλὰ
3556 5321 3764 5392 φήσαις

2175 5435 2263 5497 ἂν,
2287 5434 2372 5486 ὅτι
2401 5434 2464 5484 ὲκ
2485 5429 2583 5499 τῆς
2606 5425 2960 5486 ὑποστάσεως
2989 5421 3086 5475 τοῦ
3111 5420 3326 5491 Πατρδς
3348 5415 3646 5486 γεννᾶσθαι
3671 5412 3767 5466 τὸν

2175 5527 2306 5580 rem
2341 5525 2522 5598 ῥητῶς
2555 5520 2808 5592 εὕρηται.
2850 5514 2992 5586 Ἐγὼ
3023 5516 3080 5570 δέ
3113 5531 3211 5574 σοι,
3241 5513 3408 5581 λέγω,
3447 5511 3529 5564 ὅτι
3559 5507 3656 5562 καὶ
3699 5507 3767 5559 ὲκ

2174 5622 2274 5691 τῆς
2305 5619 2522 5688 φύσεως
2554 5617 2648 5669 καὶ
2697 5612 2888 5674 οὐσίας
2918 5605 3084 5677 εἶναι,
3137 5609 3233 5662 καὶ
3262 5605 3506 5674 φυσικῶς
3555 5599 3766 5691 εκεξθεκδ

2177 5688 2495 5780 γεννᾶσθαι,
2534 5702 2717 5774 πολλῷ
2760 5700 2960 5773 μᾶλλον
2997 5696 3178 5769 ῥητῶς
3226 5693 3479 5764 εὓρηται.
3520 5690 3582 5744 Ei
3623 5688 3668 5742 δ’
3704 5689 3772 5780 εκ

2176 5778 2276 5871 τῆς
2313 5795 2669 5856 ὑποστάσεως
2717 5791 2934 5862 εἴρηται
2966 5785 3238 5857 φυσικῶς,
3299 5782 3522 5842 πάντως
3571 5781 3637 5832 ἐκ
3668 5778 3769 5845 τῆς

2179 5891 2549 5952 ἐννποστόιτου
2583 5886 2794 5951 οὐσίας.
2827 5882 2946 5947 Πῶς
2973 5881 3029 5936 δὲ
3062 5879 3152 5935 καὶ
3184 5878 3409 5948 νοήσαις
3439 5873 3767 5935 ὑπόστασιν,
