4098 6462
459 417 558 483 71

1654 427 1983 487 GEORGII
2027 426 2552 489 TRAPEZUNTII

3637 435 3759 499 792

465 553 563 605 pro
589 551 644 591 re
678 535 958 606 proposita
990 535 1336 591 declaretur:
1378 545 1490 592 tum
1519 539 1780 606 deinceps
1810 538 1856 593 si
1909 537 2040 608 quid

2158 539 2540 609 σαφηνιζέσοω
2562 555 2577 572 ·
2609 534 2729 594 εἶτα
2764 541 2859 594 καὶ
2889 543 2944 597 εί
2976 560 3028 596 τι
3056 543 3386 605 άντιπίπτον
3411 544 3469 599 ὲν
3495 545 3573 616 τῷ
3601 549 3759 602 am-

461 637 651 679 contra
693 627 936 681 occurrit
963 627 1106 681 dicto
1137 627 1454 699 diviCyrilli
1481 646 1643 699 supra
1677 631 1929 692 recitato,
1971 631 2050 684 uti

463 717 717 780 aldi-cet,
778 718 1066 774 refutetur.
1137 720 1242 774 Per
1307 722 1622 790 praposilio
1671 738 2053 792 sa-penumero

464 811 730 875 medium,
765 812 910 880 quod
951 812 1005 866 in
1055 811 1176 867 loco
1209 828 1316 877 est,
1340 815 1632 884 significat,
1665 816 1833 870 veluti
1863 817 1906 871 si
1930 818 2054 887 quis

461 903 670 957 diceret
700 919 714 956 :
747 901 848 956 Per
867 901 1160 974 Corcyram
1186 906 1237 960 in
1265 905 1501 961 insulam
1525 907 1738 963 Cretam
1761 909 2052 966 advectum

458 1010 616 1061 esse;
654 1011 798 1079 saepe
822 996 988 1050 etiam
1022 997 1468 1057 instrumentale.
1504 1002 1612 1057 Sed
1647 1003 1779 1072 quid
1806 1018 1946 1074 opus
1967 1013 2053 1059 est

457 1087 534 1141 illi
559 1087 760 1142 similia
794 1104 1084 1145 recensere
1133 1092 1228 1160 qui
1271 1093 1576 1148 naturalem
1625 1096 1943 1152 relationem
1970 1107 2053 1151 al-

458 1194 565 1248 que
599 1180 991 1235 mediationem
1015 1182 1311 1253 aliquando
1341 1200 1464 1239 eam
1492 1185 1834 1256 significare.
1868 1201 2054 1244 osten-

460 1273 593 1327 dere
621 1275 896 1328 conatur?
922 1278 1034 1345 Age
1068 1279 1254 1348 igitur,
1289 1294 1412 1333 cum
1449 1279 1721 1334 dicimus:
1763 1282 1841 1336 Ex
1870 1284 2051 1338 radice

461 1382 560 1436 per
607 1384 825 1422 ramum
854 1368 1090 1436 fructus,
1117 1386 1301 1426 annon
1333 1383 1526 1428 natura
1573 1375 1812 1430 fructum
1865 1393 1930 1433 ex
1967 1393 2054 1431 ra-

466 1475 556 1513 mo
588 1459 868 1515 dicimus?
911 1462 977 1516 Et
1023 1478 1262 1532 quonam
1301 1466 1411 1520 alio
1443 1481 1605 1522 sensu
1669 1469 2053 1540 intelligetur?

471 1551 610 1607 Tum
641 1553 828 1617 etiam,
856 1570 955 1625 per
975 1555 1188 1610 radium
1220 1574 1285 1610 ex
1317 1559 1433 1612 sole
1464 1558 1672 1625 lumen,
1699 1575 1885 1616 nonne
1915 1561 2049 1617 illud

465 1659 532 1698 ex
566 1644 721 1700 radio
741 1659 937 1704 natura
962 1664 1084 1704 esse
1101 1650 1376 1705 dicimus?
1397 1651 1502 1707 Sed
1525 1667 1632 1706 non
1660 1653 1767 1708 fuit
1787 1670 2046 1725 unquam,

465 1752 643 1807 neque
675 1739 782 1795 erit
811 1740 996 1795 radius
1018 1742 1137 1797 sine
1168 1743 1396 1798 lumine.
1429 1744 1584 1810 Quod
1611 1746 1657 1800 si
1683 1745 1799 1802 fieri
1836 1748 2046 1818 nequit,

465 1838 526 1885 ut
560 1831 750 1887 radius
781 1834 856 1886 sit
894 1834 1107 1904 absque
1131 1836 1364 1900 lumine,
1395 1852 1574 1906 neque
1601 1839 1708 1894 erit
1738 1840 1926 1896 lumen
1954 1858 2048 1912 so-

465 1925 581 1978 lare
603 1927 810 1996 absque
842 1927 1019 1993 radio,
1055 1929 1217 1983 sicuti
1246 1945 1346 1984 nec
1380 1929 1616 2000 Spiritus
1642 1933 1849 2004 absque
1886 1935 2045 2002 Filio,

467 2027 663 2073 natura
690 2019 856 2090 igitur
883 2032 939 2077 et
969 2038 1078 2076 non
1101 2024 1429 2095 adjectione,
1455 2037 1551 2080 aut
1579 2043 1717 2082 nova
1742 2029 2045 2086 additione.

468 2111 722 2166 Ascititia
761 2113 909 2167 enim
940 2115 1125 2168 omnia
1165 2126 1318 2181 sunt,
1353 2133 1474 2186 quae
1506 2133 1614 2173 non
1640 2129 1772 2174 sunt
1822 2130 2048 2177 natura-

469 2203 562 2257 lia.
597 2203 700 2258 Per
729 2198 941 2260 radium
971 2208 1182 2275 lumen,
1212 2220 1267 2263 et
1303 2211 1542 2280 Spiritus
1566 2228 1664 2282 per
1691 2213 1906 2269 Filium.
1945 2213 2051 2269 Per

467 2313 597 2366 ergo
637 2300 942 2354 naturalem
973 2302 1131 2356 nobis
1185 2303 1347 2360 infert
1406 2306 1753 2362 relationem.
1785 2307 2048 2374 Quaenam

466 2383 653 2446 autem
680 2393 771 2446 illa
810 2392 1001 2459 fuerit,
1045 2405 1197 2449 extra
1229 2412 1415 2462 unam,
1451 2414 1574 2468 qua:
1603 2384 1693 2454 ex
1743 2417 1908 2456 causa
1940 2410 2046 2469 est,

465 2483 673 2548 nullam
707 2484 871 2539 aliam
909 2485 1205 2542 inveneris.
1241 2489 1437 2544 Et'hoc
1456 2501 1619 2561 pacto
1648 2508 1715 2547 ex
1745 2493 1891 2548 Filio
1925 2492 2050 2565 Spi-

467 2575 633 2627 ritum
661 2579 963 2645 procedere
996 2579 1289 2634 manifesto
1317 2582 1570 2650 sequitur
1597 2592 1916 2638 sanctorum
1949 2585 2052 2640 do-

464 2677 679 2723 ctorum
713 2669 898 2725 dictis.
937 2670 1052 2727 lmo
1077 2673 1368 2728 manifesto
1403 2691 1729 2744 expressum
1761 2686 1867 2733 cst.

537 2761 622 2816 15.
650 2762 706 2817 Si
733 2765 858 2834 quis
885 2779 1051 2833 porro
1079 2774 1321 2835 apponat
1351 2765 1620 2823 Joannem
1649 2769 1842 2840 Syrum
1886 2770 1938 2826 id
1967 2771 2050 2827 in-

464 2855 861 2911 terdicentem:
902 2857 986 2910 Ex
1016 2856 1156 2912 Filio
1185 2861 1346 2924 enim,
1380 2861 1482 2924 ait,
1521 2860 1785 2932 Spiritum
1815 2879 1920 2917 non
1963 2864 2045 2917 di—

385 2965 394 2974 '
463 2951 674 3012 cimus;
708 2949 874 3005 addat
929 2951 1075 3019 quod
1110 2952 1294 3006 statim
1356 2953 1735 3023 subsequitur,
1789 2953 2048 3026 Spiritum

462 3057 589 3110 vero
641 3038 768 3094 Filii
799 3043 1156 3097 nominamus.
1211 3043 1280 3097 Et
1327 3053 1594 3113 praeterea
1657 3054 1744 3099 est
1793 3047 1846 3100 in
1886 3048 2048 3100 tertio

464 3130 684 3183 decimo
719 3131 931 3199 capite:
971 3129 1092 3200 Ipse
1114 3134 1255 3186 enim
1277 3144 1353 3187 est
1414 3133 1570 3187 Verbi
1604 3134 1847 3202 abyssus,
1897 3135 2050 3192 Verbi

2159 631 2250 683 οεν
2304 632 2570 702 γραφέντι
2633 631 2730 686 τοῦ
2793 633 2940 689 θείου
3001 637 3277 706 Κυρίλλου
3331 638 3484 693 δοκεῖ
3547 641 3753 711 ῥητῷ,

2158 725 2474 778 ὲκπιπτέτω
2533 726 2782 791 δικαίως.
2841 727 2905 782 Ἦ
2973 729 3073 784 διὰ
3131 731 3390 800 πρόθεσις
3462 734 3756 803 μεσιτείαν

2157 816 2420 881 πολλάκις
2447 816 2548 888 μὲν
2574 817 2675 890 τὴν
2705 820 2762 873 ὲν
2792 819 2943 891 τόπῳ
2974 822 3256 892 σημαίνει,
3289 823 3366 888 ὡς
3389 825 3444 878 ετ
3464 841 3550 891 τις
3573 826 3758 895 λέγει,

2155 907 2244 960 διὰ
2264 908 2365 978 τῆς
2397 910 2694 980 Κερκύρας
2719 911 3061 984 καταχθῆναι
3089 915 3171 977 είς
3199 917 3424 987 Κρήτην
3443 934 3459 950 ο
3484 919 3761 984 πολλάκις

2154 1001 2210 1054 δὲ
2240 1001 2337 1072 τὴν
2367 987 2690 1074 ὀργανικὴν.
2730 1005 2897 1059 Ἀλλὰ
2930 1007 2998 1060 -τί
3036 1007 3122 1060 δεῖ
3166 1008 3341 1062 ταῦτα
3381 1013 3759 1083 καταριθμεῖν

2155 1093 2327 1159 δεῖξαι
2363 1093 2694 1166 βουλόμενον
2749 1101 2850 1168 τὴν
2904 1100 3147 1169 φυσικὴν
3193 1101 3404 1171 σχέσιν,
3459 1105 3554 1158 καὶ
3591 1123 3762 1176 μεσι-

2155 1184 2304 1238 τείαν
2332 1185 2484 1238 ἔστιν
2522 1187 2613 1239 ὅτε
2660 1186 2964 1257 δηλοῦσαν;
3013 1190 3150 1258 ’Λγε
3185 1190 3270 1262 δὴ,
3299 1191 3430 1246 ὅταν
3474 1193 3756 1266 λέγωμεν·

2166 1275 2263 1330 Ἐκ
2294 1277 2396 1347 τῆς
2431 1276 2592 1350 ῥίζης
2620 1279 2708 1332 διὰ
2739 1279 2834 1333 τοῦ
2863 1280 3064 1335 κλάδου
3095 1282 3190 1335 τὸν
3225 1283 3462 1356 καρπὸν,
3491 1285 3552 1339 οὐ
3586 1286 3761 1356 φύσει

2153 1367 2248 1420 τὸν
2281 1369 2494 1438 καρπὸν
2517 1371 2580 1423 ὲκ
2612 1371 2707 1423 τοῦ
2747 1371 2940 1426 κλάδον
2965 1371 3201 1442 λέγομεν
3222 1391 3237 1440 ;
3260 1375 3336 1428 Ἢ
3360 1375 3479 1440 πῶς
3502 1378 3712 1446 ἑτέρως
3739 1395 3757 1444 ;

2154 1461 2420 1529 Λέγοντες
2449 1461 2504 1515 δὲ
2555 1463 2650 1516 καὶ
2696 1464 2785 1519 διὰ
2817 1464 2917 1535 τῆς
2963 1467 3182 1529 ἀκτῖνος
3231 1468 3296 1521 ἐκ
3350 1469 3448 1522 τοῦ
3501 1467 3655 1540 ἡλίου
3687 1471 3760 1524 τὸ

2155 1553 2292 1620 φῶς,
2317 1554 2418 1608 οὐκ
2457 1557 2518 1608 ὲκ
2555 1555 2652 1622 τῆς
2685 1557 2906 1618 ἀκτῖνος
2937 1558 3101 1626 φύσει
3133 1560 3266 1614 αὐτὸ
3297 1556 3440 1615 εἶναι
3468 1562 3708 1632 λέγομεν
3734 1580 3754 1626 ς

2167 1645 2307 1699 Ἀλλ’
2339 1647 2440 1700 οὐκ
2466 1643 2534 1718 ἦν
2558 1665 2711 1714 ποτε,
2744 1648 2870 1703 οὔτε
2900 1649 3062 1707 ἔσται
3092 1652 3251 1716 ἀκτὶς
3282 1653 3412 1708 άνευ
3444 1656 3647 1722 φωτός.
3680 1657 3754 1711 Ei

2151 1741 2199 1796 δ’
2223 1741 2489 1797 ἀδύνατον
2522 1743 2722 1798 ἀκτῖνα
2756 1745 2898 1800 εἶναι
2924 1747 3098 1819 χωρὶς
3127 1748 3332 1817 φωτὸς,
3377 1747 3503 1803 οὔτε
3542 1752 3656 1820 μὴν
3687 1751 3758 1804 τδ

2152 1833 2381 1902 ἡλιακὸν
2432 1835 2548 1903 φῶς
2599 1837 2696 1907 τῆς
2739 1838 2963 1909 ἀκτῖνος
3023 1841 3218 1910 χωρὶς,
3269 1842 3462 1914 ὥσπερ
3515 1842 3641 1895 οὐδὲ
3685 1845 3757 1896 τὸ

2153 1927 2380 1998 Πνεῦμα
2426 1930 2599 2000 χωρὶς
2647 1930 2742 1984 τοῦ
2788 1932 2953 1985 Υίοῦ·
3004 1933 3166 2002 φύσει
3199 1935 3309 2006 ἄρα
3360 1937 3457 1988 καὶ
3494 1937 3557 1990 ού
3593 1937 3752 1990 κατά

2156 2022 2416 2091 μετοχὴν,
2463 2021 2494 2092 ἦ
2532 2022 2793 2078 διάδοσιν.
2855 2024 3160 2095 Ἑπίκτητα
3214 2027 3322 2096 γὰρ
3375 2027 3557 2080 πάντα
3585 2029 3656 2079 τά
3682 2027 3751 2080 οὐ

2153 2111 2339 2181 φύσει.
2368 2113 2468 2167 Διὰ
2507 2114 2610 2184 τῆς
2642 2117 2861 2180 ἀκτῖνος
2901 2117 2962 2169 τὸ
2997 2115 3136 2184 φῶς,
3177 2119 3272 2171 καὶ⁵
3304 2117 3365 2171 τὸ
3405 2117 3631 2188 Πνεῦμα
3675 2117 3760 2172 δι’

2153 2204 2305 2261 Υίοῦ.
2347 2206 2413 2258 Ἡ
2454 2205 2553 2261 διὰ
2584 2207 2693 2274 ἄρα
2722 2208 2964 2278 φυσικὴν
2988 2210 3124 2279 ἡμῖν
3155 2211 3496 2264 ἐνδείκνυται
3529 2211 3748 2281 σχέσιν.

2152 2297 2250 2362 Τίς
2277 2296 2335 2351 δὲ
2365 2295 2509 2365 αῦτη
2534 2299 2680 2369 πλὴν
2714 2300 2814 2366 τῆς
2847 2301 2971 2354 κατ’
3003 2302 3210 2368 αἰτίαν,
3240 2302 3500 2357 ἀδύνατον
3538 2303 3752 2373 εὑρεῖν.

2153 2392 2264 2445 Καὶ
2294 2391 2468 2453 οὕτως
2501 2393 2566 2446 ἐκ
2599 2392 2690 2446 τοῦ
2725 2392 2858 2448 Υίοῦ
2887 2411 2970 2447 σοι
2999 2396 3061 2448 τὸ
3091 2395 3318 2466 Πνεῦμα
3342 2396 3755 2467 ἐκπορεύεσθαι

2153 2484 2344 2551 σαφῶς
2381 2484 2577 2539 ἕπεται
2615 2489 2727 2551 τοῖς
2759 2488 2926 2551 θείοις
2975 2488 3085 2543 τῶν
3130 2488 3472 2544 διδασκάλων
3526 2490 3747 2559 λόγοις,

2156 2579 2358 2647 μᾶλλον
2387 2580 2444 2632 δὲ
2485 2580 2673 2649 σαφῶς
2707 2581 2950 2654 εἴρηται.

2227 2767 2316 2828 ιγ’.
2353 2761 2411 2813 ΕΞ
2437 2761 2493 2814 δὲ
2526 2758 2718 2831 φαίης,
2752 2759 2912 2815 τοῦτο
2946 2761 3207 2832 Ἰωάννην
3233 2763 3608 2833 ἀπαγορεύειν
3652 2768 3758 2822 τιν

2153 2853 2356 2920 Σύρον·
2413 2853 2509 2907 Ἐκ
2559 2853 2665 2907 τοῦ
2707 2853 2846 2908 Υίοῦ
2882 2855 3015 2922 γὰρ,
3043 2855 3218 2924 φησὶ,
3271 2857 3340 2909 τὸ
3383 2856 3633 2927 Πνεῦμα
3673 2862 3755 2912 οὐ

2150 2944 2442 3014 ,λέγομεν
2482 2944 2619 3000 ἀλλά
2677 2945 2917 3017 πρόσθες
2945 2947 3006 3001 τδ
3044 2949 3192 3024 ἑξῆς,
3239 2932 3486 3021 Πνεῦμα
3515 2951 3585 3006 δὲ
3607 2953 3756 3009 Υῐοῦ

2151 3039 2662 3110 ὀνομάζομενεκαὶ
2713 3039 2777 3093 τὸ
2827 3043 2886 3094 ὲν
2938 3041 3018 3111 τῷ
3072 3044 3520 3116 τρισκαιδεκάτῳ
3575 3065 3758 3115 κεφα-

2150 3131 2542 3204 λαίῳ·Αῠτὸς
2569 3133 2690 3202 μὲν
2739 3133 2875 3187 ἐστι
2927 3136 3127 3204 Λόγου
3181 3135 3492 3202 ἄϐυσσος,
3544 3139 3756 3207 Λόγου

465 3225 691 3294 genitor,
725 3235 770 3278 et
806 3241 900 3292 per
929 3225 1148 3280 Verbum
1195 3229 1481 3298 productor
1531 3230 1712 3282 omnia
1766 3229 2049 3284 revelautia

2158 3229 2482 3299 γεννήτωρ,
2519 3227 2617 3283 καί
2660 3229 2757 3284 διὰ
2787 3230 2990 3298 Λόγου
3021 3231 3359 3299 προϐολεὺς
3392 3232 3757 3301 ἐκφαντορι-

467 3317 724 3385 Spiritus.
757 3318 825 3373 Et
855 3318 1054 3374 iterum
1081 3337 1094 3373 :
1128 3320 1357 3391 Spiritus
1405 3330 1618 3376 sanctus
1670 3322 1908 3376 revelatis
1936 3321 2048 3376 Pa-

467 3411 568 3465 tris
594 3411 822 3483 facultas
844 3428 908 3466 ex
953 3412 1115 3466 Patre
1136 3423 1212 3468 est
1242 3407 1337 3483 per
1391 3412 1591 3468 Filium
1650 3417 1954 3485 procedens.
1985 3417 2052 3471 Et

467 3505 534 3559 aJ
552 3504 1110 3580 Jordanemppistola
1133 3525 1146 3563 :
1183 3506 1288 3560 Per
1311 3506 1530 3574 Filium,
1558 3508 1762 3578 inquit,
1789 3508 2047 3581 Spiritus,

472 3617 575 3653 non
612 3616 677 3653 ea:
703 3600 861 3666 Filio,
898 3603 976 3655 uti
1023 3601 1255 3672 Spiritus
1281 3603 1388 3656 oris
1422 3602 1535 3659 Dei.
1570 3602 1854 3676 invenitur
1906 3620 2052 3674 quo-

469 3708 578 3760 que
604 3708 767 3747 uuam
790 3707 912 3748 esse
944 3693 1158 3748 Patrem
1185 3694 1306 3748 Filii
1338 3703 1395 3749 et
1423 3692 1664 3765 Spiritus
1707 3710 1954 3750 causam.
1992 3694 2049 3750 Si
2098 3735 2103 3741 -

470 3788 588 3843 hare
621 3789 808 3856 itaque
836 3789 1185 3858 produxeris,
1218 3799 1480 3845 accurate
1508 3787 1795 3844 considera
1823 3803 1921 3843 cos
1955 3787 2050 3858 qui

471 3881 693 3935 modum
729 3883 898 3952 magis
928 3883 1167 3936 Atticum
1201 3881 1461 3951 loquendi
1488 3881 1771 3946 aﬂ‘ectant,
1792 3873 2053 3950 praeposiJ

471 3976 676 4028 tioncm
709 3990 772 4026 ex
800 3982 851 4029 et
881 3989 1101 4028 causam
1165 3975 1468 4044 primariis.
1496 3991 1591 4045 per
1629 3973 1890 4029 secundis
1923 3988 2054 4027 cau-

471 4067 548 4120 sis
587 4066 930 4135 ascripsisse.
967 4067 1247 4136 Nusquam
1279 4067 1553 4137 siquidem
1589 4066 1874 4121 inveneris
1900 4063 2050 4135 apud

470 4175 566 4214 cos
593 4159 686 4230 qui
714 4170 916 4215 rectam
947 4161 1151 4216 Graeca:
1185 4162 1383 4233 linguae
1409 4162 1744 4217 locutionem
1774 4160 2052 4226 ambiunt,

472 4271 564 4324 per
623 4255 816 4325 primis
845 4255 1025 4309 causis
1085 4254 1437 4323 attributam,
1497 4269 1680 4326 neque
1731 4256 1899 4310 etiam
1967 4270 2052 4318 ex,

473 4345 577 4402 nisi
617 4346 764 4400 nude
819 4347 1110 4417 solumque
1145 4348 1386 4402 secunda
1439 4363 1603 4402 causa
1639 4347 2052 4417 pronuntietur,

473 4439 755 4494 secundis.
791 4437 928 4495 llinc
959 4456 987 4494 a
1019 4441 1244 4503 sanctis,
1268 4439 1363 4509 qui
1388 4439 1656 4494 formulas
1684 4440 1886 4510 lingua:
1906 4439 2056 4495 Grie-

471 4547 568 4598 ca),
601 4533 694 4587 sed
727 4533 1007 4602 probatas,
1057 4543 1346 4602 usurpant,
1384 4542 1440 4586 et
1501 4532 1738 4602 propriae
1785 4531 2050 4587 locutioni

2155 3317 2266 3372 κοῦ
2299 3319 2647 3388 Πνεύματος
2676 3337 2686 3351 ο
2720 3322 2813 3374 καὶ
2848 3320 3016 3374 πάλιν
3041 3338 3054 3351 ο
3095 3321 3167 3376 Τὸ
3204 3322 3450 3391 Πνεῦμα
3474 3324 3542 3377 τὸ
3573 3323 3758 3392 ἅγιον

2158 3411 2193 3478 ἠ
2241 3410 2648 3480 exspuit-optari;
2684 3412 2942 3481 δύναμις
2973 3413 3080 3466 τοῦ
3132 3413 3365 3480 Πατρός
3412 3413 3482 3468 ἐκ
3517 3416 3759 3483 Πατρός

2154 3504 2288 3559 ἐστι
2316 3503 2392 3558 δι’
2421 3503 2558 3559 Υιοῦ
2589 3505 3067 3575 ἐκπορευομένη.
3116 3505 3205 3558 Ἐν
3237 3506 3293 3558 δὲ
3327 3509 3390 3577 τῇ
3435 3507 3575 3578 πρὸς
3612 3509 3759 3578 Ἰορ-

2154 3598 2321 3666 δάνην
2380 3598 2667 3668 επιστολῆ,
2699 3600 2781 3653 Δι’
2824 3599 2984 3666 Υἱοῦ,
3033 3601 3194 3668 φησὶ,
3227 3599 3297 3654 τὸ
3333 3602 3599 3672 Πνεῦμα,
3637 3605 3757 3657 οὐκ

2155 3689 2225 3755 ἐξ
2255 3689 2412 3755 Υιοῦ,
2445 3689 2528 3754 ὡς
2565 3691 2806 3760 πνεῦμα
2848 3691 3151 3760 στόματος
3185 3691 3359 3746 Θεοῦ.
3413 3693 3661 3763 Εὕρηται
3695 3695 3757 3748 δὲ

2155 3783 2251 3835 καὶ
2283 3783 2415 3852 μίαν
2461 3775 2604 3835 εἷναι
2658 3781 2748 3836 τδν
2800 3782 3028 3853 Πατέρα
3079 3783 3214 3838 Υίοῦ
3269 3785 3365 3838 καὶ
3421 3785 3753 3856 Πνεύματος

2157 3875 2360 3930 αἰτίαν.
2395 3875 2460 3928 Ei
2505 3875 2638 3943 γοῦν
2669 3874 2846 3930 ταῦτα
2880 3877 3084 3941 λέγεις,
3118 3877 3312 3930 σκόπει
3359 3879 3625 3946 ἀ·ιρι6ὡς,
3668 3883 3760 3937 ὅτι

2154 3969 2206 4022 oi
2235 3967 2550 4039 βουλόμενοι
2585 3969 2982 4038 Ἀττικώτερον
3007 3970 3265 4039 γράφειν,
3294 3971 3394 4039 τὴν
3427 3971 3527 4042 μὲν
3555 3973 3624 4027 ἐκ
3653 3973 3757 4028 καὶ

2156 4062 2259 4129 τὴν
2286 4059 2470 4114 αἰτίαν
2531 4063 2646 4124 τοῖς
2702 4061 2947 4132 πρώτοις
2981 4063 3180 4126 αἰτίοις
3217 4063 3621 4131 ἀποδεδώκασι,
3655 4065 3764 4137 τὴν

2156 4155 2215 4208 δὲ
2257 4153 2355 4208 διὰ
2381 4156 2494 4218 τοῖς
2535 4154 2836 4226 δευτέροις.
2869 4156 2944 4210 Οὐ
2993 4157 3105 4228 γὰρ
3142 4155 3313 4229 εὕρῃς
3346 4157 3502 4226 παρὰ
3532 4161 3644 4222 τοῖς
3694 4160 3762 4215 εὖ

2170 4247 2508 4320 Ἐλληνίςειν
2539 4249 2757 4303 θέλουσι
2787 4248 2888 4319 τὴν
2916 4249 3016 4303 διὰ
3046 4251 3156 4315 τοῖς
3185 4251 3448 4320 πρώτοις,
3481 4248 3606 4304 οὔτε
3647 4252 3763 4323 μὴν

2156 4345 2256 4416 τὴν
2283 4345 2374 4414 ἐκ,
2405 4346 2455 4399 εί
2491 4345 2565 4416 μή
2602 4361 2708 4398 που
2741 4344 2887 4397 κατὰ
2926 4343 3098 4413 μόνας
3127 4342 3342 4412 λέγοιτο
3389 4342 3452 4397 τδ
3494 4344 3760 4416 δεύτερον

2158 4437 2357 4502 αἴτιον,
2381 4439 2498 4500 τοῖς
2527 4437 2803 4506 δευτέροις
2829 4434 3273 4504 ἀπονεμομὲνην,
3306 4434 3403 4488 καὶ
3426 4436 3620 4488 τούτου
3656 4435 3764 4505 χά-

2165 4548 2252 4601 ριν
2298 4529 2638 4601 Ἐλληνίζειν
2686 4530 2754 4598 τῇ
2806 4526 3023 4598 γλώττῃ
3066 4527 3163 4580 καὶ
3205 4526 3543 4596 κυριολεξεῖν
3573 4526 3764 4597 βουλο-

474 4627 721 4687 student,
754 4641 818 4679 ex
840 4626 980 4680 Filio
1010 4624 1254 4694 Spiritus
1285 4641 1395 4680 non
1454 4625 1682 4691 dicitur,
1717 4626 1810 4680 sed
1845 4641 1942 4696 per
1971 4624 2053 4679 Fi-

2165 4622 2350 4693 μένοις
2391 4621 2594 4690 ἁγίοις,
2625 4619 2685 4684 ἐξ
2713 4619 2846 4673 Υἱοῦ
2879 4620 2939 4673 τὸ
2971 4617 3200 4688 Πνεῦμα
3245 4620 3307 4673 οὐ
3343 4619 3586 4688 λέγεται,
3620 4621 3766 4675 ἀλλὰ

474 4719 634 4771 lium.
666 4716 856 4786 Neque
887 4717 1034 4771 enim
1058 4715 1266 4771 locutio
1295 4718 1388 4771 illa
1435 4715 1624 4772 Graeca
1667 4733 1805 4788 pura
1869 4716 2055 4778 fuerit,

475 4823 541 4861 ex
568 4808 749 4860 radice
775 4817 829 4861 et
852 4823 1005 4861 ramo
1043 4809 1279 4874 fruetus,
1315 4822 1374 4864 et
1402 4823 1469 4863 ex
1519 4811 1636 4865 sole
1669 4821 1723 4864 et
1768 4807 2062 4889 radio\lu-

478 4915 626 4964 men,
657 4899 750 4954 sed
793 4899 906 4964 illa,
937 4914 1001 4953 ex
1037 4901 1155 4954 sole
1183 4917 1282 4970 per
1324 4899 1567 4966 radium,
1602 4917 1709 4956 non
1755 4900 1904 4972 quod
1949 4916 2058 4954 non

477 4995 550 5047 sit
589 5009 656 5047 cx
717 4993 869 5046 radio
901 4993 1228 5048 naturaliter
1264 4995 1455 5048 lumen
1488 4997 1684 5059 solare,
1735 4994 1830 5049 sed
1885 4993 2056 5064 quod,

477 5103 602 5143 cum
641 5087 830 5142 radius
867 5087 1107 5142 secunda
1139 5101 1302 5141 causa
1361 5086 1452 5154 sit,
1512 5103 1623 5141 non
1659 5088 1922 5158 primario
1952 5086 2060 5141 sibi

476 5181 724 5236 vindicat
752 5195 1001 5242 causam.
1035 5179 1183 5234 utab
1209 5195 1271 5232 ea
1304 5179 1490 5232 lumen
1552 5178 1648 5233 sit.
1699 5177 1821 5233 Pari
1875 5178 2058 5244 modo,

476 5274 569 5344 qui
592 5289 659 5328 ex
686 5273 846 5328 Patre
877 5280 934 5327 et
954 5271 1094 5326 Filio
1124 5269 1260 5325 dicit
1285 5269 1578 5338 Spiritum,
1640 5285 1768 5323 vera
1800 5267 2060 5338 equidem

476 5365 634 5433 dicit,
674 5380 789 5420 rem
817 5375 999 5419 tamen
1033 5362 1299 5434 perfecte,
1328 5364 1403 5416 uti
1435 5373 1542 5427 est,
1595 5379 1705 5416 non
1757 5362 2061 5432 exprimit:

477 5460 647 5533 atqui
679 5476 778 5532 per
807 5458 1007 5514 Filium
1050 5457 1208 5523 dicit,
1267 5471 1433 5511 omne
1489 5457 1680 5510 vitavit
1729 5455 2060 5526 periculum,

477 5575 602 5610 eum
633 5573 728 5629 per
797 5555 885 5610 illa
913 5555 1208 5626 signiticet,
1240 5568 1349 5605 non
1376 5567 1502 5606 esse
1551 5551 1761 5620 absque
1791 5549 2064 5620 principio

479 5649 748 5719 Spiritum
779 5662 807 5701 a
839 5647 998 5702 Filio.
1024 5647 1108 5703 Ob
1162 5645 1276 5700 hac
1303 5644 1489 5713 itaque
1517 5643 1704 5697 omnia
1731 5642 1808 5696 uti
1835 5642 1888 5695 in
1917 5655 2067 5696 crea-

482 5745 644 5807 turis,
674 5744 748 5797 ita
791 5754 846 5797 et
875 5744 927 5798 in
958 5742 1167 5813 Spiritu
1197 5749 1386 5795 sancto
1413 5739 1598 5810 potius
1627 5755 1720 5802 per
1745 5737 2062 5792 Graacorum

482 5835 738 5890 doctores
761 5845 1121 5904 usurparunt.
1161 5834 1458 5902 Reperilur
1503 5831 1868 5888 nihilominus
1899 5837 1950 5883 ct
2002 5845 2065 5882 ac

486 5927 627 5982 l-‘ilio
679 5927 964 5995 attributa,
1014 5935 1070 5982 et
1108 5925 1458 5996 potissimum
1521 5925 1590 5982 ab
1642 5923 1951 5997 Epiphanio
2011 5923 2063 5978 in

2159 4713 2230 4766 δι’
2261 4711 2415 4765 Υίοῦ.
2451 4711 2527 4764 Οὐ
2553 4711 2663 4782 γὰρ
2707 4709 3045 4781 Ἐλληνίζειν
3085 4710 3277 4781 ἄκρως
3317 4710 3466 4764 δοκεῖ
3506 4712 3535 4764 ὁ
3563 4712 3630 4764 ὲκ
3659 4713 3765 4780 τῆς

2164 4805 2323 4874 ῥίζης
2363 4803 2458 4856 καὶ
2482 4801 2576 4855 τοῦ
2607 4802 2805 4856 κλάδου
2833 4803 3010 4871 λέγων
3039 4806 3131 4857 τὸν
3177 4803 3418 4876 καρπὸν,
3468 4803 3504 4874 ἢ
3554 4805 3617 4858 ἐκ
3663 4805 3762 4858 τοῦ

2164 4898 2317 4965 ἡλίου
2349 4896 2446 4951 καὶ
2487 4896 2589 4966 τῆς
2618 4898 2837 4959 ἀκτῖνος
2867 4898 2928 4950 τὸ
2957 4897 3097 4966 φῶς,
3133 4896 3251 4951 ἀλλ’
3286 4899 3315 4950 ὁ
3347 4897 3412 4950 ὲκ
3460 4897 3558 4952 τοῦ
3605 4898 3762 4968 ἡλίου

2163 4989 2253 5043 διά
2291 4991 2391 5056 τῆς
2423 4990 2666 5052 ἀκτῖνος,
2717 4989 2819 5060 οὐχ
2849 4989 2925 5053 ὡς
2959 4990 3035 5061 μὴ
3081 4989 3239 5051 ὄντος
3276 4990 3340 5043 ἐκ
3386 4990 3486 5060 τῆς
3537 4992 3763 5056 ἀκτῖνος

2165 5083 2326 5153 φύσει
2375 5083 2472 5136 τοῦ
2527 5083 2755 5153 ἡλιακοῦ
2801 5082 3002 5152 φωτὸς,
3044 5081 3164 5137 ἀλλ’
3211 5082 3296 5136 ὅτι
3331 5083 3588 5154 δεύτερον
3616 5082 3762 5136 οὖσα

2165 5177 2406 5246 αἴτιονή
2452 5177 2632 5241 ἀκτὶς,
2671 5176 2734 5228 οὐ
2790 5175 3301 5246 προκαταρκτικῶςη
3343 5172 3461 5244 ἔχει
3513 5173 3573 5227 τὸ
3627 5174 3760 5243 παρ’

2165 5270 2336 5337 αὐτῆς
2366 5264 2599 5328 εἶναι,τὸ
2634 5267 2773 5337 φῶς.
2808 5268 2932 5320 Ἔτι
2975 5269 3002 5320 ὁ
3035 5269 3098 5321 ὲκ
3138 5265 3354 5337 Πατρός
3379 5267 3474 5319 καὶ
3500 5264 3630 5320 Υίοῦ
3663 5267 3760 5319 λέ-

2167 5381 2279 5432 γων
2325 5360 2386 5414 τὸ
2430 5359 2657 5429 Πνεῦμα
2699 5359 2876 5440 ἀληθῆ
2911 5358 3011 5430 μὲν
3041 5359 3214 5428 λέγει,
3253 5359 3355 5413 οὐκ
3397 5359 3538 5430 ἔφθη
3579 5359 3635 5412 δὲ
3665 5376 3758 5412 τε-

2166 5453 2326 5517 λείως
2347 5453 2410 5506 τὸ
2443 5453 2552 5506 πᾶν
2577 5450 2789 5514 ἐκδούς.
2825 5451 2883 5502 ’0
2908 5450 2964 5502 δὲ
2981 5450 3069 5504 διὰ
3092 5450 3186 5504 τοῦ
3217 5450 3349 5504 Υίοῦ
3377 5451 3553 5520 λέγων
3580 5451 3762 5504 πάντα

2167 5549 2476 5616 ἐκπέφευγε
2526 5545 2772 5598 κίνδυνον
2831 5545 3212 5613 σημαινούσης
3247 5543 3345 5613 τῆς
3389 5543 3511 5606 διὰ,
3553 5542 3629 5608 ὡς
3658 5543 3762 5596 οὐκ

2168 5642 2422 5710 άνάρχως
2472 5638 2534 5692 τὸ
2583 5636 2811 5708 Πνεῦμα
2857 5639 3012 5708 παρὰ
3044 5635 3140 5690 τοῦ
3174 5636 3332 5693 Υίοῦ.
3381 5636 3604 5690 Τούτων
3660 5632 3760 5690 οῦν

2174 5737 2388 5788 πάντων
2422 5735 2582 5804 χάριν
2628 5733 2703 5794 ὡς
2746 5731 2841 5783 ἐπὶ
2902 5730 3013 5782 τῶν
3046 5730 3368 5798 κτισμάτων
3400 5731 3495 5783 καὶ
3537 5730 3631 5782 ἐπὶ
3663 5727 3759 5783 τοῦ

2175 5825 2486 5894 “nauium;
2520 5826 2584 5893 τῇ
2617 5821 2716 5876 διὰ
2758 5823 2960 5891 μᾶλλον
2999 5823 3300 5893 κέχρηνται
3345 5823 3395 5873 οἱ
3443 5819 3758 5876 δ.δάσκαλοι

2172 5921 2279 5976 τῶν
2319 5919 2591 5989 Γραικῶν.
2647 5916 2722 5971 Οὐ
2778 5916 2883 5988 μὴν
2946 5915 3062 5969 ἀλλ’
3098 5913 3327 5986 εὓρηται
3356 5915 3514 5985 καὶὴ
3563 5914 3631 5967 ἐκ
3678 5912 3782 5983 τῷ,
