4098 6416
282 395 389 456 7-93

1218 396 1314 454 DE
1357 395 1882 456 PROCESSIONE
1924 396 2283 457 SPIRITUS
2327 397 2621 458 SANCTI.

3440 402 3545 465 79’.

287 505 396 575 Υἱῷ
419 506 807 577 ἀποδιδομένη,
842 507 935 560 καὶ
964 507 1200 576 μάλιστα
1231 512 1381 579 παρά
1408 511 1485 580 τῷ
1528 511 1860 581 Ἐπιφανὶῳ.

1977 511 2282 582 Ancyroto:
2311 511 2394 564 Ex
2428 511 2590 565 Patre
2621 520 2670 564 et
2697 527 2761 565 ea:
2787 510 2943 577 Filio,
2996 511 3090 577 ait,
3155 509 3385 582 Spiritus
3423 533 3552 568 δαη-

294 601 398 654 Ἐκ
429 599 534 654 τοῦ
577 601 810 668 Πατρός
855 599 951 652 καὶ
1005 599 1072 652 ἐκ
1122 601 1228 654 τοῦ
1283 601 1442 665 Υἱοῦ,
1469 603 1658 671 φησιν,
1689 606 1748 656 ἐν
1785 601 1866 672 τῷ⁸

296 691 666 762 Ἀτ-κυρωτῷ,
699 694 766 748 τὸ
797 692 1040 761 Πνεῦμα
1078 693 1300 761 τρίτον.
1347 694 1460 764 Τὴν
1488 696 1672 764 μέντοι
1705 696 1866 762 παρὰ

286 785 720 854 ἱσοδυναμοῦσαν
743 788 807 855 τῇ
839 786 908 838 ἐκ
937 781 1086 850 οἶδας
1112 785 1326 850 πολλοῖς
1358 786 1412 839 λε
1425 786 1679 856 γομένην.
1709 788 1867 857 Παρά

284 878 504 948 Πατρὸς
537 877 647 946 γὰρ
683 878 778 932 καὶ
801 877 930 931 Υἱοῦ
965 879 1100 946 φασὶ
1132 879 1192 932 τὸ
1219 878 1446 948 Πνεῦμα
1469 880 1658 948 σχεδὸν
1687 879 1866 945 ἀπαξ-

282 971 548 1033 ἀπαντες,
580 973 674 1024 καὶ
703 970 772 1034 ἐξ
795 970 1022 1040 ἀμφοῖν
1054 967 1209 1025 εἶναι
1241 971 1509 1040 Κύριλλος
1542 973 1716 1039 λέγει.
1755 975 1866 1025 Καὶ

285 1061 378 1116 ἵνα
412 1065 490 1132 μή
523 1079 607 1125 τις
651 1064 1146 1134 προκαταρκτικῶς
1171 1058 1310 1116 εἶναι
1353 1065 1416 1117 ὲκ
1448 1063 1678 1117 τοῦΥίοῦ
1717 1064 1867 1133 νομί-

287 1170 381 1225 σῃ,
406 1155 814 1224 διασαφηνῐζων
837 1156 1052 1222 ἐπάγει,
1088 1153 1222 1224 ἦτοι
1249 1156 1316 1208 ἐκ
1351 1156 1584 1224 Πατρός
1601 1156 1676 1209 δι’
1708 1157 1866 1212 Υἱοῦ.

287 1246 519 1308 Βλέπεις
562 1246 638 1309 ὡς
683 1247 949 1300 πάντοθεν
992 1248 1054 1299 τὸ
1085 1247 1255 1301 πάλαι
1281 1249 1330 1299 οἰ
1370 1249 1480 1301 τῶν
1512 1248 1761 1319 Γραικῶν
1793 1249 1868 1302 δι-

285 1337 553 1389 δάσκαλοι
583 1338 682 1390 ούκ
715 1337 842 1391 ἄλλο
868 1339 1204 1408 ἐπρέσϐευον
1229 1341 1278 1392 εί
1305 1340 1379 1409 μὴ
1410 1341 1545 1410 ὅπερ
1582 1339 1674 1393 νῦν
1709 1343 1739 1413 ἡ
1767 1341 1869 1410 τῆς

299 1428 522 1498 Ῥώμης
566 1429 862 1499 Ἐκκλησία
887 1448 902 1495 ;
945 1431 1086 1485 Ἀλλ’
1109 1427 1227 1485 οῖδα
1253 1433 1334 1484 ὅτι
1363 1433 1742 1501 καταγελῶσιν
1773 1435 1871 1487 urbe

285 1522 386 1588 τῆς
422 1521 670 1590 Γραικοὶ,
718 1522 794 1583 ὡς
843 1521 1096 1592 δεύτερον
1139 1525 1312 1578 αἴτιον
1340 1524 1604 1596 λεγούσης
1651 1527 1744 1579 ἐπὶ
1771 1527 1871 1596 τῆς

287 1610 521 1679 Τριάδος
545 1651 559 1674 ,
613 1611 671 1663 ού
722 1610 972 1673 νοοῦντες
997 1611 1188 1665 τούτου
1223 1613 1407 1678 ἕνεκα,
1440 1614 1582 1667 οὕτω
1615 1615 1870 1683 λελέχθαι

284 1704 550 1766 τισὶτοῖς
594 1704 906 1773 ἡμετέροις,
937 1705 1020 1758 ὅτι
1053 1706 1113 1758 οὐ
1160 1706 1342 1776 ῥᾴδιον
1371 1707 1546 1769 ἄλλως
1577 1706 1769 1776 εη“ι.οῦν
1801 1707 1869 1759 τὰ

285 1797 534 1851 τοιαῦτα.
554 1796 677 1848 Ἐπὶ
705 1798 812 1866 γὰρ
847 1797 957 1851 τῶν
979 1795 1140 1850 θείων
1157 1797 1410 1867 δεύτερον
1427 1798 1595 1851 αἴτιον
1617 1799 1870 1864 λέγοντες

1980 611 2094 656 ctus
2135 605 2318 658 tertius
2341 614 2436 658 est.
2478 604 2636 671 Παρά
2659 619 2787 659 vexo
2816 604 2880 657 ab
2910 604 3104 658 iisdem
3132 614 3296 674 atque
3325 623 3388 659 ea:
3419 608 3555 660 viri-

1975 695 2076 748 bus
2100 695 2305 764 pollcre
2331 695 2473 764 apud
2495 697 2786 765 plerosque
2819 695 3113 765 repereris.
3142 697 3184 750 A
3214 696 3374 751 Patre
3399 700 3548 754 enim

1972 795 2028 839 et
2063 785 2200 839 Filio
2231 784 2496 854 Spiritum
2517 787 2632 840 fere
2655 801 2848 840 omnes
2867 787 3186 849 euuntiant,
3216 796 3274 841 et
3302 803 3365 840 ea:
3389 789 3551 841 utris-

1974 893 2074 946 que
2110 893 2218 931 esse
2255 877 2511 947 Cyrillus.
2549 878 2616 932 Et
2659 893 2726 931 ne
2754 877 2878 947 quis
2943 892 3010 932 ex
3047 876 3187 933 Filio
3237 888 3493 950 tanquam
3518 897 3548 935 ιι

1975 973 2239 1039 primario
2271 972 2545 1041 prine:pio
2595 971 2860 1042 Spiritum
2919 987 3040 1026 esse
3092 974 3390 1040 existimet,
3433 993 3546 1030 rem

1975 1059 2283 1119 declarans.
2327 1061 2622 1123 subnectit,
2676 1064 2785 1114 sive
2837 1076 2900 1113 ex
2959 1062 3118 1115 Patre
3184 1079 3278 1130 per
3323 1061 3549 1119 Filium.

1977 1152 2173 1206 Annon
2206 1153 2359 1206 vides
2395 1155 2761 1222 undequaque
2784 1151 3094 1208 Graecorum
3127 1155 3404 1222 doctores,
3445 1171 3550 1209 an-

1979 1241 2213 1310 tiquitus
2263 1258 2372 1295 non
2425 1256 2547 1295 esse
2596 1241 2875 1310 professos
2935 1241 3080 1295 aliud
3116 1282 3132 1306 ,
3181 1259 3345 1312 quam
3406 1246 3550 1314 quod

1975 1349 2122 1389 nunc
2160 1334 2400 1387 Romana
2429 1333 2672 1388 Ecclesia
2701 1332 3019 1402 proﬁtetur?
3064 1333 3554 1391 Verumenimvero

1976 1433 2320 1494 compertum
2351 1425 2484 1477 mihi
2521 1433 2627 1488 est,
2653 1441 2773 1479 eam
2829 1423 3048 1480 Graecos
3097 1425 3373 1491 deridere,
3409 1443 3473 1482 ac
3505 1429 3552 1481 si

1975 1517 2274 1571 secundam
2336 1533 2556 1572 causam
2597 1518 2652 1571 in
2687 1518 2960 1572 Trinitate
2995 1519 3393 1586 introduceret,
3442 1535 3552 1574 non

1977 1609 2364 1677 intelligentes,
2390 1608 2514 1664 ideo
2544 1608 2624 1662 sic
2641 1608 2846 1663 dictum
2871 1625 2902 1664 a
2929 1610 3206 1664 nonnullis
3224 1627 3289 1664 ex
3323 1612 3548 1676 nostris,

1977 1699 2123 1769 quod
2165 1714 2275 1753 non
2317 1698 2390 1752 ila
2421 1699 2579 1753 facile
2619 1699 2690 1754 sit
2718 1699 2829 1753 alio
2878 1699 3044 1778 mpdo
3076 1699 3276 1755 similia
3311 1701 3553 1769 exlilica-

1978 1806 2060 1845 re.
2093 1791 2150 1845 In
2181 1791 2346 1846 rebus
2367 1789 2514 1845 enim
2542 1790 2744 1844 divinis
2775 1791 3071 1844 secundam
3096 1807 3315 1847 causam
3351 1792 3550 1848 Filium

284 1891 380 1941 τὸν
428 1889 577 1953 Υίὸν,
611 1887 700 1940 ἵνα
728 1888 827 1957 τὴν
864 1888 1096 1957 δύναμιν
1133 1890 1232 1958 τῆς
1269 1866 1366 1943 διὰ
1403 1892 1866 1959 παραστήσωμεν,

1977 1891 2306 1939 asserentes,
2337 1889 2395 1932 ut
2437 1877 2544 1931 vim
2575 1895 2670 1947 per
2697 1880 3102 1949 praepositionis
3132 1883 3546 1950 exhiberemus,

283 1981 388 2033 οὐκ
427 1981 882 2049 ἀποτετμημένον
914 1980 1144 2050 νοοῦμεν
1190 1981 1285 2034 τοῦ
1325 1982 1560 2052 Πατρὸς,
1593 1983 1715 2035 οὐδὲ
1745 1980 1871 2050 χρό-

285 2088 386 2138 νῳ,
419 2072 452 2141 ἢ
483 2073 654 2139 τόπῳ,
687 2071 720 2141 ἢ
754 2073 780 2124 ὅ
811 2090 862 2124 τι
890 2073 956 2126 ἂν
991 2075 1134 2126 εἴποι
1164 2090 1247 2135 τις
1281 2072 1694 2143 δευτερεύοντα,
1731 2072 1871 2124 ἀ).λά

283 2162 422 2215 διότι
453 2163 634 2216 πάντα
686 2164 786 2216 ὅσα
826 2162 960 2234 ἔχει,
994 2164 1147 2233 παρά
1190 2164 1286 2216 τοῦ
1336 2164 1550 2233 Πατρδς
1600 2163 1737 2234 ἔχει,
1778 2163 1870 2215 καὶ

286 2253 424 2304 αὐτὸ
455 2253 514 2304 τὸ
539 2248 704 2306 εἶναι.
745 2254 806 2307 Εἰ
838 2254 968 2323 γοῦν
1019 2254 1078 2320 ἐξ
1124 2242 1292 2308 αὑτοῦ
1331 2255 1390 2307 τὸ
1438 2254 1686 2325 Πνεῦμα,
1734 2254 1871 2308 ἀλλά

289 2343 444 2413 παρὰ
473 2342 567 2396 τοῦ
600 2345 810 2413 Harpe;
847 2344 960 2414 ἔχει
1009 2344 1168 2397 τοῦτο
1210 2344 1388 2398 λαϐὼν
1411 2359 1427 2376 ·
1459 2345 1556 2396 καὶ
1596 2344 1684 2398 διὰ
1712 2344 1871 2397 τοῦτο

287 2440 390 2504 τὴν
422 2438 490 2490 ἐκ
523 2439 728 2508 κυρίως
756 2438 833 2508 τῷ
863 2440 1062 2508 “arpi,
1107 2439 1258 2506 αύτῴ
1287 2439 1342 2492 δέ
1380 2440 1744 2508 ἀποδὶδΰαμεν
1773 2439 1871 2506 τὴν

283 2531 411 2594 διὰ,
444 2533 530 2586 ἵνα
560 2533 654 2584 καὶ
704 2531 765 2584 τὸ
800 2532 1013 2601 πρῶτον
1064 2531 1301 2602 δηλωθῇ,
1352 2533 1446 2585 καὶ
1491 2534 1556 2586 ἐκ
1599 2532 1694 2586 τοῦ
1741 2529 1869 2584 Υἰοῦ

288 2621 434 2678 εῖναι
479 2626 555 2693 μὴ
593 2624 814 2694 σιγηθῇ,
847 2625 956 2677 κάκ
988 2624 1081 2677 τοῦ
1115 2625 1324 2695 Πατρὸς
1368 2625 1528 2677 τοῦτο
1555 2623 1866 2692 ἐπάγεσθαι

286 2719 382 2770 τὸν
425 2717 556 2770 Υἱὸν
605 2719 681 2787 μὴ
717 2720 988 2788 σιωπηθῇ.
1051 2715 1214 2780 Οἶδας
1264 2717 1379 2780 πῶς
1431 2719 1524 2770 καὶ
1578 2717 1748 2770 αἴτιον
1779 2716 1870 2770 τὸν

291 2809 421 2861 Υἰὸν
457 2809 490 2878 ἡ
519 2809 614 2862 διὰ
652 2809 936 2879 κηρύττει,
965 2809 1057 2862 καὶ
1091 2811 1154 2862 ὲκ
1190 2809 1282 2862 τοῦ
1320 2810 1535 2879 ιΙατρδς
1565 2807 1870 2877 ἐπάγεσθαι

286 2902 452 2954 τοῦτο
472 2902 573 2953 οὐκ
602 2901 1020 2970 ἀποκρύπτεται
1043 2923 1060 2967 ;

367 2975 449 3044 ιδ’.
503 2991 708 3044 Τούτου
766 2992 927 3062 χάριν
973 2994 1068 3044 καὶ
1116 2991 1248 3060 μίαν
1283 2991 1462 3044 αἰτίαν
1505 2991 1595 3044 τὸν
1649 2991 1870 3064 Πατέρα

289 3086 504 3155 φαμὲν,
534 3085 628 3138 καὶ
656 3086 837 3154 πηγὴν
871 3084 1022 3154 μίαν,
1060 3087 1151 3137 καὶ
1197 3085 1387 3155 ὥσπερ
1422 3084 1490 3138 ἂν
1521 3085 1576 3138 ετ
1618 3101 1700 3148 τις
1733 3085 1867 3155 φαίη

1973 1985 2080 2024 ron
2102 1986 2228 2024 eum
2263 1971 2608 2040 concipimus
2637 1987 2666 2025 a
2699 1971 2857 2027 Patre
2887 1972 3176 2040 diseisum,
3211 1989 3392 2045 neque
3417 1983 3553 2031 tem-

1975 2078 2130 2132 pore,
2176 2045 2356 2133 neque
2379 2064 2520 2129 loco,
2577 2080 2758 2134 neque
2811 2066 2999 2136 aliquo
3059 2068 3343 2137 quopiam,
3403 2069 3550 2139 quod

1939 2154 2243 2223 .quiSpiam
2287 2155 2698 2224 imaginaretur,
2768 2158 3038 2212 secundas
3089 2159 3396 2227 ferentem,
3453 2163 3549 2215 sed

1972 2247 2116 2315 quod
2140 2261 2477 2315 quacunque
2513 2247 2698 2312 habet,
2729 2263 2758 2302 a
2792 2249 2952 2304 Patre
3011 2250 3198 2316 habet,
3259 2260 3316 2306 et
3364 2252 3547 2322 ipsum

1971 2339 2136 2392 etiam
2163 2353 2302 2392 esse.
2337 2339 2415 2392 Ex
2448 2353 2515 2393 eo
2541 2339 2725 2409 itaque
2749 2340 3008 2410 Spiritus,
3062 2343 3156 2398 sed
3197 2359 3326 2399 eum
3400 2346 3550 2400 Patri

1973 2428 2142 2484 refert
2169 2440 2495 2500 acceptum;
2534 2431 2766 2501 ideoque
2809 2449 2873 2487 ea:
2932 2436 3157 2504 proprie
3215 2437 3384 2502 Patri,
3445 2441 3548 2501 Ipsi

1973 2537 2066 2590 per
2085 2521 2530 2588 attribuimus,ut
2559 2533 2616 2579 et
2641 2527 2878 2593 primunt
2903 2526 3239 2592 innotescat.
3268 2537 3323 2584 et
3350 2545 3418 2584 ex
3452 2529 3550 2584 εί-

1971 2613 2048 2667 lio
2075 2627 2196 2668 esse
2227 2629 2335 2668 non
2369 2625 2636 2683 taceatur,
2669 2625 2724 2671 et
2755 2633 2822 2671 ex
2857 2615 3019 2673 Patre
3047 2619 3313 2689 Spiritum
3351 2638 3380 2676 a
3415 2624 3553 2678 Filio

1971 2703 2132 2758 educi
2169 2720 2275 2759 non
2316 2708 2716 2778 supprimatur.
2777 2709 2941 2765 Vides
2994 2727 3104 2782 quo
3160 2725 3320 2784 pacto
3350 2733 3445 2787 per
3497 2730 3551 2773 rt

1973 2796 2177 2851 Filium
2208 2813 2428 2853 causam
2467 2800 2738 2870 propalat,
2760 2811 2816 2856 et
2837 2817 2902 2858 ex
2939 2804 3096 2861 Patre
3129 2807 3394 2878 Spiritum
3419 2810 3555 2865 edu-

1974 2889 2023 2943 ci
2056 2904 2162 2942 non
2189 2890 2422 2944 reticet?

2049 2983 2136 3038 14.
2181 2982 2324 3038 Hinc
2365 2995 2420 3040 et
2455 2985 2670 3043 Patrem
2706 3007 2870 3047 unam
2931 3007 3152 3048 causam
3208 2995 3462 3060 dicimus,
3499 3009 3555 3053 et

1975 3090 2144 3131 unum
2202 3077 2432 3144 fontem,
2472 3090 2528 3134 et
2557 3084 3052 3152 quemadmodum,
3095 3087 3140 3142 si
3176 3089 3302 3158 quis
3342 3090 3548 3145 dixerit

291 3180 427 3250 μίαν
458 3177 553 3232 καὶ
585 3179 757 3246 μόνην
786 3180 999 3240 ἀκτῖνος
1032 3177 1124 3230 καὶ
1158 3178 1334 3246 φωτὸς
1367 3177 1550 3246 πηγὴν
1572 3177 1662 3228 τὸν
1691 3176 1865 3262 ἥλιον,

1977 3184 2146 3223 unum
2182 3169 2472 3242 solumque
2505 3174 2642 3228 radii
2690 3184 2747 3230 et
2804 3176 3034 3233 luminis
3101 3180 3310 3236 fontem
3353 3183 3553 3246 solem,

287 3271 353 3324 οὐ
384 3267 718 3339 ψευδόμενον
751 3265 1124 3335 ἀπελέγξομεν
1143 3282 1156 3296 ·
1187 3264 1307 3318 ούδέ
1338 3264 1423 3318 διὰ
1447 3263 1604 3316 τοῦτο
1630 3265 1705 3332 μὴ
1731 3259 1872 3316 εἶναι

288 3361 353 3413 τὸ
399 3358 519 3428 φῶς
567 3361 663 3412 καὶ
708 3361 771 3409 ἐκ
800 3357 898 3426 τῆς
933 3359 1150 3418 ἀκτῖνος
1180 3357 1470 3424 νοήσομεν.
1515 3352 1656 3404 Ἀλλ’
1687 3353 1769 3406 ὅτι
1809 3354 1874 3405 ἐκ

288 3450 388 3504 τοῦ
417 3451 572 3522 ἡλίου
603 3453 634 3519 ἠ
670 3450 826 3511 ἀκτὶς
855 3445 990 3502 οὖσα
1025 3446 1236 3499 ἐκεῖθεν
1267 3447 1556 3514 ἐπάγεται,
1594 3448 1686 3498 καὶ
1713 3444 1774 3496 τὸ
1807 3444 1875 3497 δι’

290 3545 468 3613 αὐτῆς
497 3545 748 3612 προϊέναι
773 3543 834 3594 τὸ
855 3540 993 3610 φῶς,
1023 3539 1113 3592 διὰ
1142 3539 1304 3593 τοῦτο
1348 3539 1532 3608 πηγὴν
1563 3542 1658 3591 καὶ
1693 3537 1875 3591 αἰτίαν

290 3639 386 3692 τὸν
445 3637 596 3707 ἦλιον
650 3635 858 3706 κυρίως
909 3634 1202 3705 νοήσομεν.
1272 3631 1435 3685 Ἀλλά
1493 3631 1587 3684 καὶ
1632 3631 1723 3685 διὰ
1777 3630 1875 3698 τῆς

291 3732 515 3795 ἀκτῖνος
560 3730 885 3802 προχεῖσθαι
917 3731 1078 3798 φύσει
1112 3728 1173 3781 τὸ
1208 3728 1322 3796 φῶς
1347 3727 1449 3780 οὐκ
1497 3726 1872 3798 ἀρνησόμεθα.

291 3824 402 3879 Τὸ]
433 3824 596 3876 αὐτξν
622 3823 826 3894 τρόπον
869 3825 961 3875 καὶ
993 3822 1086 3875 ἐπὶ
1112 3823 1211 3890 τῆς
1235 3821 1466 3890 Τριάδος
1488 3835 1502 3848 '
1533 3821 1586 3873 εἴ
1624 3837 1706 3878 τις
1746 3819 1876 3887 μίαν

291 3916 504 3985 πηγὴν,
534 3919 628 3968 καὶ
656 3915 787 3986 μίαν
821 3916 1005 3970 αἰτίαν
1033 3914 1127 3967 τὸν
1158 3915 1376 3983 Πατέρα
1407 3911 1538 3965 Υἰοῦ
1567 3913 1659 3964 καὶ
1707 3910 1879 3964 Πνεύ-

295 4025 472 4078 ματος
495 4009 646 4081 εἴπῃ.
677 4008 738 4060 τὸ
769 4009 862 4060 καὶ
889 4009 955 4058 ἐκ
983 4005 1077 4058 τοῦ
1104 4005 1238 4060 Υίοῦ
1262 4001 1402 4058 εἷναι
1433 4007 1493 4056 τὸ
1524 4003 1750 4073 Πνεῦμα
1776 4004 1879 4056 οὐκ

291 4099 607 4167 ἀναιρήσει.
643 4097 767 4150 Ὀτι
796 4097 855 4150 δέ
877 4097 1052 4151 ταῦτα
1084 4095 1256 4159 οὓτως
1283 4097 1421 4166 ἔχει,
1456 4095 1621 4150 ἄκουε
1661 4098 1755 4148 καὶ
1783 4093 1879 4147 τοῦ

292 4190 683 4260 παμμεγίστου
710 4189 1194 4254 Βασιλείου,οὕτω
1227 4187 1436 4259 καὶτὸ,
1465 4207 1484 4241 ι
1515 4187 1727 4254 Οὐδεὶς
1753 4185 1881 4242 οἶδε

291 4280 414 4349 τὴν
445 4279 674 4351 ἡμέραν
724 4281 832 4334 τοῦ
877 4279 1115 4346 τέλους,
1166 4281 1352 4350 φησὶν,
1399 4281 1452 4334 εί
1493 4280 1580 4348 μὴ
1615 4283 1649 4334 ὁ
1678 4280 1882 4348 Πατὴρ

288 4379 502 4447 μόνος,
533 4397 551 4426 ι
591 4377 708 4445 τὴν
742 4373 986 4443 πρώτην
1011 4375 1254 4441 εἴδησιν
1283 4373 1403 4427 τῶν
1430 4389 1494 4426 τε
1521 4372 1745 4438 ὄντων,
1780 4371 1882 4425 καὶ

292 4469 418 4522 τῶν
471 4469 783 4537 ἐσομένων
810 4466 912 4520 ἐπὶ
951 4468 1059 4520 τὸν
1103 4466 1336 4534 Πατέρα
1379 4465 1717 4535 ἀνάγοντος
1770 4463 1879 4518 τοῦ

293 4562 456 4624 Ποῦ,
498 4562 599 4614 καὶ
644 4559 742 4614 διὰ
775 4559 1022 4612 πάντων
1068 4558 1182 4626 τὴν
1223 4556 1465 4625 πρώτην
1505 4556 1706 4610 αιτιαν
1755 4555 1879 4621 τοῖς
1911 4578 1956 4634 ο

290 4653 632 4721 ἀνθρώποις
657 4652 1193 4716 ὑποδεικνύοντος,
1225 4649 1503 4718 εἰρῆσθαι
1539 4644 1878 4718 νομίζομεν.

293 4750 404 4802 Καὶ
423 4748 613 4801 πάλιν
630 4742 910 4802 τοιοῦτόν
938 4745 1071 4799 ἐστι
1099 4746 1197 4798 καὶ
1230 4744 1320 4808 τὸ,
1351 4763 1368 4794 ι
1393 4742 1603 4807 Οὐδείς
1631 4741 1756 4796 οἶδε
1777 4741 1883 4793 τὸν

267 4833 274 4840 ’
301 4843 446 4896 Υιόν
463 4843 515 4893 εὶ
539 4840 628 4910 μὴ
667 4837 941 4906 ὀΠατήρ.
971 4856 990 4890 ι
1021 4837 1178 4891 Οὐδὲ
1212 4837 1322 4905 γὰρ
1339 4835 1468 4889 ἐκεῖ
1491 4835 1742 4902 ἄγνοιαν
1774 4831 1882 4886 τοῦ

294 4935 651 5002 llr-stipator;
696 4929 1019 4998 κατηγορεῖ
1055 4932 1088 4983 ό
1154 4929 1310 4994 Υἱὸς,
1357 4925 1520 4982 ἀλλὰ
1552 4925 1762 4994 πρώτῳ
1802 4923 1884 4990 τῷ

293 5027 479 5093 llarpi
514 5025 887 5093 ἐνυπάρχειν
942 5024 1060 5090 τὴν
1100 5021 1332 5090 γνῶσιν
1367 5017 1478 5086 τῆς
1519 5019 1739 5073 ἑαυτοῦ
1773 5019 1884 5087 φύ-

291 5137 450 5185 σεως
476 5118 788 5187 μαρτυρεῖ.
847 5116 945 5171 Ἐκ
971 5113 1102 5183 γοῦν
1128 5114 1334 5166 τούτων
1375 5113 1694 5181 ἐπίστησον,
1728 5113 1801 5174 ὡς
1833 5109 1888 5163 εἴ

291 5231 380 5276 τις
417 5213 566 5279 λέγει
605 5212 768 5282 μόνον
812 5209 986 5262 αἴτιον
1033 5207 1126 5260 τοῦ
1164 5207 1488 5275 Πνεύματος
1515 5206 1605 5256 τόν
1639 5204 1880 5271 Πατέρα,

291 5307 398 5358 οὐκ
436 5305 728 5374 ἀναιρήσει
777 5303 839 5356 τὸ
883 5303 978 5356 καὶ
1014 5303 1077 5352 ἐκ
1111 5299 1206 5353 τοῦ
1243 5298 1377 5351 Υἱοῦ
1427 5293 1592 5352 εἶναι.
1645 5295 1722 5350 Τὸ
1773 5297 1884 5366 γὰρ

287 5397 485 5467 μόνος
538 5395 657 5463 τὴν
706 5394 952 5463 πρώτην
1009 5394 1212 5447 αἰτίαν
1266 5389 1668 5454 ὑποδεικνύει,
1726 5389 1882 5458 φησι.

297 5493 422 5554 liti);
463 5489 559 5544 οῦν
596 5491 655 5556 ἐξ
693 5490 901 5558 ἀμφοῖν
945 5485 1249 5556 λεγομένου
1278 5483 1375 5537 τοῦ
1413 5483 1754 5553 Πνεύματος,
1789 5480 1884 5534 καὶ

292 5587 360 5636 ἐκ
393 5581 606 5650 Πατρδς
661 5580 731 5634 δι’
786 5579 938 5640 Υίοῦ,
975 5580 1072 5631 καὶ⁸
1124 5576 1253 5630 Υῐοῦ
1300 5574 1551 5645 Πνεῦμα,
1583 5574 1889 5643 ἀμφιϐαλεϊ

296 5693 382 5738 τις
422 5675 563 5736 ὅλως
606 5672 733 5727 νοῦν
778 5673 920 5743 ἔχων
955 5672 1016 5724 τὸ
1064 5669 1160 5723 καὶ
1215 5671 1276 5721 ἐκ
1311 5667 1406 5722 τοῦ
1452 5665 1583 5720 Υίοῦ
1631 5661 1772 5719 εἶναι
1825 5665 1886 5718 τὸ

300 5768 565 5836 Πνεῦμα;
623 5767 832 5821 Τούτου
904 5765 1068 5835 χάριν
1133 5765 1230 5817 καὶ
1280 5763 1308 5814 δ
1364 5761 1507 5824 θεῖος
1570 5757 1882 5830 Κύριλλος,

298 5862 683 5930 Προκύπτειν
695 5858 832 5931 μὲν,
868 5857 1125 5927 λέγει,τὸ
1162 5854 1406 5923 Πνεῦμα
1432 5854 1499 5908 ἐκ
1530 5851 1886 5943 τῆς-οὐσίας

1975 3278 2103 3316 eum
2136 3277 2244 3317 non
2277 3264 2357 3317 uti
2395 3267 2755 3322 mentientem
2811 3270 3224 3327 refutabimus:
3255 3289 3435 3343 neque
3469 3277 3544 3330 ob

1978 3352 2031 3406 id
2065 3369 2130 3408 ex
2165 3355 2322 3409 radio
2351 3356 2534 3410 lumen
2553 3373 2678 3413 esse
2711 3375 2820 3414 non
2844 3361 3235 3431 percipiemus.
3275 3365 3382 3420 Sed
3406 3369 3555 3438 quod

1976 3461 2042 3500 ex
2067 3447 2182 3500 sole
2211 3448 2399 3502 radius
2429 3464 2553 3502 cum
2598 3451 2708 3515 sit,
2743 3451 2872 3506 inde
2901 3469 3009 3507 una
3068 3458 3258 3519 trahit,
3293 3467 3352 3512 et
3403 3464 3551 3529 quod

1976 3553 2043 3593 ex
2075 3539 2194 3608 ipso
2219 3539 2406 3594 lumen
2446 3542 2720 3609 prosiliat.
2752 3543 3161 3616 Proptereaque
3222 3549 3430 3605 fontem
3487 3563 3544 3607 et

1977 3643 2199 3683 causam
2230 3630 2404 3683 solem
2439 3633 2662 3700 prOprie
2696 3634 3088 3706 intelligemus,
3122 3650 3177 3692 et
3203 3655 3302 3708 per
3335 3642 3552 3696 radium

1965 3721 2306 3800 (naturaliter
2340 3721 2547 3776 eﬂ'undi
2585 3725 2795 3793 lumen,
2823 3742 2930 3780 non
2970 3723 3416 3799 pernegabitnus.
3451 3734 3558 3786 Ευ-

1979 3813 2104 3867 dem
2139 3815 2301 3868 modo
2327 3823 2383 3868 et
2414 3816 2468 3869 in
2504 3816 2774 3871 Trinitate
2809 3819 3312 3888 philosophandum
3360 3835 3483 3890 est;
3510 3827 3557 3880 si

1978 3908 2103 3975 quis
2132 3923 2301 3961 unum
2335 3908 2566 3975 fontem,
2608 3919 2666 3963 et
2703 3926 2872 3965 unam
2907 3927 3154 3980 causam,
3185 3913 3400 3971 Patrem
3435 3919 3558 3973 Filii

1980 4009 2036 4053 et
2066 3998 2307 4069 Spiritus
2334 4003 2660 4066 asserucrit,
2692 4017 2758 4055 ex
2794 4001 2934 4056 Filio
2985 4005 3256 4073 Spiritum
3289 4023 3414 4062 esse
3452 4011 3556 4064 mi-

1981 4092 2131 4145 nime
2163 4091 2431 4147 destruet.
2479 4095 2545 4148 Et
2590 4095 2705 4149 hanc
2745 4097 2818 4150 ita
2850 4109 2908 4149 se
2972 4096 3180 4152 habere
3236 4099 3436 4156 discito
3493 4120 3560 4159 ex

1982 4186 2218 4238 maximo
2246 4185 2446 4240 Basilio
2475 4205 2488 4241 :
2522 4187 2612 4242 Sic
2633 4196 2680 4240 et
2705 4205 2722 4238 t
2762 4187 2927 4243 Nemo
2957 4196 3099 4245 novit
3127 4194 3265 4247 diem
3292 4195 3439 4262 ﬁnis.
3463 4201 3562 4264 ait,

1983 4278 2082 4330 nisi
2120 4275 2262 4331 solus
2298 4277 2485 4343 Pater,
2526 4297 2544 4330 ι
2581 4280 2809 4348 primum
2841 4297 3019 4334 rerum
3057 4293 3168 4336 tum
3195 4288 3560 4354 prazsentium,

1983 4380 2092 4421 tum
2126 4371 2435 4439 futurarum
2479 4372 2830 4440 cognitionem
2864 4374 2934 4424 ad
2969 4371 3190 4429 Patrem
3223 4375 3368 4431 Filio
3425 4381 3562 4448 refe-

1983 4473 2150 4525 rente,
2179 4470 2226 4515 et
2261 4478 2354 4530 per
2402 4464 2586 4517 omnia
2617 4465 2845 4535 primunt
2876 4483 3098 4522 causam
3142 4470 3439 4524 hominibus
3475 4474 3562 4526 itt-

1982 4552 2209 4619 dicante,
2240 4555 2438 4608 dictum
2467 4571 2573 4609 esse
2611 4557 2908 4625 opinentur.
2947 4559 3016 4612 Et
3049 4577 3260 4614 rursum
3291 4562 3465 4617 simile
3486 4575 3564 4618 est

1987 4654 2035 4697 et
2067 4644 2202 4698 it’lud
2237 4660 2254 4698 :
2289 4664 2306 4697 ι
2344 4646 2515 4699 Νεησο
2547 4651 2686 4702 novit
2719 4648 2925 4705 Filium
2956 4653 3057 4706 nisi
3095 4653 3257 4710 Pater
3287 4671 3306 4719 ;
3347 4673 3364 4706 ι
3401 4672 3568 4725 neque

1986 4738 2128 4789 enim
2160 4738 2232 4790 ibi
2280 4738 2640 4807 ignorantiam
2675 4739 2906 4811 Spiritui
2971 4745 3232 4816 appingit,
3264 4747 3357 4799 sed
3395 4749 3568 4816 primo

1984 4825 2141 4881 Patri
2166 4830 2515 4899 cognitionem
2564 4831 2712 4886 illius
2751 4833 2921 4888 inesse
2955 4846 3163 4890 natura:
3200 4847 3447 4895 testatur.
3503 4839 3569 4892 Et

1986 4921 2074 4975 his
2128 4923 2312 4993 itaque
2370 4933 2580 4980 attente
2639 4929 2954 4994 considera,
3015 4931 3233 4985 etiamsi
3291 4934 3565 5002 quispiam

1985 5015 2208 5081 dixerit,
2267 5017 2445 5070 solum
2485 5017 2702 5075 Patrem
2765 5020 3006 5091 Spiritus
3074 5038 3298 5078 causam
3333 5040 3477 5084 esse,
3513 5038 3570 5080 et

1984 5123 2051 5163 ex
2083 5107 2223 5162 Filio
2248 5124 2374 5163 euut
2405 5124 2531 5164 esse
2569 5127 2682 5165 non
2735 5112 3154 5168 destructurum
3189 5133 3203 5168 :
3240 5114 3383 5168 Nam
3426 5117 3568 5169 solus

1987 5201 2218 5270 primunt
2244 5217 2462 5255 causam
2493 5203 2723 5268 indicat,
2755 5205 2854 5258 ait.
2888 5203 3137 5270 Quanam
3197 5207 3371 5276 igitur
3402 5210 3570 5261 ratio-

1987 5305 2080 5355 ne,
2117 5305 2242 5344 cum
2283 5305 2351 5344 ex
2406 5299 2642 5361 utroque
2685 5294 2903 5348 dicatur
2937 5295 3200 5365 Spiritus,
3230 5307 3374 5351 etex
3408 5295 3570 5351 Patre

1985 5399 2087 5454 per
2145 5385 2366 5451 Fllilli",
2433 5396 2492 5441 et
2555 5387 2678 5441 Filii
2739 5387 2998 5458 Spiritus,
3044 5391 3272 5445 hatrebit
3339 5392 3571 5447 omnino

1990 5476 2288 5545 quispiam,
2323 5478 2367 5530 si
2399 5464 2673 5546 sapientia
2709 5495 2821 5534 non
2851 5492 3059 5549 careat,
3095 5492 3152 5538 et
3182 5500 3247 5538 ex
3281 5484 3421 5539 Filio
3449 5485 3572 5552 Spi-

1991 5577 2156 5624 ritum
2188 5572 2354 5626 esse?
2382 5571 2555 5643 Hujus
2578 5573 2754 5641 gratia
2789 5584 2845 5627 et
2875 5573 3100 5630 divinus
3122 5575 3386 5646 Cyrillus,
3412 5575 3574 5630 Exsi-

1991 5661 2110 5726 lire,
2143 5665 2238 5725 ait,
2273 5661 2532 5732 Spiritum
2563 5681 2631 5718 ex
2655 5667 2886 5720 ess’entia
2933 5665 3031 5720 Dei
3061 5678 3108 5720 et
3132 5666 3338 5730 Patris,
3377 5669 3574 5740 επινιάὶ

1990 5769 2109 5806 vero
2142 5753 2271 5815 illis,
2303 5755 2394 5821 qui
2439 5771 2556 5808 eum
2582 5763 2821 5827 excipere
2850 5758 2997 5829 digni
3023 5768 3168 5823 sunt,
3199 5777 3293 5830 per
3331 5760 3575 5826 Verbum,

1961 5849 2224 5922 ejusdem
2257 5866 2373 5903 cum
2419 5867 2478 5904 eo
2508 5861 2741 5909 natura.
2807 5853 3048 5922 Spiritus
3074 5867 3208 5918 ergo
3273 5871 3341 5910 ex
3401 5855 3580 5912 Patris
