4098 6448
297 417 404 479 7.7

1267 412 1360 472 [)E
1396 410 1913 471 fRCCESSlONE
1954 410 2314 470 SPlRl'l'US
2354 408 2651 469 SANCTI.
3469 407 3573 472 793

296 538 366 592 ἄν
413 550 495 595 τις
541 533 905 602 συναρμόσειε
951 529 1009 582 τὸ
1041 529 1136 581 καὶ
1184 528 1362 581 αἴτιον
1417 523 1560 581 εἶναι
1604 527 1766 596 μόνον
1793 526 1888 578 τδν

2005 541 2110 580 iam
2160 541 2279 582 esse
2313 525 2492 581 solum
2553 525 2799 585 Patrem,
2861 532 3028 592 atque
3062 522 3134 577 ob
3197 521 3248 578 id
3305 518 3574 593 Spiritum

297 627 546 697 Πατέρα,
575 626 670 678 καὶ
707 618 898 677 τούτου
933 621 1095 692 χάριν
1125 621 1414 690 ὁμοούσιον
1449 620 1510 673 τὺ
1553 619 1776 688 Πνεῦμα
1807 620 1886 689 τῷ

298 721 438 791 Υἱῷ,
467 721 551 772 ὅτι
590 718 808 788 πρόεισι
841 715 909 770 δι’
935 713 1125 778 αὑτοῦ,
1170 715 1246 784 μὴ
1275 712 1488 766 τοιοῦτό
1529 729 1584 765 τι
1622 712 1887 781 σημαινό-

301 831 464 883 μενον
497 809 592 864 τοῦ
640 809 818 863 αίτίου
865 807 1181 877 λαμϐάνονς
1230 805 1524 875 Τέταρτον,
1577 806 1754 858 ἐκεῖνο
1790 822 1888 876 ση-

299 905 485 976 μειοῦ,
533 904 616 957 ὃτι
671 899 908 962 αἰωνίως
959 899 1248 961 ἀπολύτως
1295 899 1391 951 καὶ
1418 898 1561 968 ὑπὲρ
1608 899 1789 952 αἰτίαν
1820 898 1888 952 δι’

299 999 434 1051 Υἰοῦ
458 997 516 1050 τὸ
543 993 788 1062 Πνεῦμα.
810 993 872 1046 Ei
890 993 999 1060 γὰρ
1017 991 1252 1053 αἰωνίοις
1273 991 1563 1059 ὁμοούσιον
1583 990 1642 1042 τὸ
1664 991 1886 1059 Πνεῦμα

295 1092 378 1161 τῷ
413 1090 548 1158 Υἱῴ,
594 1087 786 1141 ἔστιδ’
837 1084 1152 1153 δμοούσιον,
1183 1084 1264 1137 ὅτι
1313 1083 1382 1136 δι’
1435 1083 1622 1146 αὑτοῦ,
1655 1085 1889 1146 αἰωνίως

297 1185 410 1251 ἄρα
440 1182 510 1234 δι’
557 1180 749 1244 αὑτοῦ,
806 1179 902 1233 καὶ
934 1177 994 1229 ού
1053 1175 1195 1228 κατὰ
1228 1175 1567 1245 περίστασιν,
1609 1173 1685 1237 ὡς
1733 1173 1892 1243 ληρεῖ

299 1275 518 1336 Νεῖλος.
559 1272 703 1341 Πρὸς
749 1270 963 1331 τούτοις
998 1270 1164 1321 πᾶσιν
1197 1269 1376 1320 ἐκεῖνό
1422 1285 1480 1319 σε
1516 1268 1591 1336 μὴ
1625 1267 1888 1336 διαφύγῃ,

295 1369 324 1421 ὃ
357 1365 721 1437 παρακατιὼν
752 1366 781 1416 ὁ
807 1363 1079 1433 μακάριος
1111 1361 1362 1428 Μάξιμος
1392 1399 1406 1424 ,
1435 1359 1546 1414 Καὶ
1577 1355 1745 1414 οὗτοι
1773 1361 1890 1428 μὲν

298 1460 525 1526 ταῦτα,
585 1458 776 1527 φησιν,
824 1455 979 1522 ὑπὲρ
1043 1448 1130 1508 ὧν
1177 1452 1400 1517 ἀδίκως
1441 1452 1886 1519 ἐνεκλήθησιιν.

310 1553 560 1614 Ἀκούεις
591 1550 713 1604 τίνα
749 1550 936 1620 κρίσιν
982 1547 1123 1602 κατὰ
1158 1546 1414 1615 Γραικῶν
1441 1545 1705 1614 ἐκφέρεις
1753 1545 1889 1597 Ἀδί-

298 1663 439 1708 κως,
501 1643 692 1713 φησὶν,
745 1643 887 1710 ὑπὲρ
942 1641 1147 1694 τούτων
1195 1638 1528 1692 ἐνεκάλεσαν
1586 1637 1713 1700 τοὺς
1751 1636 1889 1689 Ῥω-

301 1738 499 1807 μαίους
527 1737 576 1788 οἱ
609 1736 706 1804 τῆς
733 1733 1176 1795 Κωνσταντίνου,
1211 1733 1304 1784 καὶ
1332 1731 1432 1800 οὐχ
1463 1732 1490 1782 ὁ
1517 1729 1673 1796 ἅγιος
1703 1729 1887 1798 μόνον,

296 1831 439 1884 ἀλλὰ
498 1830 596 1883 καὶ
647 1827 805 1882 αὐτοὶ
861 1827 912 1880 οἰ
959 1825 1356 1891 ἐγκαλέσαντες
1406 1821 1725 1884 πεισθέντες
1779 1824 1891 1885 τοῖς

1990 618 2240 688 ejusdem
2273 627 2482 672 natura:
2509 631 2632 670 esse
2667 630 2793 670 cum
2824 615 2985 678 Filio,
3017 615 3168 685 quod
3201 617 3426 684 prosilit
3477 634 3576 688 per

1992 709 2199 779 ipsum,
2235 723 2343 762 non
2384 708 2622 764 similem
2661 722 2842 762 causa:
2887 706 3262 777 significatum
3321 723 3577 778 compre-

1991 799 2286 856 hendens?
2313 798 2580 866 Quartum
2607 799 2744 852 illud
2778 798 3012 866 colloca,
3041 798 3191 868 quod
3249 800 3320 853 ab
3367 810 3577 854 aeterno

1991 892 2266 956 absolute,
2300 901 2355 947 et
2389 907 2557 959 supra
2588 908 2809 945 omnem
2843 907 3065 947 causam
3101 907 3198 961 per
3222 892 3421 946 Filium
3452 890 3578 958 8μί-

1997 985 2140 1038 ritus
2170 995 2276 1040 est.
2327 985 2460 1039 Nam
2494 986 2541 1039 si
2577 985 2829 1055 t‘jusdem
2873 992 3082 1038 natura:
3142 992 3228 1038 est
3260 998 3386 1037 cum
3434 983 3577 1038 Filio

1996 1078 2239 1154 Spiritus
2268 1078 2338 1132 ab
2369 1090 2604 1144 aeterno,
2644 1088 2697 1131 et
2723 1085 2808 1132 est
2846 1078 3095 1149 ejusdem
3156 1085 3388 1141 naturae,
3424 1077 3570 1145 quod

1996 1188 2097 1242 per
2131 1173 2309 1240 ipsum
2343 1181 2450 1226 est.
2488 1172 2570 1226 Ab
2602 1181 2814 1227 aeterno
2887 1174 3056 1242 igitur
3112 1187 3210 1240 per
3262 1172 3464 1239 ipsum,
3519 1182 3575 1224 et

1995 1281 2106 1320 non
2133 1265 2445 1320 secundum
2479 1265 2981 1330 circumstantiam,
3014 1273 3074 1318 ut
3109 1264 3268 1320 Nilus
3318 1265 3577 1318 hlaterat.

1999 1359 2205 1413 Praeter
2237 1360 2352 1412 hinc
2382 1361 2570 1413 untnia
2609 1359 2741 1414 illud
2772 1375 2994 1429 quoque
3034 1374 3102 1412 ne
3129 1367 3181 1413 te
3206 1359 3398 1428 fugiat,
3430 1357 3579 1427 quod

1993 1452 2303 1506 orationem
2333 1467 2676 1521 prosequens
2709 1452 2901 1506 beatus
2940 1450 3210 1506 Maximus
3242 1450 3434 1506 subdit
3464 1467 3478 1504 :
3507 1449 3580 1502 Et

1993 1545 2079 1598 hic
2108 1545 2316 1613 quidem
2345 1547 2475 1608 hwc,
2508 1545 2605 1607 ait,
2638 1544 2701 1598 de
2732 1545 2920 1606 quibus
2949 1544 3147 1614 injuste
3174 1542 3411 1598 accusati
3431 1553 3579 1596 sunt.

1993 1636 2168 1691 Audis
2199 1652 2364 1706 quam
2402 1635 2495 1691 ille
2553 1637 2663 1691 fert
2697 1638 2751 1690 in
2787 1638 3008 1693 Graecos
3046 1636 3427 1694 sententiam?
3488 1637 3575 1688 ln-

1988 1731 2160 1800 juste,
2180 1730 2276 1796 ait,
2301 1730 2369 1783 de
2390 1729 2474 1784 his
2493 1730 2770 1786 Romanos
2800 1732 3076 1786 criminati
3105 1741 3236 1786 sunt
3262 1732 3412 1787 cives
3435 1731 3583 1786 Con-

1996 1821 2524 1889 stantinOpolitani;
2558 1836 2737 1889 neque
2772 1832 2998 1876 sanctus
3040 1821 3415 1885 solummodo,
3475 1823 3576 1876 sed

308 1925 635 1992 Ῥωμαίοις.
678 1922 952 1989 ’Υστερον
982 1921 1091 1988 γὰρ
1123 1920 1184 1972 οὐ
1228 1918 1411 1990 μικρῷ
1456 1919 1516 1972 τὸ
1553 1919 1758 1990 σχίσμα
1791 1915 1886 1969 τοῦ

2005 1917 2030 1968 il
2061 1915 2163 1984 ipsi
2200 1915 2367 1970 etiam
2395 1916 2487 1985 qui
2519 1915 2798 1970 criminati
2833 1915 3073 1980 fuerant,
3111 1931 3140 1969 ιι
3170 1917 3433 1971 Romanis
3455 1932 3578 1985 per-

297 2018 450 2071 Θείου
498 2015 778 2082 Μαξίμου.
831 2012 1069 2080 Λέγουσι
1115 2011 1170 2066 δὲ
1215 2013 1265 2066 οἱ
1310 2012 1571 2081 Ῥωμαῖοι
1614 2012 1715 2063 οὐκ
1762 2009 1891 2063 ἄλλο

299 2109 472 2179 μέχρι
508 2109 608 2175 τῆς
646 2109 912 2178 σήμερον,
941 2107 975 2176 ἢ
1005 2106 1144 2176 ὅπερ
1191 2106 1333 2172 τότε,
1371 2105 1480 2158 οὐδ’
1525 2105 1700 2166 ἄλλως
1731 2101 1892 2156 τοῦτο

297 2203 330 2270 ἢ
368 2201 446 2264 ὡς
485 2201 609 2255 τότε
645 2198 884 2254 νοοῦσιν.
930 2199 1155 2261 Ἀδίκως
1188 2181 1297 2270 ἄρα
1334 2198 1438 2262 ὑπὸ
1468 2199 1630 2268 κριτῇ
1659 2196 1734 2265 τῷ
1763 2195 1892 2263 θείῳ

297 2296 545 2366 Μαξίμῳ
596 2295 690 2348 καὶ
743 2295 856 2356 τοῖς
904 2291 1179 2346 τότε⁴καὶ
1231 2292 1474 2362 σήμερον
1529 2286 1891 2358 ἐγκαλοῦνται

298 2389 456 2461 παρὰ
482 2387 574 2443 σοῦ
611 2387 707 2442 καὶ
733 2385 844 2440 τῶν
878 2385 1009 2439 σῶν.

384 2659 482 2718 ις’.
513 2652 575 2704 El
604 2650 662 2704 δὲ
700 2639 850 2717 λέγει
897 2647 1092 2708 Νεῖλος
1140 2646 1220 2710 τὸ,
1273 2644 1440 2713 ἡμῖν,
1493 2641 1894 2714 προσκείμενον

301 2753 372 2818 τῇ
411 2747 473 2811 ἐξ
518 2743 651 2798 Υίοῦ
689 2743 846 2814 χύσει
878 2741 971 2794 τοῦ
1005 2738 1326 2808 Πνεῦματος
1354 2737 1453 2808 τὴν
1497 2736 1761 2806 δευτέραν
1796 2752 1894 2802 ση-

301 2841 524 2912 μαίνειν
580 2837 811 2908 πρόοδον
839 2848 856 2864 ⁸
896 2833 1113 2903 πρῶτον
1177 2831 1276 2902 μὲν
1331 2833 1465 2886 ἵστω
1522 2829 1738 2893 πολλοῖς
1787 2828 1895 2881 τῶν

307 2936 485 3002 ἁγίων
512 2932 766 3004 εἰρῆσθαι
795 2928 964 2999 χωρίς
988 2944 1133 2990 τινος
1170 2928 1570 2996 περιστάσεως,
1600 2923 1895 2995 προσώπου

301 3027 474 3093 λέγω,
511 3023 543 3094 ἢ
576 3023 794 3094 χρόνου,
836 3021 870 3091 ἢ
906 3019 1109 3084 αίτίας,
1144 3021 1238 3071 καὶ
1288 3016 1396 3069 τῶν
1429 3015 1691 3070 τοιούτων
1720 3016 1896 3086 ἐκχεῖ-

307 3119 438 3172 σθαί
469 3133 528 3169 τε
587 3116 682 3169 καὶ
731 3111 1127 3184 ἐκπορεύεσθαι
1173 3110 1242 3164 δι’
1279 3111 1409 3164 Υίοῦ
1444 3109 1503 3163 τὸ
1551 3108 1796 3178 Πνεῦμα.
1835 3110 1895 3162 El

304 3214 366 3266 δὲ
405 3211 498 3265 καί
523 3227 634 3263 τισι
661 3208 720 3262 τὸ
752 3207 897 3277 ἡμῖν
938 3207 1247 3277 πρὸκειται,
1294 3205 1354 3258 ού
1387 3204 1522 3258 διότι
1551 3205 1684 3272 ἡμῖν
1709 3206 1737 3256 ὀ
1769 3204 1894 3266 Υίὺς

306 3305 374 3357 τὸ
411 3301 634 3371 Πνεῦμα
667 3302 927 3371 πηγάζει,
973 3299 1060 3352 διὰ
1105 3297 1264 3352 τοῦτο
1295 3297 1417 3350 οὐδὲ
1457 3295 1779 3369 προϐάλλει,
1807 3296 1898 3350 διὰ

309 3398 475 3451 τοῦτο
528 3397 618 3448 καὶ
653 3396 784 3464 ἡμῖν
841 3391 1108 3464 πηγάζει.
1146 3393 1350 3444 Ἀκουε
1399 3390 1456 3442 δὲ
1492 3390 1588 3442 καὶ
1621 3388 1895 3458 Κυρίλλου

308 3495 373 3546 ὲν
401 3490 479 3560 τῷ
505 3488 640 3562 πρὸς
687 3486 915 3558 βασιλέα
946 3485 1227 3539 Θεοδόσιον
1259 3484 1406 3554 λόγῳ
1433 3500 1446 3511 '
1480 3479 1564 3546 Τῷ
1605 3481 1733 3544 ίὸίῳ
1773 3484 1901 3534 λοι-

307 3587 453 3649 κᾶν,
485 3585 639 3653 φησι,
673 3583 979 3651 καταχρίει
1013 3581 1333 3649 llr-stipati,
1382 3578 1526 3647 ὅπερ
1557 3578 1763 3644 ἐνίησι
1783 3577 1901 3645 μὲν

308 3678 496 3743 αὐτὸς
545 3677 625 3742 ὠς
650 3677 719 3729 ἐκ
774 3674 922 3728 Θεοῦ
969 3672 1202 3740 Πατρός
1254 3673 1467 3740 Λόγος,
1515 3669 1614 3725 καὶ
1645 3670 1714 3733 ἐξ
1747 3668 1901 3734 ιδίας

308 3767 460 3838 ἡμῖν
507 3763 872 3833 ἀναπηγάζει
915 3765 1180 3835 φύσεως.
1215 3763 1287 3816 Τὸ
1331 3763 1388 3814 δὲ
1437 3763 1502 3816 ὲκ
1544 3761 1641 3830 τῆς
1683 3759 1900 3826 φύσεως

312 3860 665 3932 πηγάςεσϐαι
701 3861 796 3913 τοῦ
824 3859 980 3919 Υίοῦ,
1014 3857 1088 3920 ὼς
1120 3857 1222 3928 ήδη
1266 3856 1562 3919 δέδεικται,
1595 3853 1746 3907 οὐδὲν
1772 3850 1900 3906 ἄλλο

311 3959 466 4010 ἐστὶν
496 3955 546 4008 εί
582 3954 660 4024 μὴ
705 3954 765 4007 τὸ
799 3955 865 4006 ἐκ
912 3957 1009 4024 τῆς
1039 3952 1410 4005 ἔνυποστάτου
1468 3949 1687 4017 φύσεως
1733 3945 1900 4003 αὑτοῦ

314 4045 688 4118 πηγάζεσθαι.
731 4047 790 4098 Ei
825 4045 872 4098 δ’
898 4044 1100 4109 οὕτως,
1154 4043 1364 4095 ἐκεῖθεν
1421 4041 1528 4110 ἄρα
1561 4039 1679 4108 ἔχει
1719 4039 1812 4092 καὶ
1843 4037 1904 4090 τὸ

309 4137 483 4195 εἶναι.
531 4138 622 4202 Ἐξ
651 4133 726 4192 ὧν
777 4136 1024 4205 εὔδηλον,
1054 4137 1104 4188 εἰ
1147 4137 1222 4204 μή
1270 4151 1373 4187 που
1425 4131 1570 4185 ἑκὼν
1611 4129 1901 4200 τνφλὼττῃ

309 4251 422 4298 τις,
453 4233 536 4287 ὅτι
567 4234 705 4304 ἡμῖν
734 4231 972 4300 πηγάζει
1003 4231 1030 4282 ὁ
1062 4229 1186 4291 Υἱὸς
1217 4228 1277 4280 sb
1316 4227 1559 4296 Πνεῦμα,
1598 4225 1691 4278 καὶ
1720 4225 1788 4278 τὰ
1812 4224 1905 4278 τοῦ

311 4328 639 4394 Πνεύματος
671 4324 1018 4393 χαρίσματα,
1052 4321 1192 4376 διότι
1219 4320 1283 4373 τὸ
1317 4320 1376 4372 ὲν
1429 4319 1572 4388 ίδικῇ
1605 4317 1905 4372 ὑποστάσει

316 4417 548 4487 Πνεῦμα
578 4415 821 4486 φυσικῶς
855 4413 985 4484 παρ’
1017 4413 1206 4468 αὑτοῦ.
1239 4411 1315 4465 οὐ
1345 4411 1454 4480 γὰρ
1477 4410 1692 4473 ἕπεται,
1723 4406 1908 4470 καθὼς

315 4513 561 4582 εἴρηται,
599 4511 758 4577 εἰπερ
795 4511 859 4561 ὲκ
919 4507 1015 4561 τοῦ
1053 4506 1182 4561 Υἱοῦ
1227 4507 1296 4559 τὰ
1339 4505 1434 4558 τοῦ
1468 4502 1788 4573 Πνεῦματος
1826 4504 1910 4572 ῥεῖ

1996 2007 2176 2074 suasi;
2206 2023 2331 2061 nam
2365 2023 2472 2062 non
2515 2008 2688 2062 multo
2718 2018 2842 2077 post
2869 2009 3043 2063 divini
3089 2009 3306 2064 Maximi
3339 2010 3576 2067 schisma

1996 2108 2251 2152 exortum
2283 2107 2390 2153 est.
2426 2099 2597 2153 Aiunt
2655 2114 2822 2168 porro
2855 2099 3087 2154 Romani
3143 2102 3210 2153 ad
3253 2100 3402 2154 hunc
3431 2099 3577 2155 diem

1998 2206 2106 2244 non
2142 2190 2290 2245 aliud
2333 2207 2500 2260 quam
2549 2193 2694 2262 quod
2728 2201 2844 2246 tum
2877 2193 3164 2261 temporis,
3221 2208 3402 2262 neque
3434 2209 3584 2247 nunc

1996 2285 2109 2337 alio
2140 2284 2308 2338 modo
2356 2300 2519 2348 quam
2575 2295 2690 2339 tum
2743 2301 2859 2340 rem
2895 2287 3068 2356 ipsam
3123 2286 3461 2358 intelligunt.
3499 2287 3588 2342 lu-

1993 2377 2140 2444 juste
2165 2373 2354 2445 igitur,
2381 2375 2589 2445 divino;
2619 2376 2854 2431 Maximo
2897 2376 3108 2447 judice,
3137 2387 3194 2431 et
3222 2379 3290 2430 ab
3327 2377 3540 2432 homini
3561 2407 3583 2416 -

2000 2469 2102 2520 bus
2151 2483 2218 2522 eo
2249 2469 2351 2523 asvi
2387 2477 2444 2524 et
2504 2485 2654 2524 nunc
2686 2470 3025 2537 viventibus,
3067 2477 3122 2524 et
3178 2485 3208 2523 a
3253 2480 3305 2524 te
3363 2471 3585 2542 tuisque

2000 2572 2359 2617 accusantur.

2072 2655 2154 2710 16.
2191 2655 2346 2721 Quod
2378 2657 2423 2711 si
2447 2657 2602 2712 Nilus
2629 2667 2862 2724 asserat,
2889 2658 3068 2724 Nobis,
3107 2661 3381 2714 adnexum
3416 2660 3590 2730 Spiri-

2003 2757 2091 2801 tus
2126 2749 2381 2804 ell’usioui
2419 2765 2487 2803 ex
2525 2750 2671 2806 Filio
2703 2754 3008 2807 secundum
3061 2769 3408 2825 progressum
3437 2756 3588 2831 indi-

2001 2855 2125 2894 care
2163 2857 2177 2894 :
2207 2843 2345 2894 sciat
2382 2843 2618 2911 primum
2651 2859 2680 2898 a
2710 2845 2987 2914 plerisque
3032 2847 3239 2902 sanctis
3262 2851 3589 2917 pronuntia-

2003 2941 2118 2989 tum
2182 2933 2355 2989 fuisse
2417 2937 2627 3005 absque
2664 2938 2772 2992 ulla
2831 2940 3269 3005 circumstantia,
3317 2955 3587 3009 personze,

2004 3025 2250 3094 inquam,
2277 3029 2566 3096 temporis,
2598 3044 2796 3093 causas,
2855 3039 2909 3085 et
2945 3031 3235 3098 similium,
3267 3031 3478 3087 effundi
3537 3043 3592 3085 ιιι

2005 3118 2310 3187 procedere
2335 3119 2604 3187 Spiritum
2639 3137 2737 3190 per
2765 3122 2991 3175 Filium.
3040 3121 3199 3188 Quod
3233 3124 3279 3177 si
3313 3124 3458 3193 apud
3493 3124 3594 3177 ali-

2004 3225 2144 3279 quos
2174 3209 2307 3263 illud
2355 3213 2504 3264 nobis
2541 3212 2862 3280 apponitur,
2922 3228 3032 3266 non
3089 3222 3385 3282 propterea
3443 3216 3593 3284 quod

2006 3301 2176 3356 Filius
2211 3301 2476 3371 Spiritum
2509 3303 2670 3357 nobis
2694 3305 2964 3358 scaturire
2987 3304 3137 3369 facit,
3173 3305 3296 3360 ideo
3329 3322 3435 3360 non
3465 3322 3597 3375 pro-

2008 3393 2182 3456 ducit,
2209 3393 2303 3446 sed
2338 3395 2467 3462 quia
2490 3395 2769 3463 producit,
2795 3396 2920 3450 ideo
2951 3397 3110 3452 nobis
3139 3399 3408 3455 scaturire
3441 3399 3593 3456 facit.

2003 3485 2228 3540 Audisis
2289 3486 2578 3556 Cyrillum,
2642 3488 2698 3542 in
2739 3487 3000 3544 Oratione
3063 3491 3130 3545 ad
3201 3493 3594 3561 imperatorem

2005 3577 2378 3634 Theodosium
2427 3582 2764 3636 scribentem
2811 3600 2826 3637 :
2882 3583 3108 3654 Propria
3157 3588 3424 3657 deinceps.
3489 3591 3588 3652 ait,

2004 3675 2212 3741 inungi!
2247 3671 2473 3742 Spiritu,
2516 3691 2670 3745 quem
2709 3677 2820 3745 ipse
2870 3678 3063 3731 emittit
3094 3679 3252 3733 veluti
3288 3681 3381 3734 Dei
3415 3681 3596 3736 Patris

2011 3763 2251 3826 Verbum,
2286 3777 2331 3816 et
2367 3780 2432 3817 ea:
2483 3783 2583 3820 sua
2625 3767 2773 3820 nobis
2815 3771 3081 3822 scaturire
3110 3771 3238 3840 facit
3272 3783 3490 3826 natura.
3524 3777 3592 3828 At

2005 3871 2072 3909 ex
2113 3867 2306 3910 natura
2337 3856 2459 3911 Filii
2516 3861 2815 3919 scaturire,
2855 3871 2913 3915 ut
2952 3875 3116 3931 supra
3150 3865 3595 3920 demonstratum

2006 3959 2112 4015 est,
2148 3949 2284 4004 nihil
2341 3951 2492 4006 aliud
2529 3964 2613 4008 est
2651 3953 2758 4008 nisi
2801 3970 2866 4010 ex
2899 3965 3094 4010 natura
3127 3958 3275 4012 illius
3309 3961 3360 4014 in
3421 3961 3594 4032 hypu-

2006 4045 2139 4095 διιιεὶ
2176 4043 2470 4096 scaturire.
2504 4042 2562 4096 ld
2599 4046 2643 4097 si
2667 4045 2740 4098 ita
2769 4056 2876 4110 cst,
2912 4046 3037 4101 inde
3079 4063 3208 4118 ergo
3242 4065 3468 4118 prorsus
3500 4053 3594 4106 lia—-

2010 4132 2123 4196 bet,
2162 4132 2307 4201 quod
2369 4134 2460 4188 sit.
2497 4133 2709 4200 Quibus
2768 4136 2890 4190 luce
2928 4137 3131 4192 clarius
3187 4147 3291 4207 est,
3327 4141 3433 4195 nisi
3470 4146 3604 4211 quis

2014 4227 2202 4279 solens
2241 4225 2520 4290 excutiat,
2557 4227 2722 4281 nobis
2756 4228 3011 4282 emittere
3044 4227 3242 4282 Filium
3300 4230 3600 4301 Spiritum,

2010 4328 2067 4373 et
2097 4317 2338 4388 Spiritus
2391 4333 2643 4382 munera,
2678 4321 2825 4389 quod
2863 4322 3106 4389 Spiritus
3143 4322 3216 4378 sit
3280 4325 3334 4378 in
3370 4327 3598 4396 speciali

2015 4413 2295 4484 ltyposmsi
2332 4414 2660 4468 naturaliter
2684 4430 2748 4468 ex
2783 4417 3129 4487 ipso.Nequc
3151 4417 3306 4472 enim
3323 4421 3602 4489 sequitur,
3664 4449 3668 4452 ν

2016 4516 2076 4560 ιιι
2118 4506 2378 4571 diximus,
2409 4508 2451 4561 si
2486 4522 2552 4560 ex
2587 4506 2728 4561 Filio
2776 4507 3022 4584 Spiritus
3052 4525 3283 4564 munera
3344 4512 3605 4577 efﬂuunt,

313 4603 662 4676 χαρίσματα,
700 4601 864 4654 ᾰτινα
895 4599 990 4651 καὶ
1041 4597 1307 4665 δευτέραν
1335 4595 1564 4663 πρόοδον
1592 4593 1744 4662 λέγει
1777 4594 1900 4646 Νεῖ-

2014 4615 2138 4669 quae
2164 4609 2220 4653 et
2254 4599 2561 4654 secundum
2596 4616 2948 4671 progressum
2985 4604 3194 4657 vocitat
3249 4604 3431 4669 Nilus,
3489 4622 3601 4661 non

315 4702 434 4760 λος,
475 4693 551 4765 μὴ
578 4691 882 4764 ἐκκεῖσθαι,
915 4690 1036 4760 ἦτοι
1068 4688 1468 4757 ἐκπορεύεσθαι
1509 4686 1641 4756 παρ’
1695 4687 1907 4740 ἐκείνου

312 4791 380 4844 τὸ
411 4788 661 4857 Πνεῦμα.
717 4785 1046 4839 Τοὺναντίον
1093 4783 1136 4835 δ’
1166 4782 1337 4843 ἅπαν.
1371 4781 1560 4850 ἐπειδὴ
1605 4779 1737 4849 παρ’
1766 4780 1912 4832 ὲκεί-

313 4902 414 4937 νου
469 4879 835 4950 ἐκπορεύεται
865 4877 926 4931 τὸ
954 4876 1199 4946 Πνεῦμα,
1234 4875 1365 4947 παρ’
1411 4875 1625 4930 ἐκείνου
1657 4873 1912 4946 χορηγεί-

318 4995 415 5030 ται
457 4977 550 5030 καὶ
598 4973 666 5028 τὰ
697 4973 1040 5045 χαρίσματα,
1089 4971 1279 5026 καὶτὸ
1329 4970 1577 5041 φυσικῶς
1627 4972 1738 5040 ἄρα
1780 4969 1912 5038 παρ’

325 5072 540 5126 ἐκείνου
556 5067 914 5140 χορηγεῖσθαι
943 5063 1181 5128 αἰωνίως
1206 5066 1322 5118 ἐστὶ
1339 5063 1718 5136 χορηγεῖσθαι,
1739 5064 1833 5116 καὶ
1850 5062 1910 5115 οὗ

320 5163 464 5232 πρός
489 5177 664 5225 τινας,
687 5160 722 5229 ἢ
747 5159 868 5215 κατ’
893 5158 1100 5224 αἰτίαν,
1117 5157 1192 5220 ὡς
1217 5156 1412 5210 οἴεταιο
1433 5154 1548 5208 ἀλλ’
1567 5153 1758 5224 ὥσπερ
1779 5153 1845 5207 ἂν
1865 5155 1918 5207 εἴ

315 5273 406 5318 τις
423 5255 544 5324 Θείη
563 5254 785 5312 αἰώνιον
805 5249 947 5306 εἶναι
980 5251 1076 5306 καὶ
1103 5250 1211 5321 πρὸ
1240 5251 1340 5318 τῆς
1378 5249 1612 5312 κτίσεως
1629 5248 1721 5302 τὸν
1737 5247 1914 5318 ἥλιον,

315 5342 389 5418 ἦν
427 5346 494 5400 ἄν
525 5346 623 5400 καὶ
655 5344 762 5413 πρὸ
784 5342 880 5397 τοῦ
911 5341 1166 5412 γενέσθαι
1195 5345 1264 5395 τὰ
1287 5340 1470 5394 πάντα
1505 5338 1567 5394 τὸ
1597 5341 1714 5409 φῶς
1745 5339 1913 5394 αὑτοῦ

318 5439 411 5492 διὰ
444 5436 546 5506 τῆς
590 5437 810 5499 ἀκτῖνος
841 5433 1149 5499 ἀπολύτως,
1189 5432 1283 5486 καὶ
1323 5432 1423 5503 οὐχ
1459 5433 1595 5502 ἡμῖν
1622 5447 1637 5463 ·
1669 5433 1828 5501 ἡμῶν
1859 5433 1917 5486 δὲ

320 5528 659 5586 κτισθέντων
689 5527 959 5598 λάμψειεν
984 5527 1052 5580 ἂν
1083 5527 1178 5579 καὶ
1202 5527 1356 5596 ἡμῖν.
1391 5524 1552 5580 Οὕτω
1577 5527 1674 5580 καὶ
1702 5526 1796 5580 ἐπὶ
1821 5525 1914 5578 τοῦ

318 5620 581 5693 ἀληθινοῦ
645 5620 818 5692 ἡλίου.
880 5619 1128 5692 Πηγάζει
1176 5619 1278 5689 μὲν
1326 5621 1354 5672 ὁ
1407 5618 1535 5682 Υίὸς
1587 5619 1824 5681 αίωνίως
1857 5617 1919 5672 τὸ

321 5719 553 5790 Πνεῦμα
593 5717 670 5782 ὡς
707 5715 862 5783 ἴδιον,
890 5715 993 5786 τῆς
1039 5715 1274 5779 κτίσεως
1317 5714 1374 5768 δὲ
1409 5714 1705 5784 γενομένης
1740 5713 1940 5784 πηγά-,

321 5815 406 5878 ζει
459 5815 557 5865 καὶ
586 5813 654 5880 τῇ
686 5811 885 5864 κτίσει.
921 5809 1014 5873 Ἐξ
1062 5809 1232 5864 αὐτοῦ
1291 5808 1484 5879 γὰρ,ἢ
1541 5808 1609 5860 δι’
1657 5808 1823 5861 αὐτοῦ
1858 5808 1917 5862 ὃν

321 5908 552 5978 φωτίζει
610 5909 759 5978 ἡμᾶς
799 5906 860 5961 τὺ
913 5906 1100 5976 νοερὸν
1145 5905 1280 5975 φῶς.
1333 5906 1440 5958 Καὶ
1480 5902 1624 5958 οὕτω
1653 5902 1916 5973 δευτέραν

2018 4693 2224 4747 eilundi
2253 4708 2432 4764 neque
2451 4694 2750 4763 procedere
2782 4711 2848 4750 ex
2877 4711 2940 4749 ea
2965 4695 3253 4766 Spiritum.
3286 4699 3398 4753 [mo
3426 4707 3605 4755 totum

2017 4784 2373 4852 oppositum;
2409 4798 2533 4838 cum
2567 4799 2637 4838 ex
2696 4801 2763 4841 eo
2794 4785 3034 4855 Spiritus
3088 4789 3375 4860 procedat,
3414 4806 3480 4845 ex
3537 4807 3609 4845 eo

2017 4877 2443 4944 suppeditantur
2471 4885 2529 4930 et
2562 4893 2822 4944 munera;
2861 4888 2916 4934 et
2951 4883 3279 4936 naturaliter
3309 4883 3478 4952 igitur
3532 4887 3608 4938 ab

2019 4969 2113 5024 illo
2148 4971 2516 5041 suppeditari,
2545 4972 2614 5027 ab
2651 4983 2861 5028 aeterno
2894 4983 2978 5029 est
3005 4976 3372 5045 suppeditari,
3403 4986 3455 5033 et
3494 4994 3603 5032 non

2019 5064 2086 5118 ad
2120 5065 2358 5134 aliquos,
2395 5074 2490 5120 aut
2537 5067 2842 5121 secundum
2877 5082 3125 5137 causam,
3182 5079 3245 5124 ut
3302 5069 3607 5140 opinatur;

2019 5157 2116 5213 sed
2145 5157 2293 5213 sicut
2330 5157 2377 5213 si
2415 5159 2540 5228 quis
2574 5159 2644 5213 ab
2676 5169 2885 5214 aztcrno
2917 5176 3062 5223 esse,
3092 5172 3149 5216 et
3182 5171 3311 5217 ante
3365 5164 3604 5218 ειεξιιίοη

2023 5267 2146 5306 nem
2178 5251 2359 5321 ipsum
2395 5253 2570 5306 solem
2614 5253 2886 5321 posuerit,
2929 5262 3079 5308 esset
3112 5253 3324 5324 utique,
3359 5263 3419 5309 et
3451 5263 3611 5309 ante-

2021 5358 2186 5414 quam
2204 5353 2386 5398 creata
2409 5343 2644 5398 fuissent
2664 5345 2847 5399 omnia
2865 5344 3052 5399 lumen
3075 5346 3249 5416 ipsius
3271 5361 3370 5416 per
3389 5345 3608 5400 radium

2022 5437 2300 5499 absolute,
2330 5446 2386 5491 et
2447 5452 2558 5490 non
2621 5436 2816 5500 nobis;
2879 5437 3040 5491 nobis
3090 5452 3222 5492 vero
3255 5437 3611 5507 postmodum

2021 5533 2245 5596 creatis,
2285 5529 2472 5584 lumen
2514 5531 2681 5584 etiam
2737 5529 2898 5583 nobis
2938 5529 3291 5599 praebuisset.
3324 5529 3415 5584 Sic
3458 5539 3513 5586 et
3538 5531 3612 5586 dc

2022 5637 2157 5676 vero
2201 5621 2318 5677 sole
2373 5621 2814 5676 ratiocinandum
2871 5632 2980 5676 est.
3035 5621 3255 5676 Emittit
3313 5621 3485 5676 Filius
3541 5627 3614 5676 ab

2023 5727 2228 5772 aeterno
2269 5716 2537 5785 Spiritum
2585 5716 2756 5771 veluti
2820 5731 3009 5782 suum,
3064 5715 3157 5770 ubi
3217 5732 3351 5770 vero
3403 5717 3616 5770 creatio

2023 5811 2273 5864 absoluta
2311 5820 2414 5872 est,
2447 5811 2652 5864 emittit
2682 5811 2845 5864 ctiam
2882 5818 3168 5863 creatum.
3205 5808 3282 5862 Es
3315 5809 3435 5878 ipso
3461 5809 3611 5862 enim

2020 5904 2318 5968 exsistcns,
2354 5914 2447 5959 aut
2489 5919 2585 5974 per
2609 5903 2788 5974 ipsum
2820 5902 3092 5957 illuminat
3123 5917 3226 5956 nos
3251 5900 3613 5957 iutellectuali
