4098 6406
571 399 676 463 799
1765 382 2093 445 GEORGII
2134 377 2660 442 TRAPEZUNTII
3192 344 3203 358 ’
3721 377 3815 437 ευ.)

570 511 805 573 lumine,
833 516 890 563 et
920 506 1028 561 hoc
1058 512 1222 574 pacto
1251 499 1559 557 secundum
1594 510 1949 568 progressum
2008 510 2152 549 nun-
2182 513 2200 562 ε

2306 494 2361 546 ἑν
2388 491 2621 563 πρόοδον
2651 489 2891 559 λέγομεν
2930 486 3025 540 τδν
3058 487 3123 542 ἐκ
3154 485 3249 541 τοῦ
3305 485 3517 557 Πατρὸς
3546 485 3819 554 γενόμενον

572 616 839 674 cupamus
860 614 1006 663 eam,
1036 611 1159 667 quae
1180 609 1248 651 ex
1297 593 1460 650 Patre
1494 589 1676 662 dignis
1709 588 2045 644 illuminatio
2080 588 2162 651 lit,

2306 588 2381 649 οἷς
2409 578 2584 652 ἀξίοις
2611 582 2920 653 φωτισμὸν,
2958 582 3072 635 εἴτε
3124 580 3347 635 κτιστύν
3394 597 3469 642 τι,
3508 579 3820 648 ἢᾶκτιοτον,

573 666 691 747 sive
728 688 860 761 quid
891 666 1164 747 creatum,
1202 684 1323 739 sive
1379 683 1717 742 increatum,
1748 679 1865 734 sive
1901 694 2022 734 eam
2081 678 2165 748 ip-

2306 679 2362 730 αἱ
2397 674 2497 728 εἶτ’
2540 666 2673 730 αὐτὸ
2719 673 2754 745 ἢ
2804 672 2935 729 ἄλλο
2983 675 3084 743 τῆς
3135 671 3288 735 θείας
3317 670 3505 734 οὐσίας
3557 671 3721 725 οἴεταὶ
3748 689 3822 735 τις

574 795 714 844 sam,
743 779 861 833 sive
895 776 1027 847 quid
1052 773 1201 830 aliud
1229 789 1298 829 ex
1326 772 1510 827 divina
1535 770 1776 826 essentia
1802 783 2167 840 promanans,

2306 767 2459 821 οὖτον
2493 767 2587 821 τὸν
2622 766 2943 847 φωτισμάνί
2987 765 3064 820 Οὐ
3096 763 3207 836 γὰρ
3250 763 3387 834 πρὸς
3422 764 3486 818 τὸ
3531 763 3700 835 παρὸν
3722 764 3823 818 δια-

574 868 1206 928 hancilluminationem
1239 866 1514 937 quispiam
1566 862 1984 919 existimaverit.
2055 859 2165 916 Ne-

2306 858 2539 930 ιέρομαι.
2590 857 2682 911 ἵνα
2732 855 2808 928 μὴ
2836 840 2944 921 ἔξω
2999 854 3206 909 σκοποῦ
3255 853 3454 924 βάλλω.
3485 854 3601 907 Ὀτι
3631 854 3685 906 δὲ
3726 856 3826 918 τοῖς

571 980 681 1035 que
711 964 857 1018 enim
885 962 943 1017 in
990 959 1250 1032 praesenti
1311 958 1477 1013 alicui
1545 955 1984 1012 controversiam
2038 969 2171 1009 con-

2306 949 2545 1018 7l0tq06
2581 950 2714 1019 περὶ
2758 948 2965 1019 ταύτης
2995 948 3098 1017 τῆς
3131 946 3419 1017 ἐνεργείας
3445 948 3472 1000 ὁ
3511 946 3683 1015 λόγος,
3713 948 3826 1001 ὅταν

573 1068 732 1113 struo
755 1098 770 1123 ,
807 1070 878 1111 ne
900 1063 1058 1110 extra
1086 1066 1316 1121 scopum
1341 1050 1664 1105 collineam.
1695 1048 1901 1102 Verum
1918 1063 1947 1100 a
1967 1045 2174 1126 sanctis

2306 1062 2324 1097 l.
2357 1042 2578 1096 τοιοῦτο
2612 1042 2868 1113 λέγηται,
2921 1040 3059 1096 ἀλλὰ
3089 1042 3221 1112 περὶ
3266 1039 3362 1094 τοῦ
3396 1040 3515 1104 ἐνὸς
3561 1040 3656 1111 τῆς
3682 1040 3829 1111 Τριά-

576 1166 690 1206 non
728 1152 798 1205 de
828 1148 935 1204 ista
995 1145 1317 1217 operatione
1378 1156 1696 1198 sermonem
1757 1139 1975 1204 haberi,
2042 1153 2170 1192 cum

2306 1152 2387 1200 0;,
2426 1136 2608 1189 ἐκεῖνο
2653 1135 2792 1207 πρὸς
2824 1136 2936 1215 τοῖς
2968 1134 3208 1206 λεχθεῖσι
3255 1133 3478 1203 κάτεχε,
3526 1136 3605 1189 ὅτι
3632 1136 3658 1188 ὁ
3684 1152 3830 1202 φωτι-

576 1241 712 1313 quid
768 1239 950 1295 simile
1005 1214 1426 1309 pronuntiatur,
1459 1233 1556 1290 sed
1598 1233 1669 1287 de
1703 1247 1812 1287 una
1883 1230 2175 1287 Trinitatis

2306 1226 2413 1296 ’μὸς
2447 1218 2605 1292 οὗτος
2638 1226 2816 1291 κοινὸς
2846 1214 2922 1279 ὣν
2953 1226 3053 1296 τῆς
3082 1227 3338 1294 Τριάδος,
3371 1226 3476 1281 οὐκ
3504 1225 3570 1280 ἂν
3614 1225 3828 1294 ἐλέγετο,

580 1345 842 1402 persona,
884 1329 937 1383 id
964 1342 1185 1398 quoque
1215 1342 1329 1393 pra:
1358 1326 1446 1381 bis
1473 1341 1597 1395 quae
1626 1322 1897 1402 diximus,
1924 1321 2174 1377 addisci-

2307 1337 2342 1373 κ
2373 1320 2587 1393 Πατρδς
2615 1320 2684 1374 δι’
2717 1319 2854 1374 Υῐοῦ
2906 1320 3210 1390 ἐκκεῖσθαι,
3247 1320 3282 1392 ἦ
3319 1320 3703 1391 προέρχεσθαι,
3732 1317 3830 1372 ἀλλ’

585 1401 664 1486 to,
701 1419 850 1492 quod
876 1435 1006 1475 cum
1030 1419 1360 1473 illuminatio
1386 1420 1501 1472 lia2c
1530 1415 1630 1471 toti
1660 1414 1844 1469 Triadi
1857 1401 2180 1469 communis

2306 1415 2468 1478 ιπλῶς
2494 1415 2558 1469 εκ
2582 1415 2683 1484 τῆς
2721 1414 2872 1478 θείας
2902 1414 3172 1485 οὐσίας,ἢ
3208 1415 3402 1478 ἁπλῶς
3433 1417 3497 1469 ὲκ
3544 1413 3698 1479 Θεοῦ,
3724 1416 3753 1487 ἢ
3777 1420 3832 1469 ἐκ

584 1515 687 1581 sit,
709 1527 990 1583 nunquam
1012 1511 1282 1567 dixissent
1315 1510 1463 1566 illam
1486 1524 1553 1563 ex
1578 1508 1741 1564 Patre
1763 1523 1860 1578 per
1879 1506 2078 1562 Filium
2099 1504 2179 1560 ef-

2306 1508 2381 1577 τῆς
2412 1506 2575 1576 ἁγίας
2604 1506 2858 1577 Τριάδος.
2898 1505 3025 1560 ’Ότι
3045 1506 3104 1560 δὲ
3152 1505 3318 1561 τοῦτο
3343 1506 3564 1577 ἀληθὲς,
3593 1507 3833 1574 θεολογῶν

583 1607 764 1676 fundi,
797 1615 893 1662 aut
923 1622 1023 1678 pro
1056 1605 1194 1671 redi,
1225 1604 1322 1661 sed
1364 1603 1618 1659 absolute
1653 1618 1718 1657 ex
1752 1602 1941 1656 divina
1973 1614 2178 1655 essen-

2306 1599 2419 1669 ιμοῦ
2454 1600 2550 1653 καὶ
2580 1597 2799 1667 ψάλλων
2834 1599 2984 1667 λέγει
3016 1615 3100 1652 σοι
3135 1600 3165 1651 ὁ
3191 1601 3259 1653 ἐκ
3304 1598 3596 1669 Δαμασκοῦ
3628 1616 3641 1630 ·
3675 1601 3834 1654 Ἔθου

585 1700 683 1765 tia,
715 1708 812 1755 aut
838 1698 1093 1754 absolute
1124 1713 1192 1753 ex
1213 1697 1348 1763 Deo,
1374 1695 1460 1750 vel
1491 1703 1680 1751 sancta
1713 1691 1939 1748 Triade.
1972 1692 2037 1747 Et
2069 1690 2178 1746 hoc

2306 1689 2431 1760 ἱμῗν
2449 1688 2949 1760 ἀκαταίσχίυντον
2972 1691 3251 1760 πρέσϐυν
3286 1692 3406 1758 τὴν
3427 1693 3502 1745 σὲ
3540 1690 3832 1757 τεκοῦσαν,

586 1807 778 1848 verum
808 1807 933 1847 esse
966 1806 1056 1846 res
1093 1790 1433 1859 theologicas
1465 1797 1709 1843 tractans
1736 1785 1899 1841 simul
1957 1791 2016 1840 et
2041 1798 2176 1841 con-

2306 1783 2526 1853 t’pta'te.
2574 1784 2800 1852 ταύτης
2860 1784 2989 1851 ταῖς
3036 1783 3399 1850 ἐντεύξεων
3444 1785 3618 1839 ἵλεων
3660 1783 3836 1854 νέμοις

587 1887 785 1941 cinens
839 1885 1212 1940 Damascenus
1240 1881 1440 1937 edocet
1471 1897 1487 1934 :
1530 1878 1772 1934 Posuisti
1805 1877 1976 1943 nobis,
2014 1893 2177 1947 quam

2306 1875 2427 1945 δμῒν
2454 1877 2720 1943 Πνεῦμα,
2742 1877 3138 1949 μεταδοτικὸν
3158 1879 3529 1949 ἁγαθότητος
3547 1877 3615 1931 ἐκ
3635 1876 3836 1944 Πατρός

588 1994 693 2033 non
718 1976 952 2047 pudebit,
984 1973 1403 2044 deprecatricem
1425 1972 1523 2038 tui,
1555 1970 1787 2036 Christe,
1817 1968 2137 2024 Genitricem
2159 1982 2178 2021 :

2306 1969 2381 2024 ita
2426 1971 2545 2027 σοῦ
2589 1973 3057 2042 προερχόμενον.
3103 1973 3207 2028 Ἐκ
3257 1972 3516 2044 Πατρός,
3565 1974 3712 2043 φησι,
3754 1971 3836 2025 διὰ

588 2070 750 2140 hujus
783 2064 1248 2122 intercessionibus
1280 2065 1571 2135 propitium
1621 2063 1767 2118 nobis
1798 2064 1952 2116 trade
2004 2058 2179 2130 Spiri-

2306 2065 2425 2132 roi),
2467 2065 2567 2136 τῆς
2600 2066 2973 2137 ,ἀντωνυμίας
3006 2066 3102 2121 ἐπὶ
3137 2068 3308 2139 μόνης
3340 2069 3443 2137 τῆς
3491 2065 3835 2122 ἀνυποστάτου

591 2170 704 2214 tum
734 2149 1237 2215 communieativuni
1257 2158 1507 2213 bonitatis
1546 2173 1611 2212 ea:
1640 2157 1802 2212 Patre
1832 2171 1926 2226 per
1954 2162 2004 2209 te
2052 2169 2176 2225 pro-

2306 2154 2544 2224 ιεότητος
2570 2154 2667 2208 τοῦ
2692 2155 2825 2209 Υἱοῦ
2847 2155 3297 2227 λαμϐανομένης.
3325 2156 3431 2213 Διὰ
3452 2157 3570 2213 σοῦ
3595 2158 3649 2212 δὲ
3670 2153 3836 2219 εἰπὼν,

591 2252 945 2323 gradientem.
985 2249 1070 2304 Ea:
1101 2248 1288 2317 Patre,
1329 2250 1428 2316 ait,
1467 2265 1562 2320 per
1592 2256 1664 2316 te,
1719 2246 2051 2318 pronomine
2110 2245 2184 2301 de

2306 2247 2456 2313 ἔδειξε
2491 2247 2586 2301 τὸν
2641 2248 2838 2302 Νεῖλον
2891 2247 3000 2303 τῶν
3048 2248 3213 2303 θείων
3263 2250 3749 2322 καταψευδόμενον,
3774 2248 3840 2310 ὠς

590 2344 709 2399 sola
739 2342 1030 2400 divinitate
1080 2340 1228 2406 Filii,
1262 2340 1473 2411 absque
1529 2339 1813 2412 liypostasi
1864 2338 2182 2408 desumpto.

2306 2340 2394 2411 ἱρα
2426 2341 2486 2394 τὸ
2518 2339 2586 2395 δι’
2634 2339 2769 2394 Υἱοῦ
2830 2340 3066 2412 λέγοιτο,
3113 2342 3246 2398 Ὀτι
3298 2345 3536 2412 Πατέρα
3577 2342 3838 2407 εἰπόντες,

596 2435 666 2494 Et
691 2435 799 2491 Per
831 2445 881 2490 te
911 2435 1126 2501 dicens,
1166 2434 1352 2489 Nilum
1392 2447 1484 2488 res
1515 2432 1733 2488 divinas
1759 2430 1997 2502 pessime
2026 2428 2188 2485 false-

2306 2432 2435 2486 Υὶὸν
2461 2431 2868 2503 ἐννοήσαμεν.
2907 2432 3099 2497 Οὐδεὶς
3136 2434 3246 2504 γὰρ
3284 2434 3353 2488 τὸ
3374 2432 3492 2489 σοῦ
3524 2433 3631 2486 τῶν
3660 2431 3777 2504 πρός
3796 2446 3840 2482 τι

592 2544 702 2600 que
736 2536 1079 2600 pertractare
1108 2526 1375 2592 ostendit,
1400 2526 1496 2597 qui
1531 2525 1754 2591 asserit,
1788 2522 1926 2579 Cum
1955 2522 2182 2578 Patrem

2306 2524 2460 2591 τέγει,
2487 2523 2625 2578 ἀλλὰ
2653 2525 2750 2577 καὶ
2778 2522 3007 2595 Πνεῦμα
3032 2524 3125 2578 τὸν
3154 2524 3249 2578 ἕνα
3272 2524 3380 2595 τῆς
3409 2525 3655 2597 Τριάδος,
3682 2525 3737 2578 οὐ
3759 2521 3841 2593 τὴν

594 2621 846 2685 diximus,
877 2619 1069 2675 Filium
1097 2617 1471 2697 intelligimus.
1508 2616 1688 2672 Nemo
1717 2614 1867 2670 enim
1930 2613 2065 2669 illud
2135 2622 2186 2666 te

2306 2615 2577 2685 ivép75tav
2635 2617 2880 2687 εἴρηκεν.
2928 2616 3231 2689 Ἀγαθότης
3264 2620 3382 2689 γὰρ
3435 2620 3469 2691 η
3502 2619 3736 2689 ένέργεια
3763 2614 3842 2670 καὶ

594 2715 662 2770 ad
699 2711 996 2768 notandam
1039 2710 1366 2767 relationem
1404 2708 1751 2779 pronuntiat,
1788 2705 1886 2762 sed
1917 2715 1973 2761 et
2002 2704 2182 2777 Spiri-

2306 2708 2323 2779 l;
2352 2712 2537 2780 χάρις,
2564 2703 2632 2781 ἦς
2657 2709 2718 2762 τὸ
2749 2709 3104 2779 μεταδοτικὺν
3136 2709 3373 2781 Πνεῦμα
3395 2711 3496 2765 οὐκ
3516 2709 3581 2764 ἂν
3606 2710 3686 2781 εῐη
3712 2709 3843 2778 ἐνέρ-

596 2817 713 2861 tum
736 2802 1046 2861 'Trinitatis
1073 2817 1267 2867 unum,
1314 2816 1426 2855 non
1459 2800 1838 2883 operationem
1871 2797 2183 2868 expressit;

597 2899 819 2955 bonitas
851 2895 1131 2968 siquidem
1189 2904 1276 2951 est
1305 2894 1583 2965 operatio,
1641 2903 1699 2948 et
1754 2891 1986 2959 donum,
2028 2892 2187 2962 cujus

2306 2893 2543 2964 ινέργεια
2573 2895 2876 2965 ἆνεργείας,
2904 2896 3043 2965 ὅπερ
3080 2898 3172 2951 καὶ
3196 2899 3458 2968 ἐννοῆσαι
3492 2898 3840 2969 ἀνοητότατον.

596 2990 1098 3046 communicativus
1121 2988 1366 3058 Spiritus
1395 3000 1680 3056 nunquam
1713 2983 1880 3040 fuerit
1910 2978 2186 3055 ope'ratio.

2306 2987 2420 3040 Ἐτι
2458 2988 2520 3041 τὸ
2553 2987 2737 3056 ἵλεων,
2771 2990 2869 3043 καὶ
2900 2990 3153 3061 εὐμενὲς,
3183 2990 3281 3046 καὶ
3313 2993 3377 3047 τὸ
3407 2991 3614 3057 εὔνουν,
3645 2991 3732 3045 καὶ
3761 2990 3845 3042 ὄσι

604 3085 764 3139 Esset
802 3098 1040 3153 namque
1069 3082 1276 3137 donum
1332 3078 1863 3135 communicativum
1920 3078 2074 3145 doni,
2133 3087 2190 3134 ct

2306 3079 2522 3134 τοιαῦτα
2558 3081 2669 3135 τῶν
2719 3082 2960 3153 ἑχόντων
2998 3083 3221 3154 θέλησιν
3266 3089 3675 3159 κατηγορεῖται,
3715 3085 3770 3138 Ἦ
3797 3081 3846 3136 δὲ

600 3175 854 3247 Operatio
910 3174 1273 3247 operationis,
1327 3172 1475 3242 quod
1524 3183 1582 3226 et
1649 3171 1838 3226 animo
1887 3173 2185 3242 concipere

2306 3173 2551 3242 ἐνέργεια
2592 3173 2693 3227 οὐκ
2726 3174 2838 3245 ἔχει
2881 3176 3125 3241 θέλησιν.
3174 3179 3291 3233 Οὐκ
3320 3179 3544 3253 εὔχεται
3580 3181 3685 3251 ἄρα
3708 3179 3845 3232 ἵλεων

600 3266 992 3324 stultissimum
1034 3267 1128 3322 sit.
1162 3266 1303 3320 item
1365 3263 1688 3334 propitium,
1743 3263 1950 3329 lenem,
2012 3263 2186 3318 benc—

2306 3265 2444 3337 ιὺτῷ
2489 3265 2589 3337 τὴν
2640 3267 2927 3339 ἐνέργειαν
2968 3269 3258 3341 νέμεσθαι.
3294 3274 3501 3345 Μωροῦ
3544 3274 3645 3344 γὰρ
3673 3273 3729 3326 τὸ
3747 3272 3846 3331 τοῖς

600 3361 786 3416 volum
812 3400 829 3427 ,
862 3368 921 3415 et
975 3359 1180 3415 similia
1220 3358 1289 3413 de
1327 3357 1395 3412 iis
1443 3357 1538 3427 qui
1606 3355 1893 3411 voluntate
1958 3354 2185 3426 pollent,

2306 3357 2373 3428 μὴ
2401 3356 2589 3429 έχουσι
2641 3359 2900 3431 βούλησιν
2957 3363 3020 3416 τὸ
3064 3363 3356 3436 βούλεσθαι
3418 3366 3727 3439 ἀπονέμειν,
3768 3363 3848 3416 καὶ

536 3500 539 3501 ν
601 3451 998 3524 praedicantur.
1036 3450 1143 3506 Sed
1201 3450 1451 3522 Operatio
1488 3448 1788 3503 voluntatis
1825 3462 2027 3517 expers
2054 3458 2138 3503 est
2171 3463 2187 3514 ;

2306 3450 2464 3506 ταῦτα
2499 3452 2905 3521 θεολογοῖητοε.
2935 3455 3006 3510 ’Ὃ
3045 3457 3102 3509 δὲ
3140 3459 3237 3512 καὶ
3267 3458 3432 3528 ἆγιος
3460 3463 3553 3515 καὶ
3597 3460 3767 3527 σοφός.
3796 3454 3849 3510 El

603 3561 714 3601 non
751 3545 1097 3616 supplicatur
1128 3544 1321 3614 igitur,
1364 3551 1426 3597 ut
1474 3542 1714 3613 pr0pitia
1779 3541 1885 3596 sibi
1935 3541 2188 3611 operatio

2306 3542 2351 3597 is
2384 3543 2531 3614 ἔχειν
2566 3543 2825 3618 βούλησιν
2875 3549 2976 3619 τὴν
3010 3550 3294 3620 ἐνέργειαν
3347 3553 3636 3625 πιστεύῃς,
3669 3552 3717 3605 εἰ
3763 3548 3848 3618 μὲν

602 3635 960 3691 cxhibeatur.
996 3634 1246 3704 Namque
1278 3633 1553 3689 dementis
1603 3630 1800 3696 luerit,
1835 3632 1903 3687 iis
1932 3636 2029 3701 qui
2094 3646 2190 3686 vo-

2306 3635 2375 3703 μὴ
2407 3637 2659 3710 διαφέρει
2687 3640 2785 3708 τῆς
2829 3630 3040 3707 οὐσίας,
3073 3641 3154 3711 τῷ
3196 3640 3351 3713 αὒτῷ
3395 3644 3580 3699 λοιπὸν
3623 3644 3753 3697 ἔστω
3783 3636 3849 3709 τῷ

606 3729 876 3784 lnntatem
911 3741 1019 3781 non
1046 3726 1270 3791 habent,
1313 3726 1474 3789 velle,
1508 3724 1733 3786 dedere.
1759 3732 1817 3779 et
1843 3724 2191 3794 potissimum

2306 3727 2668 3801 Παρακλήτῳ.
2709 3731 2821 3785 Καὶ
2866 3732 3022 3786 ἔσται
3052 3734 3081 3786 ὁ
3136 3735 3499 3806 Παράκλητος
3554 3739 3616 3791 εκ
3662 3732 3847 3802 [ἰατρὸς

608 3821 656 3876 si
699 3834 790 3875 res
828 3819 1164 3890 thenlogicas
1197 3825 1420 3872 tractat.
1461 3820 1533 3871 At
1566 3816 1657 3872 hic
1680 3816 1765 3871 vir
1808 3825 1867 3872 et
1902 3817 2195 3872 sanctitate

2306 3819 2364 3872 δι’
2395 3821 2525 3875 Υἱοῦ
2552 3838 2568 3855 ’
2614 3824 2709 3876 καί
2738 3823 2898 3877 τοῦτό
2930 3826 3051 3878 ἐστι
3094 3826 3155 3879 τὺ
3186 3826 3549 3899 ζητούμενον.
3583 3830 3643 3883 Ei
3669 3828 3711 3882 δ’
3740 3826 3852 3883 ἄλλο

606 3924 665 3969 ει
698 3913 978 3984 sapientia
1007 3920 1254 3982 praestat.
1288 3909 1445 3978 Quod
1474 3909 1521 3964 si
1556 3909 1858 3964 voluntatis
1883 3919 2191 3978 compotem

2306 3912 2397 3967 καὶ
2432 3912 2714 3981 ἄκτίστον,
2745 3917 2842 3970 καὶ
2892 3917 3017 3987 ἔχον
3045 3917 3107 3972 τὸ
3152 3918 3468 3989 βούλεσθαι,
3513 3922 3564 3976 εἰ
3610 3923 3705 3993 μὲν
3734 3920 3850 3989 ἄλλῃ

602 4021 730 4061 esse
759 4008 1138 4076 operationem
1168 4003 1436 4074 epinaris,
1468 4002 1515 4058 si
1546 4002 1617 4056 ab
1648 4001 1893 4058 essentia
1938 4016 2050 4056 non
2090 3999 2197 4056 dif-

2306 4007 2518 4077 θελήσει
2545 4007 2711 4072 θέλει,
2743 4011 2840 4064 καὶ
2861 4013 2924 4065 οὐ
2954 4014 3022 4084 τῇ
3052 4014 3218 4085 αὐτῇ,
3248 4008 3284 4090 ᾖ
3320 4014 3354 4086 ἠ
3384 4017 3555 4087 Τριὰς
3587 4015 3751 4069 θέλειν
3773 4012 3850 4065 λέ·

606 4099 734 4163 lcrt,
761 4113 868 4153 una
898 4096 1202 4166 eademque
1248 4094 1322 4151 sit
1352 4110 1478 4150 cum
1516 4093 1822 4149 Paracleto.
1858 4091 1927 4147 Et
1957 4093 2040 4171 sic
2088 4092 2197 4147 erit

2306 4115 2478 4168 γεται,
2515 4100 2627 4155 ἰδοὺ
2675 4101 2810 4165 Θεὸς
2863 4102 3045 4169 ἄλλος,
3082 4104 3180 4159 καὶ
3215 4106 3379 4176 φύσις
3420 4109 3555 4181 ἄλλη
3594 4107 3849 4181 ἀριτίστου.

608 4191 926 4246 Paracletus
961 4205 1060 4261 per
1090 4189 1288 4244 Filium
1318 4207 1332 4242 :
1364 4197 1422 4244 et
1469 4188 1577 4243 hoc
1601 4197 1713 4251 est,
1740 4186 1809 4243 de
1857 4202 1970 4258 quo
1997 4186 2197 4257 quieri-

2306 4192 2380 4246 Τὰ
2420 4192 2532 4264 γὰρ
2563 4193 2801 4266 διάφορα
2843 4194 3126 4266 θελήματα
3153 4197 3455 4270 διαφόρους
3486 4201 3675 4271 φύσεις
3719 4213 3853 4251 συνι-

606 4292 718 4338 tur.
752 4281 910 4350 Quod
948 4284 997 4339 si
1031 4282 1180 4338 aliud
1216 4280 1349 4353 quid
1412 4290 1517 4348 est,
1554 4291 1610 4337 et
1642 4280 1975 4342 increatum.
2012 4289 2070 4334 et
2102 4294 2197 4334 vo-

2306 4285 2515 4338 στᾶσιν.
2553 4283 2617 4337 Ei
2647 4283 2706 4339 δὲ
2730 4286 2796 4356 τῇ
2841 4284 3006 4356 αὐτῇ,
3042 4286 3162 4350 πῶς
3195 4287 3365 4357 illo;
3413 4293 3483 4346 τὰ
3514 4292 3622 4363 γὰρ
3649 4291 3724 4346 ἑνὶ
3775 4290 3853 4341 θε-

604 4374 817 4429 luntate
852 4372 1150 4438 munitum,
1181 4373 1226 4427 si
1258 4372 1364 4426 alia
1396 4371 1679 4427 voluntate
1711 4371 1969 4435 voluerit,
2003 4377 2195 4423 etnon

2306 4372 2506 4445 λήματι
2566 4379 2987 4448 συσφιγγόμενα
3018 4379 3118 4448 μιᾷ
3165 4380 3329 4450 φύσει
3388 4384 3691 4454 συνέχεται.
3717 4381 3775 4435 El
3813 4376 3853 4430 δ’

603 4482 669 4522 ea
707 4465 824 4536 ipsa
862 4481 970 4535 qua
1002 4464 1247 4520 Trinitas
1285 4463 1427 4518 velle
1465 4462 1694 4530 dicitur,
1725 4477 1797 4517 en
1850 4462 1996 4518 Deus
2051 4462 2197 4516 alius

2306 4465 2400 4518 οὐκ
2430 4465 2558 4520 ἄλλο
2588 4465 2794 4534 λέγοις,
2827 4467 2947 4521 ἀλλ’
2977 4466 3138 4523 ἄλλον
3170 4468 3271 4541 τὴν
3303 4471 3479 4543 αὐτὴν
3524 4471 3748 4545 ἔχουσαν
3775 4468 3852 4522 θέ-

604 4570 663 4614 ει
696 4560 799 4613 alia
833 4559 1064 4613 increati
1117 4570 1335 4612 natura.
1371 4556 1613 4613 Diversa:
1640 4556 1848 4613 etenim
1882 4555 2196 4613 voluntates

2306 4558 2463 4627 λησιν
2492 4555 2594 4627 τὴν
2620 4550 2925 4628 ἐνέργειαν,
2957 4558 3112 4615 ἔσται
3139 4563 3376 4635 τετάρτη
3414 4544 3727 4629 ὑπόστασις.
3752 4561 3853 4617 Οὐκ

603 4650 857 4704 diversas
883 4660 1111 4703 naturas
1171 4648 1459 4703 induunt:
1493 4648 1539 4704 si
1591 4663 1657 4704 ea
1709 4649 1852 4718 ipsa,
1908 4647 2189 4717 quomodo

2306 4650 2413 4721 ἄρα
2447 4650 2563 4719 ἔχει
2595 4649 2820 4721 θέλησιν
2846 4653 2879 4724 ἠ
2906 4653 3178 4724 ἐνέργεια,
3210 4656 3348 4711 ἀλλὰ
3375 4659 3438 4712 τὸ
3465 4658 3625 4714 ἵλεων
3652 4653 3856 4711 ἐπὶτῶν

604 4739 937 4808 aliud?qute
969 4754 1204 4809 namque
1241 4755 1349 4793 una
1384 4739 1667 4795 voluntate
1698 4738 2050 4809 colligantur,
2080 4753 2188 4794 una

2306 4739 2543 4808 ἑχόντων
2575 4738 2798 4809 θέλησιν
2832 4745 3071 4808 πάντως.
3120 4747 3186 4799 ’Ὀ
3216 4749 3512 4819 ἐπεύχεται
3557 4751 3664 4821 ἄρα
3710 4762 3856 4819 μετα-

608 4845 829 4901 quoque
850 4840 1044 4884 natura
1072 4832 1448 4886 continentur.
1479 4831 1635 4897 Quod
1662 4831 1708 4886 si
1731 4846 1840 4885 non
1866 4831 2013 4885 aliud
2035 4832 2190 4885 dixe-

2306 4830 2517 4886 δοτικὺν
2548 4832 2910 4905 ἁγαθότητος,
2956 4836 3185 4909 Πνεῦμα
3214 4838 3375 4895 ἵλεων
3402 4843 3534 4913 ἡμῖν
3561 4840 3807 4905 δίδοσθαι,
3834 4837 3857 4889 ὁ

609 4922 688 4977 ris
727 4919 1131 4991 operationem,
1201 4924 1299 4976 sed
1353 4921 1522 4977 alium
1572 4922 1825 4978 eamdem
1889 4922 2187 4977 habentem

2306 4914 2384 4985 εἷς
2408 4921 2507 4992 τῆς
2532 4923 2767 4992 Τριάδος
2797 4927 2936 4993 ἐστὶ,
2962 4931 3240 5008 πρόεισιν,
3271 4933 3391 5005 ἦτοι
3421 4935 3775 5008 ἐκπορεύεται
3800 4934 3855 4984 ἐκ

607 5012 972 5078 voluntatem,
1008 5012 1113 5066 erit
1138 5021 1339 5082 quarta
1387 5012 1717 5083 hypostasis.
1752 5012 1873 5068 Non
1919 5022 2004 5069 est
2053 5027 2195 5082 pra:-

2306 5013 2518 5085 Πατρὺς
2545 5014 2617 5069 δι’
2670 5017 2827 5083 Υἱοῦ,
2862 5006 2966 5091 τῆς
3009 5020 3110 5077 διὰ
3144 5025 3461 5095 προθέσεως
3500 5006 3601 5100 την
3643 5022 3856 5097 φυσικὴν

2288 2815 2436 2868 γεια.
2471 2800 2664 2854 Ἔσται
2716 2801 2827 2869 γὰρ
2875 2801 3042 2872 χάρις
3099 2802 3434 2876 μεταδοτικη
3478 2803 3714 2876 χάριτος,
3764 2800 3844 2854 καὶ

608 5107 724 5161 dita
749 5119 880 5174 ergo
913 5102 1195 5159 voluntate
1219 5104 1492 5174 operatio,
1527 5105 1622 5159 sed
1656 5105 1957 5175 pr0pitium
1998 5104 2065 5159 de
2124 5103 2193 5159 iis

608 5198 705 5270 qui
759 5196 938 5252 modis
969 5194 1228 5250 omnibus
1287 5194 1577 5259 voluntate
1630 5202 1924 5264 praestant,
1964 5192 2191 5249 dicitur.
2240 5219 2247 5231 ι

609 5294 782 5359 Quem
819 5303 953 5360 ergo
984 5296 1212 5343 sanctus
1240 5295 1497 5357 precatur
1529 5285 1792 5341 bonitatis
1816 5283 2196 5340 communica-

613 5387 786 5439 tivum
811 5380 1113 5453 propitium
1171 5379 1333 5434 nobis
1357 5377 1636 5442 exhiberi,
1667 5391 1810 5430 unus
1869 5390 1936 5430 ex
1994 5373 2195 5430 Triade

609 5485 717 5543 est,
774 5485 831 5532 et
872 5473 1242 5547 progreditur,
1315 5472 1430 5527 sive
1464 5471 1716 5541 procedit
1768 5486 1835 5525 ex
1884 5469 2045 5525 Patre
2099 5484 2197 5539 per

611 5561 832 5631 Filium,
861 5580 977 5635 per,
1008 5562 1391 5634 praepositione
1423 5559 1726 5616 naturalem
1769 5560 2091 5615 relationem
2122 5559 2198 5615 si-

612 5653 924 5723 gniﬁcante,
956 5669 1013 5708 ut
1030 5656 1144 5724 jam
1174 5655 1615 5709 demonstratum
1648 5663 1755 5706 est.
1799 5650 1917 5707 lloc
1972 5666 2196 5721 quoque

612 5743 895 5812 Nyssenus
923 5745 1270 5800 manifeStius
1292 5745 1528 5815 explicat
1562 5763 1576 5798 :
1605 5743 2019 5810 Illius,dicens,
2055 5742 2199 5814 quod

612 5847 678 5885 ex
710 5849 872 5887 causa
910 5845 1009 5900 est,
1051 5836 1198 5889 aliud
1228 5854 1441 5893 rursum
1487 5837 1772 5893 discrimen
1822 5836 2198 5906 intelligimus.

2305 5106 2490 5176 σχέσιν
2530 5109 2932 5182 σημαινούσης.
2963 5112 3038 5175 ὡς
3068 5114 3169 5186 ήδη
3200 5115 3490 5174 δέδεικται.
3538 5122 3646 5174 Καὶ
3673 5122 3700 5173 ὁ
3721 5117 3848 5171 Νῦσ-

2307 5214 2406 5266 σης
2433 5195 2592 5252 τοῦτο
2617 5204 2957 5275 σαφέστερον
2990 5210 3157 5274 ποιεῖ,
3192 5208 3307 5264 Τοῦ
3352 5210 3515 5266 δὲέκ
3546 5212 3657 5283 τῆς
3684 5209 3856 5272 αἰτίας

2305 5286 2480 5355 ὄντος
2508 5290 2733 5360 ἄλλην,
2765 5292 2960 5363 λέγων,
2992 5297 3185 5352 πάλιν
3207 5300 3503 5373 διαφορὰν
3528 5302 3855 5371 ἐννοοῦμεν·

2308 5379 2383 5435 Τὸ
2400 5382 2520 5451 μὲν
2539 5383 2652 5452 γὰρ
2676 5388 2996 5457 προσεχῶς
3028 5392 3099 5447 ἐκ
3138 5393 3245 5448 τοῦ
3275 5396 3532 5465 πρώτου,
3561 5397 3628 5451 τὸ
3664 5394 3733 5450 δὲ
3772 5387 3859 5444 διὰ

2304 5473 2414 5529 τοῦ
2443 5476 2859 5565 προσεχῶςιέκ
2889 5484 3002 5539 τοῦ
3030 5484 3291 5553 πρώτου.
3322 5491 3631 5561 Μακαριξω
3664 5506 3750 5542 σου
3773 5488 3857 5553 τὴν

2306 5566 2513 5638 φωνὴν,
2568 5567 2723 5638 ἅγιε,
2775 5574 2861 5626 ὅτι
2897 5575 2966 5629 τὰ
3014 5577 3283 5647 πρόσωπα
3323 5580 3611 5654 διακρίνων
3670 5576 3857 5643 ἔδειξας

2309 5657 2499 5724 σαφῶς
2555 5660 2648 5712 τὶν
2714 5660 2792 5732 μὴ
2846 5663 2909 5717 τὸ
2955 5665 3204 5724 αἱτιατδν
3260 5671 3680 5745 ὕπιλδιαιροῦντα
3715 5666 3861 5723 δυάδι

2313 5752 2699 5820 παρεισάγειν,
2731 5757 2826 5809 καὶ
2856 5756 2938 5812 ὅτι
2973 5758 3035 5812 οὐ
3070 5762 3182 5826 τοῖς
3216 5766 3509 5836 συνήθεσιν
3553 5765 3762 5834 ιχρὴσω
3782 5757 3871 5830 Μ’

2315 5853 2503 5907 μασιν,
2534 5841 2622 5896 ἶνα
2676 5844 2754 5916 μὴ
2789 5846 3018 5917 λέγοιεν,
3052 5850 3127 5915 ὡς
3156 5854 3261 5908 Διὰ
3309 5859 3487 5913 τοῦτο
3542 5853 3620 5910 δι’
3660 5850 3781 5908 Υἰοῦ
3812 5843 3869 5901 τὸ
