4098 6470
301 457 404 520 805

1231 457 1325 515 DE
1369 454 1882 516 PROCESSIJNE
1923 453 2280 514 SPIRITUS
2319 452 2614 514 SANCTI.

3461 449 3566 514 806

299 573 526 628 αι’-τοῦ·
561 573 640 637 ὡς
689 572 724 638 ἡ
758 570 1026 638 ἐνέργεια
1073 569 1244 638 ἡμῶν*
1293 569 1360 633 ἐξ
1392 566 1579 638 ἡμῶν,
1632 569 1668 634 ἢ
1702 567 1780 630 ὡς
1825 566 1889 619 τὸ

2003 566 2120 620 sole.
2158 566 2233 620 Ex
2279 564 2418 620 FJio
2463 577 2646 620 autem
2685 564 2925 635 Spiritus
2960 575 3054 620 aut
3083 581 3178 634 per
3214 565 3434 630 Filium,
3473 567 3568 623 sed

302 667 674 734 ἀπαύγασμα
723 663 830 716 τοῦ
861 663 1049 728 ἡλίου
1089 662 1156 724 ἐξ
1189 662 1399 715 αὑτοῦ.
1442 663 1528 727 ’ΒΞ
1571 661 1700 712 Υἱοῦ
1733 661 1790 713 δε
1821 661 1878 712 τὸ

305 759 554 826 Πνεῦμα,
589 758 706 824 ἤτοι
751 756 818 808 δι’
853 755 1008 819 Υἰοῦ,
1041 755 1157 806 ἀλλ’
1197 755 1258 806 οὗ
1307 753 1740 824 δημιουργικῶς.
1791 751 1882 822 Τῷ

303 850 572 920 ἀφθάρτῳ
611 849 720 916 γὰρ
747 847 842 900 καὶ
865 846 1214 915 ἁναλλοιὼτῳ
1239 847 1346 897 τῶν
1372 846 1682 914 δημιουργη
1695 845 1880 910 μάτων

301 945 612 1012 διενήνοχεν
641 955 653 968 ·
689 939 805 992 ἁλλ’
835 939 955 992 οὐδὲ
1007 939 1366 1007 γεννητικῶς,
1409 939 1472 990 οὐ
1508 936 1614 1006 γὰρ
1647 937 1758 998 bii;
1789 935 1881 987 τοῦ

307 1037 464 1089 Υίοῦ.
497 1032 746 1096 Φυσικῶς
773 1033 880 1102 ἄρα
910 1032 968 1098 ἐξ
995 1030 1186 1093 αὐτοῦ,
1211 1031 1244 1100 ἢ
1276 1031 1344 1082 δι’
1374 1029 1562 1082 αὑτοῦ.
1595 1029 1702 1080 Καὶ
1725 1028 1886 1080 τοῦτο

305 1128 490 1196 ῥητῶς
521 1126 740 1188 πολλοῖς
772 1126 884 1178 τῶν
914 1124 1086 1191 ἁγίων
1131 1118 1278 1186 οἶδας
1305 1121 1624 1192 λεγόμειον.
1679 1119 1756 1172 Δι’
1793 1119 1886 1172 αὐ-

301 1219 408 1273 τοῦ’
427 1220 558 1286 ἄρα,
591 1218 666 1278 ὡς
695 1217 1042 1286 ἀπαύγασμα
1065 1217 1129 1268 ἐκ
1152 1215 1248 1268 τοῦ
1280 1216 1456 1285 ἡλίου.

380 1306 468 1360 ιθ’.
501 1307 572 1358 Σὺ
605 1307 662 1359 δέ
693 1324 786 1373 μοι
817 1305 1073 1377 σημειοῦ,
1113 1307 1207 1359 καὶ
1241 1307 1436 1376 κάτεχε
1477 1305 1758 1374 ἀσφαλῶς,
1792 1321 1886 1358 πο-

303 1400 492 1470 σαχῶς
523 1399 584 1452 τὸ
619 1400 681 1452 ἐκ
715 1417 882 1462 τινος.
935 1401 1170 1470 Καιρὶαν
1201 1399 1309 1468 γὰρ
1343 1399 1592 1452 ἐντεῦθεν
1622 1399 1719 1470 τὴν
1753 1399 1890 1469 πλη-

303 1491 412 1561 γὴν
442 1490 561 1543 κατ’
599 1491 806 1560 ἀμφοῖν
847 1489 960 1542 τῶν
996 1491 1264 1558 αἱρέσεων
1297 1489 1552 1559 ἐπιφέρει
1589 1487 1844 1556 Γραικοῖς
1870 1501 1886 1518 ο

301 1583 370 1634 τὸ
399 1581 496 1650 μὲν
520 1582 600 1634 ὅτι
627 1579 688 1633 τὸ
722 1579 970 1648 φυσικῶς
999 1579 1062 1632 ἐκ
1095 1597 1240 1642 τινος
1267 1575 1406 1632 εἶναι
1451 1579 1511 1644 ἐξ
1542 1577 1708 1630 αὑτοῦ
1741 1579 1890 1630 ἐστιν

303 1672 370 1722 οὐ
409 1670 766 1740 γεννητικῶς,
805 1669 922 1722 ἀλλ’
955 1669 1102 1738 ἄλλῳ
1133 1669 1321 1737 τρόπῳ
1373 1667 1662 1737 ὑπάρξεως
1685 1682 1699 1697 ·
1736 1666 1796 1718 τὸ
1831 1663 1890 1716 δὲ

301 1765 388 1816 ὅτι
428 1764 529 1832 τῆς
581 1764 862 1834 ἐνεργείας
893 1764 954 1815 ὲκ
994 1762 1091 1830 τῆς
1143 1761 1292 1823 θείας
1321 1761 1627 1827 λεγομένης
1679 1759 1888 1820 οὐσίας,

303 1859 406 1910 καὶ
439 1856 564 1910 οὔτε
617 1856 976 1926 γεννητικῶς,
1005 1856 1066 1908 οὐ
1096 1855 1204 1924 γὰρ
1253 1855 1401 1917 Υἱὸς,
1441 1854 1572 1906 οὔτε
1621 1853 1890 1920 φυσικῶς,

1988 675 2098 712 non
2163 659 2324 712 modo
2371 659 2686 718 creationis.
2743 659 3149 728 incorruptibili
3199 659 3348 714 enim
3401 671 3569 728 atque

1993 752 2320 806 immutabili
2350 767 2378 804 a
2407 752 2682 806 creaturis
2711 751 3048 806 discernitur
3085 769 3098 805 :
3141 753 3236 806 sed
3269 768 3448 822 neque
3473 769 3566 823 ge-

1991 845 2316 911 nerationis,
2343 861 2523 916 neque
2549 847 2696 918 enim
2726 856 2811 898 est
2841 845 3014 899 Filius
3037 845 3176 908 Filii,
3207 855 3570 915 natur-mergo

1989 950 2056 988 ex
2089 934 2228 1003 ipso,
2257 939 2340 990 vel
2371 950 2466 1005 per
2495 937 2708 1005 ipsum;
2735 935 2900 1003 idque
2923 950 3182 1004 expresse
3227 951 3257 988 a
3292 936 3572 1004 plerisque

1992 1029 2198 1083 sanctis
2241 1029 2500 1082 Patribus
2545 1029 2960 1097 pronuntiatum
3025 1031 3189 1083 nosti.
3235 1029 3339 1084 Per
3390 1030 3570 1098 ipsum

1997 1118 2183 1189 igitur,
2209 1119 2676 1189 quemadmodum
2711 1119 2972 1190 splendor
3007 1136 3036 1173 a
3079 1122 3216 1174 sole.

2069 1296 2156 1350 l9.
2207 1295 2287 1350 Tu
2345 1309 2511 1365 porro
2557 1305 2767 1361 notato,
2803 1306 3100 1367 tenetoque
3147 1296 3392 1362 indubie,
3439 1309 3575 1366 quot

1998 1389 2174 1444 modis
2202 1389 2442 1454 dicatur,
2477 1389 2626 1458 quod
2661 1405 2727 1444 ex
2751 1391 2939 1458 aliquo
2974 1401 3080 1444 est.
3121 1391 3176 1444 id
3205 1407 3442 1457 naiuqnc
3477 1393 3577 1443 ai!-

1999 1498 2192 1536 versus
2229 1493 2522 1552 utramque
2567 1483 2823 1538 lia-resilit
2850 1483 3058 1538 Graecis
3085 1485 3288 1538 vulnus
3325 1485 3581 1554 impingit

1997 1573 2218 1628 letbale.
2255 1574 2524 1637 Primum,
2556 1575 2886 1628 naturaliter
2911 1591 2976 1630 ex
3011 1576 3196 1645 aliquo
3229 1592 3464 1636 esse,“
3487 1577 3579 1629 illo

1999 1675 2083 1720 est
2115 1683 2222 1721 non
2249 1667 2643 1737 generationis.
2675 1667 2770 1722 sed
2806 1669 2916 1722 alio
2950 1668 3207 1737 quopiam
3241 1669 3580 1722 exsistentize

2001 1757 2200 1824 modo;
2255 1759 2484 1812 alterum
2517 1758 2858 1825 operationis
2885 1773 2952 1812 ex
2991 1759 3174 1812 divina
3222 1761 3486 1824 cs~cntia,
3523 1772 3581 1812 et

2003 1865 2110 1904 non
2143 1850 2306 1904 modo
2340 1851 2738 1920 generationis,
2767 1867 2948 1920 neque
2975 1852 3120 1905 enim
3152 1863 3238 1906 est
3273 1853 3462 1916 Fiiius,
3486 1869 3584 1907 nc-

302 1952 372 2003 οὐ
396 1950 506 2018 γὰρ
537 1949 760 2020 Πνεῦμα
787 1949 888 2019 ἤδη
919 1947 1353 2020 δημιουργικῶς.
1389 1946 1530 2016 ’Ᾱρα
1557 1947 1605 1998 εἰ
1639 1946 1764 1997 ἄλλο
1795 1948 1894 2014 τῆς

2003 1958 2106 2012 que
2136 1953 2369 2006 naturae,
2403 1958 2527 1998 cum
2567 1959 2676 1996 non
2711 1945 2784 1998 sit
2829 1943 3096 2014 Spiritus,
3133 1961 3312 2014 neque
3345 1946 3581 1999 creatio-

299 2042 502 2104 οὖσίας
533 2043 680 2094 ἐστὶν
721 2043 754 2110 ἡ
790 2042 1062 2110 ἐνέργεια,
1095 2039 1130 2109 ἢ
1165 2039 1265 2092 οὐκ
1309 2038 1482 2100 ἄλλως
1512 2038 1625 2090 οὐδ’
1659 2037 1896 2107 ἀρκούν-

301 2151 420 2196 τως
447 2133 720 2196 ἀπέδωκε,
773 2132 1032 2202 ποσαχῶς
1062 2133 1154 2184 ἐπὶ
1197 2133 1308 2193 τοῖς
1350 2130 1516 2192 θείοις
1561 2132 1620 2181 τὸ
1656 2131 1718 2182 ἐκ
1751 2147 1897 2192 τινος

301 2226 334 2276 ὀ
367 2225 800 2294 οὐρανοφάντωρ
831 2224 1138 2286 Βασίλειος.
1187 2221 1346 2274 Ἀλλὰ
1388 2221 1550 2274 τοῦτο
1594 2223 1694 2290 μὲν
1733 2221 1894 2274 ἄλλου

303 2316 529 2384 κιιροῦ.
567 2317 708 2368 Νυνὶ
736 2315 792 2368 δὲ
821 2315 882 2368 τὸ
923 2315 1144 2386 πρῶτον
1173 2314 1491 2383 θεωρῶμεν.
1535 2313 1600 2366 Ei
1632 2312 1764 2381 γοῦν
1800 2313 1894 2365 καὶ

303 2413 384 2464 τὰ
413 2411 543 2478 περὶ
567 2411 670 2479 τὴν
701 2409 858 2472 τάξιν
891 2407 968 2479 μὴ
1013 2407 1220 2480 θελήσῃ
1261 2424 1346 2470 τις
1377 2407 1615 2467 ἀσεόεῖν,
1649 2407 1740 2458 καὶ
1771 2409 1896 2469 τοις

301 2503 424 2556 τῶν
458 2503 630 2570 ἁγίων
653 2501 845 2568 λόγους
871 2500 946 2572 μὴ
977 2501 1211 2560 ἀθετεῖν.
1245 2499 1440 2561 οἵτινες
1485 2497 1710 2566 Πνεῦμα
1759 2497 1896 2567 ἁλη-

301 2595 468 2656 ϐείας
499 2593 814 2658 ἀκούοντες,
855 2592 950 2644 καὶ
985 2591 1212 2661 Πνεῦμα
1263 2589 1420 2654 Υἰοῦ,
1454 2593 1548 2642 καὶ
1593 2591 1676 2642 ὅτι
1710 2591 1774 2642 ὲκ
1800 2589 1897 2642 τοῦ

309 2685 451 2738 ὶ“ἱοῦ
484 2683 774 2753 λαμϐάνει,
811 2682 944 2734 ἴδιον
989 2677 1130 2733 εἶναι
1163 2680 1226 2732 τὸ
1271 2678 1498 2744 Πνεῦμα
1533 2677 1776 2741 ἔγνωσαν
1803 2673 1896 2728 τοῦ

307 2776 700 2846 ἰ’ἱτιῦ,-ῶσπερ
733 2775 830 2826 καὶ
859 2772 956 2828 τοῦ
993 2773 1229 2842 Πατρδς,
1263 2769 1550 2840 ὁμολογεῖν
1585 2771 1665 2822 δεῖ
1714 2770 1812 2821 καὶ
1840 2767 1900 2834 ἐξ

299 2868 506 2930 αὑτοῦ,
540 2867 574 2935 ἢ
604 2867 673 2920 δι’
710 2865 876 2919 αὑτοῦ
915 2862 1342 2934 ἐκπορεύεσθαι,
1377 2861 1570 2932 ὥσπερ
1603 2863 1699 2916 καὶ
1745 2862 1899 2930 παρὰ

297 2963 408 3016 τοῦ
437 2961 674 3031 Πατρός.
705 2961 765 3012 Εἰ
795 2960 852 3012 δὲ
879 2957 937 3012 τὸ
963 2957 1056 3011 τοῦ
1083 2957 1308 3026 Νύσσης
1339 2955 1636 3025 παράγεις,
1677 2953 1898 3008 Τούτου

300 3054 426 3124 γὰρ
456 3052 689 3114 ἕνεκεν,
723 3051 1002 3118 λέγοντος,
1035 3046 1280 3117 Πνεῦμα
1317 3047 1622 3114 στόματος
1653 3045 1900 3114 εἴρηκεν

301 3151 338 3201 ό
378 3144 586 3208 Δαϐίδ,
616 3144 718 3198 ἵνα
753 3141 868 3211 τὴν
901 3139 1348 3209 ἑκπορευτικὴγ
1379 3140 1646 3206 ίδιότητα
1675 3137 1756 3202 τῷ
1785 3141 1902 3192 Πα-

301 3237 400 3304 τρὶ
433 3239 604 3302 μόνῳ
639 3233 1002 3302 προσοῦσαν
1051 3230 1428 3299 πιστώσηται
1449 3248 1462 3261 ·
1496 3230 1632 3283 ἀλλὰ
1685 3231 1900 3300 πρῶτον

305 3332 414 3398 μὲν
449 3330 636 3381 ἄδικον
665 3331 776 3389 τοῖς
803 3325 1084 3388 πλείστοις
1129 3327 1238 3378 τῶν
1275 3324 1459 3394 ῥητῶν
1499 3324 1594 3376 καὶ
1627 3323 1898 3391 σαφεστέ-

307 3437 433 3492 ραις
478 3421 552 3488 μὴ
604 3417 954 3471 ἀκολουθεῖν·
994 3418 1188 3470 ἔπειτα
1219 3416 1276 3469 δὲ
1305 3417 1402 3469 καὶ
1445 3417 1630 3486 μωρὸν
1663 3415 1738 3486 μὴ
1772 3432 1898 3469 συν-

308 3515 480 3576 ιὲναι,
506 3515 614 3566 κᾶν
641 3511 772 3580 γοῦν
797 3511 856 3576 ἐξ
875 3505 950 3566 ὧν
977 3512 1035 3564 ὲν
1059 3511 1240 3574 ἄλλοις
1280 3509 1636 3579 ἔθεολόγησεν
1662 3510 1689 3562 ὁ
1713 3508 1898 3574 αὐτὸς,

303 3611 394 3660 ὅτι
427 3607 747 3675 διέφθαρται
793 3605 854 3658 τὸ
901 3604 1088 3674 ῥητόν.
1119 3603 1212 3673 Τῷ
1247 3602 1352 3669 api
1400 3604 1512 3672 γὰρ
1557 3601 1710 3672 μόνῳ
1740 3601 1900 3668 λέγον

308 3703 376 3752 τὸ
411 3719 442 3769 ρ
480 3705 540 3751 ὲκ
573 3699 666 3752 τοῦ
697 3715 724 3750 ν
755 3697 1117 3768 παρατραπὲν
1173 3695 1414 3762 ἐδέξατο.
1440 3695 1612 3748 Τοῦτο
1654 3693 1713 3746 δὲ
1742 3694 1901 3764 δῆλον

311 3793 402 3844 ὅτι
433 3793 530 3859 τὴν
561 3793 966 3860 ἑκπορευτικὴν
1011 3790 1256 3859 ἰδιότητα
1285 3789 1461 3850 οὐδεὶς
1489 3788 1598 3842 τῶν
1627 3787 1802 3857 ἁγίων
1823 3787 1901 3856 τῷ

310 3884 498 3952 “arpi.
551 3884 879 3952 προσνέμων
911 3883 1166 3952 εὓρηται,
1207 3881 1286 3952 τῷ
1315 3881 1371 3932 δὲ
1423 3880 1706 3949 Πνεύμοιτι
1751 3879 1905 3932 πλεῖ-

305 3995 452 4029 στοι.
485 3973 558 4028 Τὸ
585 3975 693 4042 γὰρ
723 3974 1160 4040 ἐκπορεύεσθαι
1186 3973 1338 4044 ῥῆμα
1367 3971 1468 4025 οὐκ
1491 3970 1551 4023 ὃν
1574 3971 1648 4033 ὡς
1677 3971 1737 4024 τὸ
1759 3985 1905 4039 προ-

300 4069 568 4134 ϐάλλον,
605 4072 698 4121 καὶ
727 4069 787 4120 τὸ
805 4066 1224 4137 προϐάλλομαι
1248 4107 1263 4132 ,
1299 4065 1386 4118 ἵνα
1414 4063 1782 4134 ὲνεργητικῶς
1818 4063 1902 4114 λε-

297 4165 550 4233 γόμενον
570 4161 660 4214 καὶ
681 4159 1020 4230 παθητικῶς,
1043 4159 1265 4222 ἐκείνως
1287 4157 1384 4227 μὲν
1407 4156 1486 4226 τῷ
1507 4157 1702 4226 Πατρὶ,
1731 4156 1904 4218 οὓτως

295 4259 366 4311 δὲ
406 4255 684 4324 προσήκει
723 4253 800 4322 τῷ
833 4252 1138 4320 Πνεύματι,
1169 4252 1316 4312 ὅπως
1345 4249 1412 4302 ἂν
1441 4248 1782 4320 προφέρηται
1808 4247 1903 4300 τοῦ

299 4349 634 4414 Πνεὺματος
677 4346 838 4414 μόνον
867 4345 1022 4397 ἴδιον.
1053 4343 1126 4395 Τὸ
1158 4342 1216 4396 δὲ
1254 4339 1632 4410 ἐκπορευτῶς
1679 4339 1775 4392 καὶ
1807 4338 1904 4392 ἐκ·

295 4435 688 4507 πορευτικῶς
721 4438 784 4489 ὲκ
828 4435 921 4488 τοῦ
967 4435 1134 4488 αὐτοῦ
1177 4436 1430 4504 μοναχῶς
1476 4432 1776 4503 λεγομένου
1803 4433 1905 4502 .ρή-

299 4546 492 4600 ματος
519 4529 612 4579 καὶ
635 4525 710 4595 τῷ
737 4525 1018 4594 Πνεύματι
1045 4524 1204 4594 μόνον
1228 4525 1599 4595 προσήκοντος
1617 4521 1900 4593 παρήχθη.

2003 2035 2110 2088 nis.
2145 2035 2288 2104 Ergo
2329 2037 2372 2088 si
2399 2036 2545 2089 aliud
2589 2043 2674 2090 est
2722 2037 2790 2091 ab
2831 2038 3161 2106 Operationc
3193 2041 3454 2104 essentia,
3487 2053 3584 2093 aut

2000 2141 2110 2180 non
2139 2136 2310 2188 recte,
2336 2136 2430 2181 aut
2457 2127 2791 2184 sunicienter
2823 2131 3071 2193 tradidit.
3116 2139 3252 2199 quot
3307 2132 3484 2186 modis
3525 2134 3580 2186 in

2001 2219 2168 2272 rebus
2227 2219 2432 2274 divinis
2480 2237 2544 2274 ex
2579 2222 2761 2290 aliquo
2791 2238 2914 2276 esse
2958 2223 3197 2287 dicatur,
3251 2240 3579 2280 arcanorum

2001 2307 2311 2362 caelestium
2358 2321 2532 2380 mysta
2587 2311 2838 2366 Basilius.
2894 2311 3000 2366 Sed
3033 2315 3136 2367 hoc
3166 2325 3420 2368 servetur
3473 2317 3584 2368 alio

2003 2411 2269 2472 tempore.
2311 2402 2470 2456 Nunc
2505 2406 2742 2472 primum
2791 2406 3234 2464 consideremus.
3286 2410 3342 2463 Si
3395 2413 3582 2480 itaque

2001 2501 2146 2550 circa
2181 2513 2244 2550 ea
2272 2512 2395 2566 quae
2444 2497 2656 2552 ordinis
2689 2507 2837 2560 sunt,
2894 2499 3094 2569 impius
3141 2517 3262 2556 esse
3315 2519 3424 2556 non
3477 2504 3582 2565 vis,

2002 2599 2431 2659 sanctorumque
2489 2590 2636 2646 dicta
2698 2591 2852 2645 irrita
2907 2592 3221 2664 infectaque
3279 2594 3584 2660 declarare,

2002 2687 2100 2750 qui
2137 2682 2406 2750 Spiritum
2442 2683 2692 2737 veritatis
2712 2683 3026 2749 audientes,
3061 2696 3118 2740 et
3145 2686 3412 2756 Spiritum
3437 2690 3582 2756 Filii,

2002 2781 2058 2826 et
2093 2786 2156 2826 ex
2183 2771 2324 2825 Filio
2363 2773 2644 2842 accipere,
2680 2774 2966 2844 proprium
2999 2791 3122 2831 esse
3153 2777 3276 2832 Filii
3313 2779 3583 2848 Spiritum

2001 2861 2388 2931 decreverunt,
2447 2865 2914 2935 quemadmodum
2965 2877 3020 2922 et
3049 2869 3261 2938 Patris,
3303 2872 3584 2928 fatendum

2001 2971 2232 3024 prorsus
2277 2969 2385 3022 est,
2417 2968 2565 3012 ctcx
2615 2959 2756 3028 ipso,
2785 2969 2842 3014 et
2893 2977 2990 3030 per
3039 2963 3217 3033 ipsum
3265 2966 3586 3033 procedere.

2005 3052 2081 3104 uti
2142 3067 2208 3106 ex
2273 3051 2450 3106 Patre.
2508 3051 2712 3118 Quodsi
2788 3054 3017 3125 Nysscni
3078 3056 3284 3110 dictum
3343 3059 3587 3122 aii'cras,

2007 3142 2184 3214 Hujus
2223 3144 2364 3196 enim
2413 3146 2610 3213 gratia,
2655 3145 2912 3210 dicentis,
2965 3146 3228 3218 Spiritum
3277 3153 3406 3216 oris,
3455 3154 3590 3206 dixit

2007 3234 2214 3302 David,
2255 3245 2311 3290 ut
2386 3237 2771 3306 praprietatem
2831 3243 3148 3310 procedendi
3196 3243 3429 3313 faciendi
3488 3247 3590 3300 soli

2011 3327 2162 3381 Patri
2194 3330 2536 3382 inha'reutem
2603 3331 2966 3386 constabiliret
3002 3351 3016 3386 :
3048 3347 3174 3390 ante
3237 3337 3420 3390 omnia
3487 3341 3592 3390 mi-

2004 3420 2152 3474 nime
2209 3437 2426 3492 aequum
2491 3422 2684 3492 fuerit,
2741 3427 3005 3498 majorem
3069 3437 3281 3497 partem
3345 3433 3592 3486 testimo-

2003 3512 2248 3576 niorum,
2295 3529 2602 3586 eorumque
2632 3517 3026 3573 dilucidiorum
3074 3523 3371 3592 negligere.
3427 3524 3590 3578 Dein-

2004 3621 2134 3674 ceps
2179 3607 2410 3661 stultum
2455 3619 2562 3674 est,
2607 3625 2716 3664 non
2777 3613 3064 3680 percipere
3102 3623 3299 3670 saltem
3357 3632 3422 3672 ex
3464 3619 3590 3674 aliis

2003 3699 2252 3768 ejusdem
2293 3700 2470 3756 Patris
2511 3703 2838 3773 tbeoiogicis
2861 3705 3045 3769 dictis,
3074 3707 3285 3762 dictum
3320 3709 3424 3763 hoc
3463 3725 3588 3765 esse

2005 3803 2346 3862 corruptum.
2379 3793 2664 3863 Siquidem
2720 3795 2851 3849 dum
2896 3798 3030 3868 legit
3079 3801 3198 3868 πρὶ,
3235 3818 3261 3854 r
3293 3817 3358 3856 ev
3394 3819 3426 3858 ιι
3488 3806 3590 3858 im-

2007 3893 2276 3938 mutatum
2328 3885 2570 3956 irrepsit,
2614 3898 2670 3942 ct
2715 3903 2915 3944 nomen
2978 3893 3222 3962 Spiritus
3283 3899 3377 3950 τινὶ
3429 3898 3590 3954 Pater

2005 3977 2316 4046 occupavit,
2369 3978 2594 4033 minima
2639 3981 2978 4038 inversione.
3013 3985 3184 4056 idque
3233 3991 3585 4047 manifestum

2005 4080 2112 4135 est,
2151 4069 2297 4140 quod
2329 4071 2517 4126 nullus
2545 4087 2614 4127 ex
2637 4074 2898 4131 Patribus
2929 4081 3304 4145 processionis
3336 4087 3588 4154 proprie~

2007 4168 2176 4216 tatem
2218 4161 2366 4216 Patri
2399 4163 2713 4220 attribuens
2745 4168 3076 4236 reperiatur,
3109 4181 3165 4226 at
3196 4171 3426 4242 Spiritui
3471 4178 3590 4246 plu-

2009 4254 2155 4308 rimi.
2189 4253 2438 4324 Namque
2457 4257 2686 4311 vcrbum
2711 4261 2814 4314 hoc
2833 4261 3254 4332 ἐκπορεύεσθαι,
3283 4269 3589 4337 procedere,

2007 4363 2134 4402 cum
2165 4363 2274 4403 non
2309 4364 2464 4419 mque
2499 4367 2558 4405 se
2587 4351 2790 4408 habeat
2813 4353 2986 4410 veluti
3027 4365 3080 4411 et
3113 4359 3364 4426 produco
3390 4373 3586 4433 etpro-

2007 4439 2202 4506 ducor,
2241 4449 2301 4496 ut
2330 4445 2509 4498 active
2537 4453 2592 4498 et
2617 4447 2834 4514 passive
2861 4451 3304 4518 pronuntiatum,
3347 4456 3439 4510 illo
3464 4461 3578 4526 qui-

2007 4531 2133 4586 dem
2194 4533 2358 4586 modo
2401 4533 2730 4598 Patri,.lioc
2781 4551 2912 4592 vero
2967 4538 3196 4608 Spiritui
3252 4543 3544 4615 ailaptetur
3575 4591 3591 4613 ,

289 4619 646 4688 Διέιξιθαρται
701 4618 810 4687 ἄρα
843 4619 957 4679 τοῖς
1014 4616 1266 4686 Γραικοῖς
1319 4615 1379 4667 τὸ
1411 4614 1633 4686 χωρίον.
1671 4613 1816 4680 Ἔτι,
1853 4613 1897 4666 εί

2009 4625 2420 4693 pronuntiatur,
2465 4627 2537 4681 ita
2577 4636 2638 4681 ut
2665 4629 2906 4698 Spiritus
2946 4641 3157 4687 tantum
3188 4613 3586 4707 preprietatem

291 4713 386 4784 τῷ
426 4713 604 4779 Πατρὶ
628 4711 776 4780 μόνῳ
797 4709 1016 4778 εἴρηκε,
1055 4708 1282 4777 μάταιος
1312 4708 1340 4758 ὁ
1367 4705 1526 4774 λόγος
1553 4705 1904 4777 αὐτῷ..Ἀλλ’

289 4811 364 4862 οὐ
415 4807 674 4875 μάταιος.
723 4803 895 4872 Σοφὸς
935 4804 1043 4872 γὰρ
1077 4803 1239 4871 εἰπερ
1281 4819 1368 4864 τις
1402 4803 1431 4854 ό
1462 4803 1774 4868 Νυσσαεὺς,
1812 4804 1906 4856 καὶ

292 4901 498 4967 ἅγιος.
530 4895 606 4949 Οὐ
642 4895 718 4964 τῷ
747 4895 923 4963 Πατρ“ι
959 4895 1091 4964 ἄρα,
1140 4893 1276 4946 ἀλλὰ
1311 4893 1387 4963 τῷ
1421 4893 1720 4963 Πνεύματι.
1750 4895 1908 4947 Οὕτω

287 4993 424 5061 γὰρ
461 4991 555 5040 καὶ
586 4990 613 5040 ὀ
659 4988 820 5055 λόγος
860 4985 1010 5055 αὐτῷ
1064 4987 1401 5055 προσ-χωρεῖ,
1451 4987 1546 5039 καὶ
1591 4988 1703 5048 τοῖς
1737 4987 1906 5040 αὐτοῦ

289 5083 482 5143 αὑτός
510 5081 612 5132 οὐκ
658 5079 956 5146 ἀντιλέγει.
994 5077 1167 5131 Τοῦτο
1213 5077 1258 5131 δ’
1292 5078 1541 5147 εὖκρινὲς
1585 5080 1786 5146 γένοιτ’
1817 5079 1904 5146 ἂν,

285 5179 346 5230 εἰ
389 5175 586 5242 θῶμεν
637 5173 891 5242 εἰρῆσθαι
927 5171 1004 5239 τῷ
1055 5171 1218 5224 Δαυῖδ
1246 5187 1258 5202 ·
1303 5171 1412 5224 Καὶ
1457 5172 1642 5240 λόγος
1681 5173 1908 5242 στόμα-

289 5286 444 5331 τος.
513 5265 684 5317 Πάλιν
720 5263 896 5332 γὰρὴ
952 5264 1324 5334 ἐκπορευτικὴ
1379 5263 1578 5332 ἰδιότης
1627 5263 1689 5315 τὸ
1743 5263 1801 5328 ἐξ
1844 5258 1906 5316 οὗ

281 5361 494 5427 τούτῳ
525 5357 601 5425 τῷ
627 5355 773 5425 λόγῳ
804 5355 1040 5422 δηλοῦσα
1073 5359 1286 5425 προσῆν
1321 5355 1386 5409 ἂν
1420 5355 1568 5426 μόνῳ
1596 5357 1674 5426 τῷ
1706 5357 1903 5426 Πατρί.

285 5458 364 5508 Εἰ
439 5451 550 5519 γὰρ
599 5455 661 5501 εκ
693 5449 788 5500 τοῦ
823 5449 960 5500 Θεοῦ
1020 5449 1112 5500 καὶ
1151 5447 1366 5516 lla-cpi);
1419 5449 1785 5516 ἐκπορεύεται
1848 5453 1906 5503 τι

285 5543 544 5612 Ιιν-ῦμα
581 5545 640 5594 τὸ
679 5541 856 5609 ἅγιον,
885 5542 1002 5594 ἔστι
1033 5541 1090 5594 δὲ
1133 5543 1226 5594 καὶ
1254 5544 1282 5594 ὁ
1309 5542 1482 5610 Λόγος
1513 5541 1669 5611 λόγος
1703 5545 1906 5614 στόμα-

283 5654 428 5696 τος,
463 5636 582 5704 ἦτοι
635 5633 1075 5704 ἐκπορευόμενος
1123 5634 1188 5687 ὲκ
1240 5633 1333 5686 τοῦ
1369 5633 1503 5686 Θεοῦ
1535 5637 1630 5688 καὶ
1667 5635 1902 5708 Πατρὸς,

278 5733 402 5786 δύο
447 5729 751 5796 γινομένων
783 5728 895 5781 τῶν
941 5727 1377 5797 προϐλημάτων,
1412 5724 1491 5792 εἷς
1547 5729 1710 5796 μόνος
1753 5729 1904 5784 ἔσται

281 5825 482 5874 παλιν
519 5821 546 5870 ὁ
579 5819 900 5888 προϐολείις,
937 5819 1030 5871 καὶ
1057 5817 1208 5888 αὑτῴ
1234 5819 1382 5888 μόνῳ
1413 5823 1717 5888 προσέσται
1744 5823 1775 5891 ὴ
1813 5824 1905 5874 ἐκ·

282 5913 618 5984 πορευτικη
671 5913 892 5983 ἰδιότης.
933 5911 1178 5974 Micam;
1228 5911 1334 5982 ἄρα
1385 5914 1412 5964 ό
1446 5911 1603 5980 λόγος
1640 5913 1717 5984 τῷ
1757 5915 1902 5967 Νυσ-

2007 4718 2298 4787 exprimat.
2335 4719 2596 4775 Doctores
2626 4721 2792 4775 etiam
2829 4723 2919 4778 illa
2953 4725 3330 4798 ἐκπορευτῶς.
3385 4741 3437 4786 et
3499 4737 3590 4786 ἐκ-

2007 4810 2380 4882 πορευτικῶς,
2405 4829 2499 4883 per
2523 4815 2734 4870 modum
2755 4819 3128 4886 processiouis.
3159 4821 3238 4874 Ex
3267 4823 3462 4878 eodem
3479 4843 3591 4882 uno

2009 4903 2174 4958 modo
2201 4905 2373 4959 verbo
2409 4909 2791 4976 pronuntiato,
2821 4920 2878 4964 et
2903 4913 3049 4980 quod
3081 4913 3149 4968 ad
3185 4916 3366 4970 solum
3405 4917 3583 4989 Spiri-

2011 5003 2126 5050 tum
2161 4999 2423 5066 pertinel,
2455 4999 2694 5055 deducta
2727 5015 2881 5060 sunt.
2917 5005 3262 5076 Depravatus
3293 5009 3478 5080 itaque
3509 5013 3588 5065 io-

2007 5105 2108 5146 cus
2142 5101 2226 5145 est
2254 5107 2284 5145 a
2318 5091 2542 5149 Grarcis.
2575 5094 2658 5148 Ad
2705 5096 2840 5152 haec.
2890 5097 2968 5162 Si,
3000 5101 3099 5155 soli
3135 5103 3300 5167 Patri,
3339 5105 3588 5170 dixisset,

2009 5181 2212 5238 frustra
2245 5200 2562 5241 sermonem
2591 5187 2967 5255 babuisset,at
2999 5207 3106 5246 non
3139 5193 3340 5250 frustra
3371 5197 3587 5258 habuit,

2010 5285 2124 5329 tum
2175 5279 2320 5331 enim
2373 5281 2666 5348 sapientia,
2702 5291 2816 5336 tum
2854 5286 3148 5341 sanctitate
3190 5289 3232 5340 si
3271 5291 3397 5358 quis
3449 5291 3592 5344 alius

2007 5366 2288 5438 Nyssenus
2317 5371 2624 5440 przrpollet.
2659 5373 2776 5428 Non
2826 5375 2974 5428 Patri
3023 5391 3178 5446 ergo,
3227 5381 3321 5432 sed
3359 5381 3592 5448 Spiritui

2007 5461 2248 5530 scripsit.
2286 5463 2376 5517 Sic
2412 5464 2560 5517 enim
2595 5472 2651 5518 et
2685 5466 2865 5520 oratio
2889 5478 3040 5524 recte
3071 5471 3344 5538 procedit,
3381 5481 3437 5526 et
3485 5476 3592 5529 sibi

2011 5552 2114 5622 ipsi
2145 5569 2256 5606 non
2289 5554 2642 5610 contradicit.
2665 5556 2834 5625 quue
2857 5558 3157 5615 dilucidius
3189 5563 3302 5627 ﬁet,
3339 5565 3386 5618 si
3419 5583 3591 5634 ponn-

2009 5656 2133 5696 mus
2189 5642 2448 5698 Davidem
2510 5643 2764 5699 dixisse:
2803 5645 2872 5700 Et
2919 5649 3134 5704 verbum
3187 5655 3318 5708 oris.
3380 5655 3592 5711 Itur-sus

2007 5735 2154 5786 enim
2185 5734 2518 5802 procedendi
2551 5737 2786 5792 faciendi
2807 5741 3134 5810 proprietas,
3170 5761 3234 5799 ex
3262 5763 3591 5820 quonempe

2011 5830 2116 5880 hoc
2151 5844 2406 5882 sermone
2441 5829 2678 5885 indicata
2713 5832 2814 5886 soli
2847 5834 2994 5888 Patri
3028 5829 3346 5894 iuba-reret.
3374 5841 3589 5902 Etenim

2009 5921 2050 5973 s':
2085 5935 2150 5974 ex
2188 5920 2297 5975 Deo
2328 5931 2382 5975 et
2420 5920 2580 5980 Patre
2635 5927 2882 5996 procedit
2931 5926 3172 6000 Spiritus
3223 5943 3465 6006 sanctus,
3507 5949 3593 5996 est
