  <div class='ocr_page' id='page_1' title='image "/cluster/home/n/w/nwhite01/storage/ocr_20150623/161/coo.31924054870666/497.png"; bbox 0 0 4098 6402; ppageno 0'>
   <div class='ocr_carea' id='block_1_1' title="bbox 408 385 514 447">
    <p class='ocr_par' dir='ltr' id='par_1_1' title="bbox 408 385 514 447">
     <span class='ocr_line' id='line_1_1' title="bbox 408 385 514 447; baseline -0.028 -1"><span class='ocrx_word' id='word_1_1' title='bbox 408 385 514 447; x_wconf 71' lang='grc' dir='ltr'><strong>8ῗὸ</strong></span> 
     </span>
    </p>
   </div>
   <div class='ocr_carea' id='block_1_2' title="bbox 1603 396 2501 460">
    <p class='ocr_par' dir='ltr' id='par_1_2' title="bbox 1603 396 2501 460">
     <span class='ocr_line' id='line_1_2' title="bbox 1603 396 2501 460; baseline 0.004 -5"><span class='ocrx_word' id='word_1_2' title='bbox 1603 396 1930 455; x_wconf 83' lang='lat' dir='ltr'><strong>GEORGII</strong></span> <span class='ocrx_word' id='word_1_3' title='bbox 1977 399 2501 460; x_wconf 75' lang='lat' dir='ltr'><strong>TRAPEZUNTH</strong></span> 
     </span>
    </p>
   </div>
   <div class='ocr_carea' id='block_1_3' title="bbox 3573 410 3674 473">
    <p class='ocr_par' dir='ltr' id='par_1_3' title="bbox 3573 410 3674 473">
     <span class='ocr_line' id='line_1_3' title="bbox 3573 410 3674 473; baseline -0.03 0"><span class='ocrx_word' id='word_1_4' title='bbox 3573 410 3674 473; x_wconf 79' lang='lat'><strong>816</strong></span> 
     </span>
    </p>
   </div>
   <div class='ocr_carea' id='block_1_4' title="bbox 412 503 1983 591">
    <p class='ocr_par' dir='ltr' id='par_1_4' title="bbox 412 503 1983 580">
     <span class='ocr_line' id='line_1_4' title="bbox 412 503 1983 580; baseline 0.011 -31"><span class='ocrx_word' id='word_1_5' title='bbox 412 503 669 556; x_wconf 76' lang='lat' dir='ltr'><strong>ninnium</strong></span> <span class='ocrx_word' id='word_1_6' title='bbox 721 505 866 558; x_wconf 83' lang='lat' dir='ltr'><strong>enim</strong></span> <span class='ocrx_word' id='word_1_7' title='bbox 921 508 1436 563; x_wconf 88' lang='lat' dir='ltr'><strong>communissimum</strong></span> <span class='ocrx_word' id='word_1_8' title='bbox 1493 518 1575 565; x_wconf 85' lang='lat' dir='ltr'><strong>est</strong></span> <span class='ocrx_word' id='word_1_9' title='bbox 1641 527 1833 565; x_wconf 77' lang='lat' dir='ltr'><strong>eorum</strong></span> <span class='ocrx_word' id='word_1_10' title='bbox 1872 527 1983 580; x_wconf 74' lang='lat' dir='ltr'><strong>quae</strong></span> 
     </span>
    </p>
   </div>
   <div class='ocr_carea' id='block_1_5' title="bbox 2089 503 3681 591">
    <p class='ocr_par' dir='ltr' id='par_1_5' title="bbox 2100 513 3681 591">
     <span class='ocr_line' id='line_1_5' title="bbox 2100 513 3681 591; baseline 0.008 -27"><span class='ocrx_word' id='word_1_11' title='bbox 2100 531 2231 582; x_wconf 85' lang='grc' dir='ltr'>ματι</span> <span class='ocrx_word' id='word_1_12' title='bbox 2254 513 2416 583; x_wconf 81' lang='grc' dir='ltr'>μέσον</span> <span class='ocrx_word' id='word_1_13' title='bbox 2437 515 2530 568; x_wconf 76' lang='grc' dir='ltr'>καὶ</span> <span class='ocrx_word' id='word_1_14' title='bbox 2551 514 2752 586; x_wconf 77' lang='grc' dir='ltr'>ἀληθὴς</span> <span class='ocrx_word' id='word_1_15' title='bbox 2777 515 3095 585; x_wconf 67' lang='grc' dir='ltr'>σύνδεσμος,</span> <span class='ocrx_word' id='word_1_16' title='bbox 3113 519 3177 571; x_wconf 82' lang='grc' dir='ltr'><strong>τά</strong></span> <span class='ocrx_word' id='word_1_17' title='bbox 3197 520 3341 591; x_wconf 78' lang='grc' dir='ltr'>ἄκρα</span> <span class='ocrx_word' id='word_1_18' title='bbox 3370 522 3681 588; x_wconf 84' lang='grc' dir='ltr'>συνάπτων,</span> 
     </span>
    </p>
   </div>
   <div class='ocr_carea' id='block_1_6' title="bbox 409 594 1986 672">
    <p class='ocr_par' dir='ltr' id='par_1_6' title="bbox 409 594 1986 672">
     <span class='ocr_line' id='line_1_6' title="bbox 409 594 1986 672; baseline 0.009 -29"><span class='ocrx_word' id='word_1_19' title='bbox 409 594 712 649; x_wconf 62' lang='lat' dir='ltr'><strong>secundum</strong></span> <span class='ocrx_word' id='word_1_20' title='bbox 762 597 1000 652; x_wconf 77' lang='lat' dir='ltr'><strong>divinam</strong></span> <span class='ocrx_word' id='word_1_21' title='bbox 1059 600 1450 658; x_wconf 77' lang='lat' dir='ltr'><strong>discretionem</strong></span> <span class='ocrx_word' id='word_1_22' title='bbox 1511 603 1893 672; x_wconf 86' lang='lat' dir='ltr'><strong>accipiuntur,</strong></span> <span class='ocrx_word' id='word_1_23' title='bbox 1930 613 1986 657; x_wconf 90' lang='lat' dir='ltr'><strong>et</strong></span> 
     </span>
    </p>
   </div>
   <div class='ocr_carea' id='block_1_7' title="bbox 409 691 1986 760">
    <p class='ocr_par' dir='ltr' id='par_1_7' title="bbox 409 691 1986 760">
     <span class='ocr_line' id='line_1_7' title="bbox 409 691 1986 760; baseline 0.01 -22"><span class='ocrx_word' id='word_1_24' title='bbox 409 695 668 755; x_wconf 84' lang='lat' dir='ltr'><strong>tanquam</strong></span> <span class='ocrx_word' id='word_1_25' title='bbox 723 691 944 760; x_wconf 80' lang='lat' dir='ltr'><strong>aliquod</strong></span> <span class='ocrx_word' id='word_1_26' title='bbox 1003 695 1314 749; x_wconf 75' lang='lat' dir='ltr'><strong>universale</strong></span> <span class='ocrx_word' id='word_1_27' title='bbox 1359 713 1424 751; x_wconf 71' lang='lat' dir='ltr'><strong>ex</strong></span> <span class='ocrx_word' id='word_1_28' title='bbox 1487 712 1648 752; x_wconf 89' lang='lat' dir='ltr'><strong>causa</strong></span> <span class='ocrx_word' id='word_1_29' title='bbox 1699 714 1838 752; x_wconf 88' lang='lat' dir='ltr'><strong>esse.</strong></span> <span class='ocrx_word' id='word_1_30' title='bbox 1871 698 1986 753; x_wconf 85' lang='lat' dir='ltr'><strong>l-luc</strong></span> 
     </span>
    </p>
   </div>
   <div class='ocr_carea' id='block_1_8' title="bbox 406 781 1982 861">
    <p class='ocr_par' dir='ltr' id='par_1_8' title="bbox 406 781 1982 861">
     <span class='ocr_line' id='line_1_8' title="bbox 406 781 1982 861; baseline 0.01 -32"><span class='ocrx_word' id='word_1_31' title='bbox 406 793 533 846; x_wconf 78' lang='lat' dir='ltr'><strong>erga</strong></span> <span class='ocrx_word' id='word_1_32' title='bbox 595 781 923 852; x_wconf 86' lang='lat' dir='ltr'><strong>principium</strong></span> <span class='ocrx_word' id='word_1_33' title='bbox 1001 799 1220 840; x_wconf 77' lang='lat' dir='ltr'><strong>causam</strong></span> <span class='ocrx_word' id='word_1_34' title='bbox 1293 802 1579 853; x_wconf 83' lang='lat' dir='ltr'><strong>vocamus,</strong></span> <span class='ocrx_word' id='word_1_35' title='bbox 1637 805 1764 861; x_wconf 81' lang='lat' dir='ltr'><strong>erga</strong></span> <span class='ocrx_word' id='word_1_36' title='bbox 1820 790 1982 844; x_wconf 84' lang='lat' dir='ltr'><strong>ﬁnem</strong></span> 
     </span>
    </p>
   </div>
   <div class='ocr_carea' id='block_1_9' title="bbox 403 869 1982 944">
    <p class='ocr_par' dir='ltr' id='par_1_9' title="bbox 403 869 1982 944">
     <span class='ocr_line' id='line_1_9' title="bbox 403 869 1982 944; baseline 0.011 -26"><span class='ocrx_word' id='word_1_37' title='bbox 403 869 684 925; x_wconf 78' lang='lat' dir='ltr'><strong>ctlectnm.</strong></span> <span class='ocrx_word' id='word_1_38' title='bbox 735 873 798 925; x_wconf 85' lang='lat' dir='ltr'><strong>Et</strong></span> <span class='ocrx_word' id='word_1_39' title='bbox 847 877 1314 944; x_wconf 80' lang='lat' dir='ltr'><strong>quemadmodum</strong></span> <span class='ocrx_word' id='word_1_40' title='bbox 1363 880 1666 936; x_wconf 87' lang='lat' dir='ltr'><strong>absurdum</strong></span> <span class='ocrx_word' id='word_1_41' title='bbox 1729 899 1835 938; x_wconf 89' lang='lat' dir='ltr'><strong>non</strong></span> <span class='ocrx_word' id='word_1_42' title='bbox 1877 891 1982 944; x_wconf 84' lang='lat' dir='ltr'><strong>est,</strong></span> 
     </span>
    </p>
   </div>
   <div class='ocr_carea' id='block_1_10' title="bbox 404 969 1984 1043">
    <p class='ocr_par' dir='ltr' id='par_1_10' title="bbox 404 969 1984 1043">
     <span class='ocr_line' id='line_1_10' title="bbox 404 969 1984 1043; baseline 0.008 -28"><span class='ocrx_word' id='word_1_43' title='bbox 404 979 470 1015; x_wconf 77' lang='lat' dir='ltr'><strong>ex</strong></span> <span class='ocrx_word' id='word_1_44' title='bbox 521 979 684 1019; x_wconf 85' lang='lat' dir='ltr'><strong>causa</strong></span> <span class='ocrx_word' id='word_1_45' title='bbox 721 981 844 1022; x_wconf 85' lang='lat' dir='ltr'><strong>esse</strong></span> <span class='ocrx_word' id='word_1_46' title='bbox 893 969 1112 1026; x_wconf 91' lang='lat' dir='ltr'><strong>duobus</strong></span> <span class='ocrx_word' id='word_1_47' title='bbox 1160 973 1367 1038; x_wconf 85' lang='lat' dir='ltr'><strong>inesse,</strong></span> <span class='ocrx_word' id='word_1_48' title='bbox 1399 975 1543 1043; x_wconf 88' lang='lat' dir='ltr'><strong>quod</strong></span> <span class='ocrx_word' id='word_1_49' title='bbox 1581 986 1764 1030; x_wconf 86' lang='lat' dir='ltr'><strong>tamen</strong></span> <span class='ocrx_word' id='word_1_50' title='bbox 1793 991 1984 1029; x_wconf 81' lang='lat' dir='ltr'><strong>revera</strong></span> 
     </span>
    </p>
   </div>
   <div class='ocr_carea' id='block_1_11' title="bbox 405 1051 1984 1131">
    <p class='ocr_par' dir='ltr' id='par_1_11' title="bbox 405 1051 1984 1131">
     <span class='ocr_line' id='line_1_11' title="bbox 405 1051 1984 1131; baseline 0.01 -28"><span class='ocrx_word' id='word_1_51' title='bbox 405 1051 548 1107; x_wconf 79' lang='lat' dir='ltr'><strong>inest</strong></span> <span class='ocrx_word' id='word_1_52' title='bbox 595 1055 730 1110; x_wconf 88' lang='lat' dir='ltr'><strong>Filio</strong></span> <span class='ocrx_word' id='word_1_53' title='bbox 797 1068 849 1113; x_wconf 89' lang='lat' dir='ltr'><strong>et</strong></span> <span class='ocrx_word' id='word_1_54' title='bbox 910 1059 1170 1129; x_wconf 75' lang='lat' dir='ltr'><strong>Spiritui;</strong></span> <span class='ocrx_word' id='word_1_55' title='bbox 1236 1063 1307 1118; x_wconf 87' lang='lat' dir='ltr'><strong>ita</strong></span> <span class='ocrx_word' id='word_1_56' title='bbox 1331 1063 1629 1120; x_wconf 82' lang='lat' dir='ltr'><strong>absurdum</strong></span> <span class='ocrx_word' id='word_1_57' title='bbox 1661 1082 1768 1120; x_wconf 93' lang='lat' dir='ltr'><strong>non</strong></span> <span class='ocrx_word' id='word_1_58' title='bbox 1797 1065 1984 1131; x_wconf 80' lang='lat' dir='ltr'><strong>fuerit,</strong></span> 
     </span>
    </p>
   </div>
   <div class='ocr_carea' id='block_1_12' title="bbox 404 1143 1984 1216">
    <p class='ocr_par' dir='ltr' id='par_1_12' title="bbox 404 1143 1984 1216">
     <span class='ocr_line' id='line_1_12' title="bbox 404 1143 1984 1216; baseline 0.009 -20"><span class='ocrx_word' id='word_1_59' title='bbox 404 1143 515 1197; x_wconf 85' lang='lat' dir='ltr'><strong>imo</strong></span> <span class='ocrx_word' id='word_1_60' title='bbox 551 1150 927 1204; x_wconf 81' lang='lat' dir='ltr'><strong>necessarium</strong></span> <span class='ocrx_word' id='word_1_61' title='bbox 973 1163 1092 1216; x_wconf 84' lang='lat' dir='ltr'><strong>est,</strong></span> <span class='ocrx_word' id='word_1_62' title='bbox 1125 1168 1348 1208; x_wconf 81' lang='lat' dir='ltr'><strong>causam</strong></span> <span class='ocrx_word' id='word_1_63' title='bbox 1386 1156 1439 1209; x_wconf 91' lang='lat' dir='ltr'><strong>in</strong></span> <span class='ocrx_word' id='word_1_64' title='bbox 1481 1155 1700 1211; x_wconf 89' lang='lat' dir='ltr'><strong>duobus</strong></span> <span class='ocrx_word' id='word_1_65' title='bbox 1725 1157 1984 1211; x_wconf 87' lang='lat' dir='ltr'><strong>conside-</strong></span> 
     </span>
    </p>
   </div>
   <div class='ocr_carea' id='block_1_13' title="bbox 401 1239 1984 1317">
    <p class='ocr_par' dir='ltr' id='par_1_13' title="bbox 401 1239 1984 1317">
     <span class='ocr_line' id='line_1_13' title="bbox 401 1239 1984 1317; baseline 0.009 -26"><span class='ocrx_word' id='word_1_66' title='bbox 401 1239 536 1302; x_wconf 84' lang='lat' dir='ltr'><strong>rari,</strong></span> <span class='ocrx_word' id='word_1_67' title='bbox 601 1249 662 1295; x_wconf 93' lang='lat' dir='ltr'><strong>ut</strong></span> <span class='ocrx_word' id='word_1_68' title='bbox 717 1244 959 1298; x_wconf 87' lang='lat' dir='ltr'><strong>medium</strong></span> <span class='ocrx_word' id='word_1_69' title='bbox 1020 1246 1114 1300; x_wconf 74' lang='lat' dir='ltr'><strong>fiat</strong></span> <span class='ocrx_word' id='word_1_70' title='bbox 1163 1262 1221 1301; x_wconf 90' lang='lat' dir='ltr'><strong>re</strong></span> <span class='ocrx_word' id='word_1_71' title='bbox 1279 1248 1397 1317; x_wconf 88' lang='lat' dir='ltr'><strong>ipsa</strong></span> <span class='ocrx_word' id='word_1_72' title='bbox 1461 1250 1729 1312; x_wconf 89' lang='lat' dir='ltr'><strong>medium,</strong></span> <span class='ocrx_word' id='word_1_73' title='bbox 1777 1259 1832 1305; x_wconf 91' lang='lat' dir='ltr'><strong>et</strong></span> <span class='ocrx_word' id='word_1_74' title='bbox 1855 1266 1984 1306; x_wconf 80' lang='lat' dir='ltr'><strong>vera</strong></span> 
     </span>
    </p>
   </div>
   <div class='ocr_carea' id='block_1_14' title="bbox 403 1333 1981 1412">
    <p class='ocr_par' dir='ltr' id='par_1_14' title="bbox 403 1333 1981 1412">
     <span class='ocr_line' id='line_1_14' title="bbox 403 1333 1981 1412; baseline 0.01 -28"><span class='ocrx_word' id='word_1_75' title='bbox 403 1333 749 1401; x_wconf 73' lang='lat' dir='ltr'><strong>coniunctio,</strong></span> <span class='ocrx_word' id='word_1_76' title='bbox 811 1346 1058 1392; x_wconf 60' lang='lat' dir='ltr'><strong>extrema</strong></span> <span class='ocrx_word' id='word_1_77' title='bbox 1113 1340 1406 1408; x_wconf 72' lang='lat' dir='ltr'><strong>colligans,</strong></span> <span class='ocrx_word' id='word_1_78' title='bbox 1471 1352 1764 1411; x_wconf 77' lang='lat' dir='ltr'><strong>propterea</strong></span> <span class='ocrx_word' id='word_1_79' title='bbox 1829 1344 1981 1412; x_wconf 90' lang='lat' dir='ltr'><strong>quod</strong></span> 
     </span>
    </p>
   </div>
   <div class='ocr_carea' id='block_1_15' title="bbox 408 1429 1985 1504">
    <p class='ocr_par' dir='ltr' id='par_1_15' title="bbox 408 1429 1985 1504">
     <span class='ocr_line' id='line_1_15' title="bbox 408 1429 1985 1504; baseline 0.011 -30"><span class='ocrx_word' id='word_1_80' title='bbox 408 1439 581 1477; x_wconf 87' lang='lat' dir='ltr'><strong>unum</strong></span> <span class='ocrx_word' id='word_1_81' title='bbox 643 1441 806 1482; x_wconf 89' lang='lat' dir='ltr'><strong>causa</strong></span> <span class='ocrx_word' id='word_1_82' title='bbox 841 1429 944 1493; x_wconf 89' lang='lat' dir='ltr'><strong>sit,</strong></span> <span class='ocrx_word' id='word_1_83' title='bbox 978 1430 1211 1485; x_wconf 88' lang='lat' dir='ltr'><strong>alterum</strong></span> <span class='ocrx_word' id='word_1_84' title='bbox 1246 1431 1496 1489; x_wconf 68' lang='lat' dir='ltr'><strong>edectus.</strong></span> <span class='ocrx_word' id='word_1_85' title='bbox 1523 1433 1588 1490; x_wconf 81' lang='lat' dir='ltr'><strong>Et</strong></span> <span class='ocrx_word' id='word_1_86' title='bbox 1620 1435 1722 1490; x_wconf 90' lang='lat' dir='ltr'><strong>bac</strong></span> <span class='ocrx_word' id='word_1_87' title='bbox 1749 1437 1985 1504; x_wconf 86' lang='lat' dir='ltr'><strong>ratione,</strong></span> 
     </span>
    </p>
   </div>
   <div class='ocr_carea' id='block_1_16' title="bbox 405 1515 1988 1594">
    <p class='ocr_par' dir='ltr' id='par_1_16' title="bbox 405 1515 1988 1594">
     <span class='ocr_line' id='line_1_16' title="bbox 405 1515 1988 1594; baseline 0.009 -26"><span class='ocrx_word' id='word_1_88' title='bbox 405 1515 451 1569; x_wconf 84' lang='lat' dir='ltr'><strong>si</strong></span> <span class='ocrx_word' id='word_1_89' title='bbox 504 1516 628 1586; x_wconf 84' lang='lat' dir='ltr'><strong>quis</strong></span> <span class='ocrx_word' id='word_1_90' title='bbox 690 1523 1059 1577; x_wconf 91' lang='lat' dir='ltr'><strong>communiter</strong></span> <span class='ocrx_word' id='word_1_91' title='bbox 1121 1523 1379 1594; x_wconf 87' lang='lat' dir='ltr'><strong>accipiat,</strong></span> <span class='ocrx_word' id='word_1_92' title='bbox 1405 1536 1461 1581; x_wconf 90' lang='lat' dir='ltr'><strong>et</strong></span> <span class='ocrx_word' id='word_1_93' title='bbox 1496 1529 1802 1582; x_wconf 88' lang='lat' dir='ltr'><strong>secundum</strong></span> <span class='ocrx_word' id='word_1_94' title='bbox 1837 1539 1988 1585; x_wconf 84' lang='lat' dir='ltr'><strong>utra-</strong></span> 
     </span>
    </p>
   </div>
   <div class='ocr_carea' id='block_1_17' title="bbox 405 1610 1982 1682">
    <p class='ocr_par' dir='ltr' id='par_1_17' title="bbox 405 1610 1982 1682">
     <span class='ocr_line' id='line_1_17' title="bbox 405 1610 1982 1682; baseline 0.011 -23"><span class='ocrx_word' id='word_1_95' title='bbox 405 1625 514 1675; x_wconf 88' lang='lat' dir='ltr'><strong>que</strong></span> <span class='ocrx_word' id='word_1_96' title='bbox 562 1610 892 1682; x_wconf 85' lang='lat' dir='ltr'><strong>principium</strong></span> <span class='ocrx_word' id='word_1_97' title='bbox 951 1625 1009 1670; x_wconf 92' lang='lat' dir='ltr'><strong>et</strong></span> <span class='ocrx_word' id='word_1_98' title='bbox 1061 1613 1248 1681; x_wconf 80' lang='lat' dir='ltr'><strong>ﬁnem,</strong></span> <span class='ocrx_word' id='word_1_99' title='bbox 1314 1619 1369 1673; x_wconf 88' lang='lat' dir='ltr'><strong>in</strong></span> <span class='ocrx_word' id='word_1_100' title='bbox 1397 1620 1615 1676; x_wconf 89' lang='lat' dir='ltr'><strong>duobus</strong></span> <span class='ocrx_word' id='word_1_101' title='bbox 1641 1621 1982 1678; x_wconf 85' lang='lat' dir='ltr'><strong>considerari</strong></span> 
     </span>
    </p>
   </div>
   <div class='ocr_carea' id='block_1_18' title="bbox 405 1705 1980 1777">
    <p class='ocr_par' dir='ltr' id='par_1_18' title="bbox 405 1705 1980 1777">
     <span class='ocr_line' id='line_1_18' title="bbox 405 1705 1980 1777; baseline 0.008 -22"><span class='ocrx_word' id='word_1_102' title='bbox 405 1705 794 1772; x_wconf 81' lang='lat' dir='ltr'><strong>communiter,</strong></span> <span class='ocrx_word' id='word_1_103' title='bbox 845 1709 990 1777; x_wconf 93' lang='lat' dir='ltr'><strong>quod</strong></span> <span class='ocrx_word' id='word_1_104' title='bbox 1048 1709 1331 1773; x_wconf 87' lang='lat' dir='ltr'><strong>discernit,</strong></span> <span class='ocrx_word' id='word_1_105' title='bbox 1373 1713 1676 1768; x_wconf 83' lang='lat' dir='ltr'><strong>absurdum</strong></span> <span class='ocrx_word' id='word_1_106' title='bbox 1735 1726 1980 1771; x_wconf 87' lang='lat' dir='ltr'><strong>nonest.</strong></span> 
     </span>
    </p>
   </div>
   <div class='ocr_carea' id='block_1_19' title="bbox 405 1794 1982 1876">
    <p class='ocr_par' dir='ltr' id='par_1_19' title="bbox 405 1794 1982 1876">
     <span class='ocr_line' id='line_1_19' title="bbox 405 1794 1982 1876; baseline 0.01 -27"><span class='ocrx_word' id='word_1_107' title='bbox 405 1794 460 1849; x_wconf 89' lang='lat' dir='ltr'><strong>Si</strong></span> <span class='ocrx_word' id='word_1_108' title='bbox 493 1812 624 1852; x_wconf 75' lang='lat' dir='ltr'><strong>vero</strong></span> <span class='ocrx_word' id='word_1_109' title='bbox 676 1801 982 1854; x_wconf 87' lang='lat' dir='ltr'><strong>secundum</strong></span> <span class='ocrx_word' id='word_1_110' title='bbox 1039 1803 1445 1872; x_wconf 80' lang='lat' dir='ltr'><strong>oppositioncm</strong></span> <span class='ocrx_word' id='word_1_111' title='bbox 1483 1822 1591 1861; x_wconf 87' lang='lat' dir='ltr'><strong>una</strong></span> <span class='ocrx_word' id='word_1_112' title='bbox 1616 1806 1982 1876; x_wconf 75' lang='lat' dir='ltr'><strong>appositionis</strong></span> 
     </span>
    </p>
   </div>
   <div class='ocr_carea' id='block_1_20' title="bbox 2094 606 3686 686">
    <p class='ocr_par' dir='ltr' id='par_1_20' title="bbox 2094 606 3686 686">
     <span class='ocr_line' id='line_1_20' title="bbox 2094 606 3686 686; baseline 0.008 -28"><span class='ocrx_word' id='word_1_113' title='bbox 2094 607 2180 659; x_wconf 80' lang='grc' dir='ltr'><strong>διὰ</strong></span> <span class='ocrx_word' id='word_1_114' title='bbox 2199 606 2291 658; x_wconf 74' lang='grc' dir='ltr'>τοῦ</span> <span class='ocrx_word' id='word_1_115' title='bbox 2320 607 2419 675; x_wconf 79' lang='grc' dir='ltr'>μὲν</span> <span class='ocrx_word' id='word_1_116' title='bbox 2436 607 2698 673; x_wconf 78' lang='grc' dir='ltr'>αίτιατδν,</span> <span class='ocrx_word' id='word_1_117' title='bbox 2717 608 2810 662; x_wconf 72' lang='grc' dir='ltr'>τοῦ</span> <span class='ocrx_word' id='word_1_118' title='bbox 2829 610 2884 663; x_wconf 80' lang='grc' dir='ltr'>δὲ</span> <span class='ocrx_word' id='word_1_119' title='bbox 2908 611 3078 665; x_wconf 79' lang='grc' dir='ltr'>αἴτιον</span> <span class='ocrx_word' id='word_1_120' title='bbox 3098 609 3261 668; x_wconf 84' lang='grc' dir='ltr'>εἶναι.</span> <span class='ocrx_word' id='word_1_121' title='bbox 3283 616 3393 669; x_wconf 83' lang='grc' dir='ltr'><strong>Καὶ</strong></span> <span class='ocrx_word' id='word_1_122' title='bbox 3413 615 3556 677; x_wconf 76' lang='grc' dir='ltr'>οὕτω</span> <span class='ocrx_word' id='word_1_123' title='bbox 3584 619 3686 686; x_wconf 80' lang='grc' dir='ltr'>μὲν</span> 
     </span>
    </p>
   </div>
   <div class='ocr_carea' id='block_1_21' title="bbox 2095 697 3685 778">
    <p class='ocr_par' dir='ltr' id='par_1_21' title="bbox 2095 697 3685 778">
     <span class='ocr_line' id='line_1_21' title="bbox 2095 697 3685 778; baseline 0.011 -32"><span class='ocrx_word' id='word_1_124' title='bbox 2095 697 2142 749; x_wconf 86' lang='grc' dir='ltr'>εἰ</span> <span class='ocrx_word' id='word_1_125' title='bbox 2171 697 2368 760; x_wconf 83' lang='grc' dir='ltr'>κοινῶς</span> <span class='ocrx_word' id='word_1_126' title='bbox 2387 716 2468 762; x_wconf 89' lang='grc' dir='ltr'><strong>τις</strong></span> <span class='ocrx_word' id='word_1_127' title='bbox 2497 699 2790 768; x_wconf 75' lang='grc' dir='ltr'>λαμϐάνει,</span> <span class='ocrx_word' id='word_1_128' title='bbox 2808 701 2902 754; x_wconf 78' lang='grc' dir='ltr'>καὶ</span> <span class='ocrx_word' id='word_1_129' title='bbox 2921 704 3042 756; x_wconf 86' lang='grc' dir='ltr'>κατ’</span> <span class='ocrx_word' id='word_1_130' title='bbox 3067 705 3234 774; x_wconf 82' lang='grc' dir='ltr'><strong>ἄμφω</strong></span> <span class='ocrx_word' id='word_1_131' title='bbox 3260 708 3400 759; x_wconf 79' lang='grc' dir='ltr'>κατά</span> <span class='ocrx_word' id='word_1_132' title='bbox 3425 725 3482 760; x_wconf 87' lang='grc' dir='ltr'><strong>τε</strong></span> <span class='ocrx_word' id='word_1_133' title='bbox 3504 711 3685 778; x_wconf 76' lang='grc' dir='ltr'>ἀρχὴν</span> 
     </span>
    </p>
   </div>
   <div class='ocr_carea' id='block_1_22' title="bbox 2096 789 3748 867">
    <p class='ocr_par' dir='ltr' id='par_1_22' title="bbox 2096 789 3748 867">
     <span class='ocr_line' id='line_1_22' title="bbox 2096 789 3748 867; baseline 0.009 -27"><span class='ocrx_word' id='word_1_134' title='bbox 2096 789 2188 840; x_wconf 71' lang='grc' dir='ltr'>καὶ</span> <span class='ocrx_word' id='word_1_135' title='bbox 2204 790 2376 859; x_wconf 83' lang='grc' dir='ltr'>πέρας</span> <span class='ocrx_word' id='word_1_136' title='bbox 2403 791 2457 841; x_wconf 81' lang='grc' dir='ltr'>ἐν</span> <span class='ocrx_word' id='word_1_137' title='bbox 2473 792 2533 844; x_wconf 85' lang='grc' dir='ltr'><strong>δυ</strong></span> <span class='ocrx_word' id='word_1_138' title='bbox 2545 792 2592 843; x_wconf 73' lang='grc' dir='ltr'>σὶ</span> <span class='ocrx_word' id='word_1_139' title='bbox 2613 793 2937 863; x_wconf 80' lang='grc' dir='ltr'>θεωρεῖσθαι</span> <span class='ocrx_word' id='word_1_140' title='bbox 2963 797 3157 859; x_wconf 80' lang='grc' dir='ltr'>κοινῶς</span> <span class='ocrx_word' id='word_1_141' title='bbox 3177 797 3236 849; x_wconf 85' lang='grc' dir='ltr'>τὸ</span> <span class='ocrx_word' id='word_1_142' title='bbox 3259 798 3556 867; x_wconf 82' lang='grc' dir='ltr'>διακρίνον,</span> <span class='ocrx_word' id='word_1_143' title='bbox 3581 802 3685 855; x_wconf 81' lang='grc' dir='ltr'>οὐκ</span> <span class='ocrx_word' id='word_1_144' title='bbox 3745 818 3748 821; x_wconf 91' lang='grc'>·</span> 
     </span>
    </p>
   </div>
   <div class='ocr_carea' id='block_1_23' title="bbox 2093 867 3684 964">
    <p class='ocr_par' dir='ltr' id='par_1_23' title="bbox 2093 867 3684 964">
     <span class='ocr_line' id='line_1_23' title="bbox 2093 867 3684 964; baseline 0.007 -30"><span class='ocrx_word' id='word_1_145' title='bbox 2093 867 2316 936; x_wconf 74' lang='grc' dir='ltr'>ἄτοπον.</span> <span class='ocrx_word' id='word_1_146' title='bbox 2331 884 2391 934; x_wconf 83' lang='grc' dir='ltr'>Εἰ</span> <span class='ocrx_word' id='word_1_147' title='bbox 2414 883 2472 934; x_wconf 82' lang='grc' dir='ltr'>δὲ</span> <span class='ocrx_word' id='word_1_148' title='bbox 2491 883 2608 936; x_wconf 82' lang='grc' dir='ltr'>κατ’</span> <span class='ocrx_word' id='word_1_149' title='bbox 2629 886 2902 941; x_wconf 78' lang='grc' dir='ltr'>ἀντίθεσιν</span> <span class='ocrx_word' id='word_1_150' title='bbox 2918 888 2975 940; x_wconf 71' lang='grc' dir='ltr'><strong>τὸ</strong></span> <span class='ocrx_word' id='word_1_151' title='bbox 2990 889 3158 958; x_wconf 74' lang='grc' dir='ltr'>ἕντῆς</span> <span class='ocrx_word' id='word_1_152' title='bbox 3171 891 3494 956; x_wconf 81' lang='grc' dir='ltr'>ἀντιθέσεως</span> <span class='ocrx_word' id='word_1_153' title='bbox 3513 894 3684 964; x_wconf 62' lang='grc' dir='ltr'>μέρος</span> 
     </span>
    </p>
   </div>
   <div class='ocr_carea' id='block_1_24' title="bbox 2091 973 3681 1054">
    <p class='ocr_par' dir='ltr' id='par_1_24' title="bbox 2091 973 3681 1054">
     <span class='ocr_line' id='line_1_24' title="bbox 2091 973 3681 1054; baseline 0.007 -28"><span class='ocrx_word' id='word_1_154' title='bbox 2091 973 2211 1026; x_wconf 77' lang='grc' dir='ltr'>δυσὶ</span> <span class='ocrx_word' id='word_1_155' title='bbox 2247 975 2465 1037; x_wconf 81' lang='grc' dir='ltr'>πάντως</span> <span class='ocrx_word' id='word_1_156' title='bbox 2488 975 2870 1047; x_wconf 82' lang='grc' dir='ltr'>ὲπιθεωρεῖται</span> <span class='ocrx_word' id='word_1_157' title='bbox 2897 996 2911 1010; x_wconf 76' lang='grc' dir='ltr'><strong><em>ο</em></strong></span> <span class='ocrx_word' id='word_1_158' title='bbox 2943 978 3090 1033; x_wconf 72' lang='grc' dir='ltr'>οὕτω</span> <span class='ocrx_word' id='word_1_159' title='bbox 3141 980 3234 1033; x_wconf 74' lang='grc' dir='ltr'><strong>καὶ</strong></span> <span class='ocrx_word' id='word_1_160' title='bbox 3292 981 3354 1034; x_wconf 81' lang='grc' dir='ltr'>τὸ</span> <span class='ocrx_word' id='word_1_161' title='bbox 3418 985 3681 1054; x_wconf 72' lang='grc' dir='ltr'>γεννητὸν</span> 
     </span>
    </p>
   </div>
   <div class='ocr_carea' id='block_1_25' title="bbox 2094 1065 3686 1144">
    <p class='ocr_par' dir='ltr' id='par_1_25' title="bbox 2094 1065 3686 1144">
     <span class='ocr_line' id='line_1_25' title="bbox 2094 1065 3686 1144; baseline 0.006 -26"><span class='ocrx_word' id='word_1_162' title='bbox 2094 1067 2182 1118; x_wconf 73' lang='grc' dir='ltr'>καὶ</span> <span class='ocrx_word' id='word_1_163' title='bbox 2215 1065 2532 1136; x_wconf 80' lang='grc' dir='ltr'>ἀγέννητον,</span> <span class='ocrx_word' id='word_1_164' title='bbox 2575 1069 2668 1122; x_wconf 72' lang='grc' dir='ltr'><strong>καὶ</strong></span> <span class='ocrx_word' id='word_1_165' title='bbox 2728 1071 3060 1137; x_wconf 67' lang='grc' dir='ltr'>ἒκπορευτον</span> <span class='ocrx_word' id='word_1_166' title='bbox 3117 1073 3213 1125; x_wconf 78' lang='grc' dir='ltr'>καὶ</span> <span class='ocrx_word' id='word_1_167' title='bbox 3276 1073 3686 1144; x_wconf 74' lang='grc' dir='ltr'>ἀνεκπὸρευτον</span> 
     </span>
    </p>
   </div>
   <div class='ocr_carea' id='block_1_26' title="bbox 2090 1154 3684 1230">
    <p class='ocr_par' dir='ltr' id='par_1_26' title="bbox 2090 1154 3684 1230">
     <span class='ocr_line' id='line_1_26' title="bbox 2090 1154 3684 1230; baseline 0.006 -22"><span class='ocrx_word' id='word_1_168' title='bbox 2090 1154 2210 1208; x_wconf 78' lang='grc' dir='ltr'>δυσὶ</span> <span class='ocrx_word' id='word_1_169' title='bbox 2243 1155 2422 1208; x_wconf 85' lang='grc' dir='ltr'>κοινὸν</span> <span class='ocrx_word' id='word_1_170' title='bbox 2479 1157 2813 1225; x_wconf 66' lang='grc' dir='ltr'>ἀνεφαίνετο.</span> <span class='ocrx_word' id='word_1_171' title='bbox 2878 1159 3096 1230; x_wconf 77' lang='grc' dir='ltr'>Ἐπειδὴ</span> <span class='ocrx_word' id='word_1_172' title='bbox 3169 1163 3277 1230; x_wconf 82' lang='grc' dir='ltr'><strong>γάρ</strong></span> <span class='ocrx_word' id='word_1_173' title='bbox 3334 1163 3505 1230; x_wconf 86' lang='grc' dir='ltr'>Τριάς</span> <span class='ocrx_word' id='word_1_174' title='bbox 3564 1165 3684 1218; x_wconf 66' lang='grc' dir='ltr'>ἐστι</span> 
     </span>
    </p>
   </div>
   <div class='ocr_carea' id='block_1_27' title="bbox 2092 1247 3682 1320">
    <p class='ocr_par' dir='ltr' id='par_1_27' title="bbox 2092 1247 3682 1320">
     <span class='ocr_line' id='line_1_27' title="bbox 2092 1247 3682 1320; baseline 0.005 -22"><span class='ocrx_word' id='word_1_175' title='bbox 2092 1247 2167 1316; x_wconf 75' lang='grc' dir='ltr'>τῷ</span> <span class='ocrx_word' id='word_1_176' title='bbox 2193 1248 2479 1318; x_wconf 73' lang='grc' dir='ltr'><strong>πράγματι</strong></span> <span class='ocrx_word' id='word_1_177' title='bbox 2505 1250 2532 1302; x_wconf 86' lang='grc' dir='ltr'>ὁ</span> <span class='ocrx_word' id='word_1_178' title='bbox 2563 1249 2717 1317; x_wconf 74' lang='grc' dir='ltr'>Θεὸς,</span> <span class='ocrx_word' id='word_1_179' title='bbox 2745 1253 2799 1305; x_wconf 77' lang='grc' dir='ltr'><strong>εί</strong></span> <span class='ocrx_word' id='word_1_180' title='bbox 2847 1267 2957 1305; x_wconf 86' lang='grc' dir='ltr'>τινι</span> <span class='ocrx_word' id='word_1_181' title='bbox 3020 1253 3132 1320; x_wconf 67' lang='grc' dir='ltr'>μίας</span> <span class='ocrx_word' id='word_1_182' title='bbox 3151 1253 3260 1305; x_wconf 83' lang='grc' dir='ltr'>τῶν</span> <span class='ocrx_word' id='word_1_183' title='bbox 3321 1254 3682 1308; x_wconf 28' lang='grc' dir='ltr'>ὗιποστάσεων</span> 
     </span>
    </p>
   </div>
   <div class='ocr_carea' id='block_1_28' title="bbox 2091 1342 3682 1416">
    <p class='ocr_par' dir='ltr' id='par_1_28' title="bbox 2091 1342 3682 1416">
     <span class='ocr_line' id='line_1_28' title="bbox 2091 1342 3682 1416; baseline 0.006 -24"><span class='ocrx_word' id='word_1_184' title='bbox 2091 1342 2204 1393; x_wconf 83' lang='grc' dir='ltr'>τοῖν</span> <span class='ocrx_word' id='word_1_185' title='bbox 2226 1342 2372 1394; x_wconf 79' lang='grc' dir='ltr'>δυοῖν</span> <span class='ocrx_word' id='word_1_186' title='bbox 2402 1343 2764 1412; x_wconf 67' lang='grc' dir='ltr'><strong>διακρίνεται,</strong></span> <span class='ocrx_word' id='word_1_187' title='bbox 2796 1344 2954 1398; x_wconf 71' lang='grc' dir='ltr'>τοῦτο</span> <span class='ocrx_word' id='word_1_188' title='bbox 2989 1345 3047 1411; x_wconf 77' lang='grc' dir='ltr'>ἐξ</span> <span class='ocrx_word' id='word_1_189' title='bbox 3082 1347 3411 1411; x_wconf 74' lang='grc' dir='ltr'><strong>ἀντιθέσεως</strong></span> <span class='ocrx_word' id='word_1_190' title='bbox 3465 1348 3682 1416; x_wconf 80' lang='grc' dir='ltr'>λαμϐα-</span> 
     </span>
    </p>
   </div>
   <div class='ocr_carea' id='block_1_29' title="bbox 2093 1433 3682 1510">
    <p class='ocr_par' dir='ltr' id='par_1_29' title="bbox 2093 1433 3682 1510">
     <span class='ocr_line' id='line_1_29' title="bbox 2093 1433 3682 1510; baseline 0.006 -25"><span class='ocrx_word' id='word_1_191' title='bbox 2093 1433 2318 1502; x_wconf 74' lang='grc' dir='ltr'>νόμενον</span> <span class='ocrx_word' id='word_1_192' title='bbox 2353 1434 2412 1500; x_wconf 77' lang='grc' dir='ltr'>ἐξ</span> <span class='ocrx_word' id='word_1_193' title='bbox 2434 1435 2683 1506; x_wconf 78' lang='grc' dir='ltr'><strong>ἀνάγκης</strong></span> <span class='ocrx_word' id='word_1_194' title='bbox 2733 1436 2856 1490; x_wconf 72' lang='grc' dir='ltr'>δυσὶ</span> <span class='ocrx_word' id='word_1_195' title='bbox 2905 1439 3232 1510; x_wconf 86' lang='grc' dir='ltr'>προσέσται.</span> <span class='ocrx_word' id='word_1_196' title='bbox 3293 1439 3367 1494; x_wconf 81' lang='grc' dir='ltr'><strong>Τὸ</strong></span> <span class='ocrx_word' id='word_1_197' title='bbox 3419 1441 3523 1510; x_wconf 85' lang='grc' dir='ltr'><strong>γάρ</strong></span> <span class='ocrx_word' id='word_1_198' title='bbox 3570 1441 3682 1494; x_wconf 78' lang='grc' dir='ltr'>ἀπὸ</span> 
     </span>
    </p>
   </div>
   <div class='ocr_carea' id='block_1_30' title="bbox 2090 1526 3686 1600">
    <p class='ocr_par' dir='ltr' id='par_1_30' title="bbox 2090 1526 3686 1600">
     <span class='ocr_line' id='line_1_30' title="bbox 2090 1526 3686 1600; baseline 0.007 -23"><span class='ocrx_word' id='word_1_199' title='bbox 2090 1526 2260 1596; x_wconf 81' lang='grc' dir='ltr'>τριῶν</span> <span class='ocrx_word' id='word_1_200' title='bbox 2281 1527 2338 1579; x_wconf 75' lang='grc' dir='ltr'>ἓν</span> <span class='ocrx_word' id='word_1_201' title='bbox 2359 1527 2627 1600; x_wconf 80' lang='grc' dir='ltr'>ἀφαιροῦν</span> <span class='ocrx_word' id='word_1_202' title='bbox 2657 1530 2751 1583; x_wconf 85' lang='grc' dir='ltr'>δύο</span> <span class='ocrx_word' id='word_1_203' title='bbox 2777 1531 2993 1594; x_wconf 79' lang='grc' dir='ltr'>πάντως</span> <span class='ocrx_word' id='word_1_204' title='bbox 3016 1532 3354 1598; x_wconf 76' lang='grc' dir='ltr'><strong>ἀπολείπειν,</strong></span> <span class='ocrx_word' id='word_1_205' title='bbox 3413 1535 3508 1587; x_wconf 67' lang='grc' dir='ltr'><strong>καὶ</strong></span> <span class='ocrx_word' id='word_1_206' title='bbox 3553 1537 3686 1588; x_wconf 77' lang='grc' dir='ltr'>παῖ-</span> 
     </span>
    </p>
   </div>
   <div class='ocr_carea' id='block_1_31' title="bbox 2091 1618 3679 1698">
    <p class='ocr_par' dir='ltr' id='par_1_31' title="bbox 2091 1618 3679 1698">
     <span class='ocr_line' id='line_1_31' title="bbox 2091 1618 3679 1698; baseline 0.006 -28"><span class='ocrx_word' id='word_1_207' title='bbox 2091 1618 2200 1682; x_wconf 88' lang='grc' dir='ltr'>δες,</span> <span class='ocrx_word' id='word_1_208' title='bbox 2233 1620 2326 1672; x_wconf 74' lang='grc' dir='ltr'>καὶ</span> <span class='ocrx_word' id='word_1_209' title='bbox 2359 1625 2615 1685; x_wconf 78' lang='grc' dir='ltr'>γυναῖκες</span> <span class='ocrx_word' id='word_1_210' title='bbox 2646 1622 3044 1693; x_wconf 75' lang='grc' dir='ltr'>ὁμολογήσαιεν</span> <span class='ocrx_word' id='word_1_211' title='bbox 3069 1626 3154 1679; x_wconf 79' lang='grc' dir='ltr'><strong>ἄν.</strong></span> <span class='ocrx_word' id='word_1_212' title='bbox 3186 1626 3257 1678; x_wconf 74' lang='grc' dir='ltr'><strong>Σὺ</strong></span> <span class='ocrx_word' id='word_1_213' title='bbox 3305 1626 3361 1679; x_wconf 77' lang='grc' dir='ltr'>δὲ</span> <span class='ocrx_word' id='word_1_214' title='bbox 3418 1627 3519 1698; x_wconf 80' lang='grc' dir='ltr'><strong>δρα</strong></span> <span class='ocrx_word' id='word_1_215' title='bbox 3583 1644 3679 1695; x_wconf 84' lang='grc' dir='ltr'><strong>μοι</strong></span> 
     </span>
    </p>
   </div>
   <div class='ocr_carea' id='block_1_32' title="bbox 2091 1711 3678 1786">
    <p class='ocr_par' dir='ltr' id='par_1_32' title="bbox 2091 1711 3678 1786">
     <span class='ocr_line' id='line_1_32' title="bbox 2091 1711 3678 1786; baseline 0.006 -24"><span class='ocrx_word' id='word_1_216' title='bbox 2091 1711 2189 1780; x_wconf 81' lang='grc' dir='ltr'>τὴν</span> <span class='ocrx_word' id='word_1_217' title='bbox 2220 1711 2505 1780; x_wconf 77' lang='grc' dir='ltr'>ἀκρίϐειαν</span> <span class='ocrx_word' id='word_1_218' title='bbox 2550 1715 2658 1766; x_wconf 81' lang='grc' dir='ltr'>τῶν</span> <span class='ocrx_word' id='word_1_219' title='bbox 2694 1716 2888 1782; x_wconf 80' lang='grc' dir='ltr'>λόγων.</span> <span class='ocrx_word' id='word_1_220' title='bbox 2936 1716 3010 1769; x_wconf 74' lang='grc' dir='ltr'><strong>Τὸ</strong></span> <span class='ocrx_word' id='word_1_221' title='bbox 3043 1717 3142 1786; x_wconf 79' lang='grc' dir='ltr'>μὲν</span> <span class='ocrx_word' id='word_1_222' title='bbox 3177 1718 3286 1786; x_wconf 74' lang='grc' dir='ltr'><strong>γὰρ</strong></span> <span class='ocrx_word' id='word_1_223' title='bbox 3338 1719 3678 1786; x_wconf 76' lang='grc' dir='ltr'>ἀγεννήτως,</span> 
     </span>
    </p>
   </div>
   <div class='ocr_carea' id='block_1_33' title="bbox 2092 1801 3688 1879">
    <p class='ocr_par' dir='ltr' id='par_1_33' title="bbox 2092 1801 3688 1879">
     <span class='ocr_line' id='line_1_33' title="bbox 2092 1801 3688 1879; baseline 0.006 -24"><span class='ocrx_word' id='word_1_224' title='bbox 2092 1804 2210 1873; x_wconf 76' lang='grc' dir='ltr'>ἦτοι</span> <span class='ocrx_word' id='word_1_225' title='bbox 2245 1804 2499 1874; x_wconf 85' lang='grc' dir='ltr'>ἀνάρχως</span> <span class='ocrx_word' id='word_1_226' title='bbox 2543 1801 2680 1859; x_wconf 84' lang='grc' dir='ltr'>εἶναι</span> <span class='ocrx_word' id='word_1_227' title='bbox 2712 1807 2840 1860; x_wconf 81' lang='grc' dir='ltr'>Υῐοῦ</span> <span class='ocrx_word' id='word_1_228' title='bbox 2876 1825 2932 1861; x_wconf 89' lang='grc' dir='ltr'><strong>τε</strong></span> <span class='ocrx_word' id='word_1_229' title='bbox 2969 1810 3061 1862; x_wconf 71' lang='grc' dir='ltr'><strong>καὶ</strong></span> <span class='ocrx_word' id='word_1_230' title='bbox 3099 1809 3412 1879; x_wconf 80' lang='grc' dir='ltr'>Πνεύματος</span> <span class='ocrx_word' id='word_1_231' title='bbox 3442 1810 3532 1862; x_wconf 73' lang='grc' dir='ltr'><strong>τὸν</strong></span> <span class='ocrx_word' id='word_1_232' title='bbox 3564 1813 3688 1864; x_wconf 79' lang='grc' dir='ltr'>Πα-</span> 
     </span>
    </p>
   </div>
   <div class='ocr_carea' id='block_1_34' title="bbox 407 1879 1983 1970">
    <p class='ocr_par' dir='ltr' id='par_1_34' title="bbox 407 1891 1982 1968">
     <span class='ocr_line' id='line_1_34' title="bbox 407 1891 1982 1968; baseline 0.007 -27"><span class='ocrx_word' id='word_1_233' title='bbox 407 1906 538 1958; x_wconf 87' lang='lat' dir='ltr'><strong>pars</strong></span> <span class='ocrx_word' id='word_1_234' title='bbox 591 1891 645 1944; x_wconf 90' lang='lat' dir='ltr'><strong>in</strong></span> <span class='ocrx_word' id='word_1_235' title='bbox 693 1892 912 1948; x_wconf 88' lang='lat' dir='ltr'><strong>duobus</strong></span> <span class='ocrx_word' id='word_1_236' title='bbox 937 1895 1092 1962; x_wconf 87' lang='lat' dir='ltr'><strong>plane</strong></span> <span class='ocrx_word' id='word_1_237' title='bbox 1123 1895 1511 1951; x_wconf 86' lang='lat' dir='ltr'><strong>consideratur</strong></span> <span class='ocrx_word' id='word_1_238' title='bbox 1543 1915 1556 1952; x_wconf 90' lang='lat'>:</span> <span class='ocrx_word' id='word_1_239' title='bbox 1602 1899 1682 1953; x_wconf 90' lang='lat' dir='ltr'><strong>sic</strong></span> <span class='ocrx_word' id='word_1_240' title='bbox 1715 1899 1982 1968; x_wconf 79' lang='lat' dir='ltr'><strong>genitum,</strong></span> 
     </span>
    </p>
   </div>
   <div class='ocr_carea' id='block_1_35' title="bbox 2089 1879 3681 1970">
    <p class='ocr_par' dir='ltr' id='par_1_35' title="bbox 2089 1896 3681 1970">
     <span class='ocr_line' id='line_1_35' title="bbox 2089 1896 3681 1970; baseline 0.003 -22"><span class='ocrx_word' id='word_1_241' title='bbox 2089 1896 2221 1967; x_wconf 83' lang='grc' dir='ltr'>τέρα</span> <span class='ocrx_word' id='word_1_242' title='bbox 2247 1896 2514 1968; x_wconf 86' lang='grc' dir='ltr'>διακρίνει</span> <span class='ocrx_word' id='word_1_243' title='bbox 2545 1913 2559 1928; x_wconf 75' lang='grc'><strong><em>⁸</em></strong></span> <span class='ocrx_word' id='word_1_244' title='bbox 2591 1897 2677 1952; x_wconf 77' lang='grc' dir='ltr'><strong>διὰ</strong></span> <span class='ocrx_word' id='word_1_245' title='bbox 2707 1897 2868 1950; x_wconf 82' lang='grc' dir='ltr'>τοῦτο</span> <span class='ocrx_word' id='word_1_246' title='bbox 2910 1900 3092 1953; x_wconf 71' lang='grc' dir='ltr'>κοινὸν</span> <span class='ocrx_word' id='word_1_247' title='bbox 3115 1898 3228 1970; x_wconf 82' lang='grc' dir='ltr'><strong>Υίῷ</strong></span> <span class='ocrx_word' id='word_1_248' title='bbox 3258 1901 3349 1953; x_wconf 70' lang='grc' dir='ltr'><strong>καὶ</strong></span> <span class='ocrx_word' id='word_1_249' title='bbox 3396 1901 3681 1970; x_wconf 78' lang='grc' dir='ltr'>Πνεὺματι</span> 
     </span>
    </p>
   </div>
   <div class='ocr_carea' id='block_1_36' title="bbox 407 1983 1984 2059">
    <p class='ocr_par' dir='ltr' id='par_1_36' title="bbox 407 1983 1984 2059">
     <span class='ocr_line' id='line_1_36' title="bbox 407 1983 1984 2059; baseline 0.007 -24"><span class='ocrx_word' id='word_1_250' title='bbox 407 1992 464 2036; x_wconf 85' lang='lat' dir='ltr'><strong>et</strong></span> <span class='ocrx_word' id='word_1_251' title='bbox 488 1983 809 2050; x_wconf 71' lang='lat' dir='ltr'><strong>ingenitum,</strong></span> <span class='ocrx_word' id='word_1_252' title='bbox 829 1995 883 2038; x_wconf 89' lang='lat' dir='ltr'><strong>et</strong></span> <span class='ocrx_word' id='word_1_253' title='bbox 903 1986 1204 2055; x_wconf 84' lang='lat' dir='ltr'><strong>procedens</strong></span> <span class='ocrx_word' id='word_1_254' title='bbox 1229 1998 1283 2042; x_wconf 90' lang='lat' dir='ltr'><strong>et</strong></span> <span class='ocrx_word' id='word_1_255' title='bbox 1309 2004 1416 2043; x_wconf 90' lang='lat' dir='ltr'><strong>non</strong></span> <span class='ocrx_word' id='word_1_256' title='bbox 1441 1989 1744 2059; x_wconf 78' lang='lat' dir='ltr'><strong>procedens</strong></span> <span class='ocrx_word' id='word_1_257' title='bbox 1765 1990 1984 2046; x_wconf 89' lang='lat' dir='ltr'><strong>duobus</strong></span> 
     </span>
    </p>
   </div>
   <div class='ocr_carea' id='block_1_37' title="bbox 407 2059 1986 2152">
    <p class='ocr_par' dir='ltr' id='par_1_37' title="bbox 407 2059 1986 2152">
     <span class='ocr_line' id='line_1_37' title="bbox 407 2059 1986 2152; baseline 0.008 -29"><span class='ocrx_word' id='word_1_258' title='bbox 407 2090 700 2129; x_wconf 71' lang='lat' dir='ltr'><strong>rotnmune</strong></span> <span class='ocrx_word' id='word_1_259' title='bbox 740 2059 986 2144; x_wconf 81' lang='lat' dir='ltr'><strong>apparet.</strong></span> <span class='ocrx_word' id='word_1_260' title='bbox 1050 2077 1184 2133; x_wconf 91' lang='lat' dir='ltr'><strong>Cum</strong></span> <span class='ocrx_word' id='word_1_261' title='bbox 1219 2079 1362 2133; x_wconf 91' lang='lat' dir='ltr'><strong>enim</strong></span> <span class='ocrx_word' id='word_1_262' title='bbox 1402 2080 1644 2136; x_wconf 87' lang='lat' dir='ltr'><strong>Trinitas</strong></span> <span class='ocrx_word' id='word_1_263' title='bbox 1680 2098 1737 2136; x_wconf 91' lang='lat' dir='ltr'><strong>rc</strong></span> <span class='ocrx_word' id='word_1_264' title='bbox 1774 2086 1887 2152; x_wconf 89' lang='lat' dir='ltr'><strong>ipsa</strong></span> <span class='ocrx_word' id='word_1_265' title='bbox 1914 2083 1986 2136; x_wconf 90' lang='lat' dir='ltr'><strong>sit</strong></span> 
     </span>
    </p>
   </div>
   <div class='ocr_carea' id='block_1_38' title="bbox 405 2165 1985 2243">
    <p class='ocr_par' dir='ltr' id='par_1_38' title="bbox 405 2165 1985 2243">
     <span class='ocr_line' id='line_1_38' title="bbox 405 2165 1985 2243; baseline 0.007 -24"><span class='ocrx_word' id='word_1_266' title='bbox 405 2165 576 2230; x_wconf 88' lang='lat' dir='ltr'><strong>Deus,</strong></span> <span class='ocrx_word' id='word_1_267' title='bbox 625 2169 670 2222; x_wconf 90' lang='lat' dir='ltr'><strong>si</strong></span> <span class='ocrx_word' id='word_1_268' title='bbox 707 2185 817 2238; x_wconf 93' lang='lat' dir='ltr'><strong>quo</strong></span> <span class='ocrx_word' id='word_1_269' title='bbox 851 2171 1012 2224; x_wconf 89' lang='lat' dir='ltr'><strong>modo</strong></span> <span class='ocrx_word' id='word_1_270' title='bbox 1062 2188 1166 2225; x_wconf 91' lang='lat' dir='ltr'><strong>una</strong></span> <span class='ocrx_word' id='word_1_271' title='bbox 1207 2173 1526 2243; x_wconf 80' lang='lat' dir='ltr'><strong>ltypostasis</strong></span> <span class='ocrx_word' id='word_1_272' title='bbox 1563 2190 1591 2228; x_wconf 94' lang='lat' dir='ltr'><strong>a</strong></span> <span class='ocrx_word' id='word_1_273' title='bbox 1622 2177 1835 2232; x_wconf 78' lang='lat' dir='ltr'><strong>duobus</strong></span> <span class='ocrx_word' id='word_1_274' title='bbox 1859 2175 1985 2230; x_wconf 86' lang='lat' dir='ltr'><strong>dis-</strong></span> 
     </span>
    </p>
   </div>
   <div class='ocr_carea' id='block_1_39' title="bbox 403 2263 1985 2345">
    <p class='ocr_par' dir='ltr' id='par_1_39' title="bbox 403 2263 1985 2345">
     <span class='ocr_line' id='line_1_39' title="bbox 403 2263 1985 2345; baseline 0.005 -31"><span class='ocrx_word' id='word_1_275' title='bbox 403 2263 676 2322; x_wconf 84' lang='lat' dir='ltr'><strong>cernitur,</strong></span> <span class='ocrx_word' id='word_1_276' title='bbox 737 2265 789 2318; x_wconf 89' lang='lat' dir='ltr'><strong>id</strong></span> <span class='ocrx_word' id='word_1_277' title='bbox 830 2281 928 2334; x_wconf 88' lang='lat' dir='ltr'><strong>per</strong></span> <span class='ocrx_word' id='word_1_278' title='bbox 954 2267 1359 2336; x_wconf 88' lang='lat' dir='ltr'><strong>oppositionem</strong></span> <span class='ocrx_word' id='word_1_279' title='bbox 1402 2280 1766 2345; x_wconf 88' lang='lat' dir='ltr'><strong>assumptum,</strong></span> <span class='ocrx_word' id='word_1_280' title='bbox 1791 2283 1985 2323; x_wconf 84' lang='lat' dir='ltr'><strong>neces-</strong></span> 
     </span>
    </p>
   </div>
   <div class='ocr_carea' id='block_1_40' title="bbox 405 2352 1986 2425">
    <p class='ocr_par' dir='ltr' id='par_1_40' title="bbox 405 2352 1986 2425">
     <span class='ocr_line' id='line_1_40' title="bbox 405 2352 1986 2425; baseline 0.006 -20"><span class='ocrx_word' id='word_1_281' title='bbox 405 2352 555 2406; x_wconf 80' lang='lat' dir='ltr'><strong>sario</strong></span> <span class='ocrx_word' id='word_1_282' title='bbox 586 2353 804 2410; x_wconf 91' lang='lat' dir='ltr'><strong>duobus</strong></span> <span class='ocrx_word' id='word_1_283' title='bbox 833 2355 1017 2411; x_wconf 87' lang='lat' dir='ltr'><strong>inerit.</strong></span> <span class='ocrx_word' id='word_1_284' title='bbox 1047 2358 1203 2425; x_wconf 86' lang='lat' dir='ltr'><strong>Quod</strong></span> <span class='ocrx_word' id='word_1_285' title='bbox 1227 2361 1373 2414; x_wconf 91' lang='lat' dir='ltr'><strong>enim</strong></span> <span class='ocrx_word' id='word_1_286' title='bbox 1403 2376 1466 2414; x_wconf 84' lang='lat' dir='ltr'><strong>ex</strong></span> <span class='ocrx_word' id='word_1_287' title='bbox 1490 2360 1669 2415; x_wconf 82' lang='lat' dir='ltr'><strong>tribus</strong></span> <span class='ocrx_word' id='word_1_288' title='bbox 1698 2377 1864 2414; x_wconf 90' lang='lat' dir='ltr'><strong>unum</strong></span> <span class='ocrx_word' id='word_1_289' title='bbox 1891 2359 1986 2414; x_wconf 87' lang='lat' dir='ltr'><strong>de-</strong></span> 
     </span>
    </p>
   </div>
   <div class='ocr_carea' id='block_1_41' title="bbox 408 2445 1984 2523">
    <p class='ocr_par' dir='ltr' id='par_1_41' title="bbox 408 2445 1984 2523">
     <span class='ocr_line' id='line_1_41' title="bbox 408 2445 1984 2523; baseline 0.006 -26"><span class='ocrx_word' id='word_1_290' title='bbox 408 2445 532 2510; x_wconf 82' lang='lat' dir='ltr'><strong>mit,</strong></span> <span class='ocrx_word' id='word_1_291' title='bbox 555 2446 665 2501; x_wconf 93' lang='lat' dir='ltr'><strong>duo</strong></span> <span class='ocrx_word' id='word_1_292' title='bbox 689 2462 915 2516; x_wconf 84' lang='lat' dir='ltr'><strong>prorsus</strong></span> <span class='ocrx_word' id='word_1_293' title='bbox 951 2450 1439 2522; x_wconf 82' lang='lat' dir='ltr'><strong>relinquitzidque</strong></span> <span class='ocrx_word' id='word_1_294' title='bbox 1474 2468 1652 2521; x_wconf 81' lang='lat' dir='ltr'><strong>neque</strong></span> <span class='ocrx_word' id='word_1_295' title='bbox 1681 2453 1858 2523; x_wconf 87' lang='lat' dir='ltr'><strong>pueri,</strong></span> <span class='ocrx_word' id='word_1_296' title='bbox 1889 2467 1984 2506; x_wconf 84' lang='lat' dir='ltr'><strong>nc-</strong></span> 
     </span>
    </p>
   </div>
   <div class='ocr_carea' id='block_1_42' title="bbox 407 2542 1984 2613">
    <p class='ocr_par' dir='ltr' id='par_1_42' title="bbox 407 2542 1984 2613">
     <span class='ocr_line' id='line_1_42' title="bbox 407 2542 1984 2613; baseline 0.004 -22"><span class='ocrx_word' id='word_1_297' title='bbox 407 2555 515 2609; x_wconf 86' lang='lat' dir='ltr'><strong>que</strong></span> <span class='ocrx_word' id='word_1_298' title='bbox 554 2542 813 2597; x_wconf 89' lang='lat' dir='ltr'><strong>mulieres</strong></span> <span class='ocrx_word' id='word_1_299' title='bbox 871 2542 1086 2598; x_wconf 79' lang='lat' dir='ltr'><strong>inﬁcias</strong></span> <span class='ocrx_word' id='word_1_300' title='bbox 1146 2543 1368 2599; x_wconf 78' lang='lat' dir='ltr'><strong>iverint.</strong></span> <span class='ocrx_word' id='word_1_301' title='bbox 1411 2542 1492 2598; x_wconf 90' lang='lat' dir='ltr'><strong>Tu</strong></span> <span class='ocrx_word' id='word_1_302' title='bbox 1533 2561 1697 2613; x_wconf 89' lang='lat' dir='ltr'><strong>porro</strong></span> <span class='ocrx_word' id='word_1_303' title='bbox 1735 2554 1984 2599; x_wconf 78' lang='lat' dir='ltr'><strong>exactam</strong></span> 
     </span>
    </p>
   </div>
   <div class='ocr_carea' id='block_1_43' title="bbox 407 2635 1983 2708">
    <p class='ocr_par' dir='ltr' id='par_1_43' title="bbox 407 2635 1983 2708">
     <span class='ocr_line' id='line_1_43' title="bbox 407 2635 1983 2708; baseline 0.003 -21"><span class='ocrx_word' id='word_1_304' title='bbox 407 2635 677 2690; x_wconf 89' lang='lat' dir='ltr'><strong>orationis</strong></span> <span class='ocrx_word' id='word_1_305' title='bbox 718 2636 1022 2690; x_wconf 79' lang='lat' dir='ltr'><strong>claritatem</strong></span> <span class='ocrx_word' id='word_1_306' title='bbox 1065 2638 1384 2692; x_wconf 86' lang='lat' dir='ltr'><strong>considera.</strong></span> <span class='ocrx_word' id='word_1_307' title='bbox 1416 2638 1546 2691; x_wconf 67' lang='lat' dir='ltr'><strong>Nam</strong></span> <span class='ocrx_word' id='word_1_308' title='bbox 1581 2638 1788 2707; x_wconf 86' lang='lat' dir='ltr'><strong>absque</strong></span> <span class='ocrx_word' id='word_1_309' title='bbox 1817 2653 1983 2708; x_wconf 79' lang='lat' dir='ltr'><strong>gene-</strong></span> 
     </span>
    </p>
   </div>
   <div class='ocr_carea' id='block_1_44' title="bbox 406 2730 1984 2800">
    <p class='ocr_par' dir='ltr' id='par_1_44' title="bbox 406 2730 1984 2800">
     <span class='ocr_line' id='line_1_44' title="bbox 406 2730 1984 2800; baseline 0.004 -19"><span class='ocrx_word' id='word_1_310' title='bbox 406 2730 644 2793; x_wconf 88' lang='lat' dir='ltr'><strong>ratione,</strong></span> <span class='ocrx_word' id='word_1_311' title='bbox 679 2731 796 2784; x_wconf 83' lang='lat' dir='ltr'><strong>sive</strong></span> <span class='ocrx_word' id='word_1_312' title='bbox 841 2731 1052 2799; x_wconf 82' lang='lat' dir='ltr'><strong>absque</strong></span> <span class='ocrx_word' id='word_1_313' title='bbox 1078 2731 1350 2800; x_wconf 88' lang='lat' dir='ltr'><strong>principio</strong></span> <span class='ocrx_word' id='word_1_314' title='bbox 1381 2747 1522 2795; x_wconf 88' lang='lat' dir='ltr'><strong>esse,</strong></span> <span class='ocrx_word' id='word_1_315' title='bbox 1556 2732 1769 2786; x_wconf 85' lang='lat' dir='ltr'><strong>Patrem</strong></span> <span class='ocrx_word' id='word_1_316' title='bbox 1792 2750 1819 2786; x_wconf 87' lang='lat' dir='ltr'><strong>a</strong></span> <span class='ocrx_word' id='word_1_317' title='bbox 1848 2733 1984 2789; x_wconf 82' lang='lat' dir='ltr'><strong>Filio</strong></span> 
     </span>
    </p>
   </div>
   <div class='ocr_carea' id='block_1_45' title="bbox 405 2823 1987 2895">
    <p class='ocr_par' dir='ltr' id='par_1_45' title="bbox 405 2823 1987 2895">
     <span class='ocr_line' id='line_1_45' title="bbox 405 2823 1987 2895; baseline 0.003 -19"><span class='ocrx_word' id='word_1_318' title='bbox 405 2832 463 2876; x_wconf 80' lang='lat' dir='ltr'><strong>et</strong></span> <span class='ocrx_word' id='word_1_319' title='bbox 520 2823 730 2893; x_wconf 77' lang='lat' dir='ltr'><strong>Spiritu</strong></span> <span class='ocrx_word' id='word_1_320' title='bbox 779 2837 998 2894; x_wconf 86' lang='lat' dir='ltr'><strong>separat</strong></span> <span class='ocrx_word' id='word_1_321' title='bbox 1050 2843 1064 2880; x_wconf 90' lang='lat'>:</span> <span class='ocrx_word' id='word_1_322' title='bbox 1109 2837 1514 2895; x_wconf 82' lang='lat' dir='ltr'><strong>pr0ptereaque</strong></span> <span class='ocrx_word' id='word_1_323' title='bbox 1565 2841 1858 2880; x_wconf 81' lang='lat' dir='ltr'><strong>commune</strong></span> <span class='ocrx_word' id='word_1_324' title='bbox 1901 2836 1987 2881; x_wconf 83' lang='lat' dir='ltr'><strong>est</strong></span> 
     </span>
    </p>
   </div>
   <div class='ocr_carea' id='block_1_46' title="bbox 409 2919 1984 2989">
    <p class='ocr_par' dir='ltr' id='par_1_46' title="bbox 409 2919 1984 2989">
     <span class='ocr_line' id='line_1_46' title="bbox 409 2919 1984 2989; baseline 0.001 -16"><span class='ocrx_word' id='word_1_325' title='bbox 409 2920 550 2974; x_wconf 83' lang='lat' dir='ltr'><strong>Filio</strong></span> <span class='ocrx_word' id='word_1_326' title='bbox 614 2930 670 2974; x_wconf 90' lang='lat' dir='ltr'><strong>et</strong></span> <span class='ocrx_word' id='word_1_327' title='bbox 731 2919 962 2988; x_wconf 85' lang='lat' dir='ltr'><strong>Spiritui</strong></span> <span class='ocrx_word' id='word_1_328' title='bbox 1005 2935 1119 2988; x_wconf 86' lang='lat' dir='ltr'><strong>.per</strong></span> <span class='ocrx_word' id='word_1_329' title='bbox 1178 2921 1400 2974; x_wconf 86' lang='lat' dir='ltr'><strong>modum</strong></span> <span class='ocrx_word' id='word_1_330' title='bbox 1435 2920 1832 2989; x_wconf 81' lang='lat' dir='ltr'><strong>generationis,</strong></span> <span class='ocrx_word' id='word_1_331' title='bbox 1871 2921 1984 2974; x_wconf 67' lang='lat' dir='ltr'><strong>sive</strong></span> 
     </span>
    </p>
   </div>
   <div class='ocr_carea' id='block_1_47' title="bbox 408 3009 1984 3080">
    <p class='ocr_par' dir='ltr' id='par_1_47' title="bbox 408 3009 1984 3080">
     <span class='ocr_line' id='line_1_47' title="bbox 408 3009 1984 3080; baseline 0.003 -19"><span class='ocrx_word' id='word_1_332' title='bbox 408 3025 475 3062; x_wconf 80' lang='lat' dir='ltr'><strong>ex</strong></span> <span class='ocrx_word' id='word_1_333' title='bbox 531 3009 802 3078; x_wconf 88' lang='lat' dir='ltr'><strong>principio</strong></span> <span class='ocrx_word' id='word_1_334' title='bbox 849 3026 991 3064; x_wconf 84' lang='lat' dir='ltr'><strong>esse.</strong></span> <span class='ocrx_word' id='word_1_335' title='bbox 1043 3010 1148 3063; x_wconf 91' lang='lat' dir='ltr'><strong>Per</strong></span> <span class='ocrx_word' id='word_1_336' title='bbox 1189 3011 1412 3064; x_wconf 90' lang='lat' dir='ltr'><strong>modum</strong></span> <span class='ocrx_word' id='word_1_337' title='bbox 1472 3011 1845 3080; x_wconf 80' lang='lat' dir='ltr'><strong>generationis</strong></span> <span class='ocrx_word' id='word_1_338' title='bbox 1891 3028 1984 3066; x_wconf 86' lang='lat' dir='ltr'><strong>ex-</strong></span> 
     </span>
    </p>
   </div>
   <div class='ocr_carea' id='block_1_48' title="bbox 405 3101 1985 3170">
    <p class='ocr_par' dir='ltr' id='par_1_48' title="bbox 405 3101 1985 3170">
     <span class='ocr_line' id='line_1_48' title="bbox 405 3101 1985 3170; baseline 0.003 -16"><span class='ocrx_word' id='word_1_339' title='bbox 405 3103 623 3167; x_wconf 81' lang='lat' dir='ltr'><strong>sistere,</strong></span> <span class='ocrx_word' id='word_1_340' title='bbox 685 3117 978 3170; x_wconf 85' lang='lat' dir='ltr'><strong>personam</strong></span> <span class='ocrx_word' id='word_1_341' title='bbox 1041 3102 1162 3155; x_wconf 88' lang='lat' dir='ltr'><strong>Filii</strong></span> <span class='ocrx_word' id='word_1_342' title='bbox 1197 3102 1510 3166; x_wconf 87' lang='lat' dir='ltr'><strong>constituit,</strong></span> <span class='ocrx_word' id='word_1_343' title='bbox 1563 3101 1658 3156; x_wconf 91' lang='lat' dir='ltr'><strong>illo</strong></span> <span class='ocrx_word' id='word_1_344' title='bbox 1696 3118 1726 3157; x_wconf 87' lang='lat' dir='ltr'><strong>a</strong></span> <span class='ocrx_word' id='word_1_345' title='bbox 1767 3102 1985 3158; x_wconf 85' lang='lat' dir='ltr'><strong>duobus</strong></span> 
     </span>
    </p>
   </div>
   <div class='ocr_carea' id='block_1_49' title="bbox 2087 1987 3680 2063">
    <p class='ocr_par' dir='ltr' id='par_1_49' title="bbox 2087 1987 3680 2063">
     <span class='ocr_line' id='line_1_49' title="bbox 2087 1987 3680 2063; baseline 0.004 -23"><span class='ocrx_word' id='word_1_346' title='bbox 2087 1989 2164 2057; x_wconf 84' lang='grc' dir='ltr'>τῷ</span> <span class='ocrx_word' id='word_1_347' title='bbox 2194 1991 2489 2059; x_wconf 84' lang='grc' dir='ltr'>γεννητῶς,</span> <span class='ocrx_word' id='word_1_348' title='bbox 2518 1992 2635 2060; x_wconf 76' lang='grc' dir='ltr'>ἦτοι</span> <span class='ocrx_word' id='word_1_349' title='bbox 2671 1992 2729 2056; x_wconf 79' lang='grc' dir='ltr'>ἐξ</span> <span class='ocrx_word' id='word_1_350' title='bbox 2769 1993 2944 2062; x_wconf 77' lang='grc' dir='ltr'>ἀρχῆς</span> <span class='ocrx_word' id='word_1_351' title='bbox 2969 1987 3109 2046; x_wconf 81' lang='grc' dir='ltr'>εἶναι</span> <span class='ocrx_word' id='word_1_352' title='bbox 3143 2009 3156 2023; x_wconf 89' lang='grc'><strong>·</strong></span> <span class='ocrx_word' id='word_1_353' title='bbox 3205 1994 3265 2046; x_wconf 71' lang='grc' dir='ltr'><strong>τὸ</strong></span> <span class='ocrx_word' id='word_1_354' title='bbox 3293 1994 3349 2047; x_wconf 78' lang='grc' dir='ltr'>δὲ</span> <span class='ocrx_word' id='word_1_355' title='bbox 3403 1994 3680 2063; x_wconf 65' lang='grc' dir='ltr'>γεκινητῶς</span> 
     </span>
    </p>
   </div>
   <div class='ocr_carea' id='block_1_50' title="bbox 2089 2076 3681 2154">
    <p class='ocr_par' dir='ltr' id='par_1_50' title="bbox 2089 2076 3681 2154">
     <span class='ocr_line' id='line_1_50' title="bbox 2089 2076 3681 2154; baseline 0.003 -22"><span class='ocrx_word' id='word_1_356' title='bbox 2089 2076 2224 2134; x_wconf 79' lang='grc' dir='ltr'>εἷναι</span> <span class='ocrx_word' id='word_1_357' title='bbox 2266 2081 2327 2135; x_wconf 78' lang='grc' dir='ltr'>τὸ</span> <span class='ocrx_word' id='word_1_358' title='bbox 2365 2082 2456 2136; x_wconf 76' lang='grc' dir='ltr'><strong>τοῦ</strong></span> <span class='ocrx_word' id='word_1_359' title='bbox 2517 2083 2646 2136; x_wconf 79' lang='grc' dir='ltr'><strong>Υἱοῦ</strong></span> <span class='ocrx_word' id='word_1_360' title='bbox 2683 2086 2970 2154; x_wconf 74' lang='grc' dir='ltr'>συνίστησι</span> <span class='ocrx_word' id='word_1_361' title='bbox 3030 2087 3322 2153; x_wconf 77' lang='grc' dir='ltr'>πρόσωπον</span> <span class='ocrx_word' id='word_1_362' title='bbox 3370 2088 3482 2139; x_wconf 89' lang='grc' dir='ltr'>τοῖν</span> <span class='ocrx_word' id='word_1_363' title='bbox 3529 2087 3681 2138; x_wconf 57' lang='grc' dir='ltr'>δυοῖν</span> 
     </span>
    </p>
   </div>
   <div class='ocr_carea' id='block_1_51' title="bbox 2088 2172 3680 2248">
    <p class='ocr_par' dir='ltr' id='par_1_51' title="bbox 2088 2172 3680 2248">
     <span class='ocr_line' id='line_1_51' title="bbox 2088 2172 3680 2248; baseline 0.002 -22"><span class='ocrx_word' id='word_1_364' title='bbox 2088 2172 2234 2243; x_wconf 68' lang='grc' dir='ltr'>αὖτῴ</span> <span class='ocrx_word' id='word_1_365' title='bbox 2264 2174 2541 2243; x_wconf 82' lang='grc' dir='ltr'>διακρίνον</span> <span class='ocrx_word' id='word_1_366' title='bbox 2578 2191 2591 2206; x_wconf 88' lang='grc'><strong>·</strong></span> <span class='ocrx_word' id='word_1_367' title='bbox 2632 2177 2725 2230; x_wconf 75' lang='grc' dir='ltr'>καὶ</span> <span class='ocrx_word' id='word_1_368' title='bbox 2755 2176 2947 2229; x_wconf 75' lang='grc' dir='ltr'>τούτου</span> <span class='ocrx_word' id='word_1_369' title='bbox 2976 2178 3137 2248; x_wconf 79' lang='grc' dir='ltr'>χάριν</span> <span class='ocrx_word' id='word_1_370' title='bbox 3191 2178 3252 2230; x_wconf 82' lang='grc' dir='ltr'>τὸ</span> <span class='ocrx_word' id='word_1_371' title='bbox 3297 2177 3471 2246; x_wconf 74' lang='grc' dir='ltr'>τούτῳ</span> <span class='ocrx_word' id='word_1_372' title='bbox 3527 2179 3680 2231; x_wconf 83' lang='grc' dir='ltr'>ἀντι-</span> 
     </span>
    </p>
   </div>
   <div class='ocr_carea' id='block_1_52' title="bbox 2089 2267 3678 2340">
    <p class='ocr_par' dir='ltr' id='par_1_52' title="bbox 2089 2267 3678 2340">
     <span class='ocr_line' id='line_1_52' title="bbox 2089 2267 3678 2340; baseline 0.002 -22"><span class='ocrx_word' id='word_1_373' title='bbox 2089 2267 2341 2336; x_wconf 73' lang='grc' dir='ltr'><strong>κείμενον</strong></span> <span class='ocrx_word' id='word_1_374' title='bbox 2377 2271 2554 2340; x_wconf 72' lang='grc' dir='ltr'>Πατρὶ</span> <span class='ocrx_word' id='word_1_375' title='bbox 2581 2271 2674 2322; x_wconf 74' lang='grc' dir='ltr'>καὶ</span> <span class='ocrx_word' id='word_1_376' title='bbox 2728 2270 3008 2339; x_wconf 79' lang='grc' dir='ltr'>Πνεύματι</span> <span class='ocrx_word' id='word_1_377' title='bbox 3075 2271 3389 2340; x_wconf 71' lang='grc' dir='ltr'>πρόσεστιν.</span> <span class='ocrx_word' id='word_1_378' title='bbox 3438 2270 3678 2338; x_wconf 73' lang='grc' dir='ltr'>Ὀμοὶως</span> 
     </span>
    </p>
   </div>
   <div class='ocr_carea' id='block_1_53' title="bbox 2087 2357 3680 2430">
    <p class='ocr_par' dir='ltr' id='par_1_53' title="bbox 2087 2357 3680 2430">
     <span class='ocr_line' id='line_1_53' title="bbox 2087 2357 3680 2430; baseline 0 -18"><span class='ocrx_word' id='word_1_379' title='bbox 2087 2359 2182 2412; x_wconf 81' lang='grc' dir='ltr'>καὶ</span> <span class='ocrx_word' id='word_1_380' title='bbox 2209 2359 2268 2412; x_wconf 79' lang='grc' dir='ltr'>τὸ</span> <span class='ocrx_word' id='word_1_381' title='bbox 2296 2360 2642 2429; x_wconf 76' lang='grc' dir='ltr'>ἐκπορευτῶς</span> <span class='ocrx_word' id='word_1_382' title='bbox 2679 2357 2814 2412; x_wconf 68' lang='grc' dir='ltr'>ε’ναι</span> <span class='ocrx_word' id='word_1_383' title='bbox 2845 2361 3081 2428; x_wconf 72' lang='grc' dir='ltr'>διίστησι</span> <span class='ocrx_word' id='word_1_384' title='bbox 3111 2364 3170 2415; x_wconf 65' lang='grc' dir='ltr'><strong>τὸ</strong></span> <span class='ocrx_word' id='word_1_385' title='bbox 3204 2360 3434 2430; x_wconf 74' lang='grc' dir='ltr'>Πνεῦμα.</span> <span class='ocrx_word' id='word_1_386' title='bbox 3462 2360 3680 2430; x_wconf 77' lang='grc' dir='ltr'>Πατρὸς</span> 
     </span>
    </p>
   </div>
   <div class='ocr_carea' id='block_1_54' title="bbox 2087 2448 3678 2524">
    <p class='ocr_par' dir='ltr' id='par_1_54' title="bbox 2087 2448 3678 2524">
     <span class='ocr_line' id='line_1_54' title="bbox 2087 2448 3678 2524; baseline 0 -20"><span class='ocrx_word' id='word_1_387' title='bbox 2087 2454 2183 2508; x_wconf 75' lang='grc' dir='ltr'>καὶ</span> <span class='ocrx_word' id='word_1_388' title='bbox 2211 2452 2365 2517; x_wconf 72' lang='grc' dir='ltr'><strong>Υἱρῦ,</strong></span> <span class='ocrx_word' id='word_1_389' title='bbox 2397 2454 2488 2506; x_wconf 59' lang='grc' dir='ltr'><strong>καὶ</strong></span> <span class='ocrx_word' id='word_1_390' title='bbox 2522 2453 2612 2506; x_wconf 83' lang='grc' dir='ltr'><strong>διά</strong></span> <span class='ocrx_word' id='word_1_391' title='bbox 2659 2453 2817 2507; x_wconf 76' lang='grc' dir='ltr'>τοῦτο</span> <span class='ocrx_word' id='word_1_392' title='bbox 2848 2453 2906 2507; x_wconf 80' lang='grc' dir='ltr'>τὸ</span> <span class='ocrx_word' id='word_1_393' title='bbox 2968 2456 3044 2524; x_wconf 82' lang='grc' dir='ltr'>μὴ</span> <span class='ocrx_word' id='word_1_394' title='bbox 3101 2453 3450 2524; x_wconf 81' lang='grc' dir='ltr'>ἐκπορευτῶς</span> <span class='ocrx_word' id='word_1_395' title='bbox 3511 2448 3678 2515; x_wconf 75' lang='grc' dir='ltr'>εἶναι,</span> 
     </span>
    </p>
   </div>
   <div class='ocr_carea' id='block_1_55' title="bbox 2085 2545 3678 2618">
    <p class='ocr_par' dir='ltr' id='par_1_55' title="bbox 2085 2545 3678 2618">
     <span class='ocr_line' id='line_1_55' title="bbox 2085 2545 3678 2618; baseline 0 -20"><span class='ocrx_word' id='word_1_396' title='bbox 2085 2548 2222 2614; x_wconf 82' lang='grc' dir='ltr'>ὅπερ</span> <span class='ocrx_word' id='word_1_397' title='bbox 2252 2545 2441 2616; x_wconf 83' lang='grc' dir='ltr'>ἐκείνῳ</span> <span class='ocrx_word' id='word_1_398' title='bbox 2470 2547 2800 2610; x_wconf 76' lang='grc' dir='ltr'>ἀντίκειται,</span> <span class='ocrx_word' id='word_1_399' title='bbox 2826 2545 2938 2617; x_wconf 80' lang='grc' dir='ltr'><strong>Υίῷ</strong></span> <span class='ocrx_word' id='word_1_400' title='bbox 2990 2547 3084 2600; x_wconf 74' lang='grc' dir='ltr'>καὶ</span> <span class='ocrx_word' id='word_1_401' title='bbox 3133 2549 3306 2618; x_wconf 67' lang='grc' dir='ltr'>ηατρλ</span> <span class='ocrx_word' id='word_1_402' title='bbox 3367 2547 3546 2600; x_wconf 75' lang='grc' dir='ltr'>κοινὸν</span> <span class='ocrx_word' id='word_1_403' title='bbox 3615 2547 3678 2611; x_wconf 73' lang='grc' dir='ltr'><strong>ἐξ</strong></span> 
     </span>
    </p>
   </div>
   <div class='ocr_carea' id='block_1_56' title="bbox 2087 2638 3676 2711">
    <p class='ocr_par' dir='ltr' id='par_1_56' title="bbox 2087 2638 3676 2711">
     <span class='ocr_line' id='line_1_56' title="bbox 2087 2638 3676 2711; baseline -0.001 -19"><span class='ocrx_word' id='word_1_404' title='bbox 2087 2641 2354 2711; x_wconf 78' lang='grc' dir='ltr'><strong>ἀνάγκης.</strong></span> <span class='ocrx_word' id='word_1_405' title='bbox 2401 2640 2524 2691; x_wconf 84' lang='grc' dir='ltr'><strong>Ἐπὶ</strong></span> <span class='ocrx_word' id='word_1_406' title='bbox 2555 2639 2775 2692; x_wconf 76' lang='grc' dir='ltr'>πάντων</span> <span class='ocrx_word' id='word_1_407' title='bbox 2808 2638 2938 2706; x_wconf 79' lang='grc' dir='ltr'>γοῦν</span> <span class='ocrx_word' id='word_1_408' title='bbox 2966 2639 3076 2692; x_wconf 80' lang='grc' dir='ltr'>τῶν</span> <span class='ocrx_word' id='word_1_409' title='bbox 3131 2639 3509 2709; x_wconf 86' lang='grc' dir='ltr'>διακριτικῶν,</span> <span class='ocrx_word' id='word_1_410' title='bbox 3553 2638 3676 2709; x_wconf 78' lang='grc' dir='ltr'>ἦτοι</span> 
     </span>
    </p>
   </div>
   <div class='ocr_carea' id='block_1_57' title="bbox 2087 2730 3679 2801">
    <p class='ocr_par' dir='ltr' id='par_1_57' title="bbox 2087 2730 3679 2801">
     <span class='ocr_line' id='line_1_57' title="bbox 2087 2730 3679 2801; baseline -0.001 -17"><span class='ocrx_word' id='word_1_411' title='bbox 2087 2731 2496 2797; x_wconf 82' lang='grc' dir='ltr'>ὑποστατικῶν,</span> <span class='ocrx_word' id='word_1_412' title='bbox 2531 2732 2626 2784; x_wconf 78' lang='grc' dir='ltr'>ἐὰν</span> <span class='ocrx_word' id='word_1_413' title='bbox 2661 2732 2720 2784; x_wconf 75' lang='grc' dir='ltr'><strong>τὸ</strong></span> <span class='ocrx_word' id='word_1_414' title='bbox 2751 2730 2882 2784; x_wconf 83' lang='grc' dir='ltr'>ἴδιον</span> <span class='ocrx_word' id='word_1_415' title='bbox 2928 2731 3026 2801; x_wconf 73' lang='grc' dir='ltr'>τῆς</span> <span class='ocrx_word' id='word_1_416' title='bbox 3058 2731 3409 2793; x_wconf 78' lang='grc' dir='ltr'><strong>ὑποστάσεως</strong></span> <span class='ocrx_word' id='word_1_417' title='bbox 3460 2730 3679 2799; x_wconf 76' lang='grc' dir='ltr'>λαμϐά-</span> 
     </span>
    </p>
   </div>
   <div class='ocr_carea' id='block_1_58' title="bbox 2087 2818 3677 2895">
    <p class='ocr_par' dir='ltr' id='par_1_58' title="bbox 2087 2818 3677 2895">
     <span class='ocr_line' id='line_1_58' title="bbox 2087 2818 3677 2895; baseline -0.001 -19"><span class='ocrx_word' id='word_1_418' title='bbox 2087 2842 2203 2895; x_wconf 72' lang='grc' dir='ltr'>νῃς,</span> <span class='ocrx_word' id='word_1_419' title='bbox 2241 2818 2284 2892; x_wconf 77' lang='grc' dir='ltr'>ᾧ</span> <span class='ocrx_word' id='word_1_420' title='bbox 2312 2823 2650 2893; x_wconf 71' lang='grc' dir='ltr'>διακρίνεται</span> <span class='ocrx_word' id='word_1_421' title='bbox 2687 2825 2800 2886; x_wconf 83' lang='grc' dir='ltr'>τοῖς</span> <span class='ocrx_word' id='word_1_422' title='bbox 2825 2823 2970 2887; x_wconf 73' lang='grc' dir='ltr'>δυσὶ,</span> <span class='ocrx_word' id='word_1_423' title='bbox 3021 2823 3178 2875; x_wconf 81' lang='grc' dir='ltr'>τοῦτο</span> <span class='ocrx_word' id='word_1_424' title='bbox 3227 2823 3286 2886; x_wconf 76' lang='grc' dir='ltr'>ἐξ</span> <span class='ocrx_word' id='word_1_425' title='bbox 3348 2823 3677 2885; x_wconf 76' lang='grc' dir='ltr'>ἀντιθέσεως</span> 
     </span>
    </p>
   </div>
   <div class='ocr_carea' id='block_1_59' title="bbox 2087 2917 3677 2989">
    <p class='ocr_par' dir='ltr' id='par_1_59' title="bbox 2087 2917 3677 2989">
     <span class='ocr_line' id='line_1_59' title="bbox 2087 2917 3677 2989; baseline -0.001 -20"><span class='ocrx_word' id='word_1_426' title='bbox 2087 2917 2518 2986; x_wconf 76' lang='grc' dir='ltr'>λαμϐανόμενον,</span> <span class='ocrx_word' id='word_1_427' title='bbox 2549 2922 2596 2971; x_wconf 89' lang='grc' dir='ltr'><strong>εἰ</strong></span> <span class='ocrx_word' id='word_1_428' title='bbox 2630 2920 2725 2986; x_wconf 76' lang='grc' dir='ltr'>μὲν</span> <span class='ocrx_word' id='word_1_429' title='bbox 2751 2919 3134 2989; x_wconf 82' lang='grc' dir='ltr'>ὲπιθεωρεῖται</span> <span class='ocrx_word' id='word_1_430' title='bbox 3181 2922 3300 2982; x_wconf 86' lang='grc' dir='ltr'>ταῖς</span> <span class='ocrx_word' id='word_1_431' title='bbox 3327 2918 3542 2980; x_wconf 75' lang='grc' dir='ltr'>λοιπαῖς</span> <span class='ocrx_word' id='word_1_432' title='bbox 3575 2919 3677 2986; x_wconf 81' lang='grc' dir='ltr'>τῆς</span> 
     </span>
    </p>
   </div>
   <div class='ocr_carea' id='block_1_60' title="bbox 2087 3004 3670 3080">
    <p class='ocr_par' dir='ltr' id='par_1_60' title="bbox 2087 3004 3670 3080">
     <span class='ocr_line' id='line_1_60' title="bbox 2087 3004 3670 3080; baseline 0.001 -16"><span class='ocrx_word' id='word_1_433' title='bbox 2087 3012 2317 3080; x_wconf 81' lang='grc' dir='ltr'>Τριάδος</span> <span class='ocrx_word' id='word_1_434' title='bbox 2349 3011 2500 3064; x_wconf 75' lang='grc' dir='ltr'>δυσὶν</span> <span class='ocrx_word' id='word_1_435' title='bbox 2526 3011 2910 3076; x_wconf 80' lang='grc' dir='ltr'>ὑποστάσεσιν,</span> <span class='ocrx_word' id='word_1_436' title='bbox 2947 3012 3079 3066; x_wconf 82' lang='grc' dir='ltr'>ἴδιόν</span> <span class='ocrx_word' id='word_1_437' title='bbox 3121 3014 3268 3064; x_wconf 82' lang='grc' dir='ltr'>ἐστιν</span> <span class='ocrx_word' id='word_1_438' title='bbox 3295 3004 3358 3064; x_wconf 75' lang='grc' dir='ltr'><strong>οὗ</strong></span> <span class='ocrx_word' id='word_1_439' title='bbox 3428 3011 3670 3078; x_wconf 81' lang='grc' dir='ltr'>λέγεται.</span> 
     </span>
    </p>
   </div>
   <div class='ocr_carea' id='block_1_61' title="bbox 2091 3102 3675 3175">
    <p class='ocr_par' dir='ltr' id='par_1_61' title="bbox 2091 3102 3675 3175">
     <span class='ocr_line' id='line_1_61' title="bbox 2091 3102 3675 3175; baseline -0.001 -19"><span class='ocrx_word' id='word_1_440' title='bbox 2091 3103 2152 3156; x_wconf 82' lang='grc' dir='ltr'><strong>Εἰ</strong></span> <span class='ocrx_word' id='word_1_441' title='bbox 2177 3103 2234 3155; x_wconf 83' lang='grc' dir='ltr'>δὲ</span> <span class='ocrx_word' id='word_1_442' title='bbox 2277 3103 2372 3172; x_wconf 82' lang='grc' dir='ltr'>μὴ,</span> <span class='ocrx_word' id='word_1_443' title='bbox 2439 3103 2624 3164; x_wconf 82' lang='grc' dir='ltr'>κακῶς</span> <span class='ocrx_word' id='word_1_444' title='bbox 2677 3103 2913 3175; x_wconf 76' lang='grc' dir='ltr'><strong>ἀπεδόθη</strong></span> <span class='ocrx_word' id='word_1_445' title='bbox 2965 3103 3023 3156; x_wconf 87' lang='grc' dir='ltr'>τὸ</span> <span class='ocrx_word' id='word_1_446' title='bbox 3069 3102 3305 3156; x_wconf 78' lang='grc' dir='ltr'>τοιοῦτον</span> <span class='ocrx_word' id='word_1_447' title='bbox 3367 3103 3518 3156; x_wconf 74' lang='grc' dir='ltr'>ἴδιον.</span> <span class='ocrx_word' id='word_1_448' title='bbox 3573 3102 3675 3154; x_wconf 76' lang='grc' dir='ltr'>Διά</span> 
     </span>
    </p>
   </div>
   <div class='ocr_carea' id='block_1_62' title="bbox 405 3192 1983 3275">
    <p class='ocr_par' dir='ltr' id='par_1_62' title="bbox 405 3193 1983 3264">
     <span class='ocr_line' id='line_1_62' title="bbox 405 3193 1983 3264; baseline 0.001 -20"><span class='ocrx_word' id='word_1_449' title='bbox 405 3200 716 3260; x_wconf 86' lang='lat' dir='ltr'><strong>separatam</strong></span> <span class='ocrx_word' id='word_1_450' title='bbox 760 3193 1044 3262; x_wconf 90' lang='lat' dir='ltr'><strong>:ideoquc</strong></span> <span class='ocrx_word' id='word_1_451' title='bbox 1108 3193 1184 3246; x_wconf 90' lang='lat' dir='ltr'><strong>illi</strong></span> <span class='ocrx_word' id='word_1_452' title='bbox 1245 3193 1558 3262; x_wconf 77' lang='lat' dir='ltr'><strong>Oppositum</strong></span> <span class='ocrx_word' id='word_1_453' title='bbox 1586 3193 1728 3248; x_wconf 87' lang='lat' dir='ltr'><strong>Patri</strong></span> <span class='ocrx_word' id='word_1_454' title='bbox 1782 3203 1838 3248; x_wconf 92' lang='lat' dir='ltr'><strong>et</strong></span> <span class='ocrx_word' id='word_1_455' title='bbox 1862 3194 1983 3264; x_wconf 89' lang='lat' dir='ltr'><strong>Spi-</strong></span> 
     </span>
    </p>
   </div>
   <div class='ocr_carea' id='block_1_63' title="bbox 2089 3192 3675 3275">
    <p class='ocr_par' dir='ltr' id='par_1_63' title="bbox 2089 3192 3675 3266">
     <span class='ocr_line' id='line_1_63' title="bbox 2089 3192 3675 3266; baseline -0.001 -18"><span class='ocrx_word' id='word_1_456' title='bbox 2089 3195 2249 3248; x_wconf 83' lang='grc' dir='ltr'>τοῦτο</span> <span class='ocrx_word' id='word_1_457' title='bbox 2303 3196 2431 3254; x_wconf 74' lang='grc' dir='ltr'>ἰδίου</span> <span class='ocrx_word' id='word_1_458' title='bbox 2467 3195 2619 3258; x_wconf 79' lang='grc' dir='ltr'>ὄντος</span> <span class='ocrx_word' id='word_1_459' title='bbox 2650 3195 2744 3248; x_wconf 80' lang='grc' dir='ltr'>τοῦ</span> <span class='ocrx_word' id='word_1_460' title='bbox 2779 3196 3096 3265; x_wconf 76' lang='grc' dir='ltr'>ἀγεννήτου,</span> <span class='ocrx_word' id='word_1_461' title='bbox 3122 3195 3242 3266; x_wconf 78' lang='grc' dir='ltr'>ἦτοι</span> <span class='ocrx_word' id='word_1_462' title='bbox 3294 3196 3530 3265; x_wconf 83' lang='grc' dir='ltr'>ἀνάρχου</span> <span class='ocrx_word' id='word_1_463' title='bbox 3578 3192 3675 3247; x_wconf 76' lang='grc' dir='ltr'><strong>τοῦ</strong></span> 
     </span>
    </p>
   </div>
   <div class='ocr_carea' id='block_1_64' title="bbox 409 3285 1986 3356">
    <p class='ocr_par' dir='ltr' id='par_1_64' title="bbox 409 3285 1986 3356">
     <span class='ocr_line' id='line_1_64' title="bbox 409 3285 1986 3356; baseline 0.001 -17"><span class='ocrx_word' id='word_1_464' title='bbox 409 3287 487 3339; x_wconf 83' lang='grc' dir='ltr'><strong>ι.ιί</strong></span> <span class='ocrx_word' id='word_1_465' title='bbox 560 3285 723 3340; x_wconf 80' lang='lat' dir='ltr'><strong>inest.</strong></span> <span class='ocrx_word' id='word_1_466' title='bbox 760 3287 880 3340; x_wconf 89' lang='lat' dir='ltr'><strong>Pari</strong></span> <span class='ocrx_word' id='word_1_467' title='bbox 924 3287 1140 3340; x_wconf 88' lang='lat' dir='ltr'><strong>ratione</strong></span> <span class='ocrx_word' id='word_1_468' title='bbox 1189 3301 1286 3356; x_wconf 90' lang='lat' dir='ltr'><strong>per</strong></span> <span class='ocrx_word' id='word_1_469' title='bbox 1357 3287 1578 3340; x_wconf 89' lang='lat' dir='ltr'><strong>modum</strong></span> <span class='ocrx_word' id='word_1_470' title='bbox 1617 3287 1986 3355; x_wconf 87' lang='lat' dir='ltr'><strong>processionis</strong></span> 
     </span>
    </p>
   </div>
   <div class='ocr_carea' id='block_1_65' title="bbox 403 3378 1985 3449">
    <p class='ocr_par' dir='ltr' id='par_1_65' title="bbox 403 3378 1985 3449">
     <span class='ocr_line' id='line_1_65' title="bbox 403 3378 1985 3449; baseline 0.003 -19"><span class='ocrx_word' id='word_1_471' title='bbox 403 3379 678 3432; x_wconf 79' lang='lat' dir='ltr'><strong>exsistere</strong></span> <span class='ocrx_word' id='word_1_472' title='bbox 731 3390 950 3447; x_wconf 83' lang='lat' dir='ltr'><strong>separat</strong></span> <span class='ocrx_word' id='word_1_473' title='bbox 995 3378 1262 3449; x_wconf 83' lang='lat' dir='ltr'><strong>Spiritum</strong></span> <span class='ocrx_word' id='word_1_474' title='bbox 1293 3395 1322 3432; x_wconf 89' lang='lat' dir='ltr'><strong>a</strong></span> <span class='ocrx_word' id='word_1_475' title='bbox 1352 3379 1512 3433; x_wconf 88' lang='lat' dir='ltr'><strong>Patre</strong></span> <span class='ocrx_word' id='word_1_476' title='bbox 1547 3389 1601 3434; x_wconf 95' lang='lat' dir='ltr'><strong>et</strong></span> <span class='ocrx_word' id='word_1_477' title='bbox 1635 3379 1795 3445; x_wconf 82' lang='lat' dir='ltr'><strong>Filio,</strong></span> <span class='ocrx_word' id='word_1_478' title='bbox 1831 3390 1887 3434; x_wconf 88' lang='lat' dir='ltr'><strong>et</strong></span> <span class='ocrx_word' id='word_1_479' title='bbox 1915 3381 1985 3435; x_wconf 89' lang='lat' dir='ltr'><strong>ob</strong></span> 
     </span>
    </p>
   </div>
   <div class='ocr_carea' id='block_1_66' title="bbox 413 3471 1983 3543">
    <p class='ocr_par' dir='ltr' id='par_1_66' title="bbox 413 3471 1983 3543">
     <span class='ocr_line' id='line_1_66' title="bbox 413 3471 1983 3543; baseline 0.003 -21"><span class='ocrx_word' id='word_1_480' title='bbox 413 3471 519 3526; x_wconf 86' lang='lat' dir='ltr'><strong>hoc</strong></span> <span class='ocrx_word' id='word_1_481' title='bbox 556 3487 665 3525; x_wconf 89' lang='lat' dir='ltr'><strong>non</strong></span> <span class='ocrx_word' id='word_1_482' title='bbox 706 3488 804 3541; x_wconf 86' lang='lat' dir='ltr'><strong>per</strong></span> <span class='ocrx_word' id='word_1_483' title='bbox 835 3471 1056 3527; x_wconf 83' lang='lat' dir='ltr'><strong>modum</strong></span> <span class='ocrx_word' id='word_1_484' title='bbox 1101 3473 1476 3542; x_wconf 77' lang='lat' dir='ltr'><strong>proccssionis</strong></span> <span class='ocrx_word' id='word_1_485' title='bbox 1511 3477 1804 3538; x_wconf 79' lang='lat' dir='ltr'><strong>exsistere,</strong></span> <span class='ocrx_word' id='word_1_486' title='bbox 1838 3473 1983 3543; x_wconf 82' lang='lat' dir='ltr'><strong>quod</strong></span> 
     </span>
    </p>
   </div>
   <div class='ocr_carea' id='block_1_67' title="bbox 411 3564 1984 3634">
    <p class='ocr_par' dir='ltr' id='par_1_67' title="bbox 411 3564 1984 3634">
     <span class='ocr_line' id='line_1_67' title="bbox 411 3564 1984 3634; baseline 0.003 -19"><span class='ocrx_word' id='word_1_487' title='bbox 411 3564 489 3617; x_wconf 92' lang='lat' dir='ltr'><strong>illi</strong></span> <span class='ocrx_word' id='word_1_488' title='bbox 526 3566 860 3634; x_wconf 81' lang='lat' dir='ltr'><strong>opponitur,</strong></span> <span class='ocrx_word' id='word_1_489' title='bbox 889 3565 1029 3621; x_wconf 87' lang='lat' dir='ltr'><strong>Filio</strong></span> <span class='ocrx_word' id='word_1_490' title='bbox 1060 3576 1115 3619; x_wconf 91' lang='lat' dir='ltr'><strong>et</strong></span> <span class='ocrx_word' id='word_1_491' title='bbox 1163 3565 1311 3620; x_wconf 84' lang='lat' dir='ltr'><strong>Patri</strong></span> <span class='ocrx_word' id='word_1_492' title='bbox 1341 3566 1660 3620; x_wconf 86' lang='lat' dir='ltr'><strong>necessario</strong></span> <span class='ocrx_word' id='word_1_493' title='bbox 1687 3580 1984 3621; x_wconf 77' lang='lat' dir='ltr'><strong>eowmum</strong></span> 
     </span>
    </p>
   </div>
   <div class='ocr_carea' id='block_1_68' title="bbox 407 3659 1989 3729">
    <p class='ocr_par' dir='ltr' id='par_1_68' title="bbox 407 3659 1989 3729">
     <span class='ocr_line' id='line_1_68' title="bbox 407 3659 1989 3729; baseline 0.001 -18"><span class='ocrx_word' id='word_1_494' title='bbox 407 3667 511 3712; x_wconf 85' lang='lat' dir='ltr'><strong>est.</strong></span> <span class='ocrx_word' id='word_1_495' title='bbox 570 3660 629 3714; x_wconf 84' lang='lat' dir='ltr'><strong>lu</strong></span> <span class='ocrx_word' id='word_1_496' title='bbox 685 3660 944 3715; x_wconf 87' lang='lat' dir='ltr'><strong>omnibus</strong></span> <span class='ocrx_word' id='word_1_497' title='bbox 996 3661 1181 3729; x_wconf 86' lang='lat' dir='ltr'><strong>itaque</strong></span> <span class='ocrx_word' id='word_1_498' title='bbox 1231 3659 1702 3725; x_wconf 82' lang='lat' dir='ltr'><strong>discernentibus,</strong></span> <span class='ocrx_word' id='word_1_499' title='bbox 1739 3659 1856 3714; x_wconf 88' lang='lat' dir='ltr'><strong>sive</strong></span> <span class='ocrx_word' id='word_1_500' title='bbox 1888 3659 1989 3729; x_wconf 77' lang='lat' dir='ltr'><strong>by-</strong></span> 
     </span>
    </p>
   </div>
   <div class='ocr_carea' id='block_1_69' title="bbox 2093 3281 3670 3356">
    <p class='ocr_par' dir='ltr' id='par_1_69' title="bbox 2093 3281 3670 3356">
     <span class='ocr_line' id='line_1_69' title="bbox 2093 3281 3670 3356; baseline -0.001 -17"><span class='ocrx_word' id='word_1_501' title='bbox 2093 3287 2325 3356; x_wconf 76' lang='grc' dir='ltr'>Πατρδς,</span> <span class='ocrx_word' id='word_1_502' title='bbox 2353 3286 2563 3339; x_wconf 73' lang='grc' dir='ltr'>καὶτοῦ</span> <span class='ocrx_word' id='word_1_503' title='bbox 2601 3287 2879 3354; x_wconf 79' lang='grc' dir='ltr'>γεννητῶς</span> <span class='ocrx_word' id='word_1_504' title='bbox 2913 3281 3050 3340; x_wconf 76' lang='grc' dir='ltr'>εἶναι</span> <span class='ocrx_word' id='word_1_505' title='bbox 3095 3286 3188 3339; x_wconf 82' lang='grc' dir='ltr'>τοῦ</span> <span class='ocrx_word' id='word_1_506' title='bbox 3247 3287 3401 3349; x_wconf 81' lang='grc' dir='ltr'>Υἱοῦ,</span> <span class='ocrx_word' id='word_1_507' title='bbox 3466 3285 3564 3339; x_wconf 82' lang='grc' dir='ltr'>τοῦ</span> <span class='ocrx_word' id='word_1_508' title='bbox 3611 3286 3670 3338; x_wconf 80' lang='grc' dir='ltr'>δὲ</span> 
     </span>
    </p>
   </div>
   <div class='ocr_carea' id='block_1_70' title="bbox 2089 3378 3674 3449">
    <p class='ocr_par' dir='ltr' id='par_1_70' title="bbox 2089 3378 3674 3449">
     <span class='ocr_line' id='line_1_70' title="bbox 2089 3378 3674 3449; baseline -0.004 -16"><span class='ocrx_word' id='word_1_509' title='bbox 2089 3381 2210 3433; x_wconf 79' lang='grc' dir='ltr'>κατ’</span> <span class='ocrx_word' id='word_1_510' title='bbox 2240 3380 2566 3448; x_wconf 73' lang='grc' dir='ltr'>ὲκπόρευσιν</span> <span class='ocrx_word' id='word_1_511' title='bbox 2593 3378 2686 3432; x_wconf 76' lang='grc' dir='ltr'>τοῦ</span> <span class='ocrx_word' id='word_1_512' title='bbox 2717 3380 2872 3446; x_wconf 83' lang='grc' dir='ltr'>ἁγίου</span> <span class='ocrx_word' id='word_1_513' title='bbox 2908 3380 3241 3448; x_wconf 79' lang='grc' dir='ltr'>Πνεύματος,</span> <span class='ocrx_word' id='word_1_514' title='bbox 3289 3380 3346 3431; x_wconf 82' lang='grc' dir='ltr'>τὸ</span> <span class='ocrx_word' id='word_1_515' title='bbox 3385 3379 3674 3449; x_wconf 61' lang='grc' dir='ltr'>γεννητὸν,</span> 
     </span>
    </p>
   </div>
   <div class='ocr_carea' id='block_1_71' title="bbox 2089 3473 3668 3544">
    <p class='ocr_par' dir='ltr' id='par_1_71' title="bbox 2089 3473 3668 3544">
     <span class='ocr_line' id='line_1_71' title="bbox 2089 3473 3668 3544; baseline -0.002 -18"><span class='ocrx_word' id='word_1_516' title='bbox 2089 3475 2182 3526; x_wconf 71' lang='grc' dir='ltr'>καὶ</span> <span class='ocrx_word' id='word_1_517' title='bbox 2211 3473 2529 3543; x_wconf 76' lang='grc' dir='ltr'>ἀγέννητον,</span> <span class='ocrx_word' id='word_1_518' title='bbox 2559 3473 2654 3526; x_wconf 72' lang='grc' dir='ltr'>καὶ</span> <span class='ocrx_word' id='word_1_519' title='bbox 2684 3473 3082 3544; x_wconf 76' lang='grc' dir='ltr'>άνεκπύρευτον</span> <span class='ocrx_word' id='word_1_520' title='bbox 3125 3474 3246 3526; x_wconf 73' lang='grc' dir='ltr'>δυσὶ</span> <span class='ocrx_word' id='word_1_521' title='bbox 3276 3475 3388 3536; x_wconf 85' lang='grc' dir='ltr'>τοῖς</span> <span class='ocrx_word' id='word_1_522' title='bbox 3447 3473 3668 3524; x_wconf 78' lang='grc' dir='ltr'>ἀπολει-</span> 
     </span>
    </p>
   </div>
   <div class='ocr_carea' id='block_1_72' title="bbox 2093 3566 3671 3635">
    <p class='ocr_par' dir='ltr' id='par_1_72' title="bbox 2093 3566 3671 3635">
     <span class='ocr_line' id='line_1_72' title="bbox 2093 3566 3671 3635; baseline -0.003 -15"><span class='ocrx_word' id='word_1_523' title='bbox 2093 3568 2350 3635; x_wconf 71' lang='grc' dir='ltr'>πομένοις</span> <span class='ocrx_word' id='word_1_524' title='bbox 2385 3568 2560 3618; x_wconf 61' lang='grc' dir='ltr'>κοινὴν</span> <span class='ocrx_word' id='word_1_525' title='bbox 2583 3566 2723 3618; x_wconf 84' lang='grc' dir='ltr'><strong>κατά</strong></span> <span class='ocrx_word' id='word_1_526' title='bbox 2747 3567 2806 3618; x_wconf 78' lang='grc' dir='ltr'>τὸ</span> <span class='ocrx_word' id='word_1_527' title='bbox 2844 3567 2970 3619; x_wconf 76' lang='grc' dir='ltr'><strong>αὐτὸ</strong></span> <span class='ocrx_word' id='word_1_528' title='bbox 3006 3567 3062 3630; x_wconf 74' lang='grc' dir='ltr'><strong>ἐξ</strong></span> <span class='ocrx_word' id='word_1_529' title='bbox 3095 3568 3419 3629; x_wconf 81' lang='grc' dir='ltr'>ἀντιθέσεως</span> <span class='ocrx_word' id='word_1_530' title='bbox 3470 3584 3671 3635; x_wconf 72' lang='grc' dir='ltr'>σημαι-</span> 
     </span>
    </p>
   </div>
   <div class='ocr_carea' id='block_1_73' title="bbox 2090 3661 2338 3727">
    <p class='ocr_par' dir='ltr' id='par_1_73' title="bbox 2090 3661 2338 3727">
     <span class='ocr_line' id='line_1_73' title="bbox 2090 3661 2338 3727; baseline 0.004 -17"><span class='ocrx_word' id='word_1_531' title='bbox 2090 3661 2338 3727; x_wconf 75' lang='grc' dir='ltr'>νόμενον.</span> 
     </span>
    </p>
   </div>
   <div class='ocr_carea' id='block_1_74' title="bbox 410 3747 3676 3826">
    <p class='ocr_par' dir='ltr' id='par_1_74' title="bbox 410 3747 3676 3826">
     <span class='ocr_line' id='line_1_74' title="bbox 410 3747 3676 3826; baseline -0.002 -20"><span class='ocrx_word' id='word_1_532' title='bbox 410 3756 673 3820; x_wconf 85' lang='lat' dir='ltr'><strong>postasim</strong></span> <span class='ocrx_word' id='word_1_533' title='bbox 717 3756 1208 3819; x_wconf 84' lang='lat' dir='ltr'><strong>constituentibus,</strong></span> <span class='ocrx_word' id='word_1_534' title='bbox 1255 3760 1299 3810; x_wconf 87' lang='lat' dir='ltr'><strong>si</strong></span> <span class='ocrx_word' id='word_1_535' title='bbox 1343 3757 1629 3825; x_wconf 86' lang='lat' dir='ltr'><strong>proprium</strong></span> <span class='ocrx_word' id='word_1_536' title='bbox 1679 3753 1993 3826; x_wconf 85' lang='lat' dir='ltr'><strong>hypostasis</strong></span> <span class='ocrx_word' id='word_1_537' title='bbox 2033 3752 2296 3821; x_wconf 83' lang='lat' dir='ltr'><strong>accipias,</strong></span> <span class='ocrx_word' id='word_1_538' title='bbox 2364 3765 2476 3820; x_wconf 92' lang='lat' dir='ltr'><strong>quo</strong></span> <span class='ocrx_word' id='word_1_539' title='bbox 2546 3751 2883 3805; x_wconf 84' lang='lat' dir='ltr'><strong>discernitur</strong></span> <span class='ocrx_word' id='word_1_540' title='bbox 2929 3766 2957 3804; x_wconf 93' lang='lat' dir='ltr'><strong>a</strong></span> <span class='ocrx_word' id='word_1_541' title='bbox 2987 3750 3223 3815; x_wconf 89' lang='lat' dir='ltr'><strong>duobus,</strong></span> <span class='ocrx_word' id='word_1_542' title='bbox 3255 3750 3307 3805; x_wconf 94' lang='lat' dir='ltr'><strong>id</strong></span> <span class='ocrx_word' id='word_1_543' title='bbox 3334 3765 3431 3820; x_wconf 90' lang='lat' dir='ltr'><strong>per</strong></span> <span class='ocrx_word' id='word_1_544' title='bbox 3453 3747 3676 3820; x_wconf 84' lang='lat' dir='ltr'><strong>opposi-</strong></span> 
     </span>
    </p>
   </div>
   <div class='ocr_carea' id='block_1_75' title="bbox 410 3846 3676 3921">
    <p class='ocr_par' dir='ltr' id='par_1_75' title="bbox 410 3846 3676 3921">
     <span class='ocr_line' id='line_1_75' title="bbox 410 3846 3676 3921; baseline -0.002 -16"><span class='ocrx_word' id='word_1_545' title='bbox 410 3853 617 3905; x_wconf 88' lang='lat' dir='ltr'><strong>tionem</strong></span> <span class='ocrx_word' id='word_1_546' title='bbox 668 3861 977 3921; x_wconf 85' lang='lat' dir='ltr'><strong>sumptum,</strong></span> <span class='ocrx_word' id='word_1_547' title='bbox 1018 3853 1062 3906; x_wconf 88' lang='lat' dir='ltr'><strong>si</strong></span> <span class='ocrx_word' id='word_1_548' title='bbox 1117 3852 1412 3907; x_wconf 84' lang='lat' dir='ltr'><strong>indnabus</strong></span> <span class='ocrx_word' id='word_1_549' title='bbox 1485 3853 1714 3921; x_wconf 86' lang='lat' dir='ltr'><strong>reliquis</strong></span> <span class='ocrx_word' id='word_1_550' title='bbox 1784 3848 2073 3903; x_wconf 89' lang='lat' dir='ltr'><strong>Trinitatis</strong></span> <span class='ocrx_word' id='word_1_551' title='bbox 2111 3846 2502 3917; x_wconf 76' lang='lat' dir='ltr'><strong>Itypostasibus</strong></span> <span class='ocrx_word' id='word_1_552' title='bbox 2558 3846 2975 3910; x_wconf 87' lang='lat' dir='ltr'><strong>consideratur.</strong></span> <span class='ocrx_word' id='word_1_553' title='bbox 3043 3847 3327 3917; x_wconf 89' lang='lat' dir='ltr'><strong>proprium</strong></span> <span class='ocrx_word' id='word_1_554' title='bbox 3381 3857 3465 3916; x_wconf 85' lang='lat' dir='ltr'><strong>est</strong></span> <span class='ocrx_word' id='word_1_555' title='bbox 3513 3847 3676 3916; x_wconf 82' lang='lat' dir='ltr'><strong>cujus</strong></span> 
     </span>
    </p>
   </div>
   <div class='ocr_carea' id='block_1_76' title="bbox 411 3942 3672 4016">
    <p class='ocr_par' dir='ltr' id='par_1_76' title="bbox 411 3942 3672 4016">
     <span class='ocr_line' id='line_1_76' title="bbox 411 3942 3672 4016; baseline -0.002 -15"><span class='ocrx_word' id='word_1_556' title='bbox 411 3951 615 4004; x_wconf 87' lang='lat' dir='ltr'><strong>dicitur</strong></span> <span class='ocrx_word' id='word_1_557' title='bbox 645 3969 666 4007; x_wconf 81' lang='grc'>;</span> <span class='ocrx_word' id='word_1_558' title='bbox 694 3953 776 4004; x_wconf 81' lang='lat' dir='ltr'><strong>sin</strong></span> <span class='ocrx_word' id='word_1_559' title='bbox 817 3951 998 4005; x_wconf 88' lang='lat' dir='ltr'><strong>minus</strong></span> <span class='ocrx_word' id='word_1_560' title='bbox 1047 3953 1189 4006; x_wconf 88' lang='lat' dir='ltr'><strong>male</strong></span> <span class='ocrx_word' id='word_1_561' title='bbox 1227 3953 1580 4005; x_wconf 89' lang='lat' dir='ltr'><strong>atttribntum</strong></span> <span class='ocrx_word' id='word_1_562' title='bbox 1613 3960 1695 4004; x_wconf 90' lang='lat' dir='ltr'><strong>est</strong></span> <span class='ocrx_word' id='word_1_563' title='bbox 1763 3949 1866 4002; x_wconf 89' lang='lat' dir='ltr'><strong>hoc</strong></span> <span class='ocrx_word' id='word_1_564' title='bbox 1929 3946 2236 4016; x_wconf 89' lang='lat' dir='ltr'><strong>pr0primn.</strong></span> <span class='ocrx_word' id='word_1_565' title='bbox 2280 3943 2690 4014; x_wconf 88' lang='lat' dir='ltr'><strong>Proptereaque</strong></span> <span class='ocrx_word' id='word_1_566' title='bbox 2735 3957 2860 3997; x_wconf 85' lang='lat' dir='ltr'><strong>cum</strong></span> <span class='ocrx_word' id='word_1_567' title='bbox 2909 3942 3214 4012; x_wconf 79' lang='lat' dir='ltr'><strong>ingenitum</strong></span> <span class='ocrx_word' id='word_1_568' title='bbox 3283 3944 3399 4000; x_wconf 80' lang='lat' dir='ltr'><strong>sive</strong></span> <span class='ocrx_word' id='word_1_569' title='bbox 3462 3942 3672 4010; x_wconf 86' lang='lat' dir='ltr'><strong>absque</strong></span> 
     </span>
    </p>
   </div>
   <div class='ocr_carea' id='block_1_77' title="bbox 409 4037 3664 4114">
    <p class='ocr_par' dir='ltr' id='par_1_77' title="bbox 409 4037 3664 4114">
     <span class='ocr_line' id='line_1_77' title="bbox 409 4037 3664 4114; baseline -0.002 -19"><span class='ocrx_word' id='word_1_570' title='bbox 409 4045 682 4113; x_wconf 80' lang='lat' dir='ltr'><strong>principio</strong></span> <span class='ocrx_word' id='word_1_571' title='bbox 707 4043 988 4114; x_wconf 86' lang='lat' dir='ltr'><strong>proprium</strong></span> <span class='ocrx_word' id='word_1_572' title='bbox 1018 4045 1089 4097; x_wconf 83' lang='lat' dir='ltr'><strong>sit</strong></span> <span class='ocrx_word' id='word_1_573' title='bbox 1124 4039 1323 4108; x_wconf 85' lang='lat' dir='ltr'><strong>Patris,</strong></span> <span class='ocrx_word' id='word_1_574' title='bbox 1360 4053 1415 4097; x_wconf 91' lang='lat' dir='ltr'><strong>et</strong></span> <span class='ocrx_word' id='word_1_575' title='bbox 1454 4059 1551 4110; x_wconf 90' lang='lat' dir='ltr'><strong>per</strong></span> <span class='ocrx_word' id='word_1_576' title='bbox 1615 4040 2028 4110; x_wconf 75' lang='lat' dir='ltr'><strong>generationem</strong></span> <span class='ocrx_word' id='word_1_577' title='bbox 2071 4053 2192 4092; x_wconf 85' lang='lat' dir='ltr'><strong>esse</strong></span> <span class='ocrx_word' id='word_1_578' title='bbox 2265 4037 2412 4100; x_wconf 85' lang='lat' dir='ltr'><strong>Filii,</strong></span> <span class='ocrx_word' id='word_1_579' title='bbox 2467 4047 2522 4092; x_wconf 90' lang='lat' dir='ltr'><strong>ct</strong></span> <span class='ocrx_word' id='word_1_580' title='bbox 2583 4053 2678 4106; x_wconf 84' lang='lat' dir='ltr'><strong>per</strong></span> <span class='ocrx_word' id='word_1_581' title='bbox 2727 4038 3134 4107; x_wconf 89' lang='lat' dir='ltr'><strong>processionem</strong></span> <span class='ocrx_word' id='word_1_582' title='bbox 3173 4037 3414 4108; x_wconf 89' lang='lat' dir='ltr'><strong>Spiritus</strong></span> <span class='ocrx_word' id='word_1_583' title='bbox 3466 4037 3664 4100; x_wconf 83' lang='lat' dir='ltr'><strong>sancti,</strong></span> 
     </span>
    </p>
   </div>
   <div class='ocr_carea' id='block_1_78' title="bbox 411 4131 3669 4210">
    <p class='ocr_par' dir='ltr' id='par_1_78' title="bbox 411 4131 3669 4210">
     <span class='ocr_line' id='line_1_78' title="bbox 411 4131 3669 4210; baseline -0.003 -15"><span class='ocrx_word' id='word_1_584' title='bbox 411 4141 680 4210; x_wconf 76' lang='lat' dir='ltr'><strong>genitum,</strong></span> <span class='ocrx_word' id='word_1_585' title='bbox 717 4141 1137 4209; x_wconf 82' lang='lat' dir='ltr'><strong>et&#39;ingenitum,</strong></span> <span class='ocrx_word' id='word_1_586' title='bbox 1178 4149 1235 4194; x_wconf 91' lang='lat' dir='ltr'><strong>et</strong></span> <span class='ocrx_word' id='word_1_587' title='bbox 1275 4154 1384 4194; x_wconf 90' lang='lat' dir='ltr'><strong>non</strong></span> <span class='ocrx_word' id='word_1_588' title='bbox 1427 4139 1734 4207; x_wconf 81' lang='lat' dir='ltr'><strong>procedens</strong></span> <span class='ocrx_word' id='word_1_589' title='bbox 1804 4134 2033 4205; x_wconf 88' lang='lat' dir='ltr'><strong>reliquis</strong></span> <span class='ocrx_word' id='word_1_590' title='bbox 2072 4134 2289 4188; x_wconf 86' lang='lat' dir='ltr'><strong>duobus</strong></span> <span class='ocrx_word' id='word_1_591' title='bbox 2358 4149 2650 4188; x_wconf 90' lang='lat' dir='ltr'><strong>commune</strong></span> <span class='ocrx_word' id='word_1_592' title='bbox 2689 4133 2878 4197; x_wconf 79' lang='lat' dir='ltr'><strong>fuerit,</strong></span> <span class='ocrx_word' id='word_1_593' title='bbox 2930 4133 3232 4188; x_wconf 88' lang='lat' dir='ltr'><strong>secundum</strong></span> <span class='ocrx_word' id='word_1_594' title='bbox 3268 4132 3439 4196; x_wconf 92' lang='lat' dir='ltr'><strong>illum,</strong></span> <span class='ocrx_word' id='word_1_595' title='bbox 3472 4131 3567 4202; x_wconf 91' lang='lat' dir='ltr'><strong>qui</strong></span> <span class='ocrx_word' id='word_1_596' title='bbox 3602 4146 3669 4185; x_wconf 77' lang='lat' dir='ltr'><strong>ex</strong></span> 
     </span>
    </p>
   </div>
   <div class='ocr_carea' id='block_1_79' title="bbox 410 4234 1468 4304">
    <p class='ocr_par' dir='ltr' id='par_1_79' title="bbox 410 4234 1468 4304">
     <span class='ocr_line' id='line_1_79' title="bbox 410 4234 1468 4304; baseline 0.002 -18"><span class='ocrx_word' id='word_1_597' title='bbox 410 4237 762 4304; x_wconf 85' lang='lat' dir='ltr'><strong>oppositione</strong></span> <span class='ocrx_word' id='word_1_598' title='bbox 794 4237 1050 4297; x_wconf 81' lang='lat' dir='ltr'><strong>infertur,</strong></span> <span class='ocrx_word' id='word_1_599' title='bbox 1075 4234 1468 4304; x_wconf 78' lang='lat' dir='ltr'><strong>signiﬁcatum.</strong></span> 
     </span>
    </p>
   </div>
   <div class='ocr_carea' id='block_1_80' title="bbox 483 4323 1982 4400">
    <p class='ocr_par' dir='ltr' id='par_1_80' title="bbox 483 4323 1982 4400">
     <span class='ocr_line' id='line_1_80' title="bbox 483 4323 1982 4400; baseline -0.006 -15"><span class='ocrx_word' id='word_1_600' title='bbox 483 4333 574 4385; x_wconf 68' lang='lat' dir='ltr'><strong>27s.</strong></span> <span class='ocrx_word' id='word_1_601' title='bbox 608 4331 704 4384; x_wconf 90' lang='lat' dir='ltr'><strong>llis</strong></span> <span class='ocrx_word' id='word_1_602' title='bbox 757 4331 828 4384; x_wconf 88' lang='lat' dir='ltr'><strong>ita</strong></span> <span class='ocrx_word' id='word_1_603' title='bbox 887 4345 944 4384; x_wconf 89' lang='lat' dir='ltr'><strong>se</strong></span> <span class='ocrx_word' id='word_1_604' title='bbox 989 4329 1338 4393; x_wconf 86' lang='lat' dir='ltr'><strong>habentibus,</strong></span> <span class='ocrx_word' id='word_1_605' title='bbox 1387 4343 1494 4400; x_wconf 79' lang='lat' dir='ltr'><strong>qua</strong></span> <span class='ocrx_word' id='word_1_606' title='bbox 1547 4329 1757 4382; x_wconf 88' lang='lat' dir='ltr'><strong>ratione</strong></span> <span class='ocrx_word' id='word_1_607' title='bbox 1806 4323 1982 4382; x_wconf 67' lang='lat' dir='ltr'><strong>Gra&#39;ei</strong></span> 
     </span>
    </p>
   </div>
   <div class='ocr_carea' id='block_1_81' title="bbox 407 4419 1985 4488">
    <p class='ocr_par' dir='ltr' id='par_1_81' title="bbox 407 4419 1985 4488">
     <span class='ocr_line' id='line_1_81' title="bbox 407 4419 1985 4488; baseline -0.006 -9"><span class='ocrx_word' id='word_1_608' title='bbox 407 4427 619 4480; x_wconf 86' lang='lat' dir='ltr'><strong>insulse</strong></span> <span class='ocrx_word' id='word_1_609' title='bbox 683 4424 1004 4488; x_wconf 88' lang='lat' dir='ltr'><strong>admodum,</strong></span> <span class='ocrx_word' id='word_1_610' title='bbox 1069 4441 1136 4478; x_wconf 88' lang='lat' dir='ltr'><strong>ne</strong></span> <span class='ocrx_word' id='word_1_611' title='bbox 1199 4425 1378 4480; x_wconf 87' lang='lat' dir='ltr'><strong>dicam</strong></span> <span class='ocrx_word' id='word_1_612' title='bbox 1415 4423 1634 4486; x_wconf 83' lang='lat' dir='ltr'><strong>stolide,</strong></span> <span class='ocrx_word' id='word_1_613' title='bbox 1671 4419 1985 4475; x_wconf 88' lang='lat' dir='ltr'><strong>audcntdi-</strong></span> 
     </span>
    </p>
   </div>
   <div class='ocr_carea' id='block_1_82' title="bbox 405 4511 1984 4585">
    <p class='ocr_par' dir='ltr' id='par_1_82' title="bbox 405 4511 1984 4585">
     <span class='ocr_line' id='line_1_82' title="bbox 405 4511 1984 4585; baseline -0.004 -14"><span class='ocrx_word' id='word_1_614' title='bbox 405 4518 576 4572; x_wconf 85' lang='lat' dir='ltr'><strong>cere?</strong></span> <span class='ocrx_word' id='word_1_615' title='bbox 612 4517 684 4572; x_wconf 86' lang='lat' dir='ltr'><strong>Ita</strong></span> <span class='ocrx_word' id='word_1_616' title='bbox 717 4527 818 4580; x_wconf 77' lang='lat' dir='ltr'><strong>est,</strong></span> <span class='ocrx_word' id='word_1_617' title='bbox 853 4517 946 4570; x_wconf 79' lang='lat' dir='ltr'><strong>sed</strong></span> <span class='ocrx_word' id='word_1_618' title='bbox 985 4518 1287 4585; x_wconf 84' lang='lat' dir='ltr'><strong>producere</strong></span> <span class='ocrx_word' id='word_1_619' title='bbox 1318 4515 1541 4585; x_wconf 82' lang='lat' dir='ltr'><strong>quidam</strong></span> <span class='ocrx_word' id='word_1_620' title='bbox 1575 4530 1640 4568; x_wconf 84' lang='lat' dir='ltr'><strong>ex</strong></span> <span class='ocrx_word' id='word_1_621' title='bbox 1663 4511 1984 4566; x_wconf 87' lang='lat' dir='ltr'><strong>doctoribus</strong></span> 
     </span>
    </p>
   </div>
   <div class='ocr_carea' id='block_1_83' title="bbox 411 4603 1980 4678">
    <p class='ocr_par' dir='ltr' id='par_1_83' title="bbox 411 4603 1980 4678">
     <span class='ocr_line' id='line_1_83' title="bbox 411 4603 1980 4678; baseline -0.005 -17"><span class='ocrx_word' id='word_1_622' title='bbox 411 4609 692 4678; x_wconf 86' lang='lat' dir='ltr'><strong>proprium</strong></span> <span class='ocrx_word' id='word_1_623' title='bbox 755 4623 874 4674; x_wconf 81' lang='lat' dir='ltr'><strong>esse</strong></span> <span class='ocrx_word' id='word_1_624' title='bbox 932 4605 1111 4660; x_wconf 81' lang='lat' dir='ltr'><strong>Patris</strong></span> <span class='ocrx_word' id='word_1_625' title='bbox 1168 4614 1443 4660; x_wconf 82' lang='lat' dir='ltr'><strong>asserunt.</strong></span> <span class='ocrx_word' id='word_1_626' title='bbox 1498 4603 1652 4670; x_wconf 87' lang='lat' dir='ltr'><strong>Quod</strong></span> <span class='ocrx_word' id='word_1_627' title='bbox 1688 4618 1817 4657; x_wconf 67' lang='lat' dir='ltr'><strong>vero</strong></span> <span class='ocrx_word' id='word_1_628' title='bbox 1853 4615 1980 4670; x_wconf 81' lang='lat' dir='ltr'><strong>pro-</strong></span> 
     </span>
    </p>
   </div>
   <div class='ocr_carea' id='block_1_84' title="bbox 337 4695 1983 4770">
    <p class='ocr_par' dir='ltr' id='par_1_84' title="bbox 337 4695 1983 4770">
     <span class='ocr_line' id='line_1_84' title="bbox 337 4695 1983 4770; baseline -0.002 -18"><span class='ocrx_word' id='word_1_629' title='bbox 337 4709 346 4717; x_wconf 88' lang='lat'><strong><em>°</em></strong></span> <span class='ocrx_word' id='word_1_630' title='bbox 404 4705 584 4770; x_wconf 89' lang='lat' dir='ltr'><strong>prium</strong></span> <span class='ocrx_word' id='word_1_631' title='bbox 624 4712 729 4767; x_wconf 89' lang='lat' dir='ltr'><strong>cst,</strong></span> <span class='ocrx_word' id='word_1_632' title='bbox 767 4719 872 4754; x_wconf 87' lang='lat' dir='ltr'><strong>non</strong></span> <span class='ocrx_word' id='word_1_633' title='bbox 925 4709 1009 4754; x_wconf 91' lang='lat' dir='ltr'><strong>est</strong></span> <span class='ocrx_word' id='word_1_634' title='bbox 1049 4715 1366 4754; x_wconf 84' lang='lat' dir='ltr'><strong>commune.</strong></span> <span class='ocrx_word' id='word_1_635' title='bbox 1413 4699 1506 4752; x_wconf 87' lang='lat' dir='ltr'><strong>Vel</strong></span> <span class='ocrx_word' id='word_1_636' title='bbox 1553 4699 1831 4768; x_wconf 86' lang='lat' dir='ltr'><strong>quomodo</strong></span> <span class='ocrx_word' id='word_1_637' title='bbox 1867 4695 1983 4749; x_wconf 80' lang='lat' dir='ltr'><strong>fue-</strong></span> 
     </span>
    </p>
   </div>
   <div class='ocr_carea' id='block_1_85' title="bbox 407 4791 1982 4862">
    <p class='ocr_par' dir='ltr' id='par_1_85' title="bbox 407 4791 1982 4862">
     <span class='ocr_line' id='line_1_85' title="bbox 407 4791 1982 4862; baseline -0.004 -14"><span class='ocrx_word' id='word_1_638' title='bbox 407 4798 482 4849; x_wconf 87' lang='lat' dir='ltr'><strong>rit</strong></span> <span class='ocrx_word' id='word_1_639' title='bbox 536 4810 856 4856; x_wconf 87' lang='lat' dir='ltr'><strong>commnne,</strong></span> <span class='ocrx_word' id='word_1_640' title='bbox 901 4803 959 4846; x_wconf 89' lang='lat' dir='ltr'><strong>et</strong></span> <span class='ocrx_word' id='word_1_641' title='bbox 1013 4792 1339 4862; x_wconf 87' lang='lat' dir='ltr'><strong>proprium?</strong></span> <span class='ocrx_word' id='word_1_642' title='bbox 1395 4792 1512 4846; x_wconf 83' lang='lat' dir='ltr'><strong>Jam</strong></span> <span class='ocrx_word' id='word_1_643' title='bbox 1544 4791 1746 4860; x_wconf 70' lang='lat' dir='ltr'><strong>smpius</strong></span> <span class='ocrx_word' id='word_1_644' title='bbox 1771 4791 1982 4844; x_wconf 83' lang='lat' dir='ltr'><strong>dictum</strong></span> 
     </span>
    </p>
   </div>
   <div class='ocr_carea' id='block_1_86' title="bbox 405 4880 1982 4955">
    <p class='ocr_par' dir='ltr' id='par_1_86' title="bbox 405 4880 1982 4955">
     <span class='ocr_line' id='line_1_86' title="bbox 405 4880 1982 4955; baseline -0.004 -15"><span class='ocrx_word' id='word_1_645' title='bbox 405 4899 512 4952; x_wconf 73' lang='lat' dir='ltr'><strong>est,</strong></span> <span class='ocrx_word' id='word_1_646' title='bbox 551 4895 944 4955; x_wconf 70' lang='lat' dir='ltr'><strong>repetaturque</strong></span> <span class='ocrx_word' id='word_1_647' title='bbox 999 4885 1220 4937; x_wconf 87' lang='lat' dir='ltr'><strong>iterum.</strong></span> <span class='ocrx_word' id='word_1_648' title='bbox 1266 4883 1556 4952; x_wconf 88' lang='lat' dir='ltr'><strong>Proprium</strong></span> <span class='ocrx_word' id='word_1_649' title='bbox 1616 4893 1698 4937; x_wconf 81' lang='lat' dir='ltr'><strong>est</strong></span> <span class='ocrx_word' id='word_1_650' title='bbox 1729 4880 1982 4954; x_wconf 76' lang='lat' dir='ltr'><strong>generari</strong></span> 
     </span>
    </p>
   </div>
   <div class='ocr_carea' id='block_1_87' title="bbox 404 4971 1978 5040">
    <p class='ocr_par' dir='ltr' id='par_1_87' title="bbox 404 4971 1978 5040">
     <span class='ocr_line' id='line_1_87' title="bbox 404 4971 1978 5040; baseline -0.007 -8"><span class='ocrx_word' id='word_1_651' title='bbox 404 4977 552 5032; x_wconf 85' lang='lat' dir='ltr'><strong>Filii.</strong></span> <span class='ocrx_word' id='word_1_652' title='bbox 616 4975 727 5028; x_wconf 80' lang='lat' dir='ltr'><strong>lloc</strong></span> <span class='ocrx_word' id='word_1_653' title='bbox 786 4975 933 5026; x_wconf 85' lang='lat' dir='ltr'><strong>enim</strong></span> <span class='ocrx_word' id='word_1_654' title='bbox 994 4987 1024 5025; x_wconf 86' lang='lat' dir='ltr'><strong>a</strong></span> <span class='ocrx_word' id='word_1_655' title='bbox 1065 4972 1227 5025; x_wconf 78' lang='lat' dir='ltr'><strong>Patre</strong></span> <span class='ocrx_word' id='word_1_656' title='bbox 1255 4982 1311 5025; x_wconf 91' lang='lat' dir='ltr'><strong>et</strong></span> <span class='ocrx_word' id='word_1_657' title='bbox 1344 4971 1555 5040; x_wconf 88' lang='lat' dir='ltr'><strong>Spiritu</strong></span> <span class='ocrx_word' id='word_1_658' title='bbox 1593 4971 1978 5025; x_wconf 84' lang='lat' dir='ltr'><strong>discernitur:</strong></span> 
     </span>
    </p>
   </div>
   <div class='ocr_carea' id='block_1_88' title="bbox 406 5063 1984 5139">
    <p class='ocr_par' dir='ltr' id='par_1_88' title="bbox 406 5063 1984 5139">
     <span class='ocr_line' id='line_1_88' title="bbox 406 5063 1984 5139; baseline -0.004 -17"><span class='ocrx_word' id='word_1_659' title='bbox 406 5080 810 5139; x_wconf 84' lang='lat' dir='ltr'><strong>proptereaque</strong></span> <span class='ocrx_word' id='word_1_660' title='bbox 865 5065 1077 5134; x_wconf 87' lang='lat' dir='ltr'><strong>absque</strong></span> <span class='ocrx_word' id='word_1_661' title='bbox 1126 5067 1484 5135; x_wconf 76' lang='lat' dir='ltr'><strong>generatione</strong></span> <span class='ocrx_word' id='word_1_662' title='bbox 1552 5079 1694 5126; x_wconf 89' lang='lat' dir='ltr'><strong>esse,</strong></span> <span class='ocrx_word' id='word_1_663' title='bbox 1728 5063 1984 5119; x_wconf 85' lang='lat' dir='ltr'><strong>conside-</strong></span> 
     </span>
    </p>
   </div>
   <div class='ocr_carea' id='block_1_89' title="bbox 404 5155 1986 5228">
    <p class='ocr_par' dir='ltr' id='par_1_89' title="bbox 404 5155 1986 5228">
     <span class='ocr_line' id='line_1_89' title="bbox 404 5155 1986 5228; baseline -0.006 -12"><span class='ocrx_word' id='word_1_664' title='bbox 404 5175 563 5217; x_wconf 80' lang='lat' dir='ltr'><strong>ratur</strong></span> <span class='ocrx_word' id='word_1_665' title='bbox 594 5162 645 5216; x_wconf 89' lang='lat' dir='ltr'><strong>in</strong></span> <span class='ocrx_word' id='word_1_666' title='bbox 683 5164 842 5214; x_wconf 84' lang='lat' dir='ltr'><strong>I’atre</strong></span> <span class='ocrx_word' id='word_1_667' title='bbox 867 5168 922 5214; x_wconf 87' lang='lat' dir='ltr'><strong>et</strong></span> <span class='ocrx_word' id='word_1_668' title='bbox 956 5157 1186 5228; x_wconf 85' lang='lat' dir='ltr'><strong>Spiritu.</strong></span> <span class='ocrx_word' id='word_1_669' title='bbox 1228 5157 1295 5211; x_wconf 76' lang='lat' dir='ltr'><strong>Et</strong></span> <span class='ocrx_word' id='word_1_670' title='bbox 1320 5173 1608 5226; x_wconf 88' lang='lat' dir='ltr'><strong>possumus</strong></span> <span class='ocrx_word' id='word_1_671' title='bbox 1643 5157 1827 5210; x_wconf 85' lang='lat' dir='ltr'><strong>dicere</strong></span> <span class='ocrx_word' id='word_1_672' title='bbox 1857 5155 1986 5209; x_wconf 82' lang='lat' dir='ltr'><strong>abs-</strong></span> 
     </span>
    </p>
   </div>
   <div class='ocr_carea' id='block_1_90' title="bbox 404 5248 1985 5324">
    <p class='ocr_par' dir='ltr' id='par_1_90' title="bbox 404 5248 1985 5324">
     <span class='ocr_line' id='line_1_90' title="bbox 404 5248 1985 5324; baseline -0.005 -18"><span class='ocrx_word' id='word_1_673' title='bbox 404 5270 510 5324; x_wconf 86' lang='lat' dir='ltr'><strong>que</strong></span> <span class='ocrx_word' id='word_1_674' title='bbox 539 5253 916 5324; x_wconf 78' lang='lat' dir='ltr'><strong>generatione,</strong></span> <span class='ocrx_word' id='word_1_675' title='bbox 957 5252 1061 5303; x_wconf 85' lang='lat' dir='ltr'><strong>ltue</strong></span> <span class='ocrx_word' id='word_1_676' title='bbox 1117 5259 1202 5303; x_wconf 89' lang='lat' dir='ltr'><strong>est</strong></span> <span class='ocrx_word' id='word_1_677' title='bbox 1231 5265 1338 5302; x_wconf 78' lang='lat' dir='ltr'><strong>non</strong></span> <span class='ocrx_word' id='word_1_678' title='bbox 1382 5263 1478 5317; x_wconf 86' lang='lat' dir='ltr'><strong>per</strong></span> <span class='ocrx_word' id='word_1_679' title='bbox 1511 5248 1732 5301; x_wconf 90' lang='lat' dir='ltr'><strong>modum</strong></span> <span class='ocrx_word' id='word_1_680' title='bbox 1758 5261 1985 5316; x_wconf 83' lang='lat' dir='ltr'><strong>genera-</strong></span> 
     </span>
    </p>
   </div>
   <div class='ocr_carea' id='block_1_91' title="bbox 406 5341 1985 5413">
    <p class='ocr_par' dir='ltr' id='par_1_91' title="bbox 406 5341 1985 5413">
     <span class='ocr_line' id='line_1_91' title="bbox 406 5341 1985 5413; baseline -0.005 -13"><span class='ocrx_word' id='word_1_681' title='bbox 406 5349 599 5412; x_wconf 87' lang='lat' dir='ltr'><strong>tionis,</strong></span> <span class='ocrx_word' id='word_1_682' title='bbox 634 5345 903 5400; x_wconf 72' lang='lat' dir='ltr'><strong>exsistere</strong></span> <span class='ocrx_word' id='word_1_683' title='bbox 959 5345 1242 5413; x_wconf 84' lang='lat' dir='ltr'><strong>proprium</strong></span> <span class='ocrx_word' id='word_1_684' title='bbox 1279 5343 1476 5396; x_wconf 88' lang='lat' dir='ltr'><strong>Patris.</strong></span> <span class='ocrx_word' id='word_1_685' title='bbox 1515 5341 1648 5394; x_wconf 83' lang='lat' dir='ltr'><strong>Nam</strong></span> <span class='ocrx_word' id='word_1_686' title='bbox 1684 5341 1729 5393; x_wconf 90' lang='lat' dir='ltr'><strong>si</strong></span> <span class='ocrx_word' id='word_1_687' title='bbox 1764 5356 1860 5409; x_wconf 87' lang='lat' dir='ltr'><strong>per</strong></span> <span class='ocrx_word' id='word_1_688' title='bbox 1890 5354 1985 5408; x_wconf 77' lang='lat' dir='ltr'><strong>ge-</strong></span> 
     </span>
    </p>
   </div>
   <div class='ocr_carea' id='block_1_92' title="bbox 406 5431 1985 5496">
    <p class='ocr_par' dir='ltr' id='par_1_92' title="bbox 406 5431 1985 5496">
     <span class='ocr_line' id='line_1_92' title="bbox 406 5431 1985 5496; baseline -0.007 -1"><span class='ocrx_word' id='word_1_689' title='bbox 406 5442 748 5496; x_wconf 86' lang='lat' dir='ltr'><strong>nerationem</strong></span> <span class='ocrx_word' id='word_1_690' title='bbox 796 5455 915 5493; x_wconf 83' lang='lat' dir='ltr'><strong>esse</strong></span> <span class='ocrx_word' id='word_1_691' title='bbox 968 5439 1305 5491; x_wconf 79' lang='lat' dir='ltr'><strong>discernitur</strong></span> <span class='ocrx_word' id='word_1_692' title='bbox 1359 5451 1386 5487; x_wconf 90' lang='lat' dir='ltr'><strong>a</strong></span> <span class='ocrx_word' id='word_1_693' title='bbox 1423 5435 1639 5487; x_wconf 88' lang='lat' dir='ltr'><strong>duobus</strong></span> <span class='ocrx_word' id='word_1_694' title='bbox 1671 5431 1879 5486; x_wconf 83' lang='lat' dir='ltr'><strong>Filius:</strong></span> <span class='ocrx_word' id='word_1_695' title='bbox 1917 5447 1985 5484; x_wconf 89' lang='lat' dir='ltr'><strong>eo</strong></span> 
     </span>
    </p>
   </div>
   <div class='ocr_carea' id='block_1_93' title="bbox 407 5524 1984 5603">
    <p class='ocr_par' dir='ltr' id='par_1_93' title="bbox 407 5524 1984 5603">
     <span class='ocr_line' id='line_1_93' title="bbox 407 5524 1984 5603; baseline -0.005 -16"><span class='ocrx_word' id='word_1_696' title='bbox 407 5534 552 5603; x_wconf 38' lang='lat' dir='ltr'><strong>quotl</strong></span> <span class='ocrx_word' id='word_1_697' title='bbox 587 5534 795 5602; x_wconf 90' lang='lat' dir='ltr'><strong>absque</strong></span> <span class='ocrx_word' id='word_1_698' title='bbox 828 5532 1184 5600; x_wconf 76' lang='lat' dir='ltr'><strong>generatione</strong></span> <span class='ocrx_word' id='word_1_699' title='bbox 1229 5539 1357 5581; x_wconf 89' lang='lat' dir='ltr'><strong>sunt</strong></span> <span class='ocrx_word' id='word_1_700' title='bbox 1382 5569 1396 5591; x_wconf 92' lang='lat'><strong>,</strong></span> <span class='ocrx_word' id='word_1_701' title='bbox 1445 5528 1834 5581; x_wconf 62' lang='lat' dir='ltr'><strong>discernentur</strong></span> <span class='ocrx_word' id='word_1_702' title='bbox 1872 5524 1984 5579; x_wconf 89' lang='lat' dir='ltr'><strong>duo</strong></span> 
     </span>
    </p>
   </div>
   <div class='ocr_carea' id='block_1_94' title="bbox 405 5619 1981 5690">
    <p class='ocr_par' dir='ltr' id='par_1_94' title="bbox 405 5619 1981 5690">
     <span class='ocr_line' id='line_1_94' title="bbox 405 5619 1981 5690; baseline -0.002 -16"><span class='ocrx_word' id='word_1_703' title='bbox 405 5626 472 5678; x_wconf 83' lang='lat' dir='ltr'><strong>ab</strong></span> <span class='ocrx_word' id='word_1_704' title='bbox 508 5624 724 5677; x_wconf 88' lang='lat' dir='ltr'><strong>eodem.</strong></span> <span class='ocrx_word' id='word_1_705' title='bbox 781 5625 842 5676; x_wconf 78' lang='lat' dir='ltr'><strong>Et</strong></span> <span class='ocrx_word' id='word_1_706' title='bbox 874 5623 1039 5676; x_wconf 71' lang='lat' dir='ltr'><strong>veluti</strong></span> <span class='ocrx_word' id='word_1_707' title='bbox 1081 5622 1212 5674; x_wconf 82' lang='lat' dir='ltr'><strong>illud</strong></span> <span class='ocrx_word' id='word_1_708' title='bbox 1249 5637 1374 5674; x_wconf 75' lang='lat' dir='ltr'><strong>vere</strong></span> <span class='ocrx_word' id='word_1_709' title='bbox 1407 5622 1694 5690; x_wconf 88' lang='lat' dir='ltr'><strong>pr0prium</strong></span> <span class='ocrx_word' id='word_1_710' title='bbox 1728 5629 1807 5673; x_wconf 65' lang='lat' dir='ltr'><strong>Cal</strong></span> <span class='ocrx_word' id='word_1_711' title='bbox 1836 5619 1981 5683; x_wconf 69' lang='lat' dir='ltr'><strong>Filii,</strong></span> 
     </span>
    </p>
   </div>
   <div class='ocr_carea' id='block_1_95' title="bbox 405 5714 1979 5783">
    <p class='ocr_par' dir='ltr' id='par_1_95' title="bbox 405 5714 1979 5783">
     <span class='ocr_line' id='line_1_95' title="bbox 405 5714 1979 5783; baseline -0.002 -13"><span class='ocrx_word' id='word_1_712' title='bbox 405 5719 477 5771; x_wconf 80' lang='lat' dir='ltr'><strong>ita</strong></span> <span class='ocrx_word' id='word_1_713' title='bbox 508 5727 564 5769; x_wconf 88' lang='lat' dir='ltr'><strong>et</strong></span> <span class='ocrx_word' id='word_1_714' title='bbox 602 5718 837 5770; x_wconf 84' lang='lat' dir='ltr'><strong>duorum</strong></span> <span class='ocrx_word' id='word_1_715' title='bbox 885 5733 1008 5772; x_wconf 79' lang='lat' dir='ltr'><strong>vere</strong></span> <span class='ocrx_word' id='word_1_716' title='bbox 1045 5717 1147 5769; x_wconf 86' lang='lat' dir='ltr'><strong>hoc</strong></span> <span class='ocrx_word' id='word_1_717' title='bbox 1176 5715 1280 5769; x_wconf 87' lang='lat' dir='ltr'><strong>erit</strong></span> <span class='ocrx_word' id='word_1_718' title='bbox 1333 5715 1642 5783; x_wconf 88' lang='lat' dir='ltr'><strong>proprium,</strong></span> <span class='ocrx_word' id='word_1_719' title='bbox 1679 5714 1787 5768; x_wconf 90' lang='lat' dir='ltr'><strong>imo</strong></span> <span class='ocrx_word' id='word_1_720' title='bbox 1815 5715 1979 5769; x_wconf 88' lang='lat' dir='ltr'><strong>etiam</strong></span> 
     </span>
    </p>
   </div>
   <div class='ocr_carea' id='block_1_96' title="bbox 404 5802 1979 5876">
    <p class='ocr_par' dir='ltr' id='par_1_96' title="bbox 404 5802 1979 5876">
     <span class='ocr_line' id='line_1_96' title="bbox 404 5802 1979 5876; baseline -0.001 -15"><span class='ocrx_word' id='word_1_721' title='bbox 404 5824 720 5863; x_wconf 84' lang='lat' dir='ltr'><strong>commune.</strong></span> <span class='ocrx_word' id='word_1_722' title='bbox 782 5809 897 5873; x_wconf 88' lang='lat' dir='ltr'><strong>Qua</strong></span> <span class='ocrx_word' id='word_1_723' title='bbox 957 5809 1101 5862; x_wconf 85' lang='lat' dir='ltr'><strong>enim</strong></span> <span class='ocrx_word' id='word_1_724' title='bbox 1167 5808 1276 5861; x_wconf 91' lang='lat' dir='ltr'><strong>duo</strong></span> <span class='ocrx_word' id='word_1_725' title='bbox 1332 5802 1803 5876; x_wconf 65' lang='lat' dir='ltr'><strong>illius&#39;partieipes</strong></span> <span class='ocrx_word' id='word_1_726' title='bbox 1831 5818 1979 5872; x_wconf 91' lang='lat' dir='ltr'><strong>sunt,</strong></span> 
     </span>
    </p>
   </div>
   <div class='ocr_carea' id='block_1_97' title="bbox 411 5898 1980 5970">
    <p class='ocr_par' dir='ltr' id='par_1_97' title="bbox 411 5898 1980 5970">
     <span class='ocr_line' id='line_1_97' title="bbox 411 5898 1980 5970; baseline 0.001 -18"><span class='ocrx_word' id='word_1_727' title='bbox 411 5915 723 5962; x_wconf 84' lang='lat' dir='ltr'><strong>commune,</strong></span> <span class='ocrx_word' id='word_1_728' title='bbox 780 5915 884 5966; x_wconf 85' lang='lat' dir='ltr'><strong>qua</strong></span> <span class='ocrx_word' id='word_1_729' title='bbox 937 5915 1066 5953; x_wconf 69' lang='lat' dir='ltr'><strong>vero</strong></span> <span class='ocrx_word' id='word_1_730' title='bbox 1129 5901 1507 5970; x_wconf 68' lang='lat' dir='ltr'><strong>unusquisque</strong></span> <span class='ocrx_word' id='word_1_731' title='bbox 1549 5914 1612 5954; x_wconf 81' lang='lat' dir='ltr'><strong>ex</strong></span> <span class='ocrx_word' id='word_1_732' title='bbox 1664 5898 1796 5968; x_wconf 78' lang='lat' dir='ltr'><strong>ipsis</strong></span> <span class='ocrx_word' id='word_1_733' title='bbox 1836 5898 1980 5954; x_wconf 80' lang='lat' dir='ltr'><strong>illoa</strong></span> 
     </span>
    </p>
   </div>
   <div class='ocr_carea' id='block_1_98' title="bbox 2165 4319 3672 4390">
    <p class='ocr_par' dir='ltr' id='par_1_98' title="bbox 2165 4319 3672 4390">
     <span class='ocr_line' id='line_1_98' title="bbox 2165 4319 3672 4390; baseline -0.003 -18"><span class='ocrx_word' id='word_1_734' title='bbox 2165 4325 2261 4374; x_wconf 88' lang='grc' dir='ltr'>κε’.</span> <span class='ocrx_word' id='word_1_735' title='bbox 2307 4320 2526 4373; x_wconf 80' lang='grc' dir='ltr'>Τούτων</span> <span class='ocrx_word' id='word_1_736' title='bbox 2578 4319 2749 4382; x_wconf 76' lang='grc' dir='ltr'>οὕτως</span> <span class='ocrx_word' id='word_1_737' title='bbox 2799 4321 3054 4390; x_wconf 81' lang='grc' dir='ltr'>ἐχόντων,</span> <span class='ocrx_word' id='word_1_738' title='bbox 3113 4321 3232 4384; x_wconf 71' lang='grc' dir='ltr'>πῶς</span> <span class='ocrx_word' id='word_1_739' title='bbox 3281 4319 3506 4372; x_wconf 71' lang='grc' dir='ltr'>τοιαῦτα</span> <span class='ocrx_word' id='word_1_740' title='bbox 3549 4319 3672 4373; x_wconf 76' lang='grc' dir='ltr'>λίαν</span> 
     </span>
    </p>
   </div>
   <div class='ocr_carea' id='block_1_99' title="bbox 2093 4411 3672 4482">
    <p class='ocr_par' dir='ltr' id='par_1_99' title="bbox 2093 4411 3672 4482">
     <span class='ocr_line' id='line_1_99' title="bbox 2093 4411 3672 4482; baseline 0 -17"><span class='ocrx_word' id='word_1_741' title='bbox 2093 4411 2343 4481; x_wconf 81' lang='grc' dir='ltr'>ἀμαθῶς,</span> <span class='ocrx_word' id='word_1_742' title='bbox 2377 4412 2462 4465; x_wconf 79' lang='grc' dir='ltr'>ἵνα</span> <span class='ocrx_word' id='word_1_743' title='bbox 2495 4412 2566 4482; x_wconf 81' lang='grc' dir='ltr'>μὴ</span> <span class='ocrx_word' id='word_1_744' title='bbox 2599 4413 2744 4478; x_wconf 83' lang='grc' dir='ltr'>λέγω</span> <span class='ocrx_word' id='word_1_745' title='bbox 2778 4414 2981 4473; x_wconf 80' lang='grc' dir='ltr'>σκαιῶς</span> <span class='ocrx_word' id='word_1_746' title='bbox 3012 4412 3268 4480; x_wconf 82' lang='grc' dir='ltr'>τολμῶσι,</span> <span class='ocrx_word' id='word_1_747' title='bbox 3298 4412 3476 4480; x_wconf 84' lang='grc' dir='ltr'>λέγειν</span> <span class='ocrx_word' id='word_1_748' title='bbox 3510 4413 3672 4479; x_wconf 81' lang='grc' dir='ltr'>Γραιο</span> 
     </span>
    </p>
   </div>
   <div class='ocr_carea' id='block_1_100' title="bbox 2095 4505 3666 4577">
    <p class='ocr_par' dir='ltr' id='par_1_100' title="bbox 2095 4505 3666 4577">
     <span class='ocr_line' id='line_1_100' title="bbox 2095 4505 3666 4577; baseline -0.001 -19"><span class='ocrx_word' id='word_1_749' title='bbox 2095 4507 2180 4558; x_wconf 89' lang='grc' dir='ltr'><strong>κοί</strong></span> <span class='ocrx_word' id='word_1_750' title='bbox 2211 4522 2228 4572; x_wconf 84' lang='grc'>;</span> <span class='ocrx_word' id='word_1_751' title='bbox 2252 4505 2382 4566; x_wconf 74' lang='grc' dir='ltr'>Ναὶ,</span> <span class='ocrx_word' id='word_1_752' title='bbox 2411 4509 2594 4575; x_wconf 72' lang='grc' dir='ltr'>φησὶν,</span> <span class='ocrx_word' id='word_1_753' title='bbox 2626 4507 2760 4559; x_wconf 78' lang='grc' dir='ltr'>ἀλλὰ</span> <span class='ocrx_word' id='word_1_754' title='bbox 2787 4509 2846 4560; x_wconf 73' lang='grc' dir='ltr'>τὸ</span> <span class='ocrx_word' id='word_1_755' title='bbox 2879 4507 3202 4577; x_wconf 74' lang='grc' dir='ltr'>προϐάλλειν</span> <span class='ocrx_word' id='word_1_756' title='bbox 3233 4507 3362 4560; x_wconf 75' lang='grc' dir='ltr'>ἴδιόν</span> <span class='ocrx_word' id='word_1_757' title='bbox 3390 4524 3533 4569; x_wconf 87' lang='grc' dir='ltr'>τινες</span> <span class='ocrx_word' id='word_1_758' title='bbox 3559 4507 3666 4558; x_wconf 75' lang='grc' dir='ltr'>τῶν</span> 
     </span>
    </p>
   </div>
   <div class='ocr_carea' id='block_1_101' title="bbox 2090 4598 3672 4669">
    <p class='ocr_par' dir='ltr' id='par_1_101' title="bbox 2090 4598 3672 4669">
     <span class='ocr_line' id='line_1_101' title="bbox 2090 4598 3672 4669; baseline -0.002 -17"><span class='ocrx_word' id='word_1_759' title='bbox 2090 4598 2430 4652; x_wconf 84' lang='grc' dir='ltr'>διδασκάλων</span> <span class='ocrx_word' id='word_1_760' title='bbox 2464 4598 2558 4650; x_wconf 76' lang='grc' dir='ltr'>τοῦ</span> <span class='ocrx_word' id='word_1_761' title='bbox 2597 4600 2806 4669; x_wconf 75' lang='grc' dir='ltr'>Πατρὸς</span> <span class='ocrx_word' id='word_1_762' title='bbox 2856 4601 3094 4668; x_wconf 81' lang='grc' dir='ltr'>λέγουσι.</span> <span class='ocrx_word' id='word_1_763' title='bbox 3129 4600 3202 4652; x_wconf 83' lang='grc' dir='ltr'><strong>Τὸ</strong></span> <span class='ocrx_word' id='word_1_764' title='bbox 3232 4599 3286 4652; x_wconf 83' lang='grc' dir='ltr'>δὲ</span> <span class='ocrx_word' id='word_1_765' title='bbox 3317 4599 3446 4654; x_wconf 76' lang='grc' dir='ltr'>ἴδιον</span> <span class='ocrx_word' id='word_1_766' title='bbox 3468 4599 3528 4650; x_wconf 81' lang='grc' dir='ltr'>οὐ</span> <span class='ocrx_word' id='word_1_767' title='bbox 3560 4617 3672 4650; x_wconf 84' lang='grc' dir='ltr'>κοι-</span> 
     </span>
    </p>
   </div>
   <div class='ocr_carea' id='block_1_102' title="bbox 2087 4691 3670 4762">
    <p class='ocr_par' dir='ltr' id='par_1_102' title="bbox 2087 4691 3670 4762">
     <span class='ocr_line' id='line_1_102' title="bbox 2087 4691 3670 4762; baseline -0.001 -18"><span class='ocrx_word' id='word_1_768' title='bbox 2087 4693 2196 4747; x_wconf 85' lang='grc' dir='ltr'>νόν.</span> <span class='ocrx_word' id='word_1_769' title='bbox 2247 4693 2316 4745; x_wconf 82' lang='grc' dir='ltr'>Ἢ</span> <span class='ocrx_word' id='word_1_770' title='bbox 2354 4693 2471 4755; x_wconf 74' lang='grc' dir='ltr'>πῶς</span> <span class='ocrx_word' id='word_1_771' title='bbox 2527 4693 2681 4746; x_wconf 80' lang='grc' dir='ltr'>ἔσται</span> <span class='ocrx_word' id='word_1_772' title='bbox 2741 4693 2922 4747; x_wconf 74' lang='grc' dir='ltr'>κοινὸν</span> <span class='ocrx_word' id='word_1_773' title='bbox 2951 4694 3046 4747; x_wconf 76' lang='grc' dir='ltr'>καὶ</span> <span class='ocrx_word' id='word_1_774' title='bbox 3081 4693 3211 4748; x_wconf 80' lang='grc' dir='ltr'>ἴδιον</span> <span class='ocrx_word' id='word_1_775' title='bbox 3243 4709 3259 4759; x_wconf 88' lang='grc'>;</span> <span class='ocrx_word' id='word_1_776' title='bbox 3298 4692 3434 4762; x_wconf 83' lang='grc' dir='ltr'>Ἤδη</span> <span class='ocrx_word' id='word_1_777' title='bbox 3470 4691 3670 4743; x_wconf 75' lang='grc' dir='ltr'>πολλά-</span> 
     </span>
    </p>
   </div>
   <div class='ocr_carea' id='block_1_103' title="bbox 2085 4784 3670 4854">
    <p class='ocr_par' dir='ltr' id='par_1_103' title="bbox 2085 4784 3670 4854">
     <span class='ocr_line' id='line_1_103' title="bbox 2085 4784 3670 4854; baseline -0.001 -18"><span class='ocrx_word' id='word_1_778' title='bbox 2085 4801 2174 4846; x_wconf 87' lang='grc' dir='ltr'><strong>κις</strong></span> <span class='ocrx_word' id='word_1_779' title='bbox 2242 4785 2482 4854; x_wconf 71' lang='grc' dir='ltr'>εἴρηται,</span> <span class='ocrx_word' id='word_1_780' title='bbox 2535 4787 2630 4838; x_wconf 72' lang='grc' dir='ltr'>καὶ</span> <span class='ocrx_word' id='word_1_781' title='bbox 2680 4784 2844 4840; x_wconf 87' lang='grc' dir='ltr'>πάλιν</span> <span class='ocrx_word' id='word_1_782' title='bbox 2892 4785 3154 4854; x_wconf 83' lang='grc' dir='ltr'>λεγέσθω.</span> <span class='ocrx_word' id='word_1_783' title='bbox 3211 4785 3372 4838; x_wconf 86' lang='grc' dir='ltr'>Ἷδιον</span> <span class='ocrx_word' id='word_1_784' title='bbox 3429 4787 3490 4836; x_wconf 80' lang='grc' dir='ltr'>τδ</span> <span class='ocrx_word' id='word_1_785' title='bbox 3544 4799 3670 4852; x_wconf 78' lang='grc' dir='ltr'>γενο</span> 
     </span>
    </p>
   </div>
   <div class='ocr_carea' id='block_1_104' title="bbox 2085 4876 3669 4948">
    <p class='ocr_par' dir='ltr' id='par_1_104' title="bbox 2085 4876 3669 4948">
     <span class='ocr_line' id='line_1_104' title="bbox 2085 4876 3669 4948; baseline -0.002 -19"><span class='ocrx_word' id='word_1_786' title='bbox 2085 4877 2281 4929; x_wconf 81' lang='grc' dir='ltr'>νᾶσθαι</span> <span class='ocrx_word' id='word_1_787' title='bbox 2334 4877 2426 4929; x_wconf 82' lang='grc' dir='ltr'><strong>τοῦ</strong></span> <span class='ocrx_word' id='word_1_788' title='bbox 2489 4877 2640 4933; x_wconf 79' lang='grc' dir='ltr'><strong>Υίοῦ.</strong></span> <span class='ocrx_word' id='word_1_789' title='bbox 2693 4879 3041 4948; x_wconf 82' lang='grc' dir='ltr'>Διακρίνεται</span> <span class='ocrx_word' id='word_1_790' title='bbox 3092 4879 3200 4946; x_wconf 70' lang='grc' dir='ltr'><strong>γὰρ</strong></span> <span class='ocrx_word' id='word_1_791' title='bbox 3246 4878 3420 4947; x_wconf 72' lang='grc' dir='ltr'>τούτῳ</span> <span class='ocrx_word' id='word_1_792' title='bbox 3455 4876 3669 4943; x_wconf 78' lang='grc' dir='ltr'>Πατρὸς</span> 
     </span>
    </p>
   </div>
   <div class='ocr_carea' id='block_1_105' title="bbox 2085 4964 3666 5038">
    <p class='ocr_par' dir='ltr' id='par_1_105' title="bbox 2085 4964 3666 5038">
     <span class='ocr_line' id='line_1_105' title="bbox 2085 4964 3666 5038; baseline -0.002 -17"><span class='ocrx_word' id='word_1_793' title='bbox 2085 4969 2179 5021; x_wconf 56' lang='grc' dir='ltr'>καὶ</span> <span class='ocrx_word' id='word_1_794' title='bbox 2267 4969 2606 5037; x_wconf 84' lang='grc' dir='ltr'>Πνεύματος.</span> <span class='ocrx_word' id='word_1_795' title='bbox 2677 4970 2775 5023; x_wconf 82' lang='grc' dir='ltr'>Διά</span> <span class='ocrx_word' id='word_1_796' title='bbox 2835 4968 2992 5023; x_wconf 80' lang='grc' dir='ltr'>τοῦτο</span> <span class='ocrx_word' id='word_1_797' title='bbox 3047 4971 3106 5022; x_wconf 67' lang='grc' dir='ltr'><strong>τ’,</strong></span> <span class='ocrx_word' id='word_1_798' title='bbox 3155 4971 3468 5038; x_wconf 82' lang='grc' dir='ltr'>ἀγεννὴτως</span> <span class='ocrx_word' id='word_1_799' title='bbox 3525 4964 3666 5020; x_wconf 78' lang='grc' dir='ltr'>εἶναι</span> 
     </span>
    </p>
   </div>
   <div class='ocr_carea' id='block_1_106' title="bbox 2086 5060 3666 5131">
    <p class='ocr_par' dir='ltr' id='par_1_106' title="bbox 2086 5060 3666 5131">
     <span class='ocr_line' id='line_1_106' title="bbox 2086 5060 3666 5131; baseline 0 -19"><span class='ocrx_word' id='word_1_800' title='bbox 2086 5061 2468 5128; x_wconf 62' lang='grc' dir='ltr'>ἐπιθεωρεῖται</span> <span class='ocrx_word' id='word_1_801' title='bbox 2548 5062 2719 5131; x_wconf 80' lang='grc' dir='ltr'>Πατρὶ</span> <span class='ocrx_word' id='word_1_802' title='bbox 2803 5065 2897 5115; x_wconf 66' lang='grc' dir='ltr'>καὶ</span> <span class='ocrx_word' id='word_1_803' title='bbox 2981 5063 3278 5129; x_wconf 79' lang='grc' dir='ltr'>Πνεύματι.</span> <span class='ocrx_word' id='word_1_804' title='bbox 3334 5062 3440 5113; x_wconf 78' lang='grc' dir='ltr'><strong>Καὶ</strong></span> <span class='ocrx_word' id='word_1_805' title='bbox 3505 5060 3666 5112; x_wconf 80' lang='grc' dir='ltr'>δυνάο</span> 
     </span>
    </p>
   </div>
   <div class='ocr_carea' id='block_1_107' title="bbox 2092 5151 3667 5224">
    <p class='ocr_par' dir='ltr' id='par_1_107' title="bbox 2092 5151 3667 5224">
     <span class='ocr_line' id='line_1_107' title="bbox 2092 5151 3667 5224; baseline -0.001 -20"><span class='ocrx_word' id='word_1_806' title='bbox 2092 5151 2231 5221; x_wconf 83' lang='grc' dir='ltr'>μεθα</span> <span class='ocrx_word' id='word_1_807' title='bbox 2287 5152 2488 5221; x_wconf 81' lang='grc' dir='ltr'>λέγειν,</span> <span class='ocrx_word' id='word_1_808' title='bbox 2521 5153 2580 5206; x_wconf 77' lang='grc' dir='ltr'>τὸ</span> <span class='ocrx_word' id='word_1_809' title='bbox 2636 5156 2949 5224; x_wconf 78' lang='grc' dir='ltr'>ἀγεννήτως</span> <span class='ocrx_word' id='word_1_810' title='bbox 2993 5151 3126 5206; x_wconf 72' lang='grc' dir='ltr'>εἶναι</span> <span class='ocrx_word' id='word_1_811' title='bbox 3170 5155 3336 5224; x_wconf 73' lang='grc' dir='ltr'>ἤγουν</span> <span class='ocrx_word' id='word_1_812' title='bbox 3392 5155 3466 5220; x_wconf 82' lang='grc' dir='ltr'>μὴ</span> <span class='ocrx_word' id='word_1_813' title='bbox 3525 5151 3667 5203; x_wconf 77' lang='grc' dir='ltr'>κατὰ</span> 
     </span>
    </p>
   </div>
   <div class='ocr_carea' id='block_1_108' title="bbox 2087 5241 3666 5318">
    <p class='ocr_par' dir='ltr' id='par_1_108' title="bbox 2087 5241 3666 5318">
     <span class='ocr_line' id='line_1_108' title="bbox 2087 5241 3666 5318; baseline -0.004 -20"><span class='ocrx_word' id='word_1_814' title='bbox 2087 5247 2362 5315; x_wconf 69' lang='grc' dir='ltr'>γέννησιν,</span> <span class='ocrx_word' id='word_1_815' title='bbox 2395 5248 2527 5299; x_wconf 71' lang='grc' dir='ltr'>ῑειον</span> <span class='ocrx_word' id='word_1_816' title='bbox 2571 5246 2666 5299; x_wconf 77' lang='grc' dir='ltr'>τοῦ</span> <span class='ocrx_word' id='word_1_817' title='bbox 2704 5247 2936 5318; x_wconf 72' lang='grc' dir='ltr'>Πατρός.</span> <span class='ocrx_word' id='word_1_818' title='bbox 2985 5246 3046 5298; x_wconf 79' lang='lat' dir='ltr'><strong>Ei</strong></span> <span class='ocrx_word' id='word_1_819' title='bbox 3095 5245 3202 5315; x_wconf 83' lang='grc' dir='ltr'><strong>γάρ</strong></span> <span class='ocrx_word' id='word_1_820' title='bbox 3256 5245 3334 5313; x_wconf 83' lang='grc' dir='ltr'>τῷ</span> <span class='ocrx_word' id='word_1_821' title='bbox 3388 5241 3666 5312; x_wconf 65' lang='grc' dir='ltr'>γεννητῶς</span> 
     </span>
    </p>
   </div>
   <div class='ocr_carea' id='block_1_109' title="bbox 2087 5336 3665 5410">
    <p class='ocr_par' dir='ltr' id='par_1_109' title="bbox 2087 5336 3665 5410">
     <span class='ocr_line' id='line_1_109' title="bbox 2087 5336 3665 5410; baseline -0.001 -18"><span class='ocrx_word' id='word_1_822' title='bbox 2087 5336 2224 5394; x_wconf 69' lang='grc' dir='ltr'>εἶναι</span> <span class='ocrx_word' id='word_1_823' title='bbox 2249 5338 2587 5410; x_wconf 75' lang='grc' dir='ltr'>διακρίνεται</span> <span class='ocrx_word' id='word_1_824' title='bbox 2613 5340 2732 5393; x_wconf 70' lang='grc' dir='ltr'><strong>τῶν</strong></span> <span class='ocrx_word' id='word_1_825' title='bbox 2779 5341 2874 5393; x_wconf 76' lang='grc' dir='ltr'>δύο</span> <span class='ocrx_word' id='word_1_826' title='bbox 2927 5343 2953 5392; x_wconf 79' lang='grc' dir='ltr'><strong>ὁ</strong></span> <span class='ocrx_word' id='word_1_827' title='bbox 3011 5339 3159 5404; x_wconf 72' lang='grc' dir='ltr'>Υἱὸς,</span> <span class='ocrx_word' id='word_1_828' title='bbox 3217 5338 3296 5408; x_wconf 75' lang='grc' dir='ltr'>τῷ</span> <span class='ocrx_word' id='word_1_829' title='bbox 3352 5338 3665 5407; x_wconf 81' lang='grc' dir='ltr'>ἀγεννήτως</span> 
     </span>
    </p>
   </div>
   <div class='ocr_carea' id='block_1_110' title="bbox 2089 5427 3666 5501">
    <p class='ocr_par' dir='ltr' id='par_1_110' title="bbox 2089 5427 3666 5501">
     <span class='ocr_line' id='line_1_110' title="bbox 2089 5427 3666 5501; baseline -0.004 -17"><span class='ocrx_word' id='word_1_830' title='bbox 2089 5428 2222 5485; x_wconf 73' lang='grc' dir='ltr'>εἶναι</span> <span class='ocrx_word' id='word_1_831' title='bbox 2250 5433 2691 5501; x_wconf 71' lang='grc' dir='ltr'>δισκριθῆσονται</span> <span class='ocrx_word' id='word_1_832' title='bbox 2722 5431 2787 5482; x_wconf 80' lang='grc' dir='ltr'><strong>τὰ</strong></span> <span class='ocrx_word' id='word_1_833' title='bbox 2819 5430 2912 5483; x_wconf 73' lang='grc' dir='ltr'>δὺο</span> <span class='ocrx_word' id='word_1_834' title='bbox 2950 5431 3044 5483; x_wconf 77' lang='grc' dir='ltr'>τοῦ</span> <span class='ocrx_word' id='word_1_835' title='bbox 3093 5427 3258 5483; x_wconf 80' lang='grc' dir='ltr'>αὑτοῦ</span> <span class='ocrx_word' id='word_1_836' title='bbox 3287 5446 3302 5460; x_wconf 87' lang='grc'>·</span> <span class='ocrx_word' id='word_1_837' title='bbox 3333 5429 3427 5480; x_wconf 69' lang='grc' dir='ltr'>καὶ</span> <span class='ocrx_word' id='word_1_838' title='bbox 3474 5427 3666 5498; x_wconf 78' lang='grc' dir='ltr'>ὥσπερ</span> 
     </span>
    </p>
   </div>
   <div class='ocr_carea' id='block_1_111' title="bbox 2093 5522 3664 5594">
    <p class='ocr_par' dir='ltr' id='par_1_111' title="bbox 2093 5522 3664 5594">
     <span class='ocr_line' id='line_1_111' title="bbox 2093 5522 3664 5594; baseline -0.003 -16"><span class='ocrx_word' id='word_1_839' title='bbox 2093 5527 2222 5579; x_wconf 79' lang='grc' dir='ltr'>ἴδιον</span> <span class='ocrx_word' id='word_1_840' title='bbox 2251 5527 2423 5579; x_wconf 79' lang='grc' dir='ltr'>ἐκεῖνο</span> <span class='ocrx_word' id='word_1_841' title='bbox 2453 5524 2548 5578; x_wconf 80' lang='grc' dir='ltr'>τοῦ</span> <span class='ocrx_word' id='word_1_842' title='bbox 2576 5525 2705 5576; x_wconf 78' lang='grc' dir='ltr'>Υιοῦ</span> <span class='ocrx_word' id='word_1_843' title='bbox 2738 5525 2977 5594; x_wconf 81' lang='grc' dir='ltr'>ἀληθῶς,</span> <span class='ocrx_word' id='word_1_844' title='bbox 3027 5524 3170 5577; x_wconf 68' lang='grc' dir='ltr'>οὕτω</span> <span class='ocrx_word' id='word_1_845' title='bbox 3218 5524 3328 5575; x_wconf 85' lang='grc' dir='ltr'>τῶν</span> <span class='ocrx_word' id='word_1_846' title='bbox 3373 5522 3467 5576; x_wconf 80' lang='grc' dir='ltr'>δύο</span> <span class='ocrx_word' id='word_1_847' title='bbox 3507 5522 3664 5576; x_wconf 81' lang='grc' dir='ltr'>τοῦτο</span> 
     </span>
    </p>
   </div>
   <div class='ocr_carea' id='block_1_112' title="bbox 2093 5615 3664 5690">
    <p class='ocr_par' dir='ltr' id='par_1_112' title="bbox 2093 5615 3664 5690">
     <span class='ocr_line' id='line_1_112' title="bbox 2093 5615 3664 5690; baseline 0 -20"><span class='ocrx_word' id='word_1_848' title='bbox 2093 5619 2219 5671; x_wconf 74' lang='grc' dir='ltr'>ἴδιον</span> <span class='ocrx_word' id='word_1_849' title='bbox 2248 5617 2480 5689; x_wconf 76' lang='grc' dir='ltr'>ἀληθῶς.</span> <span class='ocrx_word' id='word_1_850' title='bbox 2535 5617 2697 5671; x_wconf 79' lang='grc' dir='ltr'>Ἀλλά</span> <span class='ocrx_word' id='word_1_851' title='bbox 2723 5618 2787 5688; x_wconf 79' lang='grc' dir='ltr'>δὴ</span> <span class='ocrx_word' id='word_1_852' title='bbox 2819 5620 2912 5672; x_wconf 71' lang='grc' dir='ltr'>καὶ</span> <span class='ocrx_word' id='word_1_853' title='bbox 2946 5619 3146 5675; x_wconf 79' lang='grc' dir='ltr'>κοινόν.</span> <span class='ocrx_word' id='word_1_854' title='bbox 3187 5615 3262 5690; x_wconf 79' lang='grc' dir='ltr'>ᾞ</span> <span class='ocrx_word' id='word_1_855' title='bbox 3296 5620 3395 5688; x_wconf 77' lang='grc' dir='ltr'>μὲν</span> <span class='ocrx_word' id='word_1_856' title='bbox 3426 5619 3534 5688; x_wconf 83' lang='grc' dir='ltr'>γὰρ</span> <span class='ocrx_word' id='word_1_857' title='bbox 3573 5619 3664 5671; x_wconf 69' lang='grc' dir='ltr'>δύο</span> 
     </span>
    </p>
   </div>
   <div class='ocr_carea' id='block_1_113' title="bbox 2087 5706 3662 5785">
    <p class='ocr_par' dir='ltr' id='par_1_113' title="bbox 2087 5706 3662 5785">
     <span class='ocr_line' id='line_1_113' title="bbox 2087 5706 3662 5785; baseline -0.002 -20"><span class='ocrx_word' id='word_1_858' title='bbox 2087 5732 2116 5765; x_wconf 87' lang='grc' dir='ltr'><strong>τ</strong></span> <span class='ocrx_word' id='word_1_859' title='bbox 2153 5714 2279 5765; x_wconf 82' lang='grc' dir='ltr'>ὑτου</span> <span class='ocrx_word' id='word_1_860' title='bbox 2306 5711 2645 5772; x_wconf 77' lang='grc' dir='ltr'>κοινωνοῦσι,</span> <span class='ocrx_word' id='word_1_861' title='bbox 2677 5713 2874 5772; x_wconf 74' lang='grc' dir='ltr'>κοινὸν,</span> <span class='ocrx_word' id='word_1_862' title='bbox 2967 5713 3010 5763; x_wconf 77' lang='grc' dir='ltr'>δ’</span> <span class='ocrx_word' id='word_1_863' title='bbox 3041 5713 3300 5782; x_wconf 78' lang='grc' dir='ltr'>ἑκάτερος</span> <span class='ocrx_word' id='word_1_864' title='bbox 3353 5717 3526 5781; x_wconf 77' lang='grc' dir='ltr'>τούτῳ</span> <span class='ocrx_word' id='word_1_865' title='bbox 3570 5711 3662 5764; x_wconf 77' lang='grc' dir='ltr'>τοῦ</span> 
     </span>
    </p>
   </div>
   <div class='ocr_carea' id='block_1_114' title="bbox 2090 5804 3664 5873">
    <p class='ocr_par' dir='ltr' id='par_1_114' title="bbox 2090 5804 3664 5873">
     <span class='ocr_line' id='line_1_114' title="bbox 2090 5804 3664 5873; baseline -0.001 -17"><span class='ocrx_word' id='word_1_866' title='bbox 2090 5805 2217 5857; x_wconf 75' lang='grc' dir='ltr'><strong>Υιοῦ</strong></span> <span class='ocrx_word' id='word_1_867' title='bbox 2273 5804 2628 5873; x_wconf 81' lang='grc' dir='ltr'>διακρίνεται,</span> <span class='ocrx_word' id='word_1_868' title='bbox 2689 5804 2836 5857; x_wconf 67' lang='grc' dir='ltr'>ἴδιον.</span> <span class='ocrx_word' id='word_1_869' title='bbox 2901 5806 3060 5857; x_wconf 74' lang='grc' dir='ltr'>Ὥστε</span> <span class='ocrx_word' id='word_1_870' title='bbox 3120 5806 3247 5857; x_wconf 77' lang='grc' dir='ltr'>ὃταν</span> <span class='ocrx_word' id='word_1_871' title='bbox 3293 5805 3560 5872; x_wconf 81' lang='grc' dir='ltr'>λέγωμεν,</span> <span class='ocrx_word' id='word_1_872' title='bbox 3605 5804 3664 5855; x_wconf 84' lang='grc' dir='ltr'>τὸ</span> 
     </span>
    </p>
   </div>
   <div class='ocr_carea' id='block_1_115' title="bbox 2088 5893 3663 5969">
    <p class='ocr_par' dir='ltr' id='par_1_115' title="bbox 2088 5893 3663 5969">
     <span class='ocr_line' id='line_1_115' title="bbox 2088 5893 3663 5969; baseline -0.001 -17"><span class='ocrx_word' id='word_1_873' title='bbox 2088 5893 2553 5968; x_wconf 74' lang='grc' dir='ltr'>ὁγεννήτωςεῖναι</span> <span class='ocrx_word' id='word_1_874' title='bbox 2595 5900 2771 5953; x_wconf 72' lang='grc' dir='ltr'>κοινὸν</span> <span class='ocrx_word' id='word_1_875' title='bbox 2825 5899 2995 5969; x_wconf 72' lang='grc' dir='ltr'>Πατρὶ</span> <span class='ocrx_word' id='word_1_876' title='bbox 3061 5898 3152 5951; x_wconf 73' lang='grc' dir='ltr'>καὶ</span> <span class='ocrx_word' id='word_1_877' title='bbox 3209 5898 3512 5968; x_wconf 77' lang='grc' dir='ltr'>Πνεύματι,</span> <span class='ocrx_word' id='word_1_878' title='bbox 3564 5897 3663 5966; x_wconf 79' lang='grc' dir='ltr'>τὴν</span> 
     </span>
    </p>
   </div>
  </div>
