4098 6424
385 436 484 504 821

1321 443 1414 503 DE
1448 444 1968 506 PROCESSIONE
2003 446 2370 508 SPlRlTUS
2413 449 2712 510 SANC'I'I.

3533 443 3638 509 852?.

382 557 478 606 καὶ
511 553 568 606 ἐν
597 551 673 620 τῷ
718 551 1043 622 προϐάλλειν
1079 557 1330 608 κοινωνεῖ
1374 556 1522 623 αὑτῷ
1573 557 1754 610 πάντα
1789 571 1856 609 τα
1887 572 1962 624 μη

2080 575 2192 613 nem
2226 558 2490 616 Filiorum
2523 562 2832 618 admittere.
2875 561 2992 616 Non
3023 569 3248 632 generat
3287 574 3416 628 ergo
3442 557 3634 624 Filius,

385 643 852 714 προθεωρθύμενα
910 645 1008 714 τῆς
1045 645 1210 699 αὑτοῦ
1273 647 1666 714 ὑποστάσεως,
1730 649 1826 700 καὶ
1877 647 1964 700 διὰ

383 733 542 786 τοῦτο
572 734 634 786 οὑ
661 736 888 788 δυνατὸν
917 739 1198 790 κοινωνεῖν
1249 739 1400 808 αὑτῷ
1430 739 1490 792 τδ
1539 739 1895 810 προϐάλλειν,
1931 740 1964 810 ἢ

387 827 450 881 16
473 830 690 898 γεννᾷν,
733 825 919 898 ὥσπερ
942 829 1061 882 οἰδὲ
1093 832 1172 900 τῷ
1197 831 1313 901 Υἱῷ
1346 833 1407 886 16
1451 834 1668 902 γεννᾷν,
1719 834 1968 900 Προθεω-

389 920 561 986 ρετται
590 921 698 988 γάρ
724 919 899 974 ταῦτα
935 921 991 971 ὲν
1020 922 1096 987 τῷ
1129 923 1324 992 Ungi.
1377 923 1520 976 Ἀλλ’
1560 923 1682 976 οὑδὲ
1739 923 1800 976 16
1847 937 1968 990 γεν-

387 1011 608 1076 νᾶσθαι,
635 1014 772 1080 ὅπερ
827 1014 1002 1084 πέρας
1031 1015 1250 1080 ἐλέγετο
1293 1016 1394 1083 τῆς
1445 1016 1760 1084 τεννήσεως,
1799 1031 1970 1084 προσ-

393 1106 553 1159 έσται
585 1105 664 1176 τῷ
702 1105 997 1174 “vstigia-ct.
1053 1108 1459 1175 Προθεωρεῖται
1515 1108 1626 1177 γὰρ
1655 1105 1797 1176 ἡτοῦ
1835 1105 1966 1158 Υἱοῦ

394 1199 698 1260 ὑπόστασις
728 1199 826 1268 τῆς
861 1198 954 1252 τοῦ
1012 1199 1351 1269 Πνεύματος.
1403 1187 1700 1268 Τομὲντοι
1729 1199 1969 1269 προϐάλ-

392 1292 508 1343 λειν
544 1291 603 1343 οὑ
633 1290 1126 1361 προοεωροὺμενον
1157 1292 1255 1358 τῆς
1296 1291 1388 1344 τοῦ
1424 1291 1556 1344 Υἰοῦ
1595 1291 1967 1352 ὑποστάσεως,

395 1383 487 1434 xxi
523 1381 620 1435 οὑκ
655 1382 899 1435 ἐναντίον
929 1382 1070 1447 λόγῳ
1107 1385 1211 1434 τινι
1255 1382 1630 1444 ὑποστάσεως.
1673 1381 1810 1436 Οὔτε
1861 1381 1971 1450 γὰρ

393 1477 421 1528 ὁ
463 1474 650 1544 Πατὴρ
677 1475 762 1526 διὰ
787 1473 957 1527 ταῦτα
989 1474 1137 1535 Υἱὸς,
1185 1473 1216 1543 ἢ
1248 1463 1568 1544 πρόϐλημα,
1620 1473 1742 1526 οὔτε
1792 1475 1820 1525 6
1843 1473 1972 1534 Υξδς

395 1561 484 1626 εἰς’
507 1565 728 1634 Πατέρα
785 1566 1136 1632 μεταπίπτει,
1161 1561 1283 1616 οὔτε
1328 1563 1388 1616 τὸ
1425 1561 1646 1630 Πνεῦμα
1684 1559 1967 1625 ἐξίσταται

397 1655 505 1707 τῶν
532 1654 679 1706 ἰδίων
706 1654 896 1707 αὑτοῦ.
924 1654 1213 1724 ἵΠηδεμίιιν
1237 1653 1332 1706 οῦν
1379 1654 1708 1722 ὲτιεισφέρον
1761 1652 1971 1719 σύγχυ·

399 1764 482 1798 σιν
521 1746 581 1798 τὸ
640 1737 992 1815 προϐάλλειν,
1034 1745 1345 1798 τούναντίον
1384 1745 1430 1798 δ’
1447 1745 1615 1811 ἅπαν,
1667 1745 1715 1797 εί
1755 1742 1831 1812 τῷ
1862 1741 1974 1811 Υἱῷ

403 1841 688 1908 πρόσεστι,
746 1837 840 1890 καὶ
880 1838 978 1906 τὴν
1035 1838 1189 1900 τάξιν
1242 1837 1566 1907 συντηροῦν,
1603 1839 1698 1890 καὶ
1749 1835 1846 1905 τὴν
1874 1837 1972 1903 τῆς

400 1929 630 1998 Τριάδος
676 1929 1052 1998 ἀκατάλληλον
1101 1929 1328 1998 σχέσιν,
1366 1930 1691 1998 κοινωνήσει
1754 1928 1972 1990 πάντως

395 2021 556 2075 τοῦτο
586 2021 790 2091 τῷΥἱῷ
819 2024 848 2070 6
889 2022 1101 2092 Πατήρ.
1137 2023 1242 2074 Καὶ
1275 2021 1446 2082 οὕτως
1485 2020 1718 2073 ἔσταιτό
1751 2019 1972 2087 Πνεῦμα

397 2119 486 2167 καὶ
521 2117 610 2168 τοῦ
641 2115 796 2176 Υἱοῦ,
836 2114 929 2166 καὶ
953 2115 1052 2165 οὒκ
1085 2113 1305 2175 ἐλλιπὲς
1361 2113 1422 2164 τὸ
1459 2111 1685 2180 Πνεῦμα
1733 2109 1806 2180 μὴ
1841 2127 1974 2180 προ-

406 2207 622 2273 ϐάλλον,
683 2206 874 2274 ὥσπερ
901 2206 1023 2258 οὑδὲ
1052 2205 1080 2257 6
1106 2205 1232 2268 Υἱὸς
1266 2203 1340 2274 μὴ
1365 2204 1589 2272 γεννῶν.
1625 2202 1840 2256 Μᾶλλον
1867 2203 1974 2273 γάρ

399 2297 704 2366 προϐάλλον
729 2293 875 2367 ἦνᾶν
918 2294 1251 2354 ἐλλ.ιπές.“ῐ1
1299 2300 1408 2364 γὰρ
1461 2293 1620 2346 ἑαυτὸ
1666 2291 1974 2364 προῦϐαλεν

398 2393 487 2455 ἂν,
511 2393 646 2462 ὅπερ
685 2389 965 2452 ἀδύνατον,
1019 2387 1230 2454 ἢᾶλλο,
1289 2388 1383 2439 καὶ
1409 2385 1584 2447 οὑτως
1627 2385 1706 2446 εἰς
1747 2383 1974 2452 ἄπειρον

399 2483 746 2553 aetnam:
773 2485 800 2536 6
833 2482 1010 2550 λόγος,
1049 2482 1185 2550 ὅπερ
1220 2477 1284 2532 οὑ
1319 2477 1661 2544 τελειότητος
1685 2475 1974 2537 καὶ-αὑτὸς

399 2575 574 2638 εἴποις
601 2575 684 2628 ἄν.

472 2845 584 2916 κη’.
617 2847 676 2900 Εἰ
703 2844 760 2898 δὲ
785 2845 962 2912 λέγεις
1017 2843 1101 2896 ὅτι
1138 2842 1542 2912 προοεωρεῖται
1563 2841 1628 2893 .16
1657 2839 1832 2895 αἴτιον
1880 2841 1974 2894 τοῦ

401 2939 667 2995 αἰτιατοῦ
698 2938 938 3000 αἰτιάτδς
967 2937 1025 2989 δὲ
1059 2936 1085 2988 6
1127 2935 1246 2998 Υἱός
1267 2951 1281 2966 ·
1317 2935 1376 2988 τὸ
1408 2934 1466 2986 δὲ
1524 2933 1850 3004 προϐάλλειν
1877 2935 1977 3000 τῆς

407 3035 612 3095 αἰτίας·
642 3031 1042 3100 προθεωρεῖται
1090 3029 1200 3098 ἄρα
1251 3027 1349 3096 τῆς
1405 3025 1500 3078 τοῦ
1563 3025 1693 3078 Υξοῦ
1738 3025 1974 3078 ὑποστά-

412 3141 568 3187 σεως·
595 3125 654 3176 οὑ
684 3123 1005 3191 κοινωνήσει
1041 3120 1151 3186 ἄρα
1177 3117 1337 3172 τοῦτο
1362 3117 1435 3185 τῷ
1467 3116 1580 3184 Υἱῷ
1611 3118 1637 3169 6
1693 3117 1880 3184 Πατὴρ
1903 3115 1978 3177 ὡς

2069 669 2259 707 verum
2314 654 2590 722 producit,
2652 663 2708 709 ει
2765 655 2907 708 ratio
2950 663 3318 708 consentanea
3364 661 3420 706 ει
3442 665 3641 704 conse-

2069 759 2247 814 quens
2304 754 2407 799 εει.
2463 745 2723 800 Producit
2748 746 2905 800 Pater
2935 745 3217 814 Spiritum,
3257 751 3467 796 etcum
3510 755 3640 807 pro-

2068 837 2240 898 ducit,
2278 838 2647 890 communicat
2687 837 2761 892 illi
2789 835 2970 890 omnia
3025 851 3145 905 qum
3177 851 3284 890 non
3321 831 3639 902 pra‘iutelli-

2069 939 2278 998 guntur
2328 929 2478 983 illius
2511 929 2816 997 hypostasi,
2843 937 3242 996 proptereaque
3274 925 3389 978 licri
3430 925 3639 992 nequ't,

2069 1031 2130 1074 ut
2167 1021 2268 1090 ipsi
2308 1022 2413 1074 vim
2451 1021 2790 1090 producendi
2828 1030 2923 1074 aut
2950 1019 3244 1088 generandi
3269 1017 3640 1085 impertialur,

2069 1111 2528 1182 quem-admodum
2581 1127 2758 1180 neque
2817 1111 2954 1163 Filio
2998 1108 3292 1178 generandi
3343 1125 3357 1161 :
3407 1121 3643 1173 namque

2071 1204 2190 1258 lucc
2241 1205 2294 1256 in
2344 1203 2502 1257 Patre
2549 1201 3066 1272 pra-intelliguntur.
3123 1199 3231 1253 Sed
3265 1214 3441 1267 neque
3473 1214 3640 1266 gene-

2071 1296 2205 1360 rari,
2259 1293 2404 1364 quod
2465 1294 2587 1348 finis
2637 1293 3014 1364 generationis
3052 1291 3358 1356 dicebatur,
3410 1289 3638 1359 Spiritui

2071 1387 2254 1442 inerit.
2291 1387 2730 1456 Prerintelligitur
2819 1385 3092 1453 siquidem
3161 1384 3466 1455 liypostasis
3523 1381 3644 1436 Filii

2075 1479 2359 1550 hypostasi
2425 1479 2690 1547 Spiritus.
2733 1477 2937 1532 Verum
2988 1475 3300 1546 producere
3361 1489 3486 1527 cum
3537 1487 3644 1526 non

2073 1570 2530 1640 pra-intelligatur
2567 1565 2688 1621 Filii
2739 1567 3044 1636 ltypostasi,
3105 1579 3279 1633 neque
3311 1563 3520 1616 ratione
3545 1561 3646 1631 hy-

2073 1664 2312 1731 postasis
2341 1660 2678 1714 adversetur.
2723 1657 2910 1726 Neque
2959 1655 3106 1710 enim
3163 1663 3452 1724 propterea
3483 1652 3644 1705 Pater

2077 1749 2272 1812 Filius,
2337 1761 2431 1803 aut
2485 1749 2780 1816 productio
2803 1755 2907 1809 est,
2929 1760 3107 1814 neque
3141 1743 3313 1798 Filius
3343 1743 3394 1795 in
3423 1743 3642 1794 Patrem

2077 1841 2399 1911 prolabitur,
2429 1856 2607 1910 neque
2636 1839 2877 1908 Spiritus
2911 1854 2974 1890 ex
3003 1837 3118 1891 suis
3153 1834 3386 1905 propriis
3403 1831 3640 1887 excedit.

2075 1933 2210 1986 Cum
2255 1931 2438 1999 itaque
2481 1929 2684 1983 nullam
2739 1927 3122 1982 confusionem
3177 1935 3401 1995 generet
3433 1921 3644 1992 produ-

2074 2037 2224 2086 cere,
2255 2021 2365 2076 imo
2397 2028 2568 2076 totum
2597 2020 2932 2090 oppositum.
2961 2019 3006 2071 si
3037 2015 3176 2070 Filio
3213 2016 3376 2080 inest,
3408 2025 3464 2068 et
3497 2013 3646 2066 ordi-

2075 2129 2196 2168 nem
2231 2121 2430 2174 servet,
2467 2123 2522 2164 et
2553 2111 2770 2165 Triadis
2827 2119 3068 2162 mutuam
3129 2106 3474 2168 relationem,
3509 2101 3642 2158 illud

2075 2222 2301 2278 prorsus
2355 2205 2493 2260 Fiiio
2555 2205 2714 2268 Pater
2766 2200 3214 2257 communicabit.
3263 2201 3330 2254 Et
3388 2199 3467 2252 sic
3499 2205 3646 2252 esset

2079 2300 2320 2368 Spiritus
2370 2309 2426 2352 et
2479 2296 2626 2360 Filii,
2682 2303 2738 2350 ει
2777 2310 2886 2348 non
2933 2291 3308 2361 imperfectus,
3352 2290 3641 2360 quodnon

2077 2390 2364 2460 producat,
2428 2387 2588 2442 sicuti
2649 2401 2826 2454 neque
2856 2385 3047 2446 Fdius,
3077 2383 3220 2452 quod
3259 2398 3362 2436 non
3391 2389 3638 2449 generet.

2077 2484 2190 2538 lmo
2230 2483 2274 2536 si
2337 2481 2683 2552 produceret,
2739 2485 2886 2532 esset
2941 2477 3328 2552 imperfectus;
3375 2488 3498 2526 nam
3557 2473 3640 2524 vel

2078 2575 2318 2642 seipsum
2370 2573 2482 2640 ipse
2539 2570 2888 2640 produceret,
2935 2567 3078 2636 quod
3125 2551 3241 2619 ﬁeri
3283 2563 3498 2631 nequit,
3556 2561 3640 2612 vel

2078 2665 2270 2727 alium,
2301 2673 2354 2716 et
2384 2665 2465 2717 sic
2494 2663 2546 2715 in
2575 2662 2846 2715 infinitum
2875 2659 3274 2730 produceretur
3306 2653 3644 2724 progressio,

2077 2755 2222 2824 quod
2263 2771 2368 2808 non
2399 2769 2520 2808 esse
2555 2753 2934 2822 perfectionis,
2970 2759 3083 2804 tute
3114 2750 3276 2803 etiam
3302 2747 3536 2800 diceres.

2151 2848 2238 2902 28.
2283 2847 2339 2902 Si
2389 2847 2570 2910 dicas,
2605 2860 2823 2899 causam
2871 2842 3212 2914 praeintclligi
3272 2840 3530 2903 ell‘ectui;
3565 2837 3646 2890 cf-

2082 2940 2256 2994 fectus
2279 2955 2408 2993 vero
2433 2939 2624 3003 Filius,
2646 2949 2701 2993 et
2733 2937 3032 3006 producere
3091 2950 3270 2989 causa:
3307 2943 3409 2990 cst.
3445 2933 3648 2986 Prwin-

2083 3029 2344 3099 telligitur
2365 3043 2498 3098 ergo
2516 3027 2789 3099 liypostasi
2813 3025 2954 3080 Filii.
2976 3025 3092 3080 Non
3116 3021 3543 3079 cuunnunicabit
3563 3037 3653 3076 er-

2081 3141 2147 3193 go
2175 3123 2306 3177 illud
2353 3122 2493 3176 Filio
2537 3121 2720 3186 l’ater,
2749 3135 2872 3173 eum
2913 3117 3360 3186 pra-intelligatur
3403 3116 3560 3179 Filio,
3595 3125 3650 3168 et

404 3214 885 3286 προθεωροὺμενον
913 3211 1006 3265 τοῦ
1045 3210 1200 3276 Υῐοῦ,
1253 3211 1350 3263 καὶ
1425 3209 1686 3280 σύγχυσιν
1735 3208 1976 3273 εὶςάγον,

2085 3217 2463 3271 confusionem
2489 3215 2731 3276 inducat,
2751 3213 2795 3266 si
2823 3213 2925 3282 ipsi
2950 3210 3472 3265 communicaretur.
3497 3206 3652 3260 ιὶιιιῑυ

403 3313 454 3362 εἰ
492 3309 672 3377 δοθείη
701 3307 851 3376 αὑτῷ
885 3346 900 3360 .
933 3305 1254 3373 Σοφιστικδς
1286 3305 1312 3355 6
1335 3303 1512 3366 λόγος.
1574 3301 1976 3372 Προθεωρεῖται

402 3404 512 3471 γὰρ
545 3403 570 3453 6
595 3398 785 3469 Πατὴρ
817 3399 910 3450 τοῦ
943 3395 1075 3450 Υῑοῦ
1120 3396 1198 3466 τῷ
1229 3395 1408 3463 αἰτίῳ,
1448 3393 1510 3446 οὑ
1543 3394 1620 3462 τῷ
1673 3392 1792 3446 κατ’
1814 3393 1978 3445 ἐκπόο

410 3510 617 3564 ρευσιν.
649 3491 839 3553 ’Ἄλλος
875 3489 932 3542 δὲ
956 3489 1156 3560 τρόπος
1211 3487 1499 3555 ὑπάρξεως
1545 3478 1720 3548 οὗτος.
1781 3483 1872 3554 Τῷ
1924 3484 1980 3537 δὲ

407 3585 882 3653 κατ’ἐκπόρευσιν
911 3581 1006 3634 καὶ
1045 3579 1318 3650 προϐολὴν
1361 3578 1519 3649 αἰτίῳ
1567 3577 1691 3631 οὕτε
1751 3576 1982 3630 ὲπιοεω-

412 3677 640 3750 ρείταιὸ
679 3675 866 3744 Πατὴρ
923 3671 1018 3726 τοῦ
1051 3671 1204 3726 Υἰοῦ.
1262 3671 1553 3740 Οὑδέτερος
1611 3669 1719 3739 γὰρ
1775 3667 1978 3720 τούτων

418 3770 554 3837 πρὸς
601 3769 690 3820 τὸν
727 3768 916 3834 ἕτερον
971 3764 1045 3828 ὡς
1081 3763 1224 3834 ἁρχὴ
1273 3762 1304 3832 ἢ
1369 3763 1544 3832 πέρας
1602 3759 1832 3829 ταυτησὶ
1882 3759 1978 3828 τῆς

412 3860 663 3930 προόδου,
699 3859 784 3911 ἵνα
816 3859 890 3927 μὴ
923 3856 1142 3918 πάντως
1193 3854 1416 3922 Πνεῦμα
1478 3852 1690 3906 τούτων
1747 3853 1900 3906 ἔσται
1953 3852 1980 3903 ὁ

415 3953 624 4022 ἔτερος.
653 3951 726 4002 Τὸ
763 3949 950 4020 μέντοι
1010 3946 1416 4018 προϐάλλεσθαι
1483 3943 1814 4014 ἀμφοτέρων
1863 3943 1984 3994 ἑπι-

413 4043 720 4112 θεωρεῖται.
786 4042 986 4108 ’Ἄμφω
1072 4041 1182 4109 γὰρ
1235 4035 1672 4109 προοεωροῦνται
1731 4035 1827 4104 τῆς
1884 4031 1979 4087 τοῦ

413 4137 727 4206 νινεὺματος
779 4136 1148 4196 ὑποστάσεως,
1200 4132 1369 4200 φησιν
1400 4131 1696 4201 ὀΝύσσης,
1740 4131 1834 4182 καὶ
1892 4129 1981 4182 διὰ

409 4227 565 4281 τοῦτο
598 4229 654 4292 ἐξ
684 4229 886 4297 ἀμφοῖν
915 4231 976 4278 τὸ
1006 4219 1251 4294 Πνεῦμα.
1282 4225 1342 4278 Εἰ
1372 4223 1417 4278 δ’
1441 4225 1541 4277 οὑκ
1571 4223 1630 4287 ἐξ
1661 4224 1883 4291 ἀμφοῖν,
1919 4221 1980 4272 οὑ

411 4319 854 4388 προοεωροῠνται
883 4319 1071 4386 ἄμφω.
1113 4315 1568 4385 Προθεωροῦνται
1594 4315 1650 4367 δὲ
1687 4313 1745 4376 ἐξ
1772 4313 1976 4380 ἀμφοῖν

409 4415 538 4482 ἄρα.
569 4413 633 4466 Εἰ
659 4413 716 4463 δὲ
745 4411 907 4463 πάλιν
951 4410 1150 4478 λέγεις,
1213 4409 1295 4462 ὅτι
1321 4411 1353 4478 ή
1381 4410 1440 4462 ἐν
1473 4408 1551 4480 τῷ
1585 4407 1758 4476 Πατρὶ
1789 4405 1982 4472 θεότης

411 4502 808 4571 προθεωρεῖται
835 4501 930 4571 τῆς
962 4502 1018 4552 ὲν
1043 4501 1122 4569 τῷ
1151 4499 1266 4569 Υιῷ
1295 4501 1391 4552 καὶ
1419 4498 1496 4568 τῷ
1526 4499 1828 4567 Πνεύματι,
1886 4498 1981 4549 καὶ

2085 3308 2184 3363 ista
2211 3323 2276 3361 ex
2324 3323 2466 3376 penu
2507 3306 2874 3375 50pltistarum
2907 3315 3012 3358 est.
3033 3301 3303 3356 Praeintell
3331 3301 3475 3370 gitur
3505 3297 3652 3351 enim

2083 3399 2242 3454 Pater
2265 3399 2402 3452 Filio
2436 3414 2598 3453 causa
2629 3413 2736 3451 non
2763 3413 2826 3451 ea
2850 3411 2973 3465 qua:
2996 3403 3078 3449 est
3105 3396 3405 3448 secundum
3432 3407 3652 3462 proces-

2082 3493 2328 3557 sioncm;
2361 3507 2594 3557 namque
2630 3491 2718 3544 hic
2751 3491 2941 3542 modus
2984 3489 3123 3542 alius
3155 3488 3488 3540 exsistentia:
3530 3496 3650 3547 est;

2084 3597 2247 3636 causa
2293 3597 2446 3646 vero,
2477 3596 2598 3650 quae
2645 3579 2946 3634 secundum
2983 3576 3388 3647 processionem
3436 3583 3490 3628 ct
3522 3590 3652 3643 pro-

2083 3675 2396 3730 ductionem
2437 3685 2541 3738 est,
2579 3687 2754 3742 neque
2786 3683 2914 3726 ante
2951 3686 3130 3739 neque
3173 3679 3293 3739 post
3329 3667 3655 3736 intelligitur

2083 3765 2243 3822 Pater
2279 3765 2434 3820 Filio.
2459 3765 2622 3820 Nemo
2646 3765 2792 3818 enim
2823 3780 2887 3816 ex
2919 3763 3050 3832 ipsis
3070 3777 3194 3831 erga
3219 3761 3382 3814 alium
3407 3767 3502 3812 aut
3531 3758 3651 3811 vel-

2087 3861 2165 3914 uti
2218 3859 2569 3929 principium,
2612 3869 2704 3912 aut
2739 3855 2904 3910 veluti
2965 3855 3089 3908 finis
3136 3865 3220 3909 est
3273 3851 3652 3920 hujuscemodi

2087 3967 2413 4022 progressus
2443 3970 2455 4005 :
2493 3969 2560 4004 ne
2610 3965 2835 4019 prorsus
2866 3965 3007 4003 unus
3057 3965 3120 4002 ex
3164 3948 3248 4001 his
3285 3946 3524 4014 Spiritus
3558 3944 3652 3998 sit.

2087 4044 2321 4100 Produci
2355 4059 2483 4097 vero
2525 4051 2649 4112 post
2689 4053 2978 4112 utrumque
3025 4041 3369 4112 intelligitur.
3413 4027 3656 4106 Uterque

2088 4151 2323 4206 namque
2362 4115 2797 4206 przeintclligitur
2827 4137 3064 4204 Spiritus
3092 4133 3392 4205 ltypnstasi,
3427 4141 3487 4185 ut
3519 4133 3656 4200 Nys-

2086 4243 2252 4281 senus
2283 4227 2524 4292 asserit,
2567 4241 2966 4297 preptercaque
3010 4227 3079 4280 ab
3131 4236 3360 4294 utroque
3395 4224 3654 4293 Spiritus.

2086 4318 2289 4384 Quodsi
2319 4335 2425 4372 non
2460 4320 2527 4373 ab
2559 4329 2794 4388 utroque
2821 4359 2834 4382 ,
2871 4334 2978 4371 non
3011 4317 3174 4371 ambo
3221 4316 3652 4388 prminlelligun-

2091 4421 2195 4464 tur.
2221 4409 2326 4464 Sed
2353 4411 2870 4479 prmintelliguntur,
2897 4423 2964 4463 ex
2995 4419 3229 4478 utroque
3257 4408 3442 4477 igit‘ur.
3473 4407 3656 4473 Quod-

2088 4502 2132 4556 si
2167 4519 2358 4555 rursus
2385 4503 2536 4557 dicas
2580 4503 2838 4556 deitatem
2859 4540 2874 4563 ,
2902 4517 3024 4570 qua:
3049 4503 3101 4554 in
3137 4502 3294 4554 l‘atrc
3327 4510 3427 4566 cst,
3455 4501 3655 4569 pra-in-

409 4595 560 4662 ὅμως
621 4595 869 4648 κοινωνεί
917 4594 1122 4662 ταύτην
1175 4595 1289 4656 τοῖς
1345 4590 1441 4644 ἀπ’
1471 4589 1636 4643 αὑτοῦ
1687 4592 1713 4642 6
1766 4589 1976 4656 Πατήρ·

2093 4595 2257 4664 telligi
2293 4595 2368 4648 illi
2399 4609 2522 4663 quae
2550 4605 2630 4648 est
2664 4597 2718 4648 in
2751 4595 2887 4648 Filio
2911 4605 2966 4648 et
3002 4595 3054 4648 in
3090 4593 3296 4664 Spiritu
3325 4635 3338 4658 ,
3368 4603 3421 4648 cl
3450 4594 3654 4646 nihilo-

407 4684 580 4750 62'Eat;
601 4687 699 4754 μὲν
730 4685 859 4748 ἴσως
883 4686 1066 4754 λέγειν
1089 4702 1140 4736 τι
1167 4685 1277 4748 τοῖς
1299 4685 1587 4754 ἀμυήτοις,
1611 4682 1764 4735 οὐδὲν
1790 4680 1834 4734 δ’
1863 4682 1982 4732 ἐπι-

409 4779 593 4846 φέρεις
624 4783 689 4848 τῇ
723 4777 970 4848 ἀληθείᾳ.
1019 4775 1084 4830 Ἦ
1113 4777 1220 4848 γὰρ
1251 4777 1307 4829 ἐν
1336 4775 1414 4844 τῷ
1471 4775 1644 4845 Πατρὶ
1693 4773 1904 4842 θεότης,

409 4869 622 4937 θεάτης,
656 4869 718 4921 οὑ
756 4869 1150 4939 προοεωρεϊται
1184 4867 1282 4937 τῆς
1315 4867 1410 4921 τοῦ
1438 4867 1590 4932 Υιοῦ,
1626 4865 1819 4936 ήαὺτὴ
1847 4863 1982 4916 οὖσα.

409 4965 552 5016 κατὰ
577 4963 778 5028 πάντα,
843 4965 936 5014 καὶ
993 4961 1363 5032 μηδεμιασοῦν
1421 4959 1656 5030 σχέσεως
1709 4957 1982 5026 ἁναμὲσον

411 5055 818 5124 θεωρουμένης.
875 5054 1039 5107 Ἀλλὰ
1094 5054 1496 5125 προθεωρεῖται
1558 5049 1658 5120 μὲν
1707 5051 1738 5116 ἡ
1790 5051 1846 5101 ὲν
1903 5045 1982 5117 τῷ

411 5137 588 5217 Πατρὶ
615 5149 826 5217 οεδτης,
927 5148 1114 5218 γεννᾷ,
1153 5145 1536 5214 ὲπιοεωρείται
1572 5143 1625 5194 (Σὲ
1663 5144 1718 5194 ἐν
1744 5141 1821 5209 τῷ
1845 5139 1978 5208 Υἱῷ,

407 5235 753 5314 ᾖγεννᾶται.
813 5240 874 5292 Εἰ
919 5240 974 5291 δὲ
1033 5239 1410 5306 προστιυείης,
1475 5237 1557 5288 ὅτι
1593 5235 1767 5287 ταῦτα
1805 5234 1982 5296 οὐδεὶς

409 5330 530 5384 εἷπε
567 5331 679 5384 τῶν
711 5333 1002 5398 θεολόγων,
1038 5331 1149 5382 δεῖν
1183 5330 1240 5382 δὲ
1270 5331 1371 5390 τὰς
1399 5327 1743 5398 προτάσειςῆ
1780 5329 1840 5380 ὲκ
1876 5326 1984 5378 τῶν

407 5427 736 5493 Βεολογικῶν
769 5427 947 5496 ῥητῶς
979 5424 1376 5493 λαμϐάνεσθαι,
1422 5421 1454 5490 ἥ
1515 5421 1723 5473 ἐκεῖθεν
1753 5419 1982 5471 ἕπεσθαι

403 5523 516 5581 τοῖς
550 5518 1022 5587 συλλογιζομένοις
1049 5534 1062 5549 ·
1089 5515 1376 5586 θαυμάζω,
1407 5517 1522 5577 πῶς
1552 5515 1611 5568 οὑ
1646 5513 1860 5583 βλέπεις
1903 5517 1982 5590 ῆὲκ

403 5610 514 5662 τῶν
544 5611 882 5664 διδασκάλων
907 5611 1078 5663 ταῦτα
1117 5609 1413 5679 ληφθῆναι.
1483 5609 1692 5668 Πάντες
1745 5604 1874 5674 γάρ,
1909 5605 1984 5666 ὡς

401 5705 602 5762 εἰπεῖν.
626 5702 1054 5773 προοεωρεῖσοαι
1099 5702 1198 5770 τὴν
1225 5699 1322 5752 τοῦ
1367 5698 1496 5752 Υξοῦ
1528 5697 1824 5751 ὑπόστασίν
1851 5712 1982 5763 φασι

401 5796 504 5862 τῆς
538 5795 634 5846 τοῦ
669 5794 1013 5864 Πνεύματος.
1057 5792 1200 5844 Ἀλλ’
1221 5789 1336 5845 οἶδα
1368 5795 1449 5844 ὅτι
1479 5791 1636 5844 τοῦτο
1663 5789 1854 5853 δώσεις
1885 5791 1980 5842 καὶ

405 5889 578 5939 ἄκων.
617 5886 726 5956 Τὴν
751 5887 804 5939 δὲ
848 5886 1113 5952 λέγονται)
1153 5885 1437 5956 πρότασιν,
1494 5885 1574 5936 ὅτι
1607 5885 1674 5936 τὰ
1738 5882 1977 5952 19901-1-

2091 4686 2274 4740 minus
2309 4701 2429 4741 eam
2472 4687 2879 4740 communicare
2912 4687 3128 4741 Patrem
3182 4687 3250 4740 iis
3299 4703 3420 4755 qu;c
3471 4701 3534 4739 ex
3596 4701 3655 4740 se

2087 4788 2238 4841 suut,
2265 4778 2540 4832 videberis
2563 4779 2784 4848 quidem
2814 4779 3020 4848 aliquid
3043 4779 3226 4833 dicere
3251 4795 3434 4832 rerum
3461 4779 3653 4831 harum

2086 4872 2392 4941 inexpertis
2427 4887 2440 4925 :
2473 4872 2566 4926 sed
2606 4881 2663 4926 ut
2699 4889 2828 4926 vere
2857 4872 3030 4926 fatear
3057 4912 3072 4936 ,
3120 4873 3256 4926 nihil
3284 4873 3442 4926 solidi
3470 4871 3652 4926 all‘crs.

2089 4963 2270 5017 Deitas
2304 4965 2474 5022 enim.
2501 4982 2622 5034 qua:
2649 4967 2702 5020 in
2735 4963 2898 5019 Patre
2923 4977 3028 5030 est,
3054 4983 3160 5035 qua
3195 4966 3368 5020 denas
3397 4977 3512 5028 εει,
3545 4982 3652 5016 nun

2085 5057 2541 5127 pra-intelligitur
2578 5057 2692 5120 illi,
2744 5075 2866 5127 quae
2893 5059 2948 5111 in
2986 5057 3124 5113 Filio
3157 5069 3260 5118 est,
3299 5073 3418 5110 cuni
3464 5056 3654 5110 eadem

2089 5149 2163 5202 sit
2198 5149 2499 5202 secundum
2525 5149 2731 5211 omnia,
2757 5151 3014 5218 nullaque
3045 5149 3237 5203 relatio
3267 5147 3654 5216 interjicialur.

2087 5241 2192 5295 Sed
2227 5241 2670 5309 praciutclligitur
2704 5242 2948 5310 quidem,
2971 5257 3090 5309 qua:
3119 5241 3170 5292 in
3203 5241 3361 5293 Patre
3392 5249 3495 5298 est,
3537 5237 3655 5290 dci-

2087 5342 2192 5395 tas,
2226 5349 2330 5402 qua
2361 5343 2606 5401 generat,
2653 5343 2991 5402 postremum
3027 5333 3352 5398 intelligitur
3398 5331 3450 5384 in
3491 5329 3652 5393 Filio,

2086 5439 2194 5493 qua
2231 5432 2544 5494 generatur.
2591 5425 2800 5490 Quodsi
2835 5423 3001 5477 addas
3053 5424 3168 5476 lucc
3200 5443 3228 5477 a
3266 5423 3414 5476 nullo
3446 5423 3654 5476 dictata

2085 5517 2256 5570 fuisse
2311 5515 2564 5584 theologo
2583 5555 2596 5577 ,
2635 5525 2688 5569 cl
2717 5517 3121 5584 propositiones
3148 5514 3502 5568 assumendus
3528 5530 3650 5568 cs~e

2087 5619 2180 5662 aut
2213 5623 2279 5661 ex
2325 5607 2683 5674 tlieologicis,
2723 5624 2842 5676 quae
2889 5626 3146 5678 expresse
3191 5625 3286 5664 cas
3339 5609 3652 5672 enuntiem,

2085 5707 2180 5752 aut
2213 5713 2274 5752 ex
2320 5696 2788 5764 consequentibus
2836 5711 3162 5767 argumento
3213 5700 3656 5753 demonstrativo

2085 5791 2308 5856 elicitis,
2345 5789 2516 5843 miror
2547 5791 2800 5858 equidem
2837 5791 2931 5844 lilii
2967 5808 3074 5844 non
3116 5793 3460 5847 innotescere
3497 5809 3558 5846 ea
3591 5809 3658 5846 ix

2087 5885 2406 5938 doctoribus
2435 5897 2553 5938 esse
2587 5893 2826 5942 accepta.
2855 5883 2988 5938 Nam
3018 5899 3228 5947 omnes,
3259 5895 3316 5938 ut
3353 5885 3426 5938 ita
3454 5885 3660 5950 diram,
