4098 6476
409 400 516 460 ὃὲἐῧ

1361 407 1457 465 ne
1507 407 2022 466 PROCESSIONE
2061 365 2420 467 SPtRiTUS
2463 407 2754 468 sane”.

3593 413 3700 474 832d

409 510 444 589 ᾖ
487 515 704 582 Θεότης,
745 516 934 585 Πατήρ
990 518 1162 580 ἐστιν,
1222 517 1306 570 ἵνα
1367 520 1606 589 γεννήσῃ
1658 521 1750 570 καί
1783 522 1810 570 ὁ
1852 519 2001 580 Υἱὸς,

2110 519 2264 583 Quoi
2301 520 2477 574 deitas
2527 537 2648 590 qua:
2679 521 2731 574 in
2767 521 2924 576 Patre
2950 531 3053 588 est,
3107 540 3218 578 non
3251 542 3356 596 qua
3391 528 3568 582 deitas
3593 542 3698 586 est.

411 608 528 662 ἀλλ’
560 602 804 680 ᾖγεννᾷ,
835 607 952 660 ἐστι
997 610 1210 676 Πατήρ.
1248 609 1482 677 Ὁμοίως
1512 623 1606 660 και
1635 612 1660 661 ὁ
1699 610 1887 678 Πατὴο
1919 613 2010 662 καὶ

411 703 440 754 ὁ
475 704 616 766 Υἱὸς,
649 703 748 770 οὐχ
848 701 981 754 Θεὸς
1021 701 1344 771 προϐάλλει,

417 797 642 864 Πνεῦμα
677 796 842 848 ἑαυτὸ
876 795 1008 856 Θεὸς
1044 795 1130 860 ὃν,
1183 795 1299 850 ἀλλ’
1341 799 1386 848 εἰ
1445 797 1742 864 προϐάλλει
1803 799 2008 866 προϐο-

412 891 538 952 λεὺς
564 884 668 951 εἷς.
711 889 974 956 Λεγὲσοω
1011 889 1066 942 δὲ
1105 889 1198 940 καὶ
1239 889 1406 941 τοῦτο
1453 891 1874 960 ἐναργέστερον.
1935 892 2008 944 Τὸ

1400 702 1488 754 ἵνα
1527 703 1780 774 προϐάλῃ
1815 706 1906 756 καὶ
1950 706 2012 756 τὸ

416 981 643 1050 Πνεῦμα
670 983 1016 1050 διακρίνεται
1051 983 1263 1051 “arpi;
1296 985 1389 1036 καὶ
1433 984 1563 1036 Υίοῦ
1623 985 1701 1050 τῷ
1745 986 2010 1055 ἐκπορευ-

413 1075 522 1135 τῶς
567 1069 728 1126 εἶναι.
763 1074 918 1142 Ἔχει
944 1073 1000 1126 δὲ
1033 1073 1133 1144 τὴν
1168 1074 1406 1145 ὓπαρξιν
1439 1078 1502 1130 ὲκ
1525 1078 1734 1147 “ergo;
1764 1077 1832 1132 δι’
1855 1079 2006 1146 Υίοῦ,

414 1170 487 1228 ὡς
513 1167 624 1228 τοῖς
665 1166 840 1234 ἁγίοις
891 1168 1317 1234 τεϐεολόγηται,
1372 1170 1469 1238 τῆς
1529 1170 1625 1224 διὰ
1667 1171 1856 1242 ὥσπερ
1914 1173 2008 1225 καὶ

417 1262 508 1312 ἐπὶ
535 1262 632 1328 τῆς
667 1259 924 1322 κτίσεως,
955 1263 1049 1314 καὶ
1091 1261 1188 1330 τὴν
1219 1263 1403 1315 αἰτίαν
1453 1265 1856 1335 σημαινούσης,
1909 1268 2006 1320 καὶ

415 1357 498 1415 εἰς
532 1353 592 1404 τὸ
641 1353 861 1422 πρῶτον
923 1354 1388 1424 ἀποπεμπούσης,
1415 1355 1490 1420 ὡς
1533 1359 1771 1427 εἴρηται.
1829 1359 1918 1428 Τῷ
1948 1360 2004 1412 δὲ

418 1443 636 1511 τρεπτῷ
665 1445 760 1496 καὶ
787 1443 1066 1514 ἀλλοιωτῷ
1105 1447 1476 1518 διαφερούσης
1531 1449 1638 1502 ἀπο
1691 1449 1784 1502 τοῦ
1823 1450 2000 1504 Πνεύ-

421 1553 586 1602 ματος
609 1535 706 1604 τῆς
761 1535 1016 1601 κτίσεως,
1077 1538 1170 1590 καὶ
1229 1539 1376 1606 ὅμως
1409 1541 1471 1592 ού
1527 1539 1620 1592 δύο
1689 1542 1854 1612 ἀρχαὶ
1907 1544 2004 1596 τοῦ

423 1627 738 1696 Πνεύματος
765 1667 777 1688 ,
800 1628 956 1680 τοῦτο
995 1628 1092 1697 μὲν
1129 1629 1210 1682 ὅτι
1243 1631 1321 1692 είς
1357 1635 1448 1684 τὸν
1485 1632 1704 1701 Πατέρα
1735 1635 2004 1703 ἀναφέρε-

419 1739 508 1772 ται
547 1722 650 1772 πᾶν
681 1721 739 1772 τδ
777 1721 867 1773 τοῦ
899 1723 1265 1788 Μονογενοῦς,
1325 1724 1489 1778 τοῦτο
1521 1725 1578 1778 δὲ
1607 1727 1689 1780 ὅτι
1753 1727 1780 1780 ὁ
1811 1729 1998 1798 Πατὴρ

420 1813 564 1864 καὶὸ
601 1812 724 1875 Υίὲς
756 1813 818 1866 οὐ
844 1813 1216 1880 διακρίνονται
1260 1817 1326 1885 τῇ
1381 1817 1731 1886 ὲκπορεύσει.
1785 1820 1858 1872 Οὐ
1907 1811 1998 1872 δύο

417 1904 524 1972 ἄρα
569 1906 712 1958 κατὰ
743 1906 802 1958 τὸ
835 1907 1189 1974 προϐάλλειν,
1251 1909 1366 1961 ἀλλ’
1393 1907 1493 1972 εἷς.

413 1996 607 2047 ἕπεται
638 1997 698 2048 τὸ
731 1997 820 2050 καὶ
852 1999 914 2050 ὲκ
942 1998 1038 2050 τοῦ
1071 1998 1200 2052 Υἰοῦ
1229 1995 1370 2054 εἶναι
1399 2005 1460 2052 τὸ
1489 2002 1732 2069 Πνεῦμα.
1769 1999 1864 2066 Οἷς
1896 2005 2003 2074 γάρ

412 2103 534 2140 τινα
597 2089 655 2141 ἐν
717 2091 782 2159 τῇ
847 2090 1040 2160 Τριαδι
1093 2093 1152 2144 ού
1188 2093 1552 2164 διακρίνεται,
1587 2095 1786 2154 ταῦτα.
1835 2099 1884 2150 εἰ
1927 2099 2002 2166 μὴ

415 2180 680 2248 σύγχυσιν
707 2181 942 2248 εἰσάγει,
975 2183 1133 2236 κοινὰ
1166 2187 1276 2245 τοῖς
1322 2185 1397 2254 μὴ
1421 2186 1884 2256 διακρινομένοις.
1926 2189 2002 2240 Οὐ

410 2275 786 2346 διακρίνονται
841 2277 896 2330 δὲ
928 2281 954 2332 ὁ
1011 2280 1200 2350 Πατὴρ
1235 2281 1328 2332 καὶ
1373 2283 1400 2334 ὁ
1433 2279 1560 2342 Υἱὸς
1609 2283 1672 2351 τῇ
1733 2281 2002 2352 ἐκπορεύ-

417 2383 514 2420 σει.
568 2369 762 2422 Κοινδν
784 2371 894 2438 ἄρα
925 2372 1002 2442 τῷ
1041 2373 1218 2442 Πατρὶ
1251 2375 1345 2426 καὶ
1378 2373 1456 2442 τῷ
1511 2373 1621 2443 Υἱῴ
1667 2378 1698 2443 ἡ
1733 2375 2006 2446 ἐκπορευ-

415 2475 521 2522 σις,
551 2459 626 2524 ὡς
655 2463 820 2532 ἀρχὴ,
857 2464 901 2515 εἰ
936 2465 1011 2534 μὴ
1051 2466 1264 2532 εἰσάγει
1309 2466 1592 2536 σύγχυσιν.
1623 2467 1738 2522 Οὐκ
1789 2467 2003 2534 εἰσάγει

414 2553 492 2616 δὲ,
538 2553 674 2608 ἀλλὰ
701 2555 904 2623 μᾶλλον
931 2557 1024 2610 καὶ
1075 2557 1280 2621 τάξεως
1329 2559 1748 2628 συντηρητικὸν.
1811 2559 2004 2612 Κοιν-Σν

413 2645 540 2714 ἄρα.
585 2645 846 2730 Ἀληθεῖς.
879 2648 936 2701 δὲ
971 2648 1026 2700 αί
1079 2651 1394 2718 προτάσεις.
1443 2651 1564 2704 ’Ἐν
1593 2649 1704 2720 γὰρ
1757 2654 1824 2720 τῇ
1882 2651 2002 2722 θεία

417 2737 578 2804 φύσει
613 2739 800 2808 ἑνότης
826 2739 1048 2794 πάντων
1107 2742 1360 2810 ἀνω-τέρα.
1413 2741 1720 2811 θεωρεῖται,
1774 2745 1839 2812 ἣν
1888 2743 2004 2796 δια-

417 2833 600 2901 κρῖναι
623 2833 683 2882 οῦ
713 2833 958 2902 θεμιτὸν,
995 2837 1044 2887 εί
1089 2835 1163 2904 μὴ
1197 2840 1306 2898 τρῖς
1341 2837 1664 2898 ὑποστάσεις
1699 2833 2004 2906 διακρίνειν

413 2925 895 2995 παραδεδομένας.
967 2925 1024 2979 ὐ
1051 2928 1182 2993 γοῦν
1217 2928 1405 2998 Πατὴρ
1448 2932 1538 2980 καὶ
1593 2931 1620 2981 ὁ
1669 2929 1790 2990 Tib;
1824 2931 2006 2980 ’ἐνεὶσι

417 3013 562 3065 κατὰ
609 3021 780 3067 πάντα
819 3015 1072 3086 οεὁτητι,·
1097 3018 1382 3099 δυνάμει..
1406 3019 1692 3090 ἁγιασμῷ,
1753 3014 1904 3088 ᾧτινι
1939 3021 2004 3072 ἂν

411 3105 613 3167 εἴποις.
649 3111 1032 3178 Διακρίνοντπι
1087 3112 1166 3190 at:
1207 3114 1286 3166 ὅτε
1344 3116 1370 3165 ὁ
1429 3116 1528 3182 μὲν
1565 3113 1858 3181 diam-'0;
1911 3112 2006 3166 κ²ὶ

415 3199 626 3264 γεννῶν
670 3203 761 3252 τίν
799 3201 951 3264 rem,
981 3205 1005 3256 ὁ
1038 3203 1094 3258 δὲ
1133 3206 1386 3271 γεννητὸς
1441 3207 1589 3274 παρὰ
1624 3207 1712 3258 τοῦ
1771 3207 1982 3275 [ἰατρὸς

429 3293 788 3362 Ἐκπορεύσει
824 3295 881 3347 δὲ
931 3295 1051 3365 ἦτοι
1085 3297 1162 3368 τῷ
1187 3301 1394 3367 spineo,
1423 3292 1464 3366 ᾧ
1503 3301 1560 3352 τὸ
1603 3299 1828 3367 Πνεῦμα
1889 3300 2000 3369 ἕλει

413 3385 472 3436 τὸ
502 3381 664 3448 εἶναι,
695 3387 870 3450 οἱιδεὶς
905 3383 1022 3440 είπέ
1061 3406 1210 3440 ποτε.
1247 3391 1379 3442 Οὐδὲ
1417 3395 1522 3460 γὰρ
1554 3393 1730 3442 εἰπεῖν
1756 3391 2000 3460 Οεμιτδν,

413 3477 488 3540 ὡς
519 3481 690 3549 ταύτῃ
715 3479 779 3550 δὴ
829 3483 892 3550 τῇ
929 3480 1254 3548 ἐκπορεύσει
1299 3483 1326 3534 ὁ
1357 3481 1542 3550 Πατὴρ
1597 3481 1694 3534 τοῦ
1731 3481 1879 3546 Υίοῦ,
1911 3483 1943 3551 ἢ
1975 3482 2001 3532 ὁ

415 3569 540 3632 Υἱὸς
569 3569 662 3622 τοῦ
698 3571 912 3639 Harpe;
963 3571 1323 3642 διακρίνεται.
1371 3566 1482 3636 Οἷς
1539 3573 1594 3626 δέ
1639 3589 1761 3625 τινα
1820 3573 1876 3622 ἐν
1935 3573 2000 3641 τῇ

416 3664 608 3731 Τριάδι
671 3664 732 3714 οὐ
766 3663 1130 3730 διακρίνεται,
1189 3665 1399 3728 τούτοις
1456 3666 1694 3734 ἑνοῦται.
1761 3664 2000 3736 ’Λνάγκη

416 3755 526 3824 ἄρα
555 3757 706 3808 πᾶσα
732 3757 788 3806 ὲν
817 3755 896 3824 τῷ
933 3755 1268 3826 προϐάλλειν
1322 3755 1380 3807 ἓν
1427 3752 1568 3808 εἶναι
1627 3756 1718 3808 τὸν
1757 3755 1998 3824 Πατέρα,

413 3849 510 3899 καὶ
539 3847 628 3900 τὸν
673 3849 818 3912 Υίὺν,
845 3851 935 3901 καὶ
971 3848 1030 3900 οὗ
1047 3867 1113 3900 ιω
1147 3849 1468 3920 προϐάλλων
1497 3842 1600 3914 εἷς,
1633 3849 1725 3900 καὶ
1760 3845 2018 3917 προϐολὴ

417 3941 515 4008 μία
543 3940 634 3993 διὰ
664 3940 847 4006 τοῦτο,
881 3943 976 3994 καὶ
1009 3942 1308 4014 ’προϐολεὺς
1342 3935 1446 4006 εἷς,
1487 3943 1581 3994 καὶ
1620 3941 1916 4011 πρόϐλημα
1947 3937 2004 3990 ἓν

413 4031 476 4084 τὸ
515 4031 737 4102 Πνεῦμα
762 4033 822 4086 τὸ
862 4031 1024 4102 ἅγιον
1069 4033 1128 4097 ἐξ
1159 4035 1383 4103 ἀμφοῖν,
1435 4031 1508 4096 ὠς
1565 4032 1674 4088 ἀπὸ
1705 4031 1847 4096 ἑνὸς,
1908 4031 2005 4112 μιᾷ

416 4125 680 4194 προϐολῇ.
728 4125 911 4195 Ὅπερ
944 4125 1001 4178 ἓν
1044 4125 1103 4178 6:
1135 4126 1212 4196 τῷ
1273 4125 1452 4196 Πατρὶ
1501 4125 1594 4178 καὶ
1643 4124 1722 4194 τῷ
1777 4123 1892 4188 Υίῷ
1937 4125 2002 4193 τῇ

417 4217 654 4288 Θεὸτητι,
685 4218 1100 4288 διακρινόμενον
1134 4220 1191 4273 δὲ
1221 4221 1286 4290 τῇ
1319 4218 1586 4290 προϐολῇ,
1647 4217 1710 4272 οῦ
1741 4216 2006 4287 προϐαλεῖ

417 4311 600 4364 ἑαυτό.
661 4303 734 4382 ’ᾩ
760 4312 868 4383 γάρ
922 4329 1069 4376 τινος
1120 4311 1484 4381 διακρίνεται,
1527 4313 1671 4364 κατὰ
1721 4309 1882 4364 τοῦτο
1944 4310 2004 4362 ἓν

413 4399 554 4456 εἶναι
585 4403 704 4473 μετ’
733 4404 900 4460 αὑτοῦ
927 4405 1212 4462 ἀδύνατον.
1285 4404 1520 4472 Συνὰγει
1559 4404 1666 4472 γὰρ
1719 4403 1822 4472 τὴν
1857 4403 2007 4454 ἀντί-

412 4507 598 4566 φχσινζ
636 4496 777 4551 Οὓτε
811 4500 914 4568 μὴν
947 4499 1076 4552 ἄλλο
1130 4499 1398 4568 προϐαλεί
1467 4497 1695 4565 Πνεῦμα
1749 4495 2002 4566 προοεω-

1957 3245 2076 3296 "C

2119 613 2282 666 Pater
2311 625 2416 674 est,
2472 623 2617 668 utet
2652 615 2825 670 Filius
2863 627 3112 684 generet,
3163 623 3259 672 sed
3317 637 3422 688 qua
3474 633 3702 694 generat

2116 704 2279 759 Pater
2309 719 2416 762 est.
2453 707 2574 762 Pari
2617 708 2778 762 modo
2825 719 2880 762 et
2913 711 3074 764 Pater
3107 721 3164 764 et
3197 711 3367 764 Filius
3398 755 3410 776 ,
3449 731 3554 768 non
3592 731 3701 784 qua

2119 799 2262 852 Deus
2294 800 2628 866 producunt,
2665 813 2725 854 ut
2755 804 3026 870 producat
3065 813 3122 856 et
3152 803 3397 872 Spiritus
3427 807 3698 876 seipsum.

2115 907 2240 946 cum
2281 893 2425 946 [lens
2457 893 2552 955 sit,
2602 893 2696 948 sed
2735 909 2844 962 qua
2876 895 3195 962 producunt.
3224 897 3527 966 productor
3557 915 3700 954 unus

2113 996 2218 1038 cst.
2247 983 2352 1038 Sed
2389 987 2700 1054 explicetur
2729 987 2782 1040 id
2815 988 3185 1043 manifestius.
3219 990 3463 1058 Spiritus
3491 991 3699 1045 discer-

2115 1077 2266 1128 nitur
2293 1091 2322 1128 a
2361 1077 2519 1130 Patre
2555 1087 2610 1130 et
2647 1077 2809 1142 Filio,
2835 1079 2984 1146 quod
3023 1095 3118 1148 per
3145 1082 3556 1147 processionem
3589 1093 3693 1138 est.
3755 1085 3763 1090 ’

2115 1163 2286 1218 liabet
2317 1183 2447 1219 vero
2474 1183 2626 1220 suam
2654 1170 3040 1224 exsistcutiam
3069 1187 3136 1226 ex
3165 1172 3326 1226 Patre
3351 1189 3447 1240 per
3473 1174 3695 1239 Filium,

2112 1258 2596 1326 quemadmodum
2639 1277 2668 1314 a
2719 1263 2932 1316 sanctis
2965 1263 3223 1318 Patribus
3279 1268 3696 1333 pronuntiatur,

2111 1367 2206 1418 per
2239 1353 2626 1420 pra-positione
2667 1355 3136 1422 quemadmodum
3171 1356 3222 1410 in
3275 1359 3556 1412 creatione
3581 1401 3594 1424 ,
3643 1373 3699 1414 et

2111 1459 2330 1498 causam
2369 1456 2729 1509 connotante,
2759 1457 2817 1502 et
2849 1447 2914 1500 ad
2961 1449 3204 1517 primum
3243 1451 3578 1518 principium
3617 1469 3698 1504 re-

2111 1536 2386 1598 mittente,
2419 1545 2477 1589 ut
2507 1552 2674 1604 supra
2710 1537 2918 1590 dictmn
2952 1548 3060 1592 est.
3097 1539 3202 1593 Sed
3245 1541 3496 1594 mutabili
3535 1551 3698 1610 atque

2109 1627 2448 1680 inconstanti
2483 1637 2735 1683 creatura
2764 1631 2948 1684 differt
2991 1647 3019 1684 a
3049 1631 3286 1700 Spiritu.
3317 1633 3384 1686 Et
3415 1634 3697 1688 nihilomi-

2110 1733 2214 1771 nus
2245 1733 2351 1770 non
2387 1730 2512 1772 sunt
2548 1721 2658 1770 duo
2693 1719 2964 1788 principia
2999 1721 3264 1790 Spiritus,
3295 1734 3408 1776 tum
3448 1729 3592 1792 quod
3629 1726 3694 1778 ad

2111 1807 2326 1862 Patrem
2383 1809 2686 1876 referatur,
2743 1811 3015 1881 quidquid
3077 1813 3352 1882 Uuigcniti
3414 1825 3518 1878 est,
3579 1825 3694 1870 tum

1575 1911 1664 1975 Ἐξ
1717 1905 1790 1968 ὧν
1835 1911 2002 1966 πάλιν

2109 1900 2252 1967 quod
2284 1899 2446 1954 Pater
2471 1915 2520 1954 et
2553 1901 2726 1956 Filius
2751 1903 3110 1972 proccssioue
3143 1922 3252 1959 non
3281 1907 3692 1962 discernantur.

2109 1993 2228 2046 Non
2263 2005 2392 2048 sunt
2424 2010 2554 2065 ergo
2594 1995 2704 2049 duo
2761 1997 2813 2048 in
2853 1997 3214 2066 producendo
3240 2037 3255 2062 ,
3289 2001 3382 2052 sed
3417 2017 3593 2064 unus;
3625 2005 3694 2053 ob

2106 2101 2228 2156 qua:
2260 2087 2459 2140 iterum
2496 2089 2790 2156 sequitur,
2837 2099 2892 2142 et
2919 2104 2986 2142 ex
3037 2089 3174 2144 Filo
3227 2107 3350 2146 esse
3401 2093 3694 2161 Spiritum.

2106 2177 2320 2244 Quibus
2351 2183 2496 2233 enim
2533 2181 2719 2250 aliqua
2747 2184 2799 2234 in
2829 2181 3106 2238 Trinitatc
3133 2200 3241 2238 non
3271 2185 3693 2250 discernuntur,

2107 2288 2168 2328 ca
2215 2273 2260 2326 si
2314 2273 2696 2328 confusionem
2731 2291 2838 2328 non
2881 2275 3147 2340 inferunt,
3195 2279 3508 2332 communia
3565 2289 3696 2332 sunt

2107 2367 2176 2419 iis
2207 2382 2328 2434 quae
2363 2383 2472 2419 non
2503 2367 2926 2421 discernuntur.
2973 2367 3093 2422 Non
3131 2369 3527 2422 discernuntur
3561 2385 3694 2422 vero

2107 2459 2270 2512 Pater
2294 2469 2347 2513 et
2384 2461 2560 2513 Filius
2609 2463 2984 2530 processimte.
3039 2461 3364 2517 Communis
3414 2477 3546 2531 ergo
3603 2473 3693 2516 est

2109 2551 2258 2606 Patri
2293 2559 2348 2604 et
2377 2551 2516 2606 Filio
2553 2553 2836 2620 processio
2879 2554 3048 2608 veluti
3085 2553 3454 2623 principium,
3489 2554 3532 2608 si
3562 2571 3696 2608 con-

2109 2643 2378 2696 fusionem
2415 2660 2522 2698 nou
2557 2645 2760 2708 infert;
2809 2656 2862 2700 at
2897 2661 3003 2699 non
3039 2646 3207 2702 infert
3235 2689 3250 2713 ,
3285 2648 3396 2700 imo
3431 2659 3484 2702 et
3535 2649 3694 2702 0rd.-

2110 2751 2236 2790 nem
2283 2737 2462 2805 ipsum
2505 2747 2824 2792 conservat.
2881 2739 3054 2806 Igitur
3108 2741 3422 2795 communis
3465 2750 3570 2796 est.
3627 2743 3694 2798 Et

2110 2843 2252 2882 verre
2283 2839 2413 2882 sunt
2441 2830 2884 2898 propositiones;
2937 2833 2990 2882 in
3021 2830 3210 2886 divina
3264 2831 3536 2898 siquidem
3593 2850 3690 2888 na-

2111 2930 2234 2972 tura
2270 2920 2451 2974 unitas
2485 2920 2732 2974 omnium
2765 2937 3024 2989 suprema
3072 2922 3484 2986 consideratur,
3519 2941 3683 2993 quam

2109 3013 2432 3066 discernere
2471 3013 2627 3066 nefas
2658 3023 2780 3072 est.
2821 3014 2924 3067 nisi
2962 3014 3014 3067 id
3051 3023 3213 3084 agant
3256 3031 3318 3068 ea
3359 3019 3560 3084 quibus
3599 3019 3693 3086 hy-

2111 3117 2365 3175 pustases
2393 3105 2714 3160 discernere
2746 3105 2936 3160 datum
2965 3116 3066 3160 est.
3101 3107 3264 3162 Pater
3307 3111 3455 3162 enim
3503 3119 3557 3164 et
3605 3111 3694 3164 Fi-

2113 3199 2221 3252 lius
2255 3215 2425 3252 unum
2457 3209 2584 3252 sunt
2616 3213 2784 3252 secun
2811 3199 2922 3252 lum
2954 3200 3162 3262 omnia,
3189 3200 3420 3264 deitate,
3451 3211 3691 3270 potesta-

2117 3301 2208 3356 tc,
2268 3291 2750 3352 sanctiﬁcatione,
2804 3301 2861 3344 et
2921 3291 3191 3360 quidquid
3249 3293 3397 3346 aliud
3449 3292 3689 3346 dixeris.

2107 3381 2511 3435 Dtsceruuntnr
2549 3396 2701 3443 vero,
2741 3379 2888 3448 quod
2937 3381 2982 3434 is
3029 3382 3250 3450 quidem
3291 3381 3602 3452 ingenitus,
3636 3391 3692 3436 ct

2105 3487 2376 3540 generatis
2425 3471 2647 3532 Filium,
2705 3471 2795 3524 hic
2827 3487 2958 3525 vero
3007 3472 3254 3541 genitus,
3287 3483 3342 3528 et
3391 3475 3611 3543 genitus
3663 3491 3692 3528 ει

2105 3563 2290 3616 Patre.
2335 3563 2532 3616 Verum
2571 3565 2968 3632 processione,
3005 3566 3124 3618 sive
3160 3568 3322 3620 modo
3368 3583 3478 3636 quo
3509 3567 3690 3636 Spiri-

2108 3663 2196 3708 tus
2230 3655 2412 3716 Itabet,
2447 3655 2592 3724 quod
2632 3655 2723 3719 sit,
2766 3671 2932 3710 nemo
2967 3673 3210 3726 unquam
3245 3659 3556 3713 afﬁrmavit.
3591 3658 3691 3712 Ne-

2105 3761 2211 3816 que
2246 3751 2395 3800 enim
2429 3747 2509 3802 fas
2539 3758 2624 3802 est
2675 3748 2884 3812 dicere,
2929 3749 3030 3802 hac
3079 3751 3433 3816 processione
3471 3752 3551 3804 vel
3587 3750 3693 3803 Pa-

2109 3849 2245 3894 trem
2280 3857 2308 3894 a
2343 3841 2504 3903 Filio,
2541 3842 2624 3896 vel
2664 3841 2808 3896 Fiiiu
2835 3861 2864 3894 ιι
2899 3859 2926 3894 a
2958 3845 3124 3896 Patre
3168 3843 3438 3898 discerni.
3473 3844 3694 3910 Quibus

2107 3949 2239 3988 vero
2276 3933 2460 4003 aliqua
2505 3933 2559 3988 in
2611 3933 2888 3988 Trinitate
2937 3949 3052 3994 non
3104 3935 3523 4002 discernuntur,
3577 3937 3692 3992 illis

2107 4027 2402 4082 uniuntur.
2429 4027 2612 4094 Quare
2640 4028 2870 4082 omnino
2906 4029 3284 4106 necessarium
3319 4027 3487 4083 fuerit
3513 4069 3528 4094 ,
3563 4045 3690 4085 cum

2109 4120 2444 4190 producunt,
2481 4135 2650 4174 unum
2677 4135 2800 4174 esse
2833 4121 3050 4174 Patrem
3098 4133 3154 4175 et
3203 4121 3428 4184 Fdium,
3491 4133 3548 4178 et
3609 4123 3690 4179 sic

2109 4227 2254 4268 unus
2289 4212 2626 4282 produccns,
2681 4221 2736 4267 ct
2791 4221 3084 4282 propterea
3119 4213 3415 4283 productio
3481 4231 3588 4292 una
3634 4227 3693 4271 et

2108 4317 2254 4357 unus
2285 4303 2618 4374 productor,
2653 4313 2710 4357 et
2757 4302 3065 4373 productus
3103 4320 3246 4361 unus
3283 4305 3529 4374 Spiritus
3559 4321 3689 4362 san-

2107 4403 2228 4448 ctus
2254 4401 2322 4448 ab
2356 4405 2594 4464 utroque
2632 4404 2890 4464 tanquam
2923 4395 2994 4450 ab
3047 4411 3158 4450 uno
3183 4437 3199 4462 ,
3252 4397 3413 4452 unica
3483 4400 3692 4468 produ-

2109 4488 2315 4552 ctione,
2350 4488 2442 4558 qui
2483 4501 2625 4542 unus
2649 4502 2775 4542 cum
2807 4488 2880 4543 sit
2931 4505 3056 4542 cum
3101 4488 3266 4546 Patre
3311 4500 3368 4546 et
3399 4491 3541 4548 Filio
3577 4493 3696 4548 dei-

413 4592 681 4664 ρουμὲνης
711 4592 808 4662 τῆς
835 4591 1104 4664 προϐολῆς
1139 4593 1196 4644 ἐν
1229 4591 1404 4662 Πατρι
1431 4589 1522 4642 καὶ
1577 4588 1712 4658 Υίῷ.
1735 4587 1852 4642 Οὖκ
1899 4589 2002 4654 ἄρα

2117 4588 2226 4634 tate
2253 4620 2268 4644 ,
2312 4579 2612 4634 discretum
2660 4596 2800 4636 vero
2845 4582 3212 4650 productione
3252 4598 3363 4638 non
3423 4585 3694 4654 producet

407 4684 650 4758 διαρχία,
681 4683 806 4738 οὔτε
843 4685 952 4756 μὴν
985 4686 1294 4754 πολυαρχία
1321 4683 1692 4753 πρεσϐεύεται
1745 4681 1990 4744 Ἰταλοῖς,

406 4773 516 4828 οὐδ’
554 4776 747 4831 ἕπεται
806 4777 964 4830 τοῦτο
1027 4781 1138 4839 τοῖς
1189 4779 1366 4844 λόγοις
1424 4775 1627 4836 αὐτῶν,
1683 4775 1998 4828 τούναντίον

406 4865 452 4918 δ’
487 4866 637 4920 ἆπαν
667 4868 1044 4934 ἀποσοϐεῖται,
1084 4869 1178 4921 καὶ
1209 4869 1260 4920 εἰ
1292 4869 1575 4922 τιᾶτοπον
1607 4870 1716 4929 τοῖς
1747 4866 2000 4937 Γραικῶν

407 4953 590 5020 λόγοις
623 4959 1041 5028 ὲπεισφέρεται.

2107 4673 2371 4742 seipsuln.
2421 4673 2540 4738 Quo
2581 4672 2730 4728 cnim
2778 4673 2848 4726 ab
2898 4675 3083 4744 aliquo
3135 4675 3522 4742 discernitur,
3573 4678 3690 4734 fieri

2109 4780 2220 4820 non
2251 4774 2451 4833 potest,
2482 4774 2542 4819 ut
2574 4764 2629 4818 in
2663 4765 2768 4820 hoc
2797 4782 2966 4819 uutttn
3019 4783 3148 4822 cum
3173 4783 3242 4822 eo
3271 4769 3367 4822 sit.
3401 4769 3694 4840 Colligitur

2109 4859 2257 4913 enim
2284 4875 2352 4913 ex
2379 4858 2837 4914 contradictione.
2861 4860 3050 4930 Neque
3075 4871 3342 4930 praeterea
3375 4864 3544 4918 alium
3571 4865 3698 4935 Spi-

2113 4953 2280 5006 ritum
2315 4955 2602 5021 producet,
2637 4969 2762 5008 cum
2815 4956 3108 5022 productio
3142 4956 3602 5026 praeintelligatur
3639 4960 3694 5012 in

367 5089 374 5092 -
406 5052 568 5105 Patre
594 5059 648 5103 et
675 5051 837 5109 Filio.
870 5052 992 5106 Non
1031 5067 1164 5122 ergo
1195 5051 1306 5107 duo
1339 5051 1636 5122 principia,
1673 5065 1776 5106 nec
1825 5049 1998 5104 multa
2041 5046 2110 5101 ab
2181 5047 2334 5100 italis
2379 5047 2783 5116 imponantur,
2824 5064 3004 5118 neque
3041 5051 3094 5104 id
3129 5066 3198 5105 ex
3263 5052 3575 5107 rationibus
3599 5067 3696 5107 eo-

406 5161 528 5200 rum
557 5147 940 5216 subsequitur,
979 5147 1090 5201 imo
1126 5156 1298 5201 totum
1341 5147 1659 5217 oppositum
1729 5143 2025 5208 refellitur,
2071 5151 2128 5196 ct
2156 5141 2426 5211 quidquid
2493 5140 2724 5195 absurdi
2757 5157 2822 5196 ex
2857 5141 3175 5199 Graecorum
3215 5147 3530 5200 rationibus
3561 5162 3696 5202 con-

403 5240 674 5296 cluditur.

476 5336 540 5388 λ’.
565 5338 666 5388 Διὰ
680 5335 836 5389 τοῦτο
860 5337 1019 5405 ἡμεῖς
1059 5333 1158 5404 μὲν
1185 5336 1296 5396 τοῖς
1332 5333 1514 5402 ἁγίοις
1555 5332 1992 5403 ἀκολουθοῦμεν,

403 5429 558 5492 τάξιν
581 5431 722 5483 εἶναι
753 5433 811 5481 ὲν
843 5434 910 5498 τῇ
935 5428 1134 5498 Τριάδι
1173 5427 1521 5489 πιστεύουσι,
1557 5430 1651 5479 καὶ
1696 5425 1996 5495 σύνδεσμον

405 5523 620 5592 Harpe;
653 5524 746 5574 καὶ
779 5522 1103 5591 Πνεύματος
1125 5522 1218 5574 τον
1249 5520 1400 5584 Υἰδν,
1451 5521 1550 5574 καὶ
1582 5518 1650 5572 δι’
1675 5515 1734 5572 οὗ
1759 5513 1904 5569 εἶναι
1939 5519 1998 5570 τὸ

407 5614 653 5684 Πνεῦμα·
689 5613 845 5683 ὑμεῖς
874 5613 952 5676 δὲ,
983 5611 1028 5663 ὣ
1057 5613 1156 5681 τῆς
1214 5612 1453 5681 ζημίαςί
1513 5611 1868 5679 ἀποστερεῖτε
1900 5609 2000 5678 τῆς

403 5708 609 5772 τάξ-ως
643 5709 740 5778 τὴν
773 5709 1005 5776 Τριὰδκ·
1049 5711 1145 5760 καὶ
1180 5707 1274 5760 νῦν
1311 5705 1410 5774 μὲν
1445 5705 1659 5774 Πατρὶς
1688 5707 1780 5756 καὶ
1817 5703 1993 5756 [laed-

407 5820 574 5871 ματο,
601 5803 692 5854 τον
727 5801 853 5854 Υἱὸν
892 5801 1214 5870 σύνδεσμον,
1275 5799 1370 5852 νῦν
1400 5800 1454 5852 δὲ
1494 5801 1554 5851 τὸ
1589 5799 1817 5862 Πνεῦμα
1885 5797 1994 5848 Πα-

405 5897 530 5963 190;
567 5897 660 5948 καὶ
697 5895 824 5948 Υἱοῦ
865 5895 1144 5966 νομίζετε,
1195 5893 1336 5947 ὥστε
1401 5889 1540 5948 εἶναι
1593 5891 1724 5945 ποτὲ
1787 5889 1886 5961 μὲν
1936 5889 1997 5943 τὸ

2185 5331 2272 5385 50.
2321 5333 2618 5403 Propterea
2649 5348 2750 5387 nos
2786 5335 3037 5404 vestigiis
3082 5333 3304 5388 Patrum
3363 5334 3697 5399 insistimus,

2107 5429 2458 5482 credentium
2487 5429 2739 5484 ordinem
2780 5445 2922 5494 esse,
2946 5443 3000 5486 et
3033 5431 3234 5485 Filium
3271 5433 3449 5486 Patris
3481 5443 3536 5486 et
3569 5432 3695 5502 Spi—

2113 5523 2256 5575 ritus
2291 5523 2764 5592 conjunctionem,
2805 5539 2904 5592 per
2935 5539 3096 5592 quem
3130 5535 3186 5578 et
3214 5526 3458 5594 Spiritus
3491 5537 3597 5582 est.
3624 5529 3694 5580 At

2111 5631 2245 5677 vos,
2297 5615 2406 5670 bcu
2451 5615 2685 5668 damna!
2734 5615 3066 5671 Trinitatem
3101 5618 3298 5672 ordine
3353 5617 3692 5673 denudatis:

2097 5716 2152 5761 et
2175 5722 2326 5762 nunc
2360 5707 2586 5777 quidem
2623 5707 2802 5762 Patris
2833 5717 2890 5762 et
2924 5707 3167 5778 Spiritus
3201 5710 3402 5764 Filium
3461 5711 3696 5781 conjun-

2098 5800 2342 5854 ctionem
2372 5840 2387 5866 ,
2439 5814 2587 5853 nunc
2617 5815 2746 5854 vero
2785 5799 3058 5870 Spiritum
3096 5802 3272 5856 Patris
3309 5811 3366 5857 et
3421 5802 3545 5856 Filii
3576 5803 3700 5871 opi-

2099 5889 2341 5960 namini;
2376 5889 2516 5946 adeo
2552 5899 2610 5946 ut
2659 5890 2958 5962 aliquando
3005 5893 3078 5948 sit
3125 5893 3369 5965 Spiritus
3412 5909 3478 5949 ex
3536 5896 3697 5949 Patre
