4098 6402
440 340 540 404 81H

1626 338 1955 399 GEORGII
1988 342 2136 401 TRA
2151 338 2509 398 PEZUNTH

3594 335 3704 399 8‘2
3762 374 3767 379 -

441 464 653 508 rantes.
705 452 955 519 Namque
999 464 1123 502 cum
1159 448 1382 518 aliquod
1422 448 1648 503 tertium
1700 450 1892 504 ordine
1917 493 1931 515 ,
1965 459 2021 503 et

2157 452 2301 501 Οταν
2334 450 2445 519 γάρ
2473 465 2526 501 τι
2552 449 2733 520 τρίτον
2776 452 2843 521 τῇ
2888 450 3063 517 τάξει,
3099 450 3159 503 οὑ
3193 454 3257 522 τῇ
3305 451 3485 519 φύσει,
3518 454 3581 505 ἑκ
3612 453 3709 506 δύο

446 561 554 599 non
592 554 787 597 natura
839 558 921 605 ex~
949 540 1165 594 duobus
1193 541 1351 606 aliis,
1383 542 1563 610 primo
1603 540 1812 596 scilicet
1849 551 1907 596 et
1933 557 2018 596 se-

445 637 630 693 cundo
669 637 835 691 veluti
872 635 939 688 ah
968 649 1078 688 uno
1105 648 1261 687 suam
1292 632 1708 688 subsistentiain
1752 633 2020 704 agnoscit,

448 730 492 783 si
522 729 747 785 secundi
777 724 1129 781 solummodo
1181 725 1525 779 mentionem
1562 723 1903 787 inducimus,
1956 739 2022 777 ex

446 833 514 871 eo
552 817 792 871 dicimus
833 815 1057 870 tertium
1108 829 1250 869 esse.
1308 813 1507 867 Malum
1552 813 1699 879 enim
1752 826 1817 866 ex
1870 825 2025 865 ramo

444 922 568 963 esse
602 908 861 969 dicimus,
893 921 1002 960 non
1036 920 1135 975 per
1167 920 1379 958 ramum
1402 946 1418 971 ,
1451 918 1576 959 cum
1624 902 1826 958 radicis
1871 902 2023 957 nulla

452 1000 661 1054 incntio
710 998 789 1052 lit.
835 997 991 1063 Quod
1030 998 1076 1051 si
1116 997 1241 1067 quis
1286 996 1420 1050 illud
1455 1010 1677 1065 quoque
1725 1010 1793 1050 ex
1842 993 2027 1048 radice

452 1091 809 1161 superaddat,
855 1106 919 1144 ex
954 1089 1139 1143 radice
1186 1088 1498 1143 enttntiabit
1528 1104 1625 1158 per
1662 1103 1875 1141 ramum
1910 1102 2027 1141 ma-

453 1183 566 1236 lum
602 1194 746 1234 esse.
771 1178 903 1244 Qua:
931 1179 1089 1247 plane
1125 1175 1431 1245 propositio
1481 1174 1690 1229 indicat
1712 1211 1728 1236 ,
1762 1188 1882 1228 esse
1908 1172 2031 1242 qui-

455 1257 578 1328 dem
613 1288 680 1326 ex
708 1285 860 1324 ramo
892 1270 1096 1323 malum
1128 1260 1430 1323 secundum
1464 1277 1715 1321 naturam
1746 1305 1761 1331 ,
1796 1280 2030 1337 esseque

2127 540 2292 594 τινῶν
2312 542 2531 611 πρώτου
2559 542 2654 596 καὶ
2677 541 2936 614 δευτέρου
2960 543 3036 607 ὡς
3057 542 3167 597 ἀπὸ
3192 541 3309 608 ἐνὸς
3331 543 3430 616 ἔχῃ
3454 545 3516 598 τὸ
3541 539 3707 608 εἶναι,

2129 633 2179 685 εἰ
2231 633 2330 701 μὲν
2371 630 2470 686 τοῦ
2520 632 2782 702 δευτέρου
2835 635 3061 705 μνήμην
3119 636 3281 705 μόνον
3332 635 3619 705 ποιοῦμεν,
3649 636 3712 698 ἐξ

2129 725 2342 779 ἐκείνου
2373 724 2611 795 λέγομεν
2638 720 2779 780 εἶναι
2811 726 2872 779 τδ
2909 727 3116 799 τρίτον.
3152 727 3225 782 Τδ
3258 728 3429 797 μῆλον
3481 717 3592 799 γάρ
3642 731 3709 782 ἐκ

2129 818 2224 871 τοῦ
2257 817 2455 871 κλάδου
2505 813 2648 872 εἶναι
2676 818 2931 887 λέγομεν,
2967 820 3029 872 οὑ
3062 820 3150 874 διὰ
3190 821 3287 874 τοῦ
3325 821 3541 884 κλάδου,
3574 820 3710 875 ὅταν

2130 909 2232 979 τῆς
2264 909 2423 980 ῥίζης
2472 911 2533 963 οὑ
2589 912 2944 983 μεμνήμεθα.
2979 913 3039 966 Ei
3075 912 3134 966 δέ
3163 930 3249 976 τις
3292 914 3388 966 καὶ
3417 914 3477 966 τὸ
3513 914 3575 967 ἐκ
3606 914 3711 981 τῆς

2136 1001 2295 1075 ῥίζης
2323 1004 2670 1074 προστιθείη,
2703 1006 2766 1059 ἐκ
2795 1006 2893 1075 τῆς
2919 1006 3081 1076 ῥίζης
3107 1007 3225 1076 ἐρεῖ
3265 1008 3352 1060 διὰ
3382 1005 3478 1058 τοῦ
3510 1008 3709 1061 κλάδου
3748 1002 3755 1005 ⁷

2137 1089 2277 1147 εἶναι
2305 1094 2367 1148 τὸ
2403 1094 2595 1165 μῆλον.
2630 1095 2793 1167 Δηλοῖ
2821 1096 2877 1150 δὲ
2909 1099 2941 1166 ἡ
2975 1102 3242 1164 πρότασις
3287 1097 3449 1166 αὕτη,
3482 1099 3559 1161 ῶς
3589 1099 3710 1151 ἐστι

2142 1188 2240 1256 μὲν
2276 1188 2340 1239 ἐκ
2373 1186 2468 1240 τοῦ
2504 1188 2702 1242 κλάδου
2736 1190 2799 1241 τὸ
2837 1190 3004 1259 μῆλον
3041 1190 3177 1244 κατὰ
3206 1190 3392 1258 φύσιν,
3428 1192 3522 1243 καὶ
3548 1192 3712 1245 ,ἐστιν

2138 1280 2165 1331 ὁ
2208 1279 2402 1342 κλάδος
2433 1278 2574 1348 ἀρχὴ
2607 1281 2702 1333 καὶ
2734 1280 2883 1333 αἰτία
2925 1280 3019 1333 τοῦ
3072 1281 3266 1351 μήλου,
3300 1280 3416 1333 ἀλλ’
3454 1280 3553 1333 οὑκ
3597 1279 3714 1349 ἔχει

461 1379 673 1420 ramum
699 1363 1028 1433 principium
1053 1370 1106 1415 et
1130 1375 1351 1415 causam
1383 1359 1546 1423 mali;
1581 1359 1633 1413 id
1664 1374 1792 1413 vero
1817 1373 2028 1414 ramum

2157 1371 2301 1423 τοῦτο
2344 1370 2473 1439 παρ’
2512 1370 2680 1424 αὑτοῦ
2729 1373 2756 1423 ὁ
2801 1372 3013 1435 κλάδος,
3047 1372 3182 1425 ἀλλά
3223 1373 3374 1441 παρά
3408 1372 3509 1441 τῆς
3553 1372 3714 1442 ῥίζης

462 1478 572 1516 non
592 1461 793 1515 habere
810 1477 872 1514 ex
902 1476 981 1523 se,
1003 1458 1094 1513 sed
1120 1474 1148 1513 a
1171 1458 1354 1512 radice
1372 1457 1643 1526 accipere,
1666 1459 1812 1512 unde
1839 1467 1894 1512 et
1914 1458 2029 1525 ipse

2157 1462 2297 1515 ςοῦτο
2320 1461 2613 1529 λαμϐάνει,
2636 1463 2759 1516 ὅθεν
2790 1466 2883 1517 καὶ
2917 1464 3080 1527 αὐτὸς
3106 1465 3321 1532 ἐκφύει.
3348 1464 3441 1517 Διὸ
3469 1463 3592 1517 οὑδέ
3618 1462 3716 1516 δύο

462 1565 644 1606 ortum
678 1551 865 1606 habet.
902 1550 1308 1620 Proptereaque
1353 1564 1533 1618 neque
1566 1549 1842 1618 quispiam
1874 1549 2032 1604 dixe-

2157 1569 2226 1615 τις
2257 1552 2386 1624 εἴπῃ
2436 1554 2611 1624 ἀρχὰς
2656 1554 2755 1625 τὴν
2803 1554 2961 1624 ῥίζαν
3006 1573 3066 1608 τε
3099 1556 3193 1608 καὶ
3232 1556 3323 1608 τὸν
3376 1556 3571 1610 κλάδον
3617 1556 3715 1607 τοῦ

465 1649 541 1701 rit
572 1646 682 1699 duo
720 1643 989 1713 principia
1037 1643 1163 1697 tnali
1217 1642 1458 1697 radicem
1507 1651 1564 1695 et
1609 1657 1875 1707 ramum,
1937 1642 2035 1697 sed

2157 1644 2341 1710 uiginti,
2374 1644 2506 1696 ἀλλὰ
2552 1644 2702 1714 μίαν.
2740 1645 2807 1698 Ἡ
2854 1644 2993 1716 αὑτὴ
3036 1646 3145 1714 γὰρ
3172 1646 3269 1713 τῆς
3302 1644 3458 1715 ῥίζης
3488 1644 3718 1711 ποιότης

465 1750 657 1789 unum.
692 1733 940 1800 Qualitas
990 1731 1266 1800 siquidem
1305 1731 1507 1785 radicis
1540 1746 1695 1785 ramo
1724 1730 2039 1785 communi-

2157 1734 2489 1805 ςιαδιδομένη
2522 1735 2598 1803 τῷ
2621 1734 2803 1805 κλάδῳ
2826 1734 3024 1802 ἔξεισιν
3050 1736 3259 1789 ἐκεῖθεν
3282 1739 3361 1797 είς
3388 1734 3559 1805 μῆλον
3585 1752 3718 1804 μορ-

462 1838 605 1895 cata,
644 1827 769 1881 inde
816 1824 1101 1894 egreditur
1148 1824 1201 1877 in
1252 1823 1456 1877 malum
1505 1822 1869 1877 conformata.
1920 1822 2037 1880 Hoc

2157 1827 2420 1894 ρωθεῖσα.
2475 1827 2680 1881 Τούτου
2741 1829 2833 1880 τοῦ
2886 1828 3336 1899 παραδείγματος
3393 1828 3548 1881 οὐδὲν
3601 1830 3716 1888 τοῖς

463 1919 719 1988 exemplo
758 1916 898 1971 nihil
932 1924 1018 1970 est
1072 1914 1243 1969 rebus
1291 1914 1493 1969 divinis
1542 1915 2037 1982 accommodatius,

2157 1918 2311 1981 latet;
2341 1920 2694 1989 οἰκειότερον,
2729 1919 2909 1983 καλῶς
2957 1920 3271 1989 νοούμενον.
3310 1920 3431 1990 Χρὴ
3477 1921 3586 1989 γὰρ
3638 1920 3718 1987 μὴ

466 2010 509 2064 si
546 2019 695 2063 recte
727 2006 1095 2075 intelligatur.
1124 2003 1373 2072 Namque
1402 2002 1455 2057 in
1487 2004 1654 2058 rebus
1674 2003 1876 2059 divinis
1903 2020 2039 2060 con-

2157 2012 2285 2063 νοεῖν
2320 2011 2377 2064 ἐν
2424 2014 2536 2074 τοῖς
2585 2011 2752 2076 θείοις
2804 2011 2928 2066 οὔτε
2977 2013 3216 2068 διάδοσιν
3262 2011 3543 2082 χρονικὴν,
3590 2010 3719 2063 ‹.ὑ.ε

465 2095 721 2167 cipienda
754 2110 864 2149 non
925 2102 1056 2148 sunt
1091 2106 1271 2162 neque
1313 2091 1510 2147 divisio
1556 2095 1912 2162 temporaria,
1945 2109 2043 2149 ne-

2157 2103 2423 2174 Ξιάστημα
2455 2106 2705 2166 τοπικὺν,
2737 2105 2855 2158 ἀλλ’
2885 2105 3022 2176 ὁμοῦ
3066 2106 3289 2176 Πατέρα
3338 2107 3431 2159 καὶ
3459 2105 3586 2158 Υἱδν
3624 2106 3721 2157 καὶ

467 2204 575 2257 que
607 2188 891 2255 interiecta
929 2184 1245 2250 interval'a;
1293 2183 1388 2239 sed
1427 2199 1533 2239 una
1569 2184 1734 2240 simul
1780 2185 1944 2241 Pater
1984 2194 2042 2241 et

2157 2195 2304 2265 ἵιγιον
2329 2196 2578 2263 Πνεῦμα,
2612 2199 2706 2250 καὶ
2735 2197 2856 2251 ὅλον
2896 2198 2990 2250 τὸν
3024 2199 3240 2271 Πατέρα
3274 2200 3331 2250 ἐν
3365 2196 3443 2267 τῷ
3476 2196 3587 2267 ru;
3622 2198 3722 2250 aut

466 2274 639 2336 Filius
669 2287 725 2333 et
753 2277 993 2347 Spiritus
1040 2287 1287 2343 sanctus,
1322 2283 1579 2345 totusque
1616 2276 1777 2332 Paler
1812 2277 1867 2331 in
1898 2277 2038 2332 Filio

2157 2287 2225 2357 τῷ
2277 2283 2580 2358 Πνεύμαῖτι,
2616 2291 2712 2343 καὶ
2758 2290 2852 2343 τὸν
2897 2291 3022 2344 Υίδν
3069 2291 3128 2346 ἐν
3168 2291 3247 2361 τῷ
3283 2290 3457 2360 Πατρι
3506 2291 3601 2342 καὶ
3639 2290 3721 2359 τῷ

465 2383 518 2428 et
554 2371 784 2442 Spiritu,
814 2380 868 2425 et
897 2368 1072 2423 Filius
1095 2369 1149 2423 in
1180 2369 1337 2424 Patre
1368 2377 1424 2425 et
1455 2368 1694 2439 Spiritu,
1718 2379 1776 2425 et
1798 2369 2040 2441 Spiritus

467 2466 524 2521 iu
552 2465 711 2519 Patre
740 2472 798 2518 et
831 2460 992 2517 Filio.
1018 2460 1173 2526 Quod
1203 2460 1500 2528 prolixiore
1521 2476 1777 2516 sermone
1806 2460 2041 2517 demon-

467 2570 667 2626 strare,
738 2572 849 2614 non
917 2565 1005 2612 est
1070 2568 1270 2624 operte,
1325 2568 1395 2609 ne
1464 2559 1892 2627 menietipsum,
1945 2560 2043 2628 qui

467 2652 726 2722 indiguus
760 2665 908 2716 sum,
959 2634 1514 2709 itt‘sublimissimam
1562 2653 1896 2726 theologiam
1965 2656 2049 2713 in-

465 2748 668 2806 feram.

539 2849 594 2903 5.
623 2824 1006 2903 Verumtamen
1045 2845 1114 2900 ab
1147 2851 1383 2915 utroque
1416 2859 1540 2900 esse
1586 2846 1848 2916 Spiritum
1887 2864 2049 2905 sanc-

471 2953 589 2997 tum
623 2940 876 2995 ductores
920 2938 1178 2993 Ecclesiae
1238 2938 1610 3017 depraedicant
1648 2955 1757 2994 non
1792 2940 1861 2995 de
1921 2956 2045 3005 suo,

469 3033 569 3088 sed
602 3047 631 3085 a
666 3032 837 3087 sacris
861 3030 1162 3099 Scripturis
1186 3030 1242 3085 id
1271 3031 1614 3098 haurientes,
1644 3032 1907 3101 intplicite
1932 3033 2049 3087 dic-

476 3135 599 3179 tum
618 3125 984 3193 explicarunt,
1021 3133 1076 3179 et
1107 3126 1317 3179 fusiore
1343 3139 1596 3179 sermone
1659 3125 2047 3180 extenderunt.

477 3217 708 3287 Spiritus
729 3218 890 3281 enim,
926 3216 1106 3286 inquit
1124 3215 1383 3287 Cyrillus,
1417 3217 1659 3273 ueritatis
1690 3226 2052 3287 nuncupatur.

479 3308 679 3377 Estque
706 3306 943 3362 Christus
974 3310 1186 3374 veritas,
1213 3315 1263 3362 et
1291 3308 1627 3378 profunditur
1649 3309 1713 3363 ab
1733 3310 1862 3379 ipso,
1879 3325 2058 3381 quem-

476 3402 765 3457 admodum
831 3420 866 3456 α
917 3401 1021 3455 Deo
1074 3412 1126 3454 et
1186 3399 1374 3459 Patre.
1438 3401 1507 3456 Et
1554 3402 1713 3473 plane
1776 3417 2057 3471 nunquam

478 3494 751 3566 quispiam
787 3494 840 3548 in
869 3493 1177 3563 Evangeliis
1207 3495 1495 3561 invenerit,
1550 3493 1624 3548 ita
1653 3493 1835 3549 Patris
1881 3494 2058 3564 Spiri-

478 3600 596 3643 tum
627 3596 875 3643 sanctum
909 3586 1041 3649 dici,
1081 3594 1139 3640 ut
1160 3602 1362 3641 nomen
1398 3588 1561 3640 etiam
1599 3587 1716 3641 Filii
1748 3601 1857 3639 non
1882 3586 2061 3640 incul-

479 3690 666 3735 cetur:
692 3679 921 3747 Spiritus
970 3676 1244 3740 veritatis,
1280 3677 1477 3747 inquit,
1525 3679 1615 3748 qui
1649 3695 1682 3731 α
1738 3677 1900 3731 Patre
1934 3694 2057 3745 pro-

478 3773 634 3826 cedit.
674 3772 768 3827 Et:
805 3770 937 3826 Cum
965 3771 1165 3825 venerit
1193 3768 1305 3837 ille,
1331 3785 1486 3839 quem
1515 3768 1680 3823 Pater
1719 3772 1889 3824 mittet
1918 3770 2059 3824 vobis

478 3868 533 3920 in
565 3866 778 3920 nomine
806 3880 942 3918 meo.
976 3865 1044 3919 Et
1075 3877 1295 3918 rursum
1321 3877 1337 3916 :
1384 3862 1519 3919 Cum
1549 3864 1746 3917 venerit
1809 3862 2063 3918 Paracle-

481 3967 585 4025 tua,
619 3973 772 4029 quem
796 3973 889 4025 ego
937 3955 1143 4010 mittam
1172 3956 1312 4011 vobis
1339 3970 1403 4009 ea:
1429 3957 1615 4008 Patre.
1645 3954 1781 4009 llinc
1812 3963 2057 4023 apparet,

481 4064 548 4103 ex
584 4058 817 4115 utroque
875 4062 1018 4114 esse,
1056 4048 1218 4103 Patre
1247 4061 1443 4117 nempe
1474 4056 1531 4102 et
1569 4045 1730 4112 Filio,
1794 4045 2059 4115 Spiritum

482 4148 754 4195 sanctum.
786 4139 974 4209 Neque
1002 4140 1150 4194 enim
1184 4137 1265 4193 fas
1304 4148 1412 4204 cst,
1445 4137 1595 4193 aliud
1643 4138 1923 4208 quidpiam
1955 4136 2060 4192 Pa-

485 4232 750 4286 raeletum
780 4232 1093 4302 concipere,
1148 4242 1348 4302 praeter
1377 4246 1542 4285 unam
1596 4230 1816 4286 Triadis
1871 4246 2064 4299 perso-

484 4339 633 4378 nam.
665 4324 731 4378 Et
762 4324 997 4379 mittitur
1024 4339 1055 4378 a
1105 4322 1264 4379 Patre
1291 4334 1349 4379 et
1378 4322 1559 4389 Filio;
1602 4322 1732 4376 inde
1763 4337 1893 4378 vero
1930 4337 2029 4390 pro
2049 4353 2061 4364 -

482 4417 650 4484 cedit,
686 4417 830 4473 unde
857 4428 915 4473 et
936 4419 1212 4483 mittitur;
1260 4433 1328 4472 ex
1385 4417 1547 4473 Patre
1595 4416 1762 4488 igitur
1821 4424 1878 4471 et
1922 4414 2061 4470 Filio

2150 2380 2456 2447 Πνεύματι,
2484 2381 2578 2433 καὶ
2606 2381 2667 2434 τὸ
2698 2382 2919 2452 Πνεῦμα
2943 2385 2999 2438 ἐν
3029 2384 3202 2453 Πατρι
3237 2384 3333 2437 καὶ
3361 2382 3494 2453 Υἱῷ.
3538 2382 3723 2453 Ὅπερ

2151 2469 2491 2528 πλατύτερον
2548 2471 2644 2527 νῦν
2694 2475 3065 2530 ἐπιδεικνύναι
3121 2476 3183 2529 οὑ
3221 2477 3437 2547 καιρὸς,
3495 2474 3586 2530 ἵνα
3646 2475 3725 2546 μὴ

2148 2564 2341 2619 ἐαυτὸν
2367 2566 2446 2627 είς
2472 2564 2647 2636 ἄκραν
2677 2565 2960 2638 θεολογίαν
2982 2572 3199 2640 ἀνάξιος
3226 2570 3303 2624 ῶν
3336 2571 3580 2642 καθήσω.

2223 2853 2294 2919 γ’.
2338 2854 2411 2906 Τὸ
2462 2854 2646 2924 μέντοι
2691 2853 2749 2920 ἐξ
2782 2856 2983 2925 ἀμφοῖν
3013 2851 3155 2908 εἶναι
3192 2856 3252 2908 τὸ
3285 2854 3509 2924 Πνεῦμα
3546 2855 3596 2907 οε
3622 2854 3725 2925 τῆς

2165 2944 2495 3013 Ἐκκλησίας
2516 2946 2829 3001 διδάσκαλοι
2854 2948 2916 3000 οὑ
2947 2950 3075 3019 παρ’
3102 2949 3310 3004 ἑαυτῶν
3337 2950 3723 3019 κηρύττουσιν,

2155 3035 2293 3090 ἀλλὰ
2325 3039 2474 3105 παρὰ
2504 3038 2615 3091 τῶν
2660 3039 2893 3107 Γραςοῶν
2923 3039 3080 3092 τοῦτο
3127 3039 3387 3101 λαϐόντες
3420 3057 3729 3107 συνεπτυγ-

2161 3131 2360 3199 μένως,
2389 3129 2697 3198 ἁνέπτυξάν
2724 3149 2784 3184 τε
2832 3132 2926 3186 καὶ
2954 3132 3296 3203 ἐξήπλωσαν,
3328 3133 3569 3202 Πνεῦμα
3593 3137 3725 3203 γὰρ,

2161 3223 2297 3291 φησι
2343 3222 2632 3291 Κύριλλος,
2688 3223 2985 3291 ἀληθείας
3015 3224 3383 3293 ὠνόμασται.
3434 3225 3542 3281 Καί
3597 3228 3732 3280 ἐστι

2159 3314 2413 3382 Χριστὸς
2446 3314 2484 3380 ἡ
2530 3313 2804 3380 ἀλήθεια,
2842 3314 2942 3367 καί
2984 3315 3291 3384 προχεῖται
3341 3318 3481 3386 παρ’
3518 3316 3727 3379 αὐτοῦ,

2162 3402 2429 3471 καθάπερ
2460 3402 2666 3472 ἀμέλει
2697 3404 2794 3458 καὶ
2827 3406 2986 3474 παρὰ
3015 3405 3122 3459 τοῦ
3162 3403 3310 3460 Θεοῦ
3347 3408 3445 3459 καὶ
3476 3408 3729 3473 Πατρός.

2163 3496 2272 3549 Καὶ
2314 3495 2484 3559 ὅντως
2531 3496 2651 3549 οὑδέ
2684 3513 2787 3549 που
2812 3497 3066 3566 εὑρήσειέ
3114 3513 3198 3559 τις
3246 3497 3305 3550 ἐν
3336 3500 3446 3557 τοῖς
3481 3497 3730 3564 Εὐάγγε-

2162 3584 2298 3647 λίοις
2330 3585 2476 3638 οὕτω
2521 3587 2616 3640 τοῦ
2666 3587 2880 3655 Πατρὸς
2912 3588 2972 3641 τὸ
3002 3586 3158 3655 ἅγιον
3196 3588 3422 3657 Πνεῦμα
3453 3587 3727 3653 λέγεσθαι.

2160 3677 2304 3731 ὥστε
2365 3680 2437 3747 μὴ
2482 3678 2846 3749 ὀνομάζεσθαι
2892 3679 2983 3732 τὸν
3034 3679 3294 3734 Υἱόν.’Τὸ
3333 3678 3572 3748 Πνεῦμα
3620 3679 3734 3746 τῆς

2161 3769 2466 3837 ἀληθείας,
2483 3769 2672 3841 φησιν,
2692 3768 2724 3823 ὃ
2745 3769 2903 3837 παρὰ
2933 3771 3037 3824 τοῦ
3075 3771 3301 3837 Πατρός
3321 3770 3729 3839 ἐκπορεύεται.

2165 3864 2295 3925 Καὶ,
2337 3864 2513 3918 Ὅταν
2555 3862 2704 3931 ἔλθῃ
2745 3863 3001 3930 ἐκεῖνος,
3052 3863 3124 3917 δν
3171 3867 3203 3918 ό
3256 3863 3461 3932 Πατὴρ
3509 3867 3733 3934 πέμψει

2161 3957 2308 4025 ὑμῖν
2336 3956 2406 4007 ἐν
2451 3953 2533 4019 τῷ
2578 3954 3012 4024 ὀνόματί’μου.
3063 3955 3171 4008 Καὶ
3220 3956 3401 4021 πάλιν,
3433 3955 3616 4013 Ὅταν
3666 3957 3737 4010 δὲ

2163 4047 2312 4115 ἔλθῃ
2345 4047 2378 4098 ὁ
2410 4045 2928 4113 11αράκλητος.δν
2963 4045 3077 4113 ἐμὼ
3113 4046 3328 4116 πέμψω
3382 4047 3528 4115 ἡμῖν
3576 4048 3738 4114 arma

2161 4140 2269 4194 τοῦ
2302 4142 2557 4208 Πατρός.
2583 4137 2746 4192 Ὅθεν
2767 4138 2923 4207 δῆλον
2944 4138 3019 4201 ὡς
3045 4136 3104 4203 ἐξ
3129 4139 3333 4207 ἀμφοῖν
3355 4142 3492 4203 ἐστι,
3524 4141 3736 4209 Πατρὶς

2161 4231 2304 4298 λέγω
2329 4231 2427 4285 καὶ
2470 4231 2622 4298 Υίοῦ,
2655 4230 2717 4284 τὸ
2750 4228 2905 4299 ἅγιον
2951 4230 3193 4301 Πνεῦμα.
3233 4232 3586 4302 Παράκλητον
3628 4233 3739 4303 γάρ

2162 4323 2317 4376 οὐδὲν
2347 4322 2476 4378 ἄλλο
2505 4323 2553 4375 εί
2586 4322 2662 4391 μὴ
2693 4322 2753 4376 τὸ
2783 4322 2844 4376 ἓν
2870 4321 2970 4392 τῆς
3003 4321 3233 4393 Τριάδος
3272 4325 3566 4395 πρόσωπον
3596 4329 3740 4378 νοεῖν

2165 4412 2412 4483 θεμιτόν.
2465 4414 2576 4466 Καὶ
2619 4413 2899 4482 πέμπεται
2958 4414 3108 4483 παρὰ
3162 4415 3375 4485 Πατρδς
3431 4417 3525 4469 καὶ
3583 4415 3739 4471 Υίοῦ.

485 4510 754 4581 procedit.
780 4510 914 4567 Nam
953 4512 1047 4582 qui
1079 4511 1442 4582 temporarias
1493 4511 1550 4581 in
1612 4510 1724 4565 Deo
1766 4516 1824 4565 et
1852 4507 2051 4564 divinis

2178 4505 2422 4559 Ἐκεῖθεν
2468 4504 2524 4558 δὲ
2574 4504 2957 4575 ἐκπορεύεται,
3003 4505 3129 4558 ὅθεν
3175 4505 3268 4558 καὶ
3318 4505 3618 4575 πέμπεται·
3678 4509 3742 4559 ἐκ

487 4603 738 4673 personis
773 4605 1186 4675 progressiones
1218 4602 1558 4672 cunlingunt,
1595 4604 1899 4657 insaniunt.
1957 4601 2063 4657 Nc-

486 4711 595 4765 que
633 4696 777 4749 enim
805 4710 1031 4764 prorsus
1073 4695 1272 4749 mutari
1308 4696 1626 4762 moverique
1647 4693 1860 4748 Numen
1896 4692 2058 4758 valet,

487 4802 666 4856 neque
693 4787 817 4841 loco
835 4786 1333 4850 circumscribitur,
1359 4799 1459 4838 nec
1482 4784 1651 4854 magis
1688 4785 1792 4839 hoc
1810 4800 1974 4853 quam
2003 4785 2055 4839 iu

485 4880 616 4942 alio,
643 4892 745 4932 nec
780 4876 951 4945 magis
984 4876 1092 4930 alto
1128 4891 1290 4945 quam
1350 4876 1540 4929 intimo
1571 4874 1694 4929 loco
1723 4885 1825 4929 est.
1856 4874 2066 4928 Ascen~

486 4971 619 5025 dere
668 4982 799 5022 vero
845 4967 1289 5035 descendet-eque
1345 4969 1412 5021 ad
1473 4966 1721 5020 actiones
1771 4966 2067 5021 ostenden-

487 5062 586 5116 das
617 5058 1090 5131 prOpalandasque
1121 5074 1275 5114 more
1320 5059 1609 5113 hominum
1644 5058 1868 5123 dicitur,
1905 5065 1962 5113 et
1988 5057 2068 5112 si-

490 5153 602 5209 mili
639 5152 834 5206 rationi
868 5151 1032 5218 mitti,
1073 5151 1386 5206 indicantur
1421 5164 1552 5205 vero
1584 5151 1751 5205 rebus
1785 5158 2068 5218 tempora-

491 5244 587 5298 riis
621 5244 975 5314 sempiterna.
996 5244 1241 5313 Namque
1273 5242 1497 5297 mittens
1525 5241 1581 5296 iu
1614 5256 1682 5295 eo
1712 5240 1859 5311 quod
1890 5238 2068 5292 mitti-

492 5346 583 5391 tur
611 5336 934 5409 dignitatem
965 5336 1261 5408 quamdam
1313 5349 1541 5406 prorsus
1597 5334 1834 5389 obtinet.
1890 5333 1959 5386 At
2012 5330 2067 5384 in

498 5440 688 5485 sancta
714 5439 772 5484 et
794 5429 1072 5484 adoranda
1107 5427 1306 5482 Triade
1334 5443 1444 5482 non
1477 5435 1567 5481 est
1592 5426 1676 5480 tas
1707 5423 1871 5480 nobis
1900 5422 2066 5478 intel-

496 5522 665 5595 ligere
691 5524 854 5578 unius
884 5534 1130 5593 persona:
1153 5521 1205 5576 in
1238 5521 1400 5575 aliam
1428 5519 1779 5587 dignitatem,
1807 5516 1913 5572 nisi
1944 5530 2066 5571 eam

494 5623 728 5677 tantum,
751 5631 871 5684 qua:
896 5616 1091 5682 oritur,
1125 5630 1193 5669 ex
1212 5613 1394 5683 aliqua
1426 5627 1548 5667 esse
1575 5630 1590 5677 ;
1623 5610 1860 5679 ideoque
1889 5623 2069 5678 neque

497 5723 527 5761 a
550 5704 688 5762 Filio
717 5707 951 5775 Patrem,
986 5721 1212 5778 nequea
1240 5704 1449 5776 Spiritu
1485 5703 1707 5769 Filium,
1736 5702 1840 5757 nisi
1868 5716 2069 5757 secun-

501 5797 630 5850 dum
655 5797 1044 5852 hutnaaitutem
1071 5796 1212 5852 mitti
1238 5797 1461 5851 tradunt
1492 5793 1677 5850 divina
1706 5792 1948 5862 eloquia.
1991 5793 2069 5847 Ex

2168 4597 2381 4668 Πατρδς
2415 4598 2506 4651 καὶ
2544 4596 2671 4650 Υίοῦ
2704 4597 2813 4666 ἄρα
2843 4597 3220 4666 ἐκπορεύεται.
3248 4594 3313 4652 ΟΞ
3344 4598 3454 4668 γάρ
3483 4603 3743 4667 χρονικὲς

2164 4689 2259 4740 ἐπὶ
2311 4687 2446 4740 Θεοῦ
2489 4687 2585 4741 καὶ
2631 4688 2742 4742 τῶν
2796 4688 2959 4741 θείων
3006 4688 3359 4742 ὑποστάσεων
3411 4690 3743 4751 πλάττοντες

2172 4778 2431 4847 προόδους
2462 4775 2743 4846 ληροῦσιν.
2778 4777 2853 4829 Οὐ
2897 4777 3004 4847 γὰρ
3040 4777 3399 4847 μεταϐλητὸν,
3439 4778 3472 4848 ἢ
3521 4779 3746 4846 κινητὶν

2165 4870 2304 4931 ὅλως
2336 4870 2397 4922 τὸ
2423 4869 2602 4931 Θεῖον,
2650 4870 2759 4922 οὐδ’
2794 4871 2851 4922 ἐν
2897 4868 3049 4940 τόπῳ
3103 4873 3444 4941 περιέχεται,
3476 4870 3588 4923 οὐδ’
3630 4871 3748 4923 ἔστι

2171 4957 2371 5027 μᾶλλον
2399 4953 2499 5011 ὦδε
2524 4960 2753 5031 ἢέκεῖ,ἢ
2789 4962 2990 5030 μᾶλλον
3016 4961 3129 5015 ἄνω
3157 4962 3377 5032 ἢκάτω.
3416 4962 3749 5015 Ἀναϐαίνειν

2170 5050 2226 5102 δέ
2282 5050 2383 5101 καὶ
2441 5051 2793 5105 καταϐαίνειν
2830 5051 3051 5119 λέγεται
3089 5052 3445 5120 ἀνθρωπίνως
3483 5053 3618 5125 πρὸς
3652 5054 3751 5117 τὰς

2169 5140 2279 5195 τῶν
2307 5142 2593 5212 ἐνεργειῶν
2622 5144 2889 5211 ἐμφάσεις
2914 5145 3010 5198 καὶ
3032 5144 3390 5215 φανερώσεις,
3410 5147 3508 5200 καὶ
3536 5147 3753 5215 πέμπε-

2174 5233 2299 5286 σθαι
2339 5234 2561 5303 ὁμοίως.
2590 5234 2854 5305 Δηλοῦται
2881 5236 2937 5289 δε
2969 5238 3116 5304 ὅμως
3140 5236 3231 5289 διὰ
3256 5236 3365 5289 τῶν
3389 5238 3657 5309 χρονικῶν
3683 5236 3752 5288 τά

2171 5322 2385 5379 αἰώνια.
2416 5326 2489 5378 Τὸ
2516 5325 2624 5398 γάρ
2654 5329 2872 5397 πέμπον
2900 5328 3036 5399 πρδς
3064 5328 3125 5381 τὸ
3148 5330 3499 5398 πεμπόμενον
3531 5326 3749 5398 ἀξίωμα

2172 5416 2287 5488 ἔχει
2320 5418 2535 5482 πάντως
2568 5418 2874 5475 ὁποιονοῦν.
2912 5420 3001 5472 Ἐν
3031 5420 3086 5473 δὲ
3114 5422 3180 5491 τῇ
3214 5420 3349 5490 ἁγίᾳ
3376 5423 3473 5473 καὶ
3503 5436 3753 5489 προσκυο

2173 5514 2307 5581 νητῇ
2366 5511 2557 5582 Τριάδι
2612 5511 2768 5565 οὐδὲν
2829 5514 3182 5577 ὑποστάσεως
3247 5516 3386 5583 πρὸς
3445 5514 3755 5567 ὑπόστασιν

2171 5604 2393 5674 Θεμιτὸν
2426 5605 2644 5675 ἀξίωμα
2687 5606 2850 5669 νοεῖν,
2885 5607 2934 5658 εί
2985 5606 3060 5677 μὴ
3101 5609 3261 5676 μόνον
3311 5607 3371 5660 τὸ
3423 5606 3482 5672 ἐξ
3519 5604 3603 5659 οῦ.
3652 5606 3755 5657 Διὰ
3792 5621 3816 5645 ι

2170 5698 2330 5751 τοῦτο
2360 5697 2485 5750 οὔτε
2526 5699 2677 5767 παρὰ
2730 5697 2822 5751 τοῦ
2857 5698 2986 5753 Υίοῦ
3029 5700 3121 5752 τὸν
3167 5699 3405 5768 Πατέρα,
3439 5696 3564 5750 οὔτε
3604 5698 3756 5766 παρὰ

2175 5788 2271 5844 τοῦ
2307 5788 2618 5858 Πνεύματος
2655 5789 2744 5843 τὸν
2778 5788 2924 5859 Υἰὸν,
2958 5792 3006 5843 εἰ
3043 5791 3119 5862 μὴ
3147 5792 3287 5844 κατὰ
3315 5790 3374 5843 τὸ
3406 5789 3753 5859 ἀνθρώπινον
