4098 6406
393 393 500 456 833

1383 398 1479 459 DE
1524 400 1674 462 UNA
1719 402 1812 462 ET
1849 401 2276 462 CATIIOLICA
2319 404 2698 482 ECCLESIA.

3563 419 3670 483 831

398 501 737 558 timeo-trima:
781 503 912 558 ποτὲ
959 504 1210 575 λέγουσιν
1255 511 1310 564 αἱ
1357 512 1598 584 Γραφαί.
1641 513 1735 568 Ἐκ
1769 515 1960 584 Πατρδε

2088 512 2244 568 Patre
2275 513 2440 584 igitur
2465 527 2522 571 ct
2557 518 2691 572 Filio
2717 520 2898 586 habet,
2929 523 3074 592 quod
3111 525 3178 578 sit
3209 523 3446 594 Spiritus
3498 542 3660 584 sanc-

395 598 505 668 ἄρα
533 597 626 650 καὶ
673 595 802 649 Υέοῦ
835 595 947 666 ἔχει
989 598 1048 651 τὸ
1095 595 1236 654 εῖναι
1282 603 1342 654 τὸ
1386 604 1544 672 ἅγιον
1580 607 1806 675 Πνεῦμα
1839 608 1981 660 κατὰ

392 686 454 740 τὺ
482 684 627 738 θεῖον
659 685 770 738 Εὑα
785 689 1018 754 γγέλιον.
1043 689 1154 741 Καὶ
1183 691 1391 755 Παῦλος
1413 694 1490 760 δὲ,
1530 695 1978 762 Ἐξαπέστειλε,

393 780 580 850 φησὶν,
615 781 648 833 ὁ
683 780 831 845 Θεὸς
867 782 932 834 τὸ
965 782 1215 852 Πνεῦμα
1247 785 1354 839 τοῦ
1396 787 1533 840 Υἱοῦ
1561 789 1770 845 αὐτοῦ.
1810 789 1980 859 Εἴπερ

395 874 492 928 οῦν
523 874 738 944 Πατρδς
785 877 881 930 καὶ
935 875 1064 929 Υῑοῦ
1101 877 1219 930 ἐστι
1268 877 1514 948 Πνεῦμα,
1551 883 1689 950 ὅπερ
1716 882 1978 946 πολλάκις

391 967 648 1039 εὕρηται,
681 968 844 1038 δῆλον
888 969 970 1022 ὅτι
1019 969 1077 1038 ἐξ
1129 971 1330 1040 ἀμφοῖν
1375 974 1520 1038 πνεῖ,
1559 975 1678 1044 ἦτοι
1711 977 1978 1046 ἐκπορεύ-

389 1077 530 1116 εται.
1809 1123 1816 1132 .

465 1153 528 1208 δ’.
571 1153 634 1209 0i
665 1154 723 1208 δὲ
749 1154 999 1223 λέγοντες
1029 1155 1162 1210 Υἱοῦ
1193 1156 1420 1226 Πνεῦμα
1451 1159 1704 1228 λέγεσθαί
1737 1161 1881 1214 κατὰ
1917 1162 1976 1214 τὸ

397 1248 690 1316 όμοοὺσιον
714 1249 1116 1318 ἁμαρτάνουσι.
1147 1249 1246 1304 Διά
1262 1251 1313 1302 τι
1341 1253 1448 1321 γὰρ
1481 1253 1600 1305 οὑδὲ
1631 1255 1718 1306 τὸν
1755 1253 1975 1324 Πατέρα

393 1339 629 1410 λέγομεν
673 1340 768 1392 τοῦ
817 1340 1160 1411 Πνεὺματος,
1195 1342 1484 1410 ὀμοούσιον
1526 1345 1686 1412 byw;
1737 1346 1770 1416 ἦ
1815 1347 1976 1416 δῆλον

395 1431 480 1483 ὅτι
503 1433 530 1484 6
559 1432 734 1497 λέγων
751 1433 843 1484 τὸν
873 1432 1094 1502 Πατέρα
1111 1434 1206 1488 τοῦ
1235 1435 1574 1504 Πνεύματος,
1591 1437 1720 1490 Υὶὺν
1743 1439 1888 1506 λέγει
1915 1440 1976 1492 τὸ

401 1521 644 1591 Πνεῦμα,
675 1525 768 1578 καὶ
797 1523 1135 1598 βλασφημετ,
1173 1528 1267 1580 καὶ
1311 1530 1338 1580 6
1386 1528 1482 1582 τὸν
1513 1529 1642 1582 Υῐόν
1674 1531 1845 1600 λέγων
1878 1532 1972 1585 τοῦ

396 1611 734 1682 Πνεῦματος,
768 1616 1022 1686 μαίνεται
1050 1617 1112 1671 τὸ
1159 1618 1381 1690 Πνεῦμα
1411 1621 1492 1683 εἰς
1537 1621 1756 1690 Πατέρα
1803 1640 1970 1692 ρετα-

392 1703 626 1758 εάλλων.
655 1706 866 1779 Ὠσπερ
893 1708 986 1762 οὖν
1019 1709 1080 1764 τδ
1127 1711 1321 1780 Πατὴρ
1363 1714 1459 1766 καὶ
1485 1715 1512 1766 6
1559 1715 1686 1778 Υἱὸς
1730 1717 1974 1784 ὀνόματά

389 1799 540 1851 ἐστιν
571 1799 910 1855 ὑποστατικὰ
941 1803 1032 1856 τὸν
1057 1805 1261 1874 τρόπον
1289 1806 1381 1860 τοῦ
1417 1801 1557 1860 εῖναι
1591 1795 1698 1862 tibi:
1733 1810 1968 1866 ὑποστά-

389 1899 528 1937 σεων
557 1885 767 1942 τούτων
801 1893 1158 1960 σημαίνοντα,
1195 1893 1338 1949 οὕτω
1369 1897 1464 1949 καὶ
1492 1897 1552 1950 τὸ
1585 1899 1678 1950 τοῦ
1713 1899 1970 1969 Πνεῦμα-

383 1991 474 2035 τος
500 1976 676 2047 ὄνομα
708 1969 1074 2038 ὑποστατικόν
1099 1987 1216 2039 ἐστι
1245 1987 1336 2040 τὸν
1360 1991 1560 2060 τρόπον
1585 1991 1680 2044 τοῦ
1703 1991 1841 2046 εἶναι
1869 1993 1970 2062 τῆς

383 2067 742 2134 ὑποστάσεως
793 2073 958 2127 αὑτοῦ
1007 2078 1379 2148 παραδηλοῦν.
1441 2081 1558 2134 Ἐκ·
1595 2083 1809 2154 Πατρδς
1862 2085 1972 2156 ἄρα

381 2162 474 2213 καὶ
503 2160 634 2214 Υἱοῦ
670 2165 815 2232 πνεῖ,
850 2165 1053 2236 ἀμφοῖν
1087 2167 1146 2222 ὃν
1190 2171 1438 2242 Πνεῦμα.
1477 2175 1571 2239 Ἰἰξ
1619 2177 1826 2246 ἀμφοῖν
1859 2179 1969 2248 ἄρα

382 2251 496 2320 ἔχει
525 2253 585 2306 τὸ
613 2251 776 2319 εἶναι,
808 2257 929 2327 ἦτοι
961 2261 1349 2332 ἐκπορεύεται.
1387 2267 1530 2336 Πρὸς
1556 2271 1765 2334 τούτοις
1794 2274 1970 2328 ἐκεῖνο

393 2345 608 2413 ῥητέον,
639 2348 722 2400 ὅτι
748 2349 936 2422 ἐπειδὴ
969 2353 998 2404 6
1027 2352 1154 2418 Υἱὸς
1181 2354 1308 2420 Υἱός
1337 2360 1454 2414 ἐστι
1481 2363 1576 2415 τοῦ
1611 2363 1818 2435 Πατρὸς
1844 2367 1971 2438 άλη-

387 2435 556 2502 θινὺς,
585 2439 798 2512 ἀνάγκη
825 2445 974 2497 ἐστὶν
1008 2446 1169 2500 αὑτὸν
1195 2450 1424 2518 μένοντα
1455 2453 1585 2508 Υἱὸν
1615 2455 1759 2528 ἔχειν
1790 2435 1969 2514 πάντα

389 2525 460 2578 τὰ
488 2527 582 2580 τοῦ
619 2532 853 2602 Πατρός.
891 2533 1194 2604 Προσάλλει
1241 2539 1298 2594 δέ
1342 2543 1369 2594 ό
1399 2541 1590 2615 Πατὴρ
1717 2547 1964 2618 Πνεῦμα,

387 2620 685 2688 προϐάλλει
735 2623 841 2694 ἄρα
885 2625 982 2680 καὶ
1012 2628 1040 2680 6
1073 2627 1222 2698 Υἱὸς,
1255 2633 1328 2696 ὡς
1362 2633 1524 2699 αὑτός
1559 2653 1714 2706 φησι,
1762 2639 1968 2694 Πάντα

385 2709 503 2765 ὅσα
549 2711 674 2779 ἔχει
719 2717 753 2767 ό
795 2715 998 2786 Πατὴρ
1032 2719 1148 2789 ἐμά
1197 2721 1350 2779 ἐστι.
1397 2726 1504 2780 Διά
1559 2727 1738 2784 τοῦτο
1792 2726 1967 2786 εἷπον

379 2802 542 2870 ὑμῖν,
576 2803 666 2856 ὅτι
699 2804 767 2859 ἐκ
799 2807 907 2862 τοῦ
945 2811 1092 2880 ἐμοῦ
1141 2814 1424 2883 λήψεται.
1463 2819 1735 2888 Amp-sun
1766 2822 1821 2877 δὲ
1873 2827 1966 2878 ἐπὶ

383 2893 673 2963 μέλλοντος
717 2895 894 2964 εἶπεν,
928 2903 1026 2974 οὐχ
1070 2905 1152 2958 ὅτι
1206 2906 1434 2978 ιμελλεν
1487 2913 1778 2982 λήψεσθαι·
1810 2917 1966 2972 οὐδὲν

379 2987 488 3056 γὰρ
517 2987 661 3052 νέον,
691 2989 724 3059 ἢ
754 2992 1109 3064 ἐπείσακτον,
1143 2997 1176 3069 ἢ
1225 3002 1478 3070 χρονικδν
1509 3005 1604 3058 ἐπὶ
1631 3005 1789 3061 Θεοῦ·
1829 3009 1964 3064 ἀλλὰ

377 3079 478 3149 τὴν
506 3080 661 3135 οὔπω
693 3087 985 3152 γεγονυῖαν
1023 3089 1117 3139 ἐπὶ
1147 3093 1262 3155 τοῖς
1303 3094 1622 3161 ἀποστόλοις
1656 3099 1961 3171 ἐνέργειαν,

2087 613 2192 672 tus,
2223 617 2282 659 ut
2329 605 2578 663 divinum
2618 609 2970 684 Erangelium
3019 615 3238 670 clamat.
3297 617 3408 673 Nec
3445 635 3554 674 non
3614 629 3670 674 et

2083 695 2285 752 Paulus
2317 699 2483 754 dicit:
2513 701 2654 755 Misit
2688 702 2826 758 Deus
2855 703 3111 774 Spiritum
3173 706 3307 762 Filii
3336 713 3444 763 sui.
3479 711 3666 781 itaque

2084 787 2128 840 si
2155 787 2331 844 Patris
2361 801 2416 844 et
2437 791 2554 846 Filii
2584 794 2822 863 Spiritus
2839 806 2941 863 est,
2971 798 3118 868 quod
3148 814 3292 870 smpe
3313 803 3512 870 sarpius
3533 803 3669 872 legi-

2083 887 2190 945 tur,
2226 882 2578 937 manifestum
2612 894 2719 950 est,
2754 889 2964 944 cnmab
2997 903 3228 960 utroque
3278 893 3498 962 spirari,
3535 910 3665 962 pro-

2079 973 2274 1026 cedere
2318 975 2550 1032 scilicm.

2151 1156 2204 1210 4.
2239 1155 2341 1220 Qui
2369 1172 2499 1211 vero
2523 1168 2800 1226 asserunt,
2843 1160 2964 1214 Filii
2999 1159 3262 1230 Spiritum
3291 1165 3399 1218 dici
3437 1177 3664 1238 propter

2079 1247 2329 1302 eamdem
2361 1257 2637 1315 naturam,
2661 1251 2916 1305 delirant.
2957 1251 3187 1322 Propter
3220 1255 3352 1324 quid
3378 1258 3522 1312 cnim
3555 1275 3662 1314 non

2078 1339 2314 1392 dicimus
2341 1347 2401 1393 et
2455 1339 2672 1394 Patrem
2723 1342 2984 1411 Spiritus,
3040 1357 3165 1397 cum
3220 1347 3466 1417 ejusdem
3501 1358 3665 1419 atque

2079 1425 2318 1492 Spiritus
2353 1435 2564 1481 natura:
2590 1430 2706 1483 est?
2728 1431 2926 1485 Annon
2960 1434 3087 1488 inde
3119 1445 3372 1504 apertum
3410 1449 3662 1494 remanet

2075 1532 2202 1572 eum
2247 1519 2341 1587 qui
2378 1519 2514 1573 dicit
2545 1521 2762 1576 Patrem
2799 1522 3062 1594 Spiritus,
3091 1527 3290 1582 Filium
3320 1529 3506 1586 dicere
3540 1530 3662 1600 Spi-
3713 1569 3726 1574 ρ

2077 1609 2268 1677 litum,
2305 1621 2360 1666 et
2413 1612 2578 1684 impia
2644 1617 2954 1684 enuntiare,
3017 1627 3075 1674 et
3135 1622 3228 1688 qui
3268 1619 3468 1682 Filium
3525 1622 3664 1678 dicit

2075 1701 2336 1770 Spiritus,
2368 1701 2551 1760 furere
2580 1715 2636 1760 et
2669 1707 2942 1772 bacchari,
2981 1717 3236 1778 tanquam
3266 1712 3360 1780 qui
3387 1711 3658 1780 Spiritum

2077 1793 2132 1846 in
2169 1795 2386 1850 Patrem
2415 1799 2764 1854 commutat?
2799 1799 3274 1865 Quemadmodum
3307 1819 3442 1874 ergo
3499 1805 3662 1861 Pater

2075 1885 2326 1944 ctFilius
2365 1891 2586 1945 nomina
2648 1898 2779 1946 sunt
2839 1893 3207 1964 Itypostatica,
3273 1896 3494 1951 modum
3549 1913 3662 1968 quo

2075 1991 2206 2034 sunt
2239 1982 2556 2054 hypostases
2580 1985 2906 2054 indicantia,
2945 1989 3059 2056 pari
3095 1991 3306 2044 ratione
3329 2001 3386 2047 et
3419 1991 3660 2062 Spiritus

2074 2087 2276 2128 nomen
2311 2076 2716 2146 hypostaticum
2750 2087 2858 2146 est,
2927 2083 3149 2136 modum
3205 2100 3316 2154 quo
3372 2085 3516 2142 illius
3556 2085 3659 2158 Ity-

2075 2167 2308 2235 postasis
2333 2180 2436 2234 est,
2465 2181 2792 2226 connotans.
2833 2173 2906 2228 Ex
2932 2175 3092 2230 Patre
3123 2193 3258 2246 ergo
3281 2187 3337 2232 et
3363 2179 3500 2234 Filio
3539 2183 3656 2250 spi—

2073 2271 2247 2324 ratur,
2282 2273 2406 2316 cum
2440 2263 2726 2318 amborum
2757 2267 2827 2320 sit
2855 2265 3114 2336 Spiritus.
3151 2268 3230 2323 Ex
3265 2283 3498 2341 utroque
3525 2289 3658 2344 etgo

2073 2349 2260 2417 habet,
2301 2352 2446 2421 quod
2477 2356 2566 2420 sit,
2609 2357 2688 2410 vel
2722 2357 2998 2432 procedat,
3039 2359 3314 2416 Przeterea
3341 2363 3472 2418 illud
3515 2382 3654 2434 quo-

2070 2458 2178 2512 que
2205 2444 2516 2500 addendum
2545 2456 2630 2501 est
2663 2466 2676 2502 :
2707 2465 2830 2503 cum
2861 2450 3030 2506 Filius
3081 2469 3242 2509 verus
3271 2453 3449 2512 Patris
3487 2457 3655 2512 Filius

2069 2539 2162 2603 sit,
2197 2551 2422 2593 necesse
2457 2551 2540 2594 est
2597 2541 2774 2607 ipsum
2811 2557 3184 2600 remanentem
3221 2547 3420 2603 Filium
3466 2552 3654 2606 onmia

2070 2625 2248 2682 Patris
2279 2629 2584 2696 possidere.
2615 2631 2882 2688 Producit
2947 2650 3080 2689 vero
3135 2637 3298 2692 Pater
3357 2639 3650 2709 Spiritum,

2068 2721 2325 2788 producit
2381 2723 2551 2792 igitur
2608 2737 2664 2780 et
2719 2726 2935 2795 Filius,
2997 2740 3056 2784 ut
3112 2733 3347 2801 ipsemet
3417 2736 3650 2790 asserit:

2069 2810 2408 2884 Quwcunque
2439 2816 2592 2870 habet
2625 2817 2789 2874 Pater
2831 2837 2950 2875 mea
3000 2835 3141 2876 sunt.
3191 2822 3483 2894 Propterea
3544 2829 3655 2882 dixi

2067 2907 2232 2973 vobis,
2259 2909 2402 2979 quod
2420 2909 2481 2962 de
2514 2927 2627 2964 meo
2656 2913 2897 2983 accipiet.
2929 2916 3162 2988 Accipiet
3205 2918 3391 2974 futuro
3443 2929 3654 2990 tempo-

2069 3013 2126 3052 re
2179 2999 2335 3066 dixit,
2369 3015 2480 3056 non
2517 3003 2664 3072 quod
2723 3015 3055 3077 accepturus
3104 3017 3284 3065 esset:
3316 3013 3452 3067 nihil
3504 3016 3652 3068 enim

2068 3106 2295 3155 novum,
2327 3104 2420 3147 aut
2441 3095 2742 3166 adjectum,
2778 3109 2873 3154 aut
2897 3103 3288 3170 temporarium
3315 3105 3370 3160 in
3402 3105 3531 3174 Deo,
3555 3110 3656 3164 sed

380 3171 684 3239 μέλλουσαν
735 3176 816 3232 δέ.
851 3179 918 3233 Ai
970 3180 1078 3248 γὰρ
1125 3183 1237 3237 τῶν
1283 3185 1577 3256 ἐνεργειῶν
1627 3194 1960 3264 φανερώσεις

2071 3197 2192 3251 quae
2227 3185 2471 3240 nondum
2499 3199 2720 3258 peracta
2747 3199 2870 3244 erat
2927 3205 3096 3260 snper
3142 3195 3439 3264 apostolos,
3500 3210 3657 3253 nomt

378 3269 632 3336 χρονικαὶ
661 3271 800 3337 πρὸς
834 3273 981 3342 ἡμᾶς
1029 3271 1212 3345 οὖσαι,
1247 3280 1340 3332 καὶ
1371 3283 1512 3336 κατὰ
1557 3286 1750 3354 χρόνον
1785 3288 1962 3356 γίνον-

375 3359 468 3411 ταί
519 3377 578 3413 τε
615 3365 708 3416 καὶ
743 3365 1052 3432 φαίνονται.
1100 3369 1319 3442 Ἐπειδὴ
1351 3371 1445 3426 οὖν
1489 3373 1682 3444 ἔμελλε
1717 3379 1960 3450 φανήσε-

377 3450 501 3502 σθαι
535 3455 568 3522 ἡ
615 3455 842 3526 τοιαύτη
893 3457 988 3510 τοῦ
1027 3459 1346 3528 Πνεύματος
1397 3465 1650 3535 ἐνέργεια
1684 3473 1794 3534 τοῖς
1825 3473 1960 3526 ἀπο-

376 3543 604 3608 στόλοις,
641 3545 732 3598 διὰ
778 3547 938 3602 τοῦτο
985 3551 1255 3623 λήψεσθαι
1303 3555 1394 3608 τὸν
1429 3557 1794 3630 Παράκλητον
1827 3563 1959 3634 παρ’

375 3628 545 3681 αὑτοῦ
577 3649 788 3705 φησιν.
828 3637 974 3702 Ἔτι,
1029 3641 1126 3694 οὑκ
1183 3642 1300 3696 ἐστι
1349 3645 1578 3702 δυνατὸν
1635 3649 1958 3722 ἀνθρώπους

375 3719 538 3786 ὄντας
568 3726 744 3790 ἄλλως
775 3733 938 3796 νοεῖν,
963 3736 1058 3786 καὶ
1093 3735 1295 3804 λέγειν,
1329 3737 1362 3808 ἢ
1394 3719 1752 3808 διανοεῖσθαι,
1797 3747 1846 3798 ει
1883 3745 1958 3816 μὴ

377 3815 437 3866 ἐν
481 3817 658 3889 χρόνῳ
681 3821 776 3874 καὶ
821 3823 962 3876 κατὰ
995 3825 1210 3895 χρόνον
1249 3829 1338 3882 διὰ
1383 3829 1542 3884 τοῦτο
1572 3833 1639 3887 τὰ
1689 3815 1956 3904 χρονικῶς

375 3907 644 3978 λεγόμενα
673 3912 846 3967 ταῦτα
871 3915 1107 3981 alonim;
1138 3923 1342 3974 νοεῖται
1371 3923 1463 3976 ἐπὶ
1496 3925 1606 3978 τῶν
1635 3926 1814 3981 θείων.
1847 3930 1955 3982 Καὶ

372 3999 512 4070 ὅπερ
541 4002 650 4072 ἄρα
677 4005 946 4074 λήψεσθαι
976 4009 1071 4062 νῦν
1097 4013 1163 4065 ἐκ
1185 4013 1280 4066 τοῦ
1311 4014 1440 4068 Υξοῦ
1467 4015 1685 4085 λέγεται
1715 4021 1742 4072 ό
1772 4021 1956 4091 Παρά-

372 4093 572 4163 κλητος
613 4097 851 4162 αἰωνίως
899 4101 960 4165 ἐξ
993 4105 1159 4156 αὑτοῦ
1195 4104 1486 4176 λαμϐάνει.
1521 4111 1600 4162 Τὰ
1649 4111 1704 4164 δὲ
1735 4113 1952 4178 αἰώνια,

370 4187 642 4253 προσόντα
671 4189 750 4258 τῷ
783 4190 924 4262 Θεῷ,
959 4196 1136 4248 πάντα
1158 4195 1214 4249 δὲ
1243 4199 1392 4268 αὑτῷ
1427 4201 1661 4265 altovid);
1691 4205 1790 4258 ὅσα
1816 4205 1950 4275 ἔχει,

366 4272 398 4342 ἢ
431 4277 500 4345 τῇ
523 4277 704 4344 φύσει,
741 4279 772 4349 ἢ
801 4283 922 4346 ταῖς
951 4284 1318 4342 ὑποστάσεσιν
1344 4289 1598 4359 ἁρμόζει.
1638 4293 1710 4344 Τὸ
1737 4295 1790 4347 δὲ
1817 4272 1953 4364 λαμ-

365 4367 554 4422 6άνειν
603 4371 902 4429 ὑπόστασιν
955 4377 1088 4448 παρ’
1146 4380 1505 4447 ὑποστάσεως
1559 4387 1618 4438 οὑ
1667 4389 1732 4456 τῇ
1790 4387 1950 4456 φύσει

367 4461 618 4531 ἁρμόζει,
659 4468 722 4536 τῇ
783 4467 1082 4524 ὑποστάσει
1133 4473 1264 4542 ἄρα.
1297 4475 1470 4529 Τοῦτο
1511 4478 1569 4531 δὲ
1615 4480 1769 4532 οὐδὲν
1821 4481 1950 4535 ἄλλο

2070 3277 2469 3345 operationem,
2507 3279 2606 3334 sed
2640 3280 3032 3352 peragendam.
3091 3283 3340 3356 Namque
3371 3291 3654 3357 Operatio-

2066 3381 2196 3418 num
2223 3369 2712 3439 manifestationcs,
2743 3388 2866 3428 cum
2892 3377 3004 3430 sint
3035 3388 3290 3446 respectu
3317 3384 3494 3438 nostri
3519 3393 3656 3440 tem-

2066 3460 2316 3526 [ποι-ςιτίει»,
2349 3463 2402 3514 in
2435 3473 2682 3533 tempore
2731 3482 2952 3537 quoque
2997 3471 3136 3525 ﬁunt
3199 3483 3255 3528 et
3307 3476 3652 3548 comparent.

2061 3551 2198 3602 Cum
2233 3551 2400 3620 igitur
2423 3555 2620 3610 similis
2648 3555 2889 3626 Spiritus
2949 3562 3198 3629 operatio
3227 3568 3494 3634 apostolis
3527 3587 3640 3625 ma-

2061 3637 2372 3693 nifestanda
2408 3653 2548 3710 erat,
2588 3644 2712 3698 ideo
2737 3655 3093 3716 accepturum
3125 3650 3470 3707 Paraelctum
3498 3671 3528 3708 a
3590 3673 3650 3712 se

2059 3731 2210 3784 dicit.
2238 3733 2320 3786 Ad
2356 3733 2469 3788 haec
2514 3737 2630 3789 ﬁeri
2687 3752 2798 3792 non
2853 3749 3053 3808 potest,
3109 3757 3234 3796 cum
3291 3747 3542 3801 homines
3571 3749 3648 3801 si—

2062 3839 2206 3891 mus,
2246 3825 2404 3880 aliter
2429 3826 2516 3882 vel
2541 3829 2870 3899 intelligere,
2902 3834 2984 3884 vel
3011 3835 3189 3904 loqui,
3215 3835 3298 3890 vel
3331 3840 3645 3916 concipere,

2061 3916 2164 3971 nisi
2208 3917 2260 3970 in
2297 3925 2545 3987 tempore
2573 3931 2629 3976 et
2654 3937 2751 3991 per
2780 3933 3028 3994 tempus:
3063 3928 3298 3999 ideoque
3337 3949 3458 4002 quae
3503 3943 3647 3988 tent-

2061 4025 2250 4074 .orum
2296 4011 2604 4068 intervallis
2639 4016 3046 4086 exprimuntur,
3073 4022 3143 4074 ab
3169 4031 3377 4078 aeterno
3420 4027 3473 4081 in
3535 4028 3648 4083 Deo

2057 4101 2460 4171 intellguntur.
2492 4104 2674 4169 Quare
2715 4109 2864 4177 quod
2919 4126 3066 4166 nunc
3101 4113 3418 4173 Paracletus
3448 4135 3646 4190 accep-

2059 4203 2212 4246 turus
2233 4209 2265 4246 a
2293 4194 2430 4249 Filio
2462 4199 2754 4266 asseritur,
2779 4203 2846 4254 ab
2884 4201 2998 4271 ipsa
3023 4208 3334 4264 aeternitate
3367 4211 3435 4265 ab
3464 4229 3531 4267 eo
3549 4228 3642 4268 ac-

2053 4290 2212 4356 cipit.
2250 4289 2380 4354 Qua:
2419 4305 2549 4345 vero
2579 4291 2650 4345 ab
2681 4293 2796 4363 ipsa
2822 4298 3133 4354 aeternitate
3177 4301 3290 4356 Deo
3335 4304 3546 4372 insunt,
3589 4317 3640 4360 et

2054 4392 2174 4445 qua:
2211 4380 2327 4447 ipse
2353 4379 2645 4435 abatterno
2679 4384 2946 4452 possidet,
2981 4398 3077 4442 aut
3107 4401 3340 4456 naturae,
3375 4407 3472 4450 aut
3543 4398 3642 4466 hy-

2054 4471 2368 4536 postasibus
2385 4477 2872 4530 accommodantur
2900 4495 2914 4544 ;
2940 4490 2995 4534 at
3025 4484 3276 4551 accipere
3309 4488 3644 4556 hypOstasint

365 4554 536 4618 ἐστὶν,
569 4559 618 4609 ει
657 4559 732 4628 μὴ
763 4559 823 4611 τὸ
867 4561 1013 4630 ἔχειν
1043 4563 1106 4617 τὸ
1149 4561 1290 4620 εἶναι
1329 4569 1390 4621 τὸ
1425 4570 1702 4641 λαμϐάνον
1729 4574 1946 4643 πρόσω-

2064 4559 2125 4612 ab
2161 4561 2442 4630 ltypostasi
2477 4580 2586 4618 non
2615 4566 2910 4637 adaptatur
2941 4582 3176 4638 naturae,
3215 4554 3644 4651 ergoltypostac

364 4661 464 4698 πον
508 4648 568 4711 ἐξ
614 4649 672 4701 οὗ
721 4651 1016 4720 λαμϐάνει.
1068 4655 1141 4709 T6
1191 4657 1248 4711 δέ
1291 4660 1352 4712 τὸ
1386 4660 1526 4716 εἶναι
1575 4663 1852 4736 λαμϐάνον
1883 4667 1946 4720 ἐκ

362 4752 507 4800 τινος
537 4740 596 4804 ἐξ
627 4742 836 4794 ἐκείνου
873 4745 987 4814 ἔχει
1023 4745 1116 4800 καὶ
1146 4749 1307 4804 πάνθ’
1332 4751 1433 4807 ὅσα
1459 4753 1592 4824 ἔχει.

432 5005 492 5060 ε’.
545 5008 687 5060 Ἀλλ’
712 5011 1040 5082 ἐπιλήψεται
1086 5031 1155 5085 με
1209 5017 1340 5080 ῐσως
1391 5035 1476 5084 τις
1529 5021 1623 5074 καὶ
1656 5023 1940 5093 μάρτυρας

357 5101 551 5165 ἐπάξει
598 5103 849 5169 πολλοὺς,
898 5108 978 5158 ὄτι
1017 5109 1079 5160 τὸ
1133 5110 1357 5180 Πνεῦμα
1406 5113 1464 5165 τὸ
1522 5113 1678 5183 ἆγιον
1731 5119 1794 5169 ὲκ
1841 5117 1942 5186 τῆς

356 5195 705 5260 ὑποστάσεως
739 5200 839 5268 μὲν
868 5200 960 5252 τοῦ
991 5201 1124 5254 Υῐοῦ
1149 5205 1248 5274 οὑχ
1277 5205 1506 5277 εὕρηται
1539 5208 1852 5278 λεγόμενον,
1876 5213 1940 5264 ἐκ

353 5289 451 5356 τῆς
484 5288 700 5356 φύσεως
745 5292 801 5344 δὲ
855 5295 948 5347 καὶ
983 5294 1081 5364 τῆς
1113 5297 1303 5360 οὐσίας
1353 5300 1446 5352 τοῦ
1487 5300 1614 5353 Υἱοῦ
1668 5303 1938 5373 πολλαχοῦ

353 5378 573 5449 εἴρηται
607 5387 758 5452 παρὰ
788 5385 898 5436 τῶν
935 5386 1036 5452 τῆς
1075 5386 1406 5458 Ἑκκλησίας
1451 5387 1810 5456 διδασκάλοιν,
1847 5393 1940 5446 καὶ

353 5471 592 5538 μάλιστα
630 5475 740 5524 τῶν
788 5477 1178 5540 Ἀνατολικῶν,
1215 5477 1309 5542 οὓς
1359 5481 1564 5550 μᾶλλον
1593 5483 1752 5552 ἡμεῖς
1783 5483 1937 5536 σε65-

352 5563 513 5632 μεθα.
555 5564 882 5636 ’λ’πέρευγε,
915 5562 960 5620 ὦ
991 5571 1090 5622 τᾶν
1115 5585 1128 5600 ⁸
1162 5570 1236 5634 ὡς
1268 5573 1448 5638 καλῶς
1492 5576 1749 5646 ἡγωνεσω
1793 5575 1936 5644 ὑπὲρ

347 5653 446 5720 τῆς
475 5653 756 5722 ἀληθείας.
801 5659 860 5709 Ὀ
891 5659 998 5726 γὰρ
1035 5663 1098 5714 ἐκ
1129 5663 1226 5732 τῆς
1256 5663 1474 5730 φύσεως
1507 5666 1684 5733 λέγων
1715 5667 1810 5718 καὶ
1837 5667 1935 5737 τῆς

343 5747 536 5809 οὐσίας
586 5749 679 5800 τοῦ
731 5749 861 5802 Υἰοῧ
903 5753 1306 5823 ἐκπορεύεσθαι
1343 5759 1432 5810 τὸν
1481 5758 1840 5830 Παράκλητον
1875 5759 1934 5824 ἐξ

344 5841 516 5909 αὑτῆς
547 5843 643 5912 τῆς
695 5843 1050 5910 ὑποστάσεως
1099 5847 1193 5900 τοῦ
1249 5849 1381 5904 Υἱοῦ
1411 5850 1580 5922 λέγει.
1631 5849 1773 5908 Οὔτε
1823 5855 1930 5926 γὰρ

669 5941 954 6002 ΡΑγιιοι..
1001 5941 1120 6005 Gtt.
1170 5944 1382 6009 CLXI.

2055 4651 2121 4702 si.
2158 4651 2314 4717 Quod
2341 4653 2480 4706 nihil
2518 4655 2666 4709 aliud
2703 4659 2891 4727 fuerit,
2925 4679 3087 4733 quam
3123 4665 3352 4736 habere,
3377 4673 3520 4739 quod
3548 4675 3642 4737 sit,

2055 4749 2732 4817 pereonamaccipientem
2758 4756 2826 4807 ab
2858 4771 2944 4822 ea,
3007 4773 3036 4810 a
3074 4775 3182 4827 qua
3224 4764 3448 4830 accipit,
3496 4769 3642 4832 quod

2057 4853 2186 4892 vero
2213 4841 2434 4909 accipit,
2461 4843 2608 4910 quod
2635 4845 2706 4898 sit
2729 4845 2798 4900 ab
2823 4848 3032 4918 aliquo,
3069 4866 3136 4905 ex
3164 4869 3230 4908 eo
3262 4857 3430 4909 etiam
3451 4857 3637 4926 habet,

2052 4928 2323 4998 quidquid
2385 4936 2650 5002 possidet.

2123 5021 2175 5075 5.
2211 5024 2318 5078 Sed
2348 5025 2488 5082 forte
2507 5043 2594 5082 me
2617 5046 2766 5086 nunc
2793 5033 3065 5105 quispiam
3087 5041 3338 5108 aSperius
3361 5043 3638 5112 tractabit,

2053 5123 2334 5186 testesque
2367 5113 2686 5191 complures
2731 5126 2992 5195 adducet,
3056 5131 3324 5200 Spiritum
3386 5147 3640 5190 sanctum

2047 5223 2117 5260 ex
2145 5207 2424 5278 hypostasi
2461 5213 2582 5268 Filii
2618 5217 2829 5271 dictum
2867 5237 3142 5290 nusquam
3171 5227 3423 5294 reperiri,
3455 5244 3523 5280 ex
3550 5245 3640 5282 na-

2049 5309 2169 5354 tura
2209 5316 2342 5356 vero
2377 5307 2687 5362 ctessentia
2719 5309 2847 5364 Filii
2879 5315 3182 5382 saepissime
3216 5323 3636 5385 pronuntiatum

2045 5391 2115 5445 ab
2145 5392 2407 5449 Ecclesia:
2435 5399 2781 5464 doctoribus,
2823 5415 2878 5457 et
2909 5409 3186 5474 praecipue
3235 5409 3632 5480 Orientaldms,

2045 5499 2184 5552 quos
2201 5501 2300 5540 nos
2327 5503 2438 5556 prie
2465 5491 2590 5545 aliis
2613 5495 2866 5550 colimus.
2887 5498 3116 5568 Egregie
3140 5517 3306 5570 supra
3335 5506 3582 5572 modum,
3605 5527 3638 5560 υ

2048 5579 2222 5632 amice
2245 5594 2410 5647 quam
2445 5583 2580 5638 scite
2611 5589 2860 5644 veritatis
2889 5607 3110 5647 causam
3143 5599 3258 5665 agis
3294 5599 3306 5650 ι
3350 5599 3454 5664 Qui
3485 5599 3632 5652 enim

2046 5685 2108 5724 ex
2143 5679 2340 5726 natura
2371 5683 2426 5726 et
2449 5680 2688 5732 essentia
2719 5681 2842 5737 Filii
2877 5689 3076 5742 asserit
3135 5691 3476 5744 Paracletum
3506 5709 3638 5762 pro-

2045 5761 2265 5830 cedere,
2291 5779 2356 5818 ex
2388 5766 2504 5837 ipsa
2539 5773 2820 5842 hypostasi
2879 5779 3003 5834 Filii
3038 5785 3260 5838 asserit.
3299 5785 3454 5840 l-laud
3482 5761 3630 5841 enim

2043 5853 2126 5914 fas
2153 5865 2240 5912 est
2264 5871 2552 5936 personas,
2579 5869 2692 5924 sive
2718 5869 3048 5943 bypostases
3091 5880 3269 5933 nudas
3299 5881 3510 5952 absque
3537 5895 3636 5937 La-

3187 5973 3264 6034 Ξῖ
