4098 6402
378 408 482 473 835

1570 408 1891 469 GEORGII
1934 411 2450 475 TRAPEZUNTII

3541 388 3664 472 336‘

385 532 509 575 tura
548 519 859 587 concipere,
904 532 1081 588 neque
1118 525 1369 573 naturam
1415 519 1620 590 absque
1660 522 1959 592 hypostasi,

2086 526 2360 595 πρόσωπα,
2395 528 2513 597 ἤτοι
2542 525 2872 587 ὑποστάσεις
2902 524 3061 593 ψιλὰς
3088 523 3257 596 χωρὶς
3287 512 3500 594 φύσεως
3524 527 3646 580 ἐπι-

387 610 641 664 absolute
670 611 723 662 in
762 609 1041 677 erunibus,
1081 610 1302 681 Deoqne
1328 612 1467 680 ipso.
1502 612 1624 667 llaec
1673 628 1805 667 vero
1837 616 1961 684 plu-

381 702 583 755 rimum
617 701 758 755 inter
796 716 854 755 se
894 701 1120 766 distant,
1154 703 1240 756 vel
1280 711 1338 756 ut
1371 703 1569 758 melius
1602 704 1804 771 dicam,
1840 705 1961 759 inti-

383 792 519 847 nlte.
545 791 600 846 In
632 792 836 848 creatis
869 791 1143 861 siquidem
1170 803 1367 847 natura
1406 810 1517 849 non
1552 794 1605 847 in
1630 796 1834 865 seipsa,
1866 796 1961 851 sed

385 885 440 936 in
471 883 757 938 individuo
783 884 1055 939 subsistit.
1099 882 1165 938 Et
1196 894 1492 955 propterea
1525 901 1669 941 unus
1712 888 1880 953 Deus,
1908 898 1965 942 et

382 974 584 1029 divina:
615 992 866 1045 persona:
892 993 1072 1047 neque
1097 980 1487 1050 magis,neque
1511 980 1697 1033 minus
1717 982 1960 1035 essentia

383 1067 501 1137 ipsa
524 1070 832 1143 subsistunt
858 1088 871 1123 :
906 1072 1079 1140 magis
1109 1070 1259 1126 enim
1285 1079 1340 1125 et
1372 1072 1556 1125 minus
1579 1070 1635 1124 in
1659 1071 1768 1125 illis
1783 1072 1964 1126 locum

382 1172 492 1211 non
526 1159 713 1212 habet.
742 1161 821 1213 lla
850 1176 979 1215 vero
1007 1161 1340 1228 subsistunt,
1376 1168 1438 1215 ut
1467 1161 1614 1216 inter
1642 1176 1700 1216 se
1722 1162 1967 1218 vicissim

386 1248 735 1315 adhaereant;
761 1250 997 1320 ideoque
1015 1266 1143 1306 vere
1165 1251 1321 1306 Trias
1340 1261 1426 1307 est
1453 1266 1595 1307 unus
1610 1252 1773 1319 Deus,
1799 1260 1853 1308 et
1874 1269 1969 1309 nc-

387 1355 497 1410 que
530 1340 863 1407 universale,
894 1356 1073 1410 neque
1101 1340 1443 1397 individuum
1493 1342 1548 1396 in
1576 1355 1641 1396 ea
1676 1342 1969 1411 concipere

388 1449 706 1504 possumus,
741 1434 1199 1504 compositionem
1231 1435 1380 1489 enim
1427 1437 1546 1490 haec
1603 1434 1868 1492 inferunt.
1902 1434 1970 1490 Et

391 1530 446 1582 in
485 1528 596 1583 Deo
625 1529 775 1582 nulla
807 1528 1138 1599 compositio
1174 1538 1280 1583 est.
1315 1527 1423 1582 Sed
1462 1527 1711 1583 sinamus
1761 1527 1878 1584 haec
1912 1528 1970 1582 in

392 1620 669 1690 praesenti,
704 1636 825 1689 qua:
856 1620 1105 1674 altiorem
1138 1618 1453 1688 indaginem
1483 1634 1548 1674 ac
1599 1618 1969 1688 theologicam

393 1722 627 1783 poscunt
658 1712 1068 1766 tractationem.
1101 1711 1181 1765 Ex
1215 1710 1353 1765 Filio
1384 1726 1517 1782 ergo
1551 1711 1720 1766 etiam
1763 1725 1967 1766 secun-

392 1806 523 1859 dum
550 1804 870 1877 objicientis
906 1804 1117 1858 dictum
1149 1803 1400 1874 procedit
1442 1803 1686 1873 Spiritus
1717 1810 1966 1858 sanctus.

2069 621 2258 688 νοῆσαι
2290 619 2537 683 δυνατὸν,
2565 618 2687 671 οὔτε
2718 619 2877 685 φύσιν
2909 618 3279 673 ἀνυπόστατον
3310 616 3403 668 ἐπὶ
3428 616 3647 670 πάντων

2069 709 2255 773 ἁπλῶς
2297 710 2391 763 καὶ
2420 709 2512 762 τοῦ
2538 709 2671 761 Θεοῦ
2705 706 2896 762 αὑτοῦ.
2929 706 3189 776 Διαφέρει
3218 705 3263 758 δ’
3293 706 3445 774 ὅμως
3476 706 3647 758 ταῦτα

2069 803 2270 872 πολλῷ,
2318 802 2351 873 ἢ
2411 802 2611 871 μᾶλλον
2665 803 2838 854 εἰπεῖν
2892 800 3157 868 ἀπείρως.
3212 800 3340 852 Ἐπὶ
3385 797 3493 869 γὰρ
3538 798 3648 851 τῶν

2068 895 2303 947 κτιστῶν
2350 896 2383 967 ἡ
2435 894 2593 963 φύσις
2629 895 2689 947 οὐ
2728 894 2851 947 καθ’
2875 892 3065 963 αὐτὴν,
3108 891 3223 944 ἀλλ’
3250 892 3309 944 ὲν
3340 891 3417 959 τῷ
3459 893 3649 960 ἀτόμῳ

2072 988 2365 1055 ὑφίσταται
2399 986 2525 1041 καθ’
2562 988 2755 1057 αὐτὴν,
2788 987 2877 1039 διὰ
2921 986 3078 1039 τοῦτο
3107 980 3188 1046 εἷς
3235 985 3390 1048 Θεός.
3429 986 3538 1038 Καὶ
3583 985 3649 1036 τὰ

2070 1082 2190 1133 θεῖα
2220 1079 2278 1133 δὲ
2311 1081 2578 1151 πρόσωπα
2607 1078 2668 1133 οῦ
2680 1097 2731 1131 τε
2766 1079 2986 1149 μᾶλλον,
3015 1078 3129 1132 οὔθ’
3153 1073 3317 1152 ἦττον
3339 1079 3436 1148 τῆς
3463 1078 3648 1141 οὐσίας

2070 1174 2419 1244 ὑτίθίεετ⁴³τι⁴ιιν¹¹ταιο
2452 1173 2525 1227 Τδ
2558 1174 2668 1244 γὰρ
2707 1174 2912 1244 μᾶλλον
2943 1173 3041 1227 καὶ
3072 1168 3237 1244 ἦττον
3270 1172 3370 1225 οὐκ
3402 1170 3514 1240 ἔχει
3545 1171 3649 1255 χίδ-

2074 1279 2174 1331 ραν
2207 1263 2347 1327 ἐκεῖ,
2376 1260 2519 1315 οὓτω
2546 1262 2591 1314 δ’
2616 1262 2931 1331 ὑφίσταται,
2956 1260 3098 1315 ὥστε
3133 1260 3379 1331 ἀλλήλων
3406 1259 3647 1330 ἔχεσθαι.

2070 1355 2181 1407 Καὶ
2227 1354 2314 1407 διὰ
2347 1354 2507 1407 τοῦτο
2549 1354 2766 1425 ἀληθῶς
2799 1355 2974 1425 Τριὰς
3006 1357 3034 1408 6
3065 1348 3146 1416 εἷς
3190 1354 3347 1419 Θεὸς,
3379 1353 3475 1405 καὶ
3524 1350 3648 1404 οὔτε

2072 1445 2326 1512 καθόλου,
2358 1445 2483 1499 οὔτε
2513 1446 2718 1516 ἄτομον
2751 1448 2869 1500 ἐκεῖ
2900 1446 3094 1517 νοῆσαι
3127 1444 3427 1515 δυνάμεθα.
3452 1443 3651 1497 Σύνθεο

2075 1554 2159 1589 σιν
2203 1539 2313 1605 γὰρ
2344 1536 2519 1591 ταῦτα
2573 1536 2846 1605 ἐπιφέρει.
2884 1537 2971 1590 Ἐν
3002 1536 3059 1590 δὲ
3099 1536 3178 1606 τῷ
3228 1536 3350 1605 Θεῷ
3402 1534 3651 1589 σύνθεσιν

2073 1626 2213 1683 εἶναι
2242 1629 2523 1684 ἀδύνατον.
2571 1629 2712 1683 Ἀλλ’
2746 1629 2993 1698 ἀφείσθω
3022 1627 3197 1682 ταῦτα
3221 1628 3291 1682 τὰ
3318 1627 3415 1682 νῦν
3456 1626 3655 1697 ὑψηλο-

2072 1724 2239 1793 τέρας
2281 1723 2433 1793 δντα,
2459 1722 2758 1791 θεολογίας.
2803 1722 2897 1775 Ἐκ
2929 1720 3023 1774 τοῦ
3073 1720 3204 1774 Υίοῦ
3237 1720 3345 1790 ἄρα
3388 1721 3482 1773 καὶ
3512 1721 3655 1773 κατὰ

2073 1817 2164 1868 τὸν
2224 1815 2706 1884 ἀνθυπενεγκόντα
2772 1813 3138 1883 ἐκπορεύεται
3188 1812 3248 1866 τὸ
3307 1813 3533 1883 Πνεῦμα
3590 1813 3654 1865 τὸ

392 1897 550 1965 Quod
582 1874 779 1968 siquis
806 1883 1126 1960 atlirmabit,
1164 1896 1419 1965 accipere
1453 1895 1680 1964 quidem
1715 1893 1967 1952 Paracle-

2086 1907 2252 1974 Ξιγιον.
2293 1906 2435 1959 Ἀλλ’
2464 1874 2522 1959 εί
2567 1922 2652 1969 τις
2685 1874 2986 1976 λαμϐάνειν
3044 1905 3144 1974 μὲν
3194 1906 3313 1976 ὲρεῖ
3364 1874 3515 1975 παρὰ
3557 1904 3651 1966 τοῦ

394 2001 507 2043 tuin
538 2006 567 2043 a
594 1989 755 2055 Filio,
784 2000 1132 2057 quaecunque
1166 1984 1378 2039 sanctis
1435 1985 1785 2041 revelaturus
1816 1992 1968 2048 erat,

392 2098 503 2136 non
542 2090 723 2134 tamen
756 2078 902 2150 quod
941 2078 1034 2142 sit,
1063 2076 1153 2132 hic
1182 2076 1344 2146 plane
1391 2076 1559 2146 impia
1594 2075 1975 2136 ell‘utietJla-

392 2176 542 2230 bebit
564 2174 769 2229 ctenim
803 2170 1009 2241 aliquid
1036 2169 1397 2240 lacquisitum
1428 2168 1772 2232 Paracletus,
1806 2175 1863 2222 et
1895 2167 1976 2222 sic

392 2285 502 2323 non
530 2268 635 2323 erit
659 2282 821 2321 verus
850 2265 1010 2319 Deus.
1042 2263 1394 2331 Quzecunque
1428 2260 1578 2317 enim
1620 2260 1769 2315 Deus
1798 2260 1974 2330 possi-

392 2364 504 2429 det,
552 2363 619 2415 ab
651 2362 765 2430 ipsa
805 2359 1114 2414 aaternitate
1149 2356 1416 2427 possidet.
1471 2353 1552 2408 Ex
1608 2353 1747 2408 Filio
1791 2355 1977 2422 itaque

392 2457 577 2521 habet,
608 2454 753 2524 quod
785 2452 856 2507 sit
884 2450 1216 2506 Paracletus.
1247 2448 1387 2503 Cum
1419 2462 1550 2502 vero
1581 2462 1799 2501 rursum
1831 2460 1977 2515 qua:-

392 2563 612 2618 cunque
645 2545 804 2601 habet
833 2544 1027 2611 Filius,
1050 2557 1120 2597 ex
1149 2541 1308 2597 Patre
1336 2539 1523 2604 habet,
1554 2547 1610 2594 et
1637 2539 1800 2594 etiam
1826 2538 1976 2607 quod

394 2640 485 2696 sit.
524 2640 597 2693 Ex
624 2638 783 2692 Patre
809 2652 941 2705 ergo
959 2635 1126 2691 habet
1156 2642 1211 2688 et
1240 2633 1345 2688 hoc
1365 2632 1651 2698 hauriens,
1686 2646 1794 2685 non
1822 2630 1980 2699 prius

394 2734 631 2804 genitus,
705 2730 1061 2801 postmodum
1135 2726 1305 2782 veluti
1361 2725 1588 2794 aliquod
1652 2735 1978 2780 extraneum

394 2826 678 2892 hauriens,
713 2826 877 2880 sicuti
900 2806 1095 2877 Petrus
1121 2831 1179 2876 et
1214 2819 1421 2874 Paulus
1448 2817 1691 2887 Spiritus
1721 2821 1978 2888 gratiam,

393 2919 492 2974 sed
526 2922 580 2973 in
619 2918 739 2988 ipso
773 2913 1150 2987 generationis
1176 2921 1300 2969 actu
1364 2928 1464 2981 per
1517 2912 1757 2976 Patrem,
1794 2910 1982 2965 omnia

395 3021 591 3065 natura
626 3009 725 3079 ipsi
753 3007 1106 3070 exhibentur,
1139 3021 1264 3076 qua:
1296 3003 1479 3058 Patris
1510 3012 1661 3058 sunt.
1698 3003 1775 3058 Ex
1801 3003 1969 3056 Patre

398 3104 567 3173 igitur
605 3112 662 3154 et
690 3100 851 3154 .—Filio
883 3100 1123 3169 Spiritus
1147 3110 1374 3154 sanctus
1405 3097 1678 3166 procedit.
1740 3095 1983 3165 Ideoque

2076 1998 2207 2052 Υίοῦ
2233 2000 2326 2052 τὸν
2361 1998 2743 2070 Παράκ).ητον,
2778 1997 2883 2052 ὅσα
2912 1997 3027 2060 τοῖς
3056 1997 3235 2065 ἁγίοις
3266 1996 3460 2064 ἔμελλε
3487 2013 3653 2066 φανε-

2078 2093 2225 2163 ροῦν,
2254 2093 2315 2145 οὐ
2347 2093 2454 2163 μὴν
2479 2090 2537 2144 δὲ
2572 2092 2665 2145 καὶ
2693 2090 2754 2143 τὸ
2785 2084 2949 2156 εἶναι,
2977 2088 3187 2143 ἀσεϐεῖ.
3213 2088 3365 2155 "East
3395 2090 3507 2160 γὰρ
3537 2090 3653 2143 ἐπί-

2077 2186 2275 2255 κτητόν
2303 2202 2356 2237 τι
2404 2185 2432 2236 6
2462 2182 2845 2255 Παράκλητος,
2885 2182 2980 2235 καὶ
3012 2181 3115 2235 οὐκ
3147 2181 3306 2236 ἔσται
3346 2181 3479 2245 Θεὸς
3524 2181 3655 2251 ἀλη-

2078 2279 2247 2340 θ.νός.
2288 2277 2474 2330 Πάντα
2527 2277 2636 2346 γὰρ
2695 2276 2796 2329 ὅσα
2837 2272 2952 2344 εχει
2987 2276 3015 2327 6
3047 2272 3181 2338 Θεὸς
3227 2275 3461 2332 αίωνίως
3518 2271 3653 2343 ἔχει.

2091 2370 2184 2421 Ἐκ
2232 2367 2326 2421 τοῦ
2377 2367 2509 2421 Υἱοῦ
2560 2366 2669 2437 ἄρα
2720 2366 2834 2437 ἔχει
2887 2365 2950 2419 τὸ
2998 2359 3141 2419 εῐναι
3188 2366 3217 2419 6
3270 2364 3654 2435 Παράκλητος.

2092 2464 2315 2537 Ἐπειδὴ
2365 2464 2421 2518 δὲ
2469 2463 2634 2517 πάλιν
2680 2461 2843 2517 πάνθ’
2870 2462 2973 2516 ὅσα
3010 2461 3124 2533 ἔχει
3178 2463 3207 2515 6
3263 2462 3413 2527 Υἱὸς,
3454 2462 3518 2514 ὲκ
3561 2458 3659 2514 τοῦ

2084 2558 2296 2627 Πατρὸς
2333 2556 2445 2627 ἔχει
2484 2555 2579 2609 καὶ
2604 2553 2739 2609 αὐτὸ
2783 2554 2844 2608 τὸ
2880 2551 3045 2621 εἶναι,
3078 2555 3143 2607 ὲκ
3173 2552 3270 2606 τοῦ
3300 2554 3516 2621 Πατρὸς
3547 2553 3659 2623 ἄρα

2084 2648 2194 2716 ἔχει
2237 2645 2524 2699 καὶτοῦτο
2552 2644 2758 2710 λαϐὼν,
2800 2644 2861 2697 οὺ
2895 2645 3163 2715 πρότερον
3206 2644 3521 2713 γενόμενος,
3558 2642 3663 2695 εἴτ’

2083 2736 2392 2802 ὲπικτήτως
2432 2731 2638 2801 λαϐὼν,
2684 2733 2875 2804 ὥσπερ
2907 2734 3113 2803 Πέτρος
3156 2734 3249 2785 καὶ
3302 2731 3514 2795 Παῦλος
3560 2732 3664 2802 τὴν

2084 2825 2243 2894 χάριν
2284 2822 2381 2875 τοῦ
2418 2823 2757 2893 Πνεύματος,
2793 2822 2909 2876 ἀλλ’
2940 2823 3000 2876 ἐν
3049 2822 3124 2892 τῷ
3162 2824 3458 2891 γεννᾶσθαι
3509 2824 3663 2895 παρὰ

2085 2915 2178 2968 τοῦ
2216 2916 2452 2985 Πατρὸς,
2489 2916 2669 2970 πάντα
2712 2914 2872 2983 φύσει
2906 2914 3109 2968 δίδοται
3136 2915 3286 2986 αὐτῷ
3314 2916 3382 2970 τὰ
3410 2914 3507 2969 τοῦ
3552 2915 3663 2969 Πα-

2085 3008 2237 3078 τρός.
2301 3008 2395 3061 Ἐκ
2448 3007 2662 3078 Πατρὸς
2694 3006 2804 3078 ἄρα
2849 3007 2945 3061 καὶ
3004 3007 3130 3061 Υἱοῦ
3181 3007 3540 3077 ἔκπορεύεται
3594 3009 3657 3061 τὸ

2091 3098 2316 3169 Πνεῦμα
2338 3099 2397 3152 τὸ
2427 3098 2599 3167 ἅγιον.
2624 3099 2724 3152 Διά
2749 3097 2912 3152 τοῦτο
2929 3098 2987 3153 δὲ
3011 3099 3327 3172 προσέθηκα
3348 3099 3428 3165 τὸ,
3449 3100 3668 3172 μένον-

398 3197 585 3251 addidi
650 3193 809 3258 illud,
852 3200 1217 3246 remanentem
1275 3191 1493 3256 Filium,
1536 3189 1735 3244 Fllilllll
1776 3188 1980 3244 habere

2087 3208 2160 3245 ta
2196 3191 2354 3257 Υίὸν,
2400 3189 2491 3244 τὸν
2524 3191 2651 3244 Υἱὸν
2683 3189 2830 3260 ἔχειν
2860 3191 3039 3244 πάντα
3084 3188 3154 3243 τὰ
3183 3189 3280 3243 τοῦ
3310 3191 3545 3261 Πατρὸς,
3576 3192 3665 3243 ἴνα

398 3290 583 3344 omnia
615 3301 963 3359 quaecunque
1013 3294 1143 3341 sunt
1175 3287 1397 3347 Patris;
1452 3300 1521 3341 ne
1566 3284 1692 3354 quis
1737 3283 1978 3338 inferat:

401 3382 843 3450 llabebititaque
877 3389 934 3433 et
969 3393 1256 3449 generare.
1288 3377 1477 3448 Neque
1510 3377 1660 3432 enim
1692 3376 1744 3432 id
1776 3377 1982 3433 habere

402 3482 606 3545 potest,
642 3482 900 3541 tanquam
933 3468 1082 3539 quod
1116 3477 1427 3539 opponatur
1449 3468 1650 3523 rationi
1682 3469 1854 3522 ﬁliali.
1881 3467 1981 3523 Es-

401 3576 487 3619 set
510 3563 786 3633 siquidem
830 3577 939 3615 non
974 3560 1147 3615 Filius
1176 3560 1378 3629 solum,
1442 3561 1540 3615 sed
1587 3561 1754 3615 etiam
1796 3560 1979 3626 Pater,

400 3661 546 3731 quod
583 3658 639 3712 in
683 3656 885 3713 Triade
923 3654 1043 3710 fieri
1093 3655 1305 3724 nequit.
1356 3653 1604 3723 Namque
1639 3654 1982 3724 hypostatica

404 3754 626 3808 nomina
667 3758 908 3814 tantum,
952 3758 1008 3804 et
1038 3762 1219 3818 neque
1258 3747 1447 3813 Filius,
1482 3762 1661 3815 neque
1715 3746 1979 3815 Spiritus,

406 3850 510 3902 nisi
547 3848 671 3918 quis
702 3845 877 3914 magis
919 3842 1105 3912 amplo
1128 3841 1444 3912 signiﬁcatu
1474 3854 1677 3894 nomen
1724 3840 1979 3909 accipiat,

406 3954 462 3997 et
482 3942 652 3996 Filius
675 3939 848 3994 Filius
864 3937 1069 4002 solum,
1094 3944 1150 3990 et
1170 3949 1279 3988 non
1298 3934 1481 3999 Pater,
1518 3946 1695 4000 neque
1719 3931 1982 4000 Spiritus;

406 4047 461 4090 et
493 4034 730 4104 Spiritus
768 4040 992 4085 sanctus
1024 4026 1267 4096 Spiritus
1296 4035 1540 4089 sanctus,
1567 4032 1625 4077 et
1645 4038 1755 4077 non
1790 4021 1983 4077 Filius.

406 4130 544 4185 Cum
584 4128 770 4195 itaque
803 4137 969 4179 verus
999 4120 1172 4175 Filius
1200 4119 1306 4185 sit,
1343 4115 1571 4171 habebit
1604 4115 1834 4170 omnino
1864 4113 1987 4185 Spi—

408 4217 576 4277 ritum
617 4219 948 4289 producere,
992 4210 1459 4285 quemadmodum
1484 4217 1541 4264 et
1580 4210 1764 4264 Pater.
1818 4206 1879 4260 ld
1941 4204 1986 4260 si

411 4330 524 4368 non
556 4310 783 4375 habeat;
819 4322 998 4378 neque
1048 4305 1220 4361 Filius
1253 4318 1420 4359 verus
1473 4300 1668 4356 fuerit:
1702 4309 1757 4355 et
1804 4299 1849 4354 si
1886 4299 1990 4353 hoc

409 4418 513 4472 est,
554 4420 732 4475 neque
766 4403 911 4457 Deus
939 4415 1141 4465 verus;
1176 4407 1231 4452 et
1253 4398 1335 4453 sic
1361 4398 1416 4452 in
1442 4396 1797 4451 Hebraeorum
1829 4406 1989 4447 sensa

413 4500 783 4568 prolabemur,
819 4494 915 4565 qui
948 4493 1167 4548 Patrem
1210 4491 1383 4545 Deum
1421 4495 1835 4556 nuncupantes,
1872 4499 1986 4538 non

2089 3284 2164 3353 μή
2211 3300 2294 3345 τις
2336 3283 2556 3352 ὲποίσῃ,
2594 3281 2749 3348 Ἐξει
2790 3282 2899 3353 ἄρα
2936 3280 3031 3335 καὶ
3074 3280 3137 3335 τὸ
3180 3283 3394 3353 γεννᾷν.
3433 3281 3510 3335 Οὐ
3556 3282 3670 3352 γὰρ

2083 3376 2309 3427 δύναται
2341 3373 2503 3426 τοῦτο
2534 3372 2682 3444 ἔχειν
2724 3374 2800 3438 ὡς
2844 3375 3225 3443 ἀντικείμενον
3268 3374 3348 3445 τῷ
3400 3374 3545 3446 λόγῳ
3586 3372 3668 3443 τῷ

2087 3465 2270 3536 υἱικῷ,
2304 3460 2413 3518 Ἦν
2440 3467 2549 3534 γὰρ
2576 3466 2642 3517 ἂν
2667 3465 2766 3535 οὺχ
2796 3464 2923 3526 Υίὸς
2953 3465 3141 3532 μόνον,
3166 3464 3303 3519 ἀλλὰ
3330 3466 3424 3519 καὶ
3454 3465 3668 3536 Πατὴρ,

2085 3560 2222 3630 ὅπερ
2254 3558 2515 3612 ἀδύνατον
2542 3558 2634 3610 ἐπὶ
2668 3556 2768 3627 τῆς
2795 3555 3046 3627 Τριάδος.
3076 3558 3160 3611 Τὰ
3186 3559 3295 3628 γὰρ
3323 3560 3670 3613 ὑποστατικὰ

2085 3652 2323 3721 ὀνόματα
2344 3651 2527 3720 μόνον,
2542 3653 2633 3703 καὶ
2654 3649 2776 3703 οὔτε
2791 3648 3067 3714 Υίὸς,οί’›τε
3084 3650 3382 3719 Πνεῦμα,εί
3402 3652 3568 3721 μήπω
3585 3667 3671 3714 τις

2087 3747 2394 3812 κοινότερον
2442 3743 2648 3814 ὲκλάϐῃ
2679 3740 2940 3811 τοῦνομα,
2972 3742 3066 3796 καὶ
3094 3743 3122 3794 6
3159 3742 3280 3806 Υίὸς
3310 3742 3439 3806 Υἱὸς
3480 3743 3667 3813 μόνον,

2090 3838 2185 3890 καὶ
2203 3834 2324 3888 οὔτε
2349 3835 2560 3905 Πατὴρ,
2579 3832 2702 3887 οὔτε
2725 3834 2969 3904 Πνεῦμα,
3000 3835 3170 3888 καὶτὸ
3188 3834 3413 3905 Πνεῦμα
3431 3835 3490 3888 τὸ
3514 3835 3673 3903 ἅγιον

2090 3930 2314 3999 Πνεῦμα
2351 3930 2527 3995 ἅγιον,
2564 3927 2655 3980 καὶ
2693 3925 2817 3979 οὒτε
2848 3926 2998 3983 Υἱός.
3034 3927 3255 3996 Ἐπειδὴ
3287 3924 3383 3982 οὖν
3416 3928 3675 3999 ἀληθινός

2090 4026 2238 4077 ἐστιν
2267 4025 2294 4076 6
2324 4022 2475 4086 Υἱὸς,
2512 4021 2626 4087 ἕξει
2659 4021 2876 4084 πάντως
2900 4020 2961 4073 τὸ
2993 4020 3321 4089 προϐάλλειν
3350 4021 3412 4073 τὸ
3442 4021 3669 4091 Πνεῦμα

2092 4114 2347 4184 καθάπερ
2393 4114 2487 4166 καὶ
2522 4115 2551 4166 6
2600 4113 2813 4182 Πατήρ.
2849 4112 2914 4166 Εἰ
2963 4112 3010 4166 δ’
3041 4113 3138 4182 οὐχ
3182 4112 3319 4179 ἕξει,
3370 4113 3471 4167 οὐκ
3516 4114 3705 4168 ἔσται

2092 4208 2219 4271 Υἱὸς
2247 4206 2525 4277 ἀληθινός.
2567 4205 2631 4259 Εἰ
2654 4205 2712 4260 δὲ
2738 4205 2915 4271 τοῦτο,
2943 4205 3065 4260 οὐδὲ
3089 4205 3222 4270 Θεὸς
3252 4206 3505 4277 ἀληθινός
3528 4224 3541 4238 ·
3575 4209 3674 4261 καὶ

2092 4298 2266 4362 οὕτως
2297 4298 2379 4361 είς
2408 4298 2476 4351 τὰ
2502 4296 2611 4350 τῶν
2653 4296 2922 4365 Ἐϐραίων
2962 4295 3447 4367 μεταπεσούμεθα,
3474 4298 3674 4361 οἵτινες

2096 4388 2317 4458 Πατέρα
2367 4387 2620 4457 λέγοντες
2661 4385 2756 4439 τὸν
2789 4386 2949 4451 Θεὸν,
2993 4387 3093 4441 οὐκ
3140 4384 3413 4458 ἀληθινὸν
3448 4387 3676 4459 Πατέρα

2095 4480 2283 4547 ἔλεγον
2317 4480 2504 4546 αὐτὸν,
2534 4480 2675 4533 ἀλλὰ
2702 4479 2866 4550 τιμῆς
2897 4479 3070 4550 δήπου
3098 4480 3281 4550 χάριν.
3310 4480 3490 4549 Ὅπερ
3518 4483 3676 4534 ἀναι-

415 4607 606 4644 νυτυιιι
636 4590 863 4642 Patrem
888 4599 1016 4639 eum
1054 4581 1393 4647 vocitabant,
1425 4580 1521 4635 sed
1552 4580 1709 4649 quasi
1746 4577 1980 4648 dignita-

2100 4573 2209 4643 ρῶν
2232 4575 2261 4626 6
2299 4572 2491 4644 Σωτὴρ
2517 4571 2670 4640 ἔλεγε
2699 4573 2833 4642 πρὸς
2874 4572 2965 4624 τὸν
3006 4573 3244 4641 Πατέρα,
3286 4570 3678 4640 Ἐφανέρωσά

416 4687 486 4738 iis
514 4697 737 4736 nonnae
766 4675 1227 4734 cohonestabant.
1246 4672 1403 4740 Quod
1422 4674 1715 4728 destruens
1732 4671 1995 4726 Servatur

414 4777 635 4831 dicebat
693 4772 839 4828 Patri
894 4788 909 4824 :
967 4766 1210 4821 Revelavi
1281 4781 1476 4819 nomen
1532 4772 1682 4817 tuum
1770 4763 1998 4816 homini-

416 4870 573 4925 bus‘.
633 4870 678 4921 A
724 4866 944 4921 Christo
1001 4874 1239 4929 namque
1305 4873 1494 4913 verum
1560 4858 1774 4912 Patrem
1824 4857 1996 4911 Deum

415 4976 538 5016 esse
587 4957 883 5014 didicimus
920 4996 935 5021 ,
989 4962 1045 5006 et
1125 4966 1314 5006 verum
1375 4950 1575 5003 habere
1632 4950 1853 5004 Filium.
1897 4947 1999 5003 Ve-

419 5071 514 5109 rus
566 5068 699 5107 vero
754 5050 927 5105 Filius
983 5060 1329 5117 quaecunque
1362 5054 1493 5099 sunt
1525 5044 1704 5098 Patris
1727 5042 1995 5113 possidet.

419 5152 497 5204 Ex
523 5150 683 5204 Patre
708 5154 914 5207 autem,
947 5140 1207 5196 utdivina
1240 5138 1732 5206 traduntEloquia,
1761 5134 2001 5203 Spiritus

420 5250 647 5295 sanctus
669 5234 914 5306 procedit
948 5250 963 5298 ;
994 5241 1047 5284 et
1099 5245 1166 5285 ex
1196 5228 1333 5283 Filio
1376 5244 1541 5299 ergo,
1578 5242 1686 5280 non
1740 5226 1868 5289 alia,
1903 5225 1997 5278 sed

420 5333 611 5387 eadem
642 5330 1027 5399 productione.
1062 5324 1236 5377 Totus
1265 5322 1413 5376 enim
1439 5330 1524 5376 est
1552 5320 1607 5373 in
1634 5322 1754 5387 ipso
1802 5318 1913 5371 Deo
1945 5324 2001 5371 et

428 5426 589 5479 Pitre
615 5421 811 5485 Filius,
849 5434 956 5473 non
984 5430 1251 5485 tempore,
1283 5429 1391 5468 non
1416 5414 1558 5475 loco,
1596 5426 1707 5464 non
1735 5408 2001 5461 interval-

430 5524 483 5569 lu
510 5518 694 5582 aliqua
728 5530 755 5567 a
793 5514 952 5566 Patre
982 5511 1306 5579 disjuncws.
1358 5504 1491 5559 Nam
1519 5521 1625 5574 qua
1656 5505 1869 5556 ratione
1898 5502 1999 5553 ho-

431 5623 550 5659 rutn
578 5607 753 5657 laetor
779 5603 886 5657 illis
913 5598 1293 5671 disjungetur?
1323 5595 1516 5650 Modus
1558 5610 1689 5649 vero
1726 5607 1834 5646 non
1866 5605 2003 5661 quo-

436 5698 843 5763 modotunque,
875 5695 968 5749 sed
995 5687 1707 5757 sublimiusintelligendus
1746 5693 1850 5738 est.
1888 5683 1999 5736 llu-

510 5879 524 5905 ⁸
549 5874 704 5928 ιυωι.
742 5891 871 5942 xui,
907 5878 960 5928 ti.

2098 4679 2216 4718 σου
2254 4664 2321 4718 τὸ
2349 4663 2541 4734 ὄνομα
2565 4662 2693 4730 τοῖς
2732 4662 3090 4732 ἀνθρώποις.
3126 4664 3281 4732 Παρὰ
3311 4661 3406 4716 τοῦ
3434 4663 3673 4732 Χριστοῦ

2099 4758 2207 4826 γὰρ
2235 4756 2490 4828 ἀληθινὸν
2516 4753 2656 4810 εἶναι
2691 4756 2914 4826 Πατέρα
2945 4755 3226 4825 ἐμάθομεν
3270 4753 3363 4808 τὸν
3388 4753 3544 4819 Θεὸν,
3580 4757 3677 4806 καὶ

2100 4849 2244 4917 ἔχειν
2270 4848 2397 4902 Υίὸν
2428 4846 2704 4918 ἀληθινόν.
2719 4844 2780 4900 Ὀ
2810 4845 2866 4898 δὲ
2905 4846 3159 4915 ἀληθινὸς
3194 4844 3320 4909 Υἱὸς
3351 4845 3531 4898 πάντα
3562 4846 3678 4915 ἔχει

2100 4941 2169 4993 τὰ
2200 4941 2294 4993 τοῦ
2334 4938 2573 5011 Πατρός.
2620 4939 2718 4993 Ἐκ
2765 4936 2859 4991 τοῦ
2902 4936 3115 5007 Πατρὸς
3165 4936 3223 4989 δὲ
3266 4937 3329 4989 τὸ
3360 4936 3585 5006 Πνεῦμα
3615 4938 3677 4988 τὸ

2102 5032 2259 5097 ἅγιον
2292 5030 2654 5100 ἐκπορεύεται
2686 5032 2829 5084 κατὰ
2859 5029 2921 5082 τὸ
2954 5028 3292 5097 Εὑαγγὲλιον
3320 5044 3334 5059 ·
3370 5028 3466 5082 καὶ
3494 5029 3557 5080 ὲκ
3581 5026 3677 5079 τοῦ

2103 5119 2235 5173 Υιοῦ
2265 5120 2397 5189 ἄρα,
2431 5122 2533 5172 οὐκ
2562 5120 2702 5191 ἄλλῃ
2730 5122 2827 5174 καὶ
2858 5118 2994 5190 ἄλλῃ
3027 5118 3287 5191 προϐολῇ,
3324 5117 3459 5172 ἀλλὰ
3488 5121 3555 5187 τῇ
3580 5118 3681 5171 αύ-

2101 5215 2187 5281 τῇ.
2219 5213 2381 5274 Ὅλος
2420 5212 2530 5281 γάρ
2559 5212 2707 5266 ἐστιν
2739 5217 2799 5265 ἐν
2848 5212 3000 5281 αὑτῷ
3040 5212 3119 5280 τῷ
3161 5212 3279 5279 Θεῷ
3317 5210 3410 5263 καὶ
3443 5210 3621 5278 Πατρὶ
3651 5211 3683 5262 ὁ

2105 5304 2253 5372 Υἱὸς,
2281 5306 2342 5357 ού
2369 5306 2568 5375 χρόνῳ,
2604 5306 2663 5358 οὐ
2712 5306 2885 5376 τόπῳ,
2910 5306 2971 5357 ού
3014 5304 3342 5373 διαστήματι
3378 5305 3685 5372 χωριζόμε-

2103 5416 2193 5463 νος
2220 5398 2315 5452 τοῦ
2345 5399 2580 5467 Πατρός.
2619 5396 2743 5457 Πῶς
2774 5397 2882 5465 γὰρ
2919 5384 2959 5447 όν
2979 5396 3210 5466 ποιητὴς
3238 5394 3443 5447 τούτων
3472 5393 3684 5456 τούτοις

2103 5491 2514 5561 διακριθήσεται
2532 5504 2549 5556 ;
2577 5489 2650 5542 Τὸ
2692 5489 2745 5540 δὲ
2775 5488 2910 5549 ὅλως
2958 5487 3058 5556 οὐχ
3090 5488 3163 5548 ὡς
3213 5484 3534 5549 ὲπιποσοῦν,
3561 5485 3683 5537 ἀλλ’

2106 5584 2453 5655 ὑψηλοτέρως
2497 5582 2737 5651 νοητέον.
2783 5580 3025 5650 Ῥήμασι
3068 5579 3178 5648 γὰρ
3212 5578 3545 5648 ἀνθρωπίοις
3588 5577 3685 5630 ἐπὶ

2105 5680 2211 5733 τῶν
2276 5677 2436 5732 θείων
2489 5674 2773 5747 χρώμεθα,
2829 5674 2906 5744 μὴ
2960 5672 3252 5742 δυνάμενοι
3311 5670 3487 5734 ἄλλως
3544 5668 3684 5724 αὐτὰ
