4098 6440
455 447 564 514 8'37

1447 443 1546 503 DE
1594 444 1748 503 UNA
1789 442 1882 501 ET
1921 441 2347 501 CA'THOLICA
2389 438 2777 501 ECCLESIA.

3603 438 3710 500 8l8

461 561 768 634 σημαίνειν.
823 559 1080 631 Νοήμασι
1128 559 1186 614 δὲ
1219 559 1322 614 οὐκ
1372 559 1759 628 ἀνθρωπίνοις,
1803 557 1918 610 ἀλλ’
1952 550 2032 614 οἷς

2142 557 2319 609 manis
2346 571 2490 608 enim
2525 555 2750 609 vocibus
2776 554 2830 607 in
2861 553 3023 607 rebus
3076 553 3279 608 divinis
3335 559 3714 625 exprimendis

457 654 842 724 ἔδδάχθημεν.
883 651 1234 722 ’Δκούσωμεν
1264 652 1320 705 δὲ
1357 651 1450 705 καὶ
1479 651 1745 720 Κυρίλλου
1776 650 1843 702 τὰ
1868 650 2029 718 ὃμοια

457 744 859 813 θεολογοῦντος.
891 743 1132 812 Ἐπειδὴ
1165 743 1278 813 γάρ
1301 743 1433 797 ἐστι
1465 745 1628 807 Θεὸς,
1655 741 1812 810 φησὶ,
1837 740 1936 793 καὶ
1962 741 2030 794 ἐκ

457 829 630 899 Θεοῦ,
664 831 818 886 κατὰ
847 834 1040 901 φύσιν
1063 836 1096 886 ό
1129 833 1260 898 Υἱός
1282 848 1297 862 ο
1324 833 1669 902 γεγέννηται
1701 831 1808 899 γὰρ
1832 831 1900 882 ἐκ
1925 826 2030 885 τοῦ

457 922 608 978 Θεοῦ
651 922 752 974 καὶ
799 925 1051 990 Πατρός·
1082 922 1238 976 ἴδιον
1280 922 1469 976 αὐτοῦ
1506 937 1568 974 τε
1601 922 1696 975 καί
1739 922 1808 973 ἐν
1848 921 2032 987 αὐτῷ,

457 1015 556 1068 καί
604 1014 674 1078 ἐξ
705 1015 894 1068 αὐτοῦ
925 1015 992 1068 τὸ
1025 1015 1273 1084 Πνεῦμά
1311 1014 1462 1068 ἐστι.
1497 1014 1653 1067 Κατὰ
1685 1016 1847 1082 φύσιν
1888 1016 2035 1066 ἐστὶν

456 1109 520 1160 ἑκ
571 1109 666 1161 τοῦ
713 1109 872 1172 Θεοῦ,
919 1110 1105 1178 φησὶν,
1139 1110 1165 1160 ὁ
1205 1108 1348 1172 Υἱὸς,
1384 1107 1528 1178 ἦτοι,
1577 1107 1738 1176 φύσει
1781 1109 1927 1159 ἐστὶν
1976 1107 2036 1170 ἐξ

456 1198 644 1260 αὑτοῦ,
675 1199 737 1252 ού
766 1200 1041 1268 βουλήσει,
1070 1201 1168 1268 οὐχ
1194 1199 1278 1252 ὅτι
1304 1200 1362 1251 ού
1393 1199 1645 1269 βούλεται
1669 1199 1697 1250 ὁ
1725 1200 1914 1268 Πατὴρ
1944 1199 2036 1251 τὴν

457 1291 606 1344 mw
637 1292 754 1353 πῶς
786 1295 929 1362 γάρ;
965 1295 1092 1362 περὶ
1130 1286 1190 1346 οὗ
1228 1309 1394 1361 φησιν
1427 1292 1611 1356 αὐτὸς,
1650 1291 1806 1345 Ἰδοὺ
1835 1293 1866 1343 ό
1901 1291 2034 1355 Υἱός

449 1400 568 1451 μου
599 1386 630 1434 d
652 1382 979 1452 ἀγαπητὸς,
998 1385 1086 1449 είς
1109 1383 1182 1436 ὃν
1200 1382 1527 1448 εὐδόκησα·
1547 1380 1662 1436 ἀλλ’
1681 1382 1761 1433 ὅτι
1790 1381 1850 1432 τὸ
1876 1380 2035 1448 φύσει

456 1472 553 1523 καὶ
601 1472 662 1523 τὸ
717 1471 973 1541 βουλήσει
1019 1472 1248 1524 ἐπὶτῶν
1298 1470 1457 1522 θείων
1505 1467 1843 1522 ἀντίκεινταί
1893 1484 2034 1529 πως.

449 1562 618 1615 Φύσει
652 1562 761 1632 γὰρ
793 1563 1026 1632 λέγομεν
1059 1561 1201 1615 είναι
1233 1563 1299 1614 τὰ
1329 1555 1404 1614 ὧν
1435 1563 1468 1631 ἠ
1502 1560 1662 1632 φύσις
1705 1561 1827 1613 καθ’
1862 1561 2034 1628 αὐτὴν

457 1655 626 1708 αἰτία’
659 1654 914 1725 βουλήσει
947 1654 1004 1707 δὲ
1037 1655 1104 1708 τὰ
1135 1651 1210 1709 ὧν
1241 1656 1275 1725 η
1316 1653 1593 1725 βούλησις.
1631 1655 1739 1710 Καὶ
1783 1656 1898 1716 τοῖς
1934 1653 2034 1720 μὲν

460 1747 620 1816 φύσει
668 1746 1055 1801 συνακολουθεῖ
1103 1749 1200 1802 καὶ
1251 1749 1284 1816 ή
1334 1748 1591 1818 βούλησις
1638 1749 1778 1818 πλὴν
1820 1751 1918 1817 οὐχ
1957 1746 2035 1810 ὼς

454 1840 622 1891 αίτία⁶
674 1842 784 1901 τοῖς
827 1839 884 1891 δὲ
928 1838 1187 1910 βουλήσει
1229 1841 1262 1911 ἡ
1304 1840 1468 1910 φύσις
1517 1841 1578 1895 ού
1624 1839 2032 1894 συνακολουθεῖ.

467 1932 598 1984 Ἰδοὺ
645 1932 756 2002 γὰρ
803 1932 965 2000 φύσει
1014 1949 1097 1995 τις
1131 1934 1383 2000 ἀναπνεῖ,
1433 1937 1528 1988 καὶ
1559 1933 1778 1996 ὀδόντας
1811 1933 2026 2002 ἐκφύει,

454 2026 546 2077 καὶ
578 2023 830 2093 βούλεται
861 2025 1036 2078 ταῦτα
1066 2019 1205 2080 είναι
1233 2025 1403 2096 αὐτῷ’
1434 2026 1550 2080 ἀλλ’
1579 2029 1639 2080 οὐ
1673 2026 1806 2080 διότι
1842 2025 2030 2098 βούλε-

449 2133 562 2184 ται,
596 2117 682 2171 διὰ
711 2117 870 2171 τοῦτο
897 2119 992 2171 καὶ
1023 2119 1136 2188 ἔχει
1168 2134 1186 2151 ο
1215 2119 1353 2172 ἀλλὰ
1383 2118 1544 2188 φύσει
1595 2118 1734 2188 ἔχων
1765 2121 1858 2173 καὶ
1903 2119 2030 2188 βού-

453 2208 606 2260 λεται
635 2209 802 2280 ἔχειν.
836 2209 1098 2280 Βουλήσει
1126 2210 1183 2263 δέ
1229 2228 1315 2274 τις
1354 2213 1446 2264 τὸν
1474 2209 1715 2280 πώγωνα
1743 2211 1901 2282 ξυρᾷ,
1934 2214 2029 2266 καὶ

451 2302 534 2362 είς
560 2302 622 2352 τὸ
655 2300 826 2371 ξυρᾷν
860 2302 1013 2355 οὐδὲν
1048 2303 1081 2372 η
1116 2301 1280 2372 φύσις
1308 2304 1475 2369 ποιεῖ,
1501 2305 1549 2355 εί
1582 2305 1659 2374 μή
1693 2320 1772 2365 τις
1811 2305 1941 2376 εἴπῃ
1969 2305 2030 2358 τὸ

449 2392 712 2444 δύνασθαι
749 2391 910 2446 τοῦτο
943 2395 1141 2447 ποιεῖν.
1184 2394 1419 2463 Ὁμοίως
1451 2396 1546 2450 καὶ
1582 2397 1674 2448 ἐπὶ
1703 2396 1813 2450 τῶν
1845 2398 2026 2454 θείων.

449 2484 614 2536 Φύσει
640 2486 748 2556 γὰρ
775 2487 803 2537 ό
833 2484 959 2548 Υἱὸς
988 2488 1052 2538 ὲκ
1082 2485 1174 2539 τοῦ
1203 2487 1437 2558 Πατρός·
1464 2487 1560 2542 καὶ
1586 2489 1647 2542 τὸ
1673 2487 1831 2558 ἅγιον
1860 2490 2028 2544 Πνεῦ-

453 2593 533 2645 μα
574 2578 716 2628 κατὰ
757 2575 922 2643 φύσιν
953 2577 1017 2629 ὲκ
1052 2578 1263 2648 Πατρὸς
1292 2580 1386 2632 καὶ
1423 2578 1577 2632 Υίοῦο
1611 2579 1900 2650 δηλοῦντος
1929 2583 2027 2636 τοῦ

448 2670 659 2738 φύσει,
689 2672 782 2723 καὶ
815 2670 966 2724 κατὰ
1008 2673 1223 2741 φύσιν,
1253 2672 1330 2737 ώς
1362 2674 1460 2745 οὐχ
1492 2675 1526 2744 ή
1560 2673 1817 2745 βούλησις
1849 2677 2026 2744 αἰτία,

452 2757 567 2810 αλλ’
613 2763 646 2830 ἡ
695 2759 899 2830 φυσικὴ
967 2759 1195 2831 δύναμις
1243 2761 1459 2824 ἐνοῦσα,
1507 2762 1652 2829 ἄλλῳ
1699 2765 1797 2832 μὲν
1839 2762 2026 2832 τρόπῳ

455 2851 608 2921 μόλῳ
638 2851 716 2920 τῷ
753 2854 927 2922 Πατρὶ
956 2853 1035 2924 τῷ
1081 2855 1222 2907 κατὰ
1255 2856 1529 2924 γέννησιν,
1568 2855 1713 2926 ἄλλῳ
1757 2856 2028 2928 δὲΠατρὶ

453 2945 592 3013 ὁμοῦ
621 2946 714 2999 καὶ
743 2944 855 3014 Υίῴ
887 2945 964 3014 τῷ
999 2949 1123 3000 κατ’
1148 2948 1499 3019 ἐκπόρευσιν.
1528 2949 1638 3003 Καὶ
1675 2952 1804 3018 περὶ
1833 2948 2026 3002 τούτου

456 3036 556 3105 μὲν
592 3038 910 3106 ἀρκούντως
936 3039 1060 3110 ἤδη,
1093 3039 1294 3109 μᾶλλον
1320 3041 1374 3094 δὲ
1401 3041 1494 3095 καὶ
1518 3042 1689 3096 πλείω
1720 3042 1816 3113 τῆς
1843 3044 2028 3115 χρείας

452 3126 691 3197 εἴρηται,
718 3131 977 3184 τοσοῦτον
1012 3132 1105 3185 τοῦ
1132 3133 1295 3186 πόθου
1329 3135 1675 3204 κινήσαντος.
1709 3134 1890 3187 Πολλὰ
1919 3135 2028 3204 γὰρ

2141 647 2368 712 utimur,
2395 660 2522 700 cum
2556 659 2667 700 non
2699 646 2982 700 valeamus
3005 659 3098 700 eas
3129 646 3239 700 alio
3256 647 3420 701 modo
3447 648 3716 711 indicari»,

2140 747 2196 792 at
2229 738 2520 794 sententiis
2561 754 2668 793 non
2727 738 3007 797 humanis.
3044 739 3140 793 sed
3187 739 3274 803 iis,
3335 741 3474 809 q‘uas
3533 744 3717 798 edocti

2147 846 2357 886 sumus.
2380 831 2691 886 Audiamus
2713 847 2879 900 porro
2910 831 3171 901 Cyrillum
3213 833 3326 887 haec
3351 832 3550 888 eadem
3595 851 3719 902 per—

2141 931 2499 976 tractantem:
2533 923 2665 975 Cum
2693 923 2831 975 enim
2855 929 2930 975 est
2969 923 3131 988 Deus,
3165 925 3264 986 ait,
3297 934 3346 977 et
3388 941 3453 978 ea:
3489 925 3593 978 Deo
3629 943 3714 979 se-

2135 1013 2370 1065 cundum
2409 1019 2663 1064 naturam
2697 1009 2895 1078 Filius,
2925 1023 3206 1080 generatus
3237 1016 3495 1081 siquidem
3530 1026 3604 1069 est
3646 1034 3710 1069 ea:

2139 1102 2248 1155 Deo
2282 1111 2328 1154 et
2377 1101 2558 1164 Patre,
2589 1104 2834 1171 proprius
2866 1104 3056 1172 ipsius,
3086 1113 3140 1156 et
3173 1105 3222 1156 in
3257 1107 3393 1172 ipso,
3449 1113 3500 1158 et
3527 1123 3589 1159 ea:
3637 1110 3718 1177 ip-

2136 1211 2195 1248 so
2227 1193 2455 1265 Spiritus
2479 1206 2574 1247 est.
2611 1195 2927 1249 Secundum
2958 1206 3206 1249 naturam
3243 1212 3308 1248 ex
3349 1199 3456 1250 Deo
3486 1208 3591 1264 est,
3631 1202 3713 1250 in-

2139 1284 2282 1352 quit,
2321 1285 2518 1350 Filius,
2559 1294 2755 1339 natura
2788 1285 3000 1338 scilicet
3045 1295 3219 1339 estex
3253 1286 3391 1351 ipso,
3454 1302 3562 1339 non
3621 1304 3719 1340 vu-

2137 1377 2370 1442 luntate,
2399 1393 2508 1430 non
2533 1378 2676 1444 quod
2704 1392 2810 1430 non
2833 1377 2963 1431 velit
2989 1376 3398 1432 PnterFilium:
3425 1381 3717 1448 quieniml

2138 1485 2262 1523 cum
2295 1469 2362 1523 de
2393 1484 2460 1522 eo
2491 1468 2638 1522 dicat
2672 1469 2818 1538 ipse:
2863 1469 2996 1522 Ecce
3026 1468 3197 1523 Filius
3237 1488 3380 1526 meus
3409 1474 3634 1526 dilectus
3659 1477 3714 1527 in

2137 1578 2241 1632 quo
2265 1562 2393 1616 mihi
2431 1561 2560 1614 bene
2605 1561 2904 1630 complacui
2923 1579 2943 1627 ;
2975 1563 3070 1616 sed
3105 1564 3250 1632 quod
3281 1564 3333 1618 id
3366 1567 3514 1634 quod
3548 1577 3709 1621 natu-

2139 1670 2198 1730 ra
2215 1663 2322 1720 est,
2339 1664 2396 1709 et
2426 1653 2480 1708 id
2516 1653 2663 1723 quod
2688 1654 2968 1708 voluntate
2991 1655 3045 1708 in
3070 1637 3275 1710 divinis
3305 1659 3716 1726 quodammodo

2137 1756 2516 1816 opponuntur.
2549 1745 2685 1800 Nam
2716 1756 2914 1800 natura
2947 1747 3182 1801 dicimus
3213 1762 3336 1802 esse
3365 1765 3450 1813 ea,
3475 1766 3712 1819 quorum

2138 1850 2331 1896 natura
2377 1841 2678 1895 secundum
2714 1855 2774 1894 se
2821 1840 2994 1909 ipsam
3055 1856 3219 1896 causa
3267 1851 3372 1902 est.
3435 1843 3714 1899 voluntate

2138 1946 2290 1997 vero,
2318 1947 2556 2001 quorum
2594 1931 2864 1997 voluntas:
2899 1941 2954 1987 ct
2978 1931 3044 1986 iis
3065 1947 3188 2000 quae
3214 1943 3410 1988 natura
3443 1945 3591 2002 sunt,
3621 1950 3714 1988 co-

2137 2025 2362 2080 mitatur
2387 2033 2446 2079 et
2467 2025 2746 2088 voluntas,
2793 2024 2890 2079 sed
2923 2014 3031 2079 non
3090 2035 3350 2094 tanquam
3407 2042 3593 2094 causa,
3645 2029 3716 2083 iis

2136 2133 2291 2181 vero,
2323 2133 2444 2187 qua:
2472 2117 2759 2172 voluntate
2787 2126 2935 2181 sunt,
2978 2126 3174 2172 natura
3228 2134 3339 2173 non
3397 2121 3710 2176 comitatur.

2137 2208 2250 2274 Sic,
2286 2218 2346 2264 ut
2371 2208 2545 2274 vides,
2589 2219 2785 2263 natura
2813 2210 3088 2278 quispiam
3117 2208 3312 2277 Spirat,
3339 2219 3396 2264 et
3419 2211 3610 2266 dentes
3635 2212 3715 2280 gi-

2137 2302 2275 2372 gnit,
2309 2291 2538 2370 vultque
2559 2315 2621 2354 ea
2653 2300 2976 2369 possidere:
3006 2310 3061 2356 at
3085 2317 3193 2356 non
3233 2315 3526 2372 propterea
3565 2310 3710 2373 qunti

2135 2395 2272 2457 vult,
2308 2394 2433 2448 ideo
2457 2392 2816 2462 illapossidet
2849 2409 2863 2458 ;
2891 2393 2986 2447 sed
3012 2405 3208 2448 natura
3241 2395 3472 2458 habens,
3511 2396 3711 2452 vultea

2136 2486 2437 2555 possidere.
2475 2486 2767 2540 Voluntate
2799 2487 2926 2539 item
2959 2487 3084 2555 quis
3109 2487 3336 2540 barbam
3369 2488 3539 2554 radit,
3562 2497 3620 2544 et
3641 2491 3708 2544 ad

2137 2579 2437 2633 radendum
2463 2579 2599 2633 nihil
2623 2587 2815 2633 natura
2849 2579 3081 2644 confert,
3116 2581 3218 2635 nisi
3251 2582 3375 2651 quis
3420 2582 3556 2636 illud
3581 2599 3714 2638 con-

2135 2669 2282 2726 ferre
2313 2671 2479 2730 dicat,
2514 2686 2674 2740 posse
2708 2671 2842 2724 illud
2872 2672 3108 2727 eﬂicere.
3147 2673 3268 2726 Pari
3298 2674 3510 2728 ratione
3537 2677 3593 2729 in
3623 2677 3710 2730 di-

2138 2763 2283 2817 vinis
2311 2762 2810 2831 phélosophandutn
2835 2775 2939 2818 est.
2991 2763 3195 2817 Natura
3251 2765 3397 2818 enim
3436 2764 3613 2821 Filius
3643 2782 3712 2821 ex

2135 2854 2321 2919 Patre,
2357 2863 2413 2909 et
2447 2854 2680 2923 Spiritus
2712 2863 2938 2910 sanctus
2969 2856 3272 2910 secundum
3325 2866 3577 2911 naturain
3640 2873 3709 2913 εἰ

2138 2947 2296 3002 Patre
2321 2955 2378 3002 et
2411 2946 2584 3000 Filio:
2617 2957 2834 3012 natura,
2865 2956 2914 3000 et
2929 2947 3222 3000 secundum
3253 2950 3598 3012 naturam,id
3632 2951 3715 3005 in~

2137 3039 2380 3105 dicante,
2408 3055 2517 3093 non
2547 3039 2886 3094 voluntatem
2920 3054 3042 3093 esse
3065 3055 3309 3108 causam,
3337 3042 3435 3096 sed
3489 3055 3717 3098 natura-

2139 3132 2244 3188 lem
2268 3132 2608 3199 facultatem,
2632 3146 2752 3201 quae
2776 3132 2884 3186 alio
2939 3136 3104 3187 modo
3139 3134 3241 3188 soli
3277 3137 3424 3189 Patri
3457 3137 3712 3207 inhaeret,

451 3222 682 3291 φέρεται
722 3223 853 3290 περὶ
883 3223 1072 3278 τούτου
1117 3225 1530 3294 συγγράμματα
1562 3225 1658 3277 καὶ
1687 3225 1864 3279 ἄλλων
1892 3225 2021 3278 πολι

2138 3225 2231 3295 qui
2254 3225 2306 3278 in
2339 3226 2696 3294 generatione
2725 3232 2830 3289 est,
2865 3235 2920 3278 et
2945 3225 3054 3279 alio
3075 3225 3226 3280 Patri
3294 3227 3460 3282 simul
3493 3239 3547 3284 et
3575 3229 3717 3286 Filio

452 3312 580 3382 λῶν,
606 3316 701 3368 καὶ
721 3316 855 3385 ἐμοῦ
885 3316 1050 3370 αὑτοῦ
1081 3318 1216 3386 πρός
1239 3334 1389 3381 τινας
1417 3317 1524 3371 τῶν
1555 3318 1742 3374 αὐτόθι
1766 3321 1844 3383 είς
1875 3320 2028 3390 Κρή-

450 3426 552 3478 την
585 3410 930 3480 πεμφθέντα.

2138 3320 2232 3386 qui
2276 3320 2330 3372 in
2359 3317 2748 3388 productione.
2783 3317 2850 3371 Et
2881 3317 2950 3372 de
2980 3318 3084 3374 hoc
3115 3321 3337 3388 quidem
3373 3324 3507 3378 satis
3539 3325 3718 3380 abun-

2137 3414 2316 3481 deque
2344 3419 2429 3465 est
2450 3411 2679 3476 dictum,
2713 3410 2995 3479 multoque
3020 3412 3184 3466 etiam
3215 3415 3370 3482 plura
3393 3433 3553 3484 quam
3571 3432 3716 3487 cpus

450 3511 594 3569 erat,
615 3503 921 3574 desiderio,
950 3521 1060 3577 quo
1089 3504 1423 3571 inﬂammor,
1479 3505 1551 3561 ad
1619 3505 1734 3562 haec
1789 3522 2014 3577 quoque
2043 3507 2408 3579 propellente.
2437 3503 2516 3558 De
2552 3504 2660 3558 hoc
2679 3518 2850 3572 porro
2877 3503 3129 3573 plerique
3161 3513 3428 3561 tractatus
3476 3509 3718 3566 circum-

455 3593 731 3662 feruntur,
770 3607 828 3652 et
856 3597 1090 3652 aliorum
1127 3599 1452 3664 multorum,
1488 3606 1544 3653 et
1575 3601 1680 3654 mei
1715 3599 1889 3669 ipsius
1942 3599 2009 3653 ad
2050 3598 2340 3670 quosdam,
2378 3596 2473 3666 qui
2505 3597 2561 3649 in
2586 3594 2749 3650 Creta
2777 3595 2955 3650 insula
2989 3597 3196 3665 degunt
3231 3598 3573 3654 transmissa.

530 3699 606 3757 ς’.
643 3693 784 3765 Περὶ
811 3695 868 3748 δὲ
892 3693 984 3747 τοῦ
1012 3695 1286 3765 δευτέρου,
1311 3694 1392 3746 ὃτι
1418 3693 1534 3762 χρὴ
1565 3695 1782 3762 μνείαν
1809 3695 1878 3749 ἐν
1905 3695 2032 3760 ταῖς

455 3789 644 3854 θείαις
663 3787 1083 3856 εὐχαριστίαις
1102 3787 1401 3844 ποιεῖσθαι
1423 3786 1528 3842 τοῦ
1549 3786 1788 3853 πάππα,
1813 3787 2032 3840 λεκτέον

455 3877 593 3947 πρὸς
625 3877 792 3945 ὑμᾶς,
831 3876 1094 3948 Πατέρες,
1126 3879 1188 3930 τὸ
1217 3876 1437 3948 ἀληθές.
1466 3877 1548 3930 ὅτι
1603 3876 1864 3930 ἀδύνατόν
1915 3876 2032 3928 ἐστι

456 3967 699 4036 σωθῆναι
744 3968 835 4020 τὸν
887 3967 964 4037 μὴ
1023 3966 1352 4020 πιστεύοντα
1407 3968 1488 4031 είς
1547 3969 1679 4037 μίαν
1736 3966 2032 4036 καθολικὴν

466 4060 822 4129 Ἐκκλησίαν.
862 4061 930 4113 Ἦ
959 4061 1016 4113 δὲ
1066 4059 1334 4130 καθολικὴ
1370 4060 1508 4131 μόνη
1558 4061 1626 4131 τῇ
1672 4058 1774 4128 τῆς
1814 4058 2032 4128 Ῥώμης

455 4153 574 4206 ἐστὶ
601 4152 701 4222 μία
726 4167 737 4179 °
759 4152 1016 4208 ἀδύνατον
1040 4152 1148 4222 ἄρα
1172 4153 1290 4206 ἐστὶ
1336 4150 1578 4222 σωθῆναι
1602 4151 1692 4204 τὸν
1717 4151 1793 4220 μὴ
1818 4151 2036 4203 πιστεύ·

456 4263 590 4301 οντα
621 4248 702 4309 είς
729 4247 826 4316 τὴν
867 4246 1196 4314 Ἐκκλησίαν
1242 4250 1339 4316 τῆς
1383 4244 1625 4315 Ῥώμης,
1655 4245 1775 4314 ἦτοι
1824 4245 1915 4296 τὸν
1957 4245 2034 4315 μὴ

403 4318 417 4334 ο
460 4338 805 4405 πιστεύοντα,
841 4337 916 4401 ὡς
951 4339 1197 4392 πιστεύει
1236 4341 1269 4409 ἡ
1303 4338 1406 4408 τῆς
1450 4336 1670 4406 Ῥώμης
1712 4337 2033 4407 Ἐκκλησία.

471 4429 529 4482 Ὁ
559 4431 616 4483 δὲ
651 4429 728 4498 μὴ
759 4430 1201 4500 παραδεχόμενος
1246 4429 1308 4481 τδ
1361 4430 1456 4483 τοῦ
1508 4431 1713 4482 πάππα
1754 4430 2034 4496 μνημόσυ-

2209 3693 2262 3746 6.
2300 3692 2375 3746 De
2404 3691 2648 3746 secundo
2681 3705 2814 3743 vero
2837 3727 2851 3752 ,
2884 3691 3184 3757 faciendam
3219 3704 3416 3760 nempe
3442 3709 3556 3747 esse
3579 3696 3720 3748 inter

2136 3786 2341 3839 divinas
2406 3800 2581 3855 preces
2633 3800 2787 3853 papa:
2840 3786 3440 3850 commemorationem,
3507 3789 3717 3843 veritas

2139 3879 2318 3943 vobis,
2349 3875 2879 3946 Patres,aperienda
2901 3886 3010 3930 est.
3043 3876 3187 3930 Fieri
3222 3878 3435 3948 nequit,
3471 3887 3529 3932 ut
3562 3881 3718 3949 quis-

2135 3971 2280 4040 piam
2302 3973 2535 4025 salutem
2568 3978 2962 4036 consequatur,
2986 3970 3081 4037 qui
3112 3969 3167 4023 in
3191 3985 3356 4023 unam
3385 3972 3717 4028 catholicam

2135 4064 2436 4119 Ecclesiam
2485 4079 2596 4116 non
2659 4063 2876 4128 credit;
2928 4063 3200 4116 catholica
3249 4072 3378 4116 vero
3434 4066 3550 4118 sola
3609 4080 3714 4118 una

2145 4157 2394 4212 Romana
2418 4165 2522 4209 est.
2556 4156 2737 4220 Quare
2771 4154 2886 4207 ﬁeri
2926 4154 3080 4207 nullo
3114 4154 3280 4208 modo
3306 4165 3507 4224 potest,
3541 4167 3598 4211 ut
3635 4173 3721 4212 sa-

2137 4249 2307 4303 lutem
2347 4249 2567 4310 habeat,
2605 4249 2705 4302 nisi
2734 4248 2787 4300 in
2825 4249 3128 4302 Romanam
3174 4247 3474 4302 Ecclesiam
3504 4253 3716 4316 credat,

2137 4339 2255 4394 sive
2281 4351 2338 4393 ut
2373 4337 2618 4393 Romana
2655 4338 2924 4402 Ecclesia,
2953 4339 3027 4391 ita
3055 4348 3111 4391 et
3135 4337 3252 4406 ipse
3287 4339 3496 4393 credat.
3521 4343 3592 4394 At
3623 4345 3718 4411 qui

2135 4433 2717 4486 commemorationem
2783 4445 2938 4498 papae
3006 4433 3253 4499 respuit,
3317 4432 3608 4487 manifesto
3663 4451 3720 4488 se

463 4540 578 4588 νον,
612 4523 785 4592 δηλοῖ,
818 4524 902 4576 ὃτι
929 4525 992 4576 ού
1026 4523 1399 4593 παραδέχεται
1447 4521 1550 4593 τὴν
1579 4522 1677 4592 τῆς
1720 4521 2032 4592 Ῥωμαῖκῆς

2138 4525 2341 4594 prodit,
2397 4523 2557 4576 [idem
2595 4523 2858 4576 Ecclesiae
2903 4523 3164 4575 Romanae
3199 4538 3429 4590 prorsus
3467 4526 3718 4595 rejicere.

471 4617 826 4688 Ἐκκλησίας,
853 4617 1038 4671 πίστιν
1061 4631 1077 4649 ⁶
1114 4617 1375 4672 ἀδύνατον
1419 4617 1528 4685 ἄρα
1566 4618 1658 4669 τὸν
1691 4616 1766 4685 μὴ
1811 4615 2032 4669 θέλοντα

2138 4617 2321 4681 Quare
2357 4616 2470 4670 fieri
2496 4618 2712 4685 nequit,
2749 4614 2924 4684 utqui
2958 4617 3542 4671 commemorationem
3579 4619 3723 4672 inter

459 4710 685 4776 μνήμην
732 4711 791 4760 ὲν
841 4711 962 4770 ταῖς
1004 4709 1176 4771 θείαις
1218 4707 1585 4777 λειτουργίαις
1625 4708 1898 4761 ποιεῖσθαι
1937 4707 2030 4759 τοῦ

2138 4707 2425 4760 Missarum
2455 4707 2722 4759 solemnia
2754 4721 2906 4772 papae
2936 4722 3046 4758 non
3093 4706 3245 4770 facit,
3277 4708 3512 4762 salutem
3546 4710 3725 4778 adipi;

463 4775 690 4868 πάππα,
725 4801 1003 4872 σωτηρίας
1049 4804 1253 4870 τυχεῖν.
1290 4775 1411 4855 Kal
1428 4775 1587 4854 τοῦτο
1619 4803 1819 4863 πάντες
1857 4803 1905 4854 ot
1944 4802 2032 4854 ἐπ’

2139 4810 2358 4854 scatur:
2388 4809 2444 4853 et
2494 4799 2600 4852 hoc
2638 4801 2830 4852 omnes
2855 4799 2950 4867 qui
3000 4797 3054 4851 in
3111 4799 3371 4854 Ecclesiis
3400 4775 3722 4871 Symbolum

469 4893 800 4962 Ἐκκλησίας
848 4893 911 4945 τὸ
955 4892 1230 4961 Σύμϐολον
1279 4893 1648 4960 ἐπιφωνοῦντες
1701 4893 2032 4962 κηρύττουσι

2141 4893 2399 4954 recitant,
2419 4892 2593 4959 palam
2626 4889 2847 4957 quidem
2883 4889 3268 4957 pronuntiant,
3294 4889 3390 4943 sed
3422 4907 3528 4943 non
3552 4891 3722 4944 intel-

460 4984 581 5052 μὲν,
617 4986 678 5036 ού
724 4983 903 5038 νοοῦσι
950 4984 1029 5038 δέ.
1073 4985 1161 5039 Ἐν
1209 4987 1317 5055 γὰρ
1363 4983 1440 5054 τῷ
1496 4984 1628 5055 θείῳ
1674 4985 1937 5054 Συμϐόλῳ
1985 4987 2032 5038 οἱ

2138 4983 2337 5054 ligunt.
2396 4986 2641 5052 Namque
2678 4983 2856 5037 sancti
2906 4982 3111 5062 Patres
3137 4982 3191 5036 in
3243 4982 3432 5036 divino
3463 4984 3723 5053 Synibolo

458 5079 606 5145 ὅιγιοι
646 5079 889 5147 Πατέρες
934 5077 1153 5148 πρῶτον
1199 5077 1300 5148 μὲν
1339 5078 1619 5132 πιστεύειν
1650 5079 1914 5132 ὲκὸοῶσιν
1945 5081 2035 5143 είς

453 5169 567 5224 ἕνα
610 5172 759 5224 Θεὸν
791 5171 1026 5238 Πατέρα
1062 5171 1540 5240 παντοκράτορα,
1575 5173 1666 5224 καὶ
1702 5173 2036 5225 συνάπτουσι

455 5262 556 5316 καὶ
587 5265 674 5329 εἰς
705 5263 814 5317 ἕνα
861 5265 1084 5332 Κύριον
1125 5265 1372 5332 Ἰησοῦν
1400 5264 1681 5333 Χριστὸν,
1709 5266 1808 5318 καὶ
1846 5266 1933 5329 είς
1968 5263 2036 5318 τὸ

456 5354 704 5426 Πνεῦμα
752 5357 820 5411 τὸ
874 5357 1070 5425 ἅγιον-ι
1106 5357 1297 5410 ἔπειτα
1330 5357 1387 5410 δὲ
1429 5358 1528 5426 τῆς
1580 5360 1661 5418 εἰς
1709 5356 1807 5426 τὴν
1868 5357 2034 5423 ἁγίαν

459 5449 666 5518 Τριάδα
696 5449 932 5512 πίστεως
956 5451 1397 5522 ὲκφωνηθείσης,
1433 5450 1714 5503 πιστεύειν
1753 5449 1917 5518 φασὶν
1947 5452 2035 5515 είς

451 5541 602 5609 μίαν
628 5542 808 5612 ἁγίαν
837 5544 1174 5611 καθολικὴν
1202 5543 1301 5597 καὶ
1331 5543 1753 5610 ἀποστολικὴν
1790 5543 2041 5608 Ἐκκλη-

458 5632 625 5687 σίαν.
656 5634 1004 5702 Καθολικὴν
1050 5635 1418 5701 Ἐκκλησίαν
1462 5633 1559 5703 τὴν
1592 5635 1688 5686 ἐπὶ
1725 5633 1826 5702 τῆς
1860 5635 2038 5686 οἰκου-

463 5724 632 5793 μένης
665 5727 849 5794 πάσης
883 5726 1326 5797 στρατευομένην
1359 5726 1438 5795 τῷ
1476 5725 1722 5796 Χριστῷ,
1759 5727 1854 5778 καὶ
1884 5727 2036 5780 ἀπο-

456 5817 763 5886 στολωιὴν
795 5817 1048 5886 λέγοντες
1078 5819 1156 5888 τῷ
1188 5819 1275 5870 διὰ
1310 5820 1418 5870 τών
1449 5818 1766 5870 ἀποστόλων
1809 5818 2034 5887 τεθεμε-

460 5907 714 5964 λιῶσθαι.
753 5911 856 5962 Ἢν
885 5909 1000 5973 πῶς
1029 5913 1145 5963 ἐστι
1175 5910 1398 5965 δυνατὸν
1427 5911 1562 5977 μίαν
1585 5906 1723 5978 εῖναι
1749 5909 2037 5981 ζητητέον.

2139 5077 2378 5144 primum
2420 5074 2683 5140 clamant,
2738 5088 2797 5127 se
2851 5073 3078 5126 credere
3130 5073 3185 5125 in
3220 5089 3383 5125 unum
3416 5073 3581 5126 Deum
3613 5071 3722 5126 Pa-

2141 5178 2275 5221 trem
2301 5169 2727 5236 omnipotentem,
2785 5176 2839 5220 et
2870 5168 3212 5220 adnectunt:
3251 5176 3298 5219 et
3329 5169 3384 5219 in
3416 5182 3582 5219 unum
3618 5171 3724 5218 Uo-

2141 5261 2340 5314 minum
2382 5259 2562 5312 Jesum
2611 5259 2903 5322 Christum,
2950 5268 2998 5311 et
3053 5261 3108 5312 in
3141 5259 3401 5328 Spiritum
3452 5270 3718 5314 sanctum.

2140 5354 2281 5408 Tum
2315 5353 2558 5416 demum,
2589 5367 2714 5407 cum
2751 5352 2806 5405 in
2845 5362 3090 5406 sanctam
3117 5351 3372 5406 Triadetn
3406 5352 3542 5407 fides
3578 5358 3723 5408 reci-

2143 5455 2252 5501 tata
2299 5457 2404 5512 est,
2435 5483 2438 5486 «
2469 5461 2527 5502 se
2571 5447 2795 5502 credere
2851 5445 3093 5499 fatentur
3164 5446 3217 5498 in
3268 5462 3427 5499 unum
3478 5457 3722 5501 sanctam

2135 5539 2450 5594 catholicam
2509 5549 2558 5594 et
2604 5536 2958 5608 apostolicam
3003 5537 3328 5594 Ecclesium.
3381 5535 3718 5594 Catholicam

2135 5634 2448 5699 Ecclesium,
2503 5648 2626 5702 qua:
2671 5647 2769 5701 per
2825 5633 3144 5686 universum
3187 5641 3460 5685 terrarum
3526 5633 3720 5687 orbem

2135 5726 2239 5778 sub
2267 5724 2487 5778 Christo
2511 5723 2735 5786 militat,
2778 5733 2835 5779 et
2861 5724 3212 5793 apostolicam
3231 5763 3245 5784 ,
3283 5725 3430 5792 quod
3460 5739 3560 5794 per
3589 5739 3721 5793 apo-

2130 5820 2303 5872 stolos
2344 5818 2568 5870 fundata
2635 5825 2762 5881 est,
2824 5828 3169 5887 nuncupant.
3235 5821 3365 5883 Quae
3441 5820 3719 5885 quomodo

2135 5912 2310 5981 possit
2336 5925 2458 5968 esse
2509 5926 2616 5964 una
2654 5911 2763 5983 jam
2809 5911 3199 5983 inquirendum
3241 5923 3345 5968 est.
3385 5913 3595 5968 Etenim
3632 5913 3728 5984 ιιι-γ
