4098 6412
394 442 521 507 ῖ839

1603 443 1925 503 GEORGII
1971 446 2479 511 TRAPEZUNTII

3547 447 3650 510 840

418 566 573 620 cunt,
611 558 661 610 in
699 572 855 609 unam
905 554 1190 630 Ecclesium
1217 555 1461 623 credere,
1506 574 1612 612 non
1662 560 1715 613 in
1751 569 1976 626 emtum,

2100 565 2180 626 εἰς
2225 566 2352 633 μίαν
2385 566 2492 636 γάρ
2538 581 2670 633 φασι
2724 565 2999 618 πιστεύειν
3044 563 3391 636 Ἐκκλησίαν,
3427 565 3528 619 οὐκ
3562 568 3652 629 ,εἰς

423 661 603 721 utego
638 649 897 713 arbitror,
937 657 991 703 et
1020 649 1332 703 universam
1363 650 1803 706 Christianorum
1843 652 1985 706 mul-

425 742 716 796 titudinem
762 739 1087 796 credentes:
1117 745 1161 796 si
1186 742 1335 797 enim
1386 743 1438 797 in
1491 744 1801 799 universam
1850 745 1991 800 hanc

423 834 858 890 Christianorum
897 834 1304 890 multitudinem
1330 835 1641 902 crederent,
1670 845 1727 892 et
1758 836 1988 891 creden-

423 923 553 976 dum
599 937 720 976 esse
753 922 1155 987 existimarent,
1183 934 1239 979 et
1284 926 1620 980 anathemati
1654 927 1991 997 subjicerent

424 1029 519 1069 eos
569 1014 661 1083 qui
690 1014 801 1071 ,hoe
858 1014 1037 1083 idcmﬂ
1056 1028 1164 1068 non
1216 1016 1619 1086 peragunt,‘in
1675 1018 1989 1072 chimaeram

336 1108 350 1175 ἲ
426 1106 739 1175 quamdam,
786 1115 844 1159 ut
887 1115 1173 1173 poetarum
1222 1107 1451 1161 vocibus
1483 1117 1651 1173 utar,
1712 1109 1992 1163 hazrescon

320 1179 335 1193 ’
425 1196 671 1249 omnium
702 1194 966 1248 varietate
998 1194 1214 1263 plenam
1271 1206 1434 1264 atque
1471 1197 1772 1251 confertam
1801 1198 1991 1251 crede-

428 1294 571 1351 rent,
598 1285 744 1355 quud
779 1285 1012 1339 multum
1053 1296 1199 1340 esset
1228 1288 1296 1340 ab
1348 1303 1537 1341 eorum
1565 1287 1789 1357 spiritali
1822 1290 1993 1356 gratia

428 1376 790 1445 doctrinaque
837 1375 1099 1430 alienum.
1149 1375 1289 1442 Quid
1344 1377 1525 1446 itaque
1562 1377 1618 1430 in
1673 1379 1855 1431 animo
1896 1378 2015 1432 ha-'

430 1470 579 1533 bent,
639 1481 761 1520 cum
813 1466 1055 1520 fatentur
1107 1466 1354 1521 eamdem
1398 1468 1499 1538 ipsi
1538 1468 1699 1525 fidem
1745 1484 1989 1535 servare,

430 1576 592 1629 quam
638 1574 743 1612 una
778 1558 1043 1612 catholica
1080 1558 1323 1613 Ecclesia
1357 1559 1637 1628 pra-dicat,
1679 1560 1842 1629 idque
1872 1560 1993 1616 aliis

427 1646 813 1718 praescribunt,
842 1656 897 1702 et
926 1647 1266 1702 anathemati
1300 1648 1601 1719 subjiciunt
1631 1663 1727 1704 eos
1756 1649 1849 1719 qui
1883 1664 1993 1705 non

431 1748 503 1795 ita
532 1738 804 1795 credunt?
832 1738 1124 1794 Cernimus
1146 1739 1417 1809 siquidem
1443 1754 1539 1793 eas
1568 1738 1746 1795 varias
1777 1754 1897 1795 esse
1930 1754 1995 1795 ac

430 1836 697 1901 diversas,
726 1843 778 1888 at
816 1833 893 1887 illi
922 1847 1084 1886 unam
1115 1847 1236 1887 esse
1262 1834 1659 1889 contendentes
1683 1873 1699 1901 ,
1731 1834 1786 1887 in
1828 1848 1992 1888 unam

2088 657 2149 709 τὸ
2182 658 2459 728 σύστημα,
2512 658 2587 722 ώς
2636 656 2747 726 ἐγὼ
2794 653 2968 728 οἶμαι,
3016 660 3122 712 τῶν
3184 656 3530 727 Χριστιανῶν
3564 657 3656 712 καί⁵

2091 752 2150 804 τὸ
2191 750 2420 805 καθόλου
2458 751 2661 821 πλῆθος
2694 752 3063 814 πιστεύοντες.
3093 753 3155 805 Εἰ
3188 752 3296 821 γὰρ
3325 753 3405 815 εἰς
3449 751 3512 804 τὸ
3542 769 3656 804 τοι·

2091 842 2216 895 οῧτο
2264 830 2493 897 καθόλου
2541 845 2653 897 τῶν
2699 836 3044 914 Χριστιανῶν
3090 843 3292 915 πλῆθος
3347 845 3655 911 ἐπίστευον,

2093 935 2186 986 καὶ
2217 934 2495 988 πιστεύειν
2534 935 2645 989 δεῖν
2676 934 2863 1006 ᾤοντο,
2902 936 2997 989 καὶ
3026 935 3104 1005 τῷ
3141 934 3444 1005 ἀναθέματι
3487 938 3657 988 καθυ-

2093 1024 2361 1078 πέσαλλον
2386 1025 2513 1089 τοὺς
2559 1026 2634 1096 μὴ
2666 1026 2724 1078 τὸ
2772 1025 2900 1078 αὐτὸ
2941 1024 3253 1090 ποιοῦντας,
3286 1027 3365 1088 είς
3398 1026 3660 1096 χίμαιραν

2092 1133 2236 1181 τινα,
2274 1117 2349 1179 ώς
2389 1117 2442 1171 οἰ
2491 1117 2717 1187 ποιηταί
2764 1134 2918 1186 φασι,
2963 1117 3244 1179 παντοίαις
3292 1118 3658 1185 συγκειμένην

2094 1207 2366 1277 αἱρέσεσιν
2393 1206 2678 1260 ἐπίστευον
2710 1209 2796 1272 ἂν,
2833 1207 2969 1276 ὅπερ
2997 1208 3192 1277 πόρρω
3218 1207 3364 1274 ἀπῆν
3390 1206 3487 1274 τῆς
3518 1206 3661 1257 ὲκεί-

2094 1317 2199 1352 νων
2231 1298 2605 1367 πνευματικῆς
2652 1298 2870 1369 χάριτος
2910 1298 3003 1352 καὶ
3058 1298 3271 1367 σοφίας.
3304 1298 3369 1352 Τί
3414 1293 3507 1351 οὖν
3536 1298 3661 1367 βοὶ-

2094 1391 2296 1455 λονται,
2324 1388 2714 1459 ὁμολογοῦντες
2740 1391 2837 1460 τὴν
2867 1390 3036 1460 αὐτὴν
3056 1391 3208 1444 αὐτοὶ
3239 1391 3423 1444 πίστιν
3449 1393 3659 1460 τηρεῖν,

2094 1483 2160 1551 ῆν
2194 1482 2229 1552 ἡ
2276 1483 2377 1552 μία
2423 1480 2690 1553 καθολικὴ
2728 1481 3025 1553 Ἐκκλησία
3073 1482 3357 1552 κηρύττει,
3410 1485 3505 1533 καὶ
3553 1484 3663 1542 τοῖς

2095 1573 2274 1637 ἄλλοις
2299 1573 2358 1625 τὸ
2379 1572 2509 1626 αὐτὸ
2535 1572 2882 1641 διορίζοντες,
2915 1574 3008 1625 καί
3030 1571 3519 1642 ἅναθεματίζοντες
3540 1572 3663 1633 τοὺς

2098 1667 2173 1737 μὴ
2219 1664 2364 1719 οὕτω
2410 1665 2771 1727 πιστεύοντας
2786 1681 2803 1733 ;
2853 1665 3101 1737 Ὀρῶμεν
3134 1667 3242 1735 γὰρ
3285 1665 3485 1727 πολλὰς
3523 1659 3663 1717 εἶναι

2096 1760 2192 1812 καὶ
2217 1756 2528 1826 διαφόρους.
2548 1756 2783 1811 Ἐκεῖνοι
2807 1756 2862 1809 δὲ
2895 1759 3024 1826 μίαν
3050 1753 3190 1811 εἶναι
3213 1756 3661 1827 διισχυρίζοντες,

2095 1853 2189 1903 καὶ
2242 1854 2321 1914 εἰς
2369 1850 2502 1919 μίαν
2553 1850 2834 1904 πιστεύειν
2891 1850 3017 1912 τοὺς
3068 1848 3364 1917 μέλλοντας
3422 1848 3663 1916 quem.

430 1928 655 1983 credere
682 1925 974 1981 salvandos
1002 1925 1255 1990 edocent,
1305 1934 1362 1979 et
1405 1940 1570 1980 unam
1622 1934 1831 1981 tantum
1860 1941 1993 1995 prte-

2100 1942 2412 1997 διδάσκουσί
2443 1959 2503 1995 τε
2539 1943 2634 1995 καὶ
2662 1940 3370 2011 ἀντέλλονται.Ἀναθέματι
3407 1941 3516 2010 γὰρ
3564 1958 3666 1992 πα-

423 2022 631 2089 .tigunt.
666 2016 910 2086 Namque
939 2015 1285 2070 anathemate
1305 2014 1509 2070 feriunt
1530 2029 1628 2070 eos
1657 2030 1869 2070 omnes.
1898 2015 1994 2085 qui

435 2118 489 2165 in
522 2109 780 2181 Symbolo
810 2106 1205 2176 comprehensa
1239 2106 1422 2160 omnia
1442 2120 1549 2161 non
1573 2107 1825 2174 credunt,
1858 2107 1994 2163 sub-

433 2205 791 2275 sequiturque
816 2202 1022 2265 statim,
1066 2210 1188 2269 post
1231 2198 1445 2254 Triadis
1477 2199 1993 2270 promulgationem,

429 2301 701 2351 inuitam
742 2293 1033 2347 Ecclesium
1069 2289 1338 2359 profeSsio
1395 2300 1450 2344 et
1482 2289 1638 2345 fides.
1695 2288 1838 2356 Quid
1894 2290 1997 2344 hoc

428 2386 548 2441 «ιειῖ
596 2386 734 2440 Num
792 2398 951 2438 unam
992 2388 1268 2446 asserunt,
1309 2381 1455 2449 quod
1515 2394 1623 2435 una
1667 2388 1817 2436 esset
1846 2379 1996 2433 anti-

428 2480 616 2547 quitus
648 2479 813 2531 totius
844 2473 994 2529 orbis
1037 2470 1342 2542 professio?
1386 2471 1768 2541 Nequaquam.
1820 2470 1997 2542 Hujus

426 2573 577 2624 enim
613 2570 786 2637 gratia
819 2565 1139 2638 Symbolum
1175 2564 1278 2634 ipsi
1312 2572 1767 2633 composuerunt,
1804 2572 1865 2618 ut
1901 2562 1996 2632 qui

434 2662 571 2717 illud
594 2660 864 2715 exanimo
896 2658 1170 2728 cordeque
1198 2672 1305 2711 non
1340 2664 1726 2727 sequerentur,
1754 2653 1997 2722 illudque

432 2756 607 2826 palam
655 2751 984 2808 velulituba
1038 2748 1481 2819 pronuntiarent,
1520 2762 1552 2801 e
1602 2746 1998 2802 communitate

430 2850 671 2905 fidelium
702 2844 1221 2901 exterminarentur.
1254 2840 1522 2894 Praeterea
1550 2875 1567 2903 ,
1598 2838 1723 2907 quis
1754 2852 1861 2891 non
1896 2853 1998 2893 no-

430 2944 508 2996 ιιι
538 2952 812 2995 terrarum
840 2936 1038 2990 orbem
1089 2932 1410 2986 universum
1458 2929 1641 2995 Ariis,
1694 2927 1997 2997 Eunomiis,

432 3031 714 3097 Nestoriis,
738 3028 1036 3095 multisque
1064 3025 1187 3080 aliis
1213 3024 1342 3078 olim
1362 3030 1695 3077 commotum
1714 3020 1908 3087 fuisse,
1946 3031 2001 3076 et

434 3129 500 3182 ad
522 3129 663 3182 inec
681 3139 855 3194 usque
906 3132 1152 3191 tempora
1197 3117 1544 3190 perturbari?
1565 3118 1717 3184 Quod
1746 3117 1791 3172 si
1819 3117 2001 3173 addis-

2102 2036 2349 2107 ρέδωκαν
2378 2036 2584 2098 πάντας
2630 2036 2757 2097 τοὺς
2790 2035 2866 2105 μη
2896 2033 3256 2098 πιστεύοντας
3297 2033 3535 2103 ἀληθῶς,
3563 2035 3665 2086 ὅσα

2108 2129 2358 2198 περιέχει
2393 2126 2454 2180 τὸ
2495 2125 2797 2196 Σύμόολον.
2840 2126 3060 2179 Τίθεται
3103 2125 3151 2178 δ’
3180 2123 3341 2188 εὐθὺς
3396 2124 3534 2194 μετὰ
3567 2124 3666 2193 τὴν

2095 2224 2192 2291 τῆς
2240 2218 2468 2289 Τριάδος
2514 2215 2855 2284 ἀνακήρυξιν
2903 2217 2937 2287 ἡ
2981 2218 3070 2282 εἰς
3115 2217 3263 2285 μίαν
3302 2215 3668 2282 Ἐκκλησίαν

2095 2313 2356 2384 ὁμολογία
2398 2312 2492 2365 καὶ
2541 2311 2748 2373 πίστις.
2819 2308 2887 2361 Τί
2930 2309 3088 2363 τοῦτο
3103 2324 3121 2376 ;
3164 2304 3304 2378 Ἆρα
3338 2306 3465 2377 μίαν
3506 2306 3661 2375 φασὶ,

2096 2404 2264 2457 διότι.
2280 2403 2378 2474 μία
2407 2398 2475 2474 ἦν
2524 2401 2587 2455 τὸ
2636 2400 2804 2455 πάλαι
2848 2403 2945 2471 τῆς
2998 2401 3325 2469 οἰκουμένης
3370 2397 3665 2468 ὁμολογία;

2098 2495 2386 2565 Οὐδαμῶς.
2438 2493 2642 2547 Τούτου
2692 2493 2800 2562 γὰρ
2838 2491 3002 2545 ἕνεκα
3056 2492 3118 2545 τὸ
3163 2490 3440 2562 Σύμϐολον
3483 2491 3669 2551 αὐτοῖς

2100 2585 2384 2651 συνετέθη,
2415 2583 2501 2637 ἵνα
2530 2583 2582 2655 οἱ
2615 2584 2691 2653 μὴ
2725 2582 2900 2650 τούτῳ
2932 2584 2995 2635 ἐκ
3025 2581 3251 2652 καρδίας
3310 2580 3668 2634 ἀκολουθούν-

2098 2692 2210 2741 τες,
2251 2674 2347 2728 καὶ
2388 2673 2547 2727 τοῦτο
2591 2672 2948 2744 κηρύττοντες
2987 2671 3496 2743 ἀποκηρύττωνται.
3534 2668 3669 2725 Εἶτα

2098 2767 2180 2829 τίς
2208 2766 2308 2818 οὐκ
2339 2761 2447 2818 οἶδε
2470 2765 2662 2837 ’πᾶσαν
2697 2763 2886 2832 σχεδὸν
2930 2763 3029 2832 τὴν
3072 2763 3401 2832 οἰκουμένην
3437 2763 3669 2834 Ἀρείοις

2103 2857 2197 2911 καὶ
2222 2856 2507 2925 Εὑνομίοις
2532 2840 2626 2907 καὶ
2651 2853 2990 2921 Νεστορίοις,
3028 2852 3123 2905 καὶ
3150 2853 3367 2916 πολλοῖς
3397 2853 3577 2915 ἄλλοις
3608 2854 3669 2906 τὸ

2103 2948 2272 3000 πάλαι
2320 2946 2783 3016 συνταραχθῆναι,
2821 2944 2918 2999 καὶ
2954 2942 3322 3015 ταράττεσθαι
3372 2944 3538 3014 μέχρι
3571 2945 3670 3013 τῆς
3694 2951 3713 2959 ‘

2105 3040 2383 3106 σήμερον;
2422 3035 2599 3103 Ὅπερ
2632 3036 2679 3087 εἰ
2708 3032 2901 3103 μαθεῖν
2930 3032 3209 3104 βούλεσθε,
3237 3034 3337 3097 τὰς
3369 3034 3429 3087 ἐν
3458 3034 3671 3104 Κύπρῳ

2102 3127 2395 3197 ἐκκλησίας
2436 3116 2926 3196 ἁπαριθμήσαντες
2980 3125 3277 3194 γνώσεσθε.
3326 3126 3506 3179 Πᾶσαι
3562 3140 3672 3196 γαρ

430 3236 558 3276 cere
593 3214 1096 3285 vultis,Ecclesiis,
1139 3228 1261 3281 qua:
1286 3211 1340 3264 in
1377 3210 1555 3281 Cypro
1592 3220 1743 3275 sunt,
1775 3224 1999 3265 enume-

2103 3236 2240 3289 φασι
2291 3218 2568 3271 πιστεύειν
2629 3219 2715 3282 εἰς
2765 3218 2937 3287 μίαν,
2968 3217 3168 3287 ἁγίαν,
3192 3216 3527 3285 καθολικὴν
3572 3217 3674 3273 καὶ

434 3312 593 3373 ratis,
620 3305 958 3376 intelligetis.
990 3308 1190 3357 Umnes
1237 3301 1439 3356 etenim
1492 3302 1616 3356 unis
1641 3301 1840 3356 animis
1870 3317 2001 3356 con-

434 3406 656 3459 fitentur
688 3402 743 3453 in
764 3414 925 3451 unam
966 3404 1206 3451 sanctam
1232 3392 1546 3447 catholicam
1580 3402 1629 3446 et
1659 3393 2002 3463 apostolicam

435 3494 727 3551 Ecclesium
751 3490 1013 3558 credere;
1052 3498 1109 3544 et
1155 3497 1311 3544 extra
1348 3503 1532 3555 unam,
1563 3486 1788 3556 reliqua:
1812 3501 2003 3542 omnes

433 3588 792 3644 mentiuntur.
844 3582 982 3649 Quid
1030 3582 1213 3648 itaque
1256 3581 1431 3635 sancti
1476 3581 1663 3634 Patres
1717 3580 1999 3641 tinniunt,

428 3696 550 3735 cum
585 3676 965 3749 praescribunt,
1000 3676 1054 3727 in
1084 3689 1245 3726 unam
1294 3671 1584 3725 Ecclesiam
1622 3669 2003 3726 credendum?

427 3770 771 3825 Manifestum
834 3776 920 3820 est
977 3779 1074 3820 eos
1132 3764 1323 3818 multis
1403 3763 1623 3827 vitatis,
1677 3777 1811 3830 quas
1864 3764 2003 3815 bene

430 3869 655 3924 norunt,
683 3875 791 3913 non
832 3866 986 3911 extra
1026 3855 1333 3928 periculum
1364 3853 1594 3919 versari,
1617 3854 1673 3907 in
1701 3867 1863 3907 unam
1887 3866 2004 3907 om-

431 3950 888 4019 nescompellere.
920 3948 1026 4013 Qui
1063 3961 1193 4002 vero
1219 3947 1387 4000 multa
1425 3945 1582 4010 vitat,
1607 3945 1774 4000 veluti
1801 3944 2001 4000 excidii

430 4058 652 4098 causam
684 4051 738 4097 et
777 4041 832 4094 in
862 4056 1030 4094 unum
1077 4039 1323 4108 confugit
1358 4048 1617 4107 tanquam
1667 4038 1813 4106 quod
1854 4038 2005 4092 salu-

429 4146 536 4190 tem
566 4133 829 4202 impertiri
858 4131 1023 4195 valet,
1052 4131 1108 4184 in
1147 4128 1573 4184 determinatam
1604 4127 1823 4197 aliquod
1874 4140 2005 4182 con-

428 4228 585 4297 fugit.
612 4226 777 4279 Multa
810 4225 957 4279 enim
986 4222 1270 4278 indelinita
1297 4236 1418 4278 esse
1463 4229 1710 4293 possunt,
1740 4228 1796 4273 at
1834 4234 2003 4275 unum

428 4322 483 4372 in
517 4319 664 4388 quod
697 4316 970 4386 quiSpiatn
996 4315 1219 4385 refugit,
1258 4316 1477 4386 etquod
1520 4322 1776 4384 tanquam
1805 4315 2003 4369 salutis

427 4424 541 4466 sua:
566 4421 788 4461 causam
849 4407 1083 4460 honorat
1140 4415 1196 4459 et
1235 4406 1387 4471 colit,
1418 4406 1641 4460 omnino
1675 4406 2004 4460 determina-

430 4510 544 4554 tum
573 4506 682 4553 est.
715 4496 1087 4552 Determinata
1140 4495 1324 4565 itaque
1352 4505 1457 4562 est,
1504 4505 1561 4551 et
1588 4510 1694 4550 una
1733 4495 2000 4550 catholica

2103 3311 2521 3380 ἀποστολικὴν
2575 3311 2967 3379 Ἐκκλησίαν·
3008 3311 3113 3365 -καὶ
3165 3311 3338 3363 πᾶσαι
3383 3310 3674 3380 ψεύδονται

2103 3403 2245 3475 πλὴν
2281 3403 2432 3472 μιᾶς.
2466 3401 2531 3454 Τί
2565 3402 2695 3471 γοῦν
2729 3401 3009 3472 βούλονται
3048 3403 3096 3454 οἰ
3131 3402 3265 3454 θεῖοι
3316 3401 3554 3471 Πατέρες
3585 3404 3673 3467 είς

2096 3495 2245 3564 μίαν
2279 3491 2555 3546 πιστεύειν
2589 3482 2917 3563 διορίζοντες
2960 3492 3333 3560 Ἐκκλησίαν
3350 3508 3368 3559 ;
3404 3487 3481 3545 Ἦ
3511 3492 3674 3563 δῆλον

2102 3588 2185 3640 ὅτι
2215 3584 2315 3648 τὰς
2341 3584 2545 3647 πολλὰς
2569 3584 2887 3654 φεύγοντες,
2915 3583 2991 3644 ώς
3020 3585 3203 3648 καλῶς
3228 3584 3429 3648 εἰδότες
3454 3585 3674 3640 ἐπικιν-

2101 3680 2290 3742 δύνους
2312 3678 2483 3738 αὐτὰς
2514 3674 2674 3743 εἶναι,
2715 3678 2795 3739 εἰς
2829 3677 2963 3747 μίαν
2994 3678 3124 3740 τοὺς
3156 3678 3368 3740 πάντας
3402 3676 3676 3731 συνωθοῦ-

2104 3787 2210 3826 σιν.
2252 3771 2311 3823 '0
2342 3768 2397 3823 δὲ
2422 3770 2491 3822 τὰ
2521 3768 2692 3822 πολλὰ
2726 3768 2944 3837 φεύγων
2968 3767 3058 3832 νὼς
3076 3769 3361 3833 ἀπωλείας
3392 3770 3563 3834 αἴτια,
3592 3771 3674 3833 εἰς

2102 3860 2161 3911 ἓν
2184 3859 2239 3913 δὲ
2266 3856 2652 3928 καταφεύγων,
2690 3858 2764 3920 ώς
2811 3857 2975 3927 μόνον
3022 3857 3216 3922 σώζειν
3244 3857 3564 3927 δυνάμενον,
3592 3859 3674 3920 εἰς

2101 3949 2411 4019 ὡρισμένον
2444 3963 2497 4000 τι
2535 3946 2903 4014 καταφεύγει.
2943 3946 3025 3997 Τὰ
3067 3945 3176 4016 γὰρ
3228 3945 3399 3999 πολλὰ
3445 3946 3675 4016 ἀόριστα

2103 4037 2242 4095 εἰναι
2288 4039 2536 4107 δύναται,
2565 4038 2627 4092 τὸ
2671 4039 2728 4091 δὲ
2760 4036 2821 4090 ἓν
2871 4039 2951 4103 είς
2983 4037 3012 4090 ὅ
3055 4054 3139 4101 τις
3186 4035 3549 4107 καταφεύγει,
3582 4037 3678 4089 καὶ

2104 4134 2243 4203 ὅπερ
2267 4131 2339 4195 ὡς
2372 4130 2648 4202 σωτηρίας
2678 4131 2853 4184 αἰτιον
2880 4130 3106 4199 τιμᾶται
3140 4131 3237 4183 καὶ
3270 4130 3511 4195 σέϐεται,
3544 4128 3676 4199 ὥρια

2105 4240 2227 4277 σται
2283 4223 2521 4286 πάντως.
2550 4222 2805 4293 Ὧρισται
2867 4222 2979 4293 ἄρα
3027 4222 3123 4274 καὶ
3171 4222 3205 4291 ἡ
3255 4221 3357 4291 μία
3414 4220 3715 4297 καθολικὴ,

2117 4313 2433 4385 Ἐκκλησία,
2461 4317 2579 4380 ἦτοι
2628 4312 2951 4384 ὡρισμένως
2992 4313 3323 4381 γινώσκεται
3369 4313 3524 4384 παρὰ
3565 4300 3725 4379 τῶν”,

2105 4408 2345 4473 εἰδότων,
2380 4406 2474 4460 καὶ
2505 4406 2819 4475 γνωσθῆναι
2860 4405 3085 4458 δύναται
3131 4407 3283 4475 παρὰ
3327 4405 3435 4458 τῶν
3475 4404 3673 4459 εἰδέναι

2105 4500 2436 4570 ζητούντων.
2474 4497 2793 4567 Ὀφείλομεν
2835 4497 2895 4551 δὲ
2943 4499 3163 4560 πάντως
3211 4496 3400 4567 ζητεῖν
3434 4497 3547 4550 ὅσοι
3598 4496 3675 4566 τῷ

428 4592 694 4653 Ecclesia,
727 4604 821 4643 seu
851 4586 1215 4642 determinate
1233 4585 1580 4655 cognoscitur
1625 4601 1656 4641 a
1681 4586 1999 4652 scientibus,

2113 4591 2206 4645 τοῦ
2229 4589 2467 4661 Χριστοῦ
2494 4589 2715 4660 σταυρῷ
2745 4588 3143 4660 σημειούμεθα,
3169 4590 3266 4642 καὶ
3292 4587 3380 4641 διὰ
3406 4587 3500 4641 τοῦ
3527 4589 3609 4641 θεί
3643 4607 3674 4640 υ

432 4689 683 4758 valetque
713 4685 970 4755 cognosci
1016 4684 1084 4738 ab
1120 4683 1190 4738 iis
1222 4683 1314 4753 qui
1348 4697 1469 4737 eam
1509 4696 1809 4754 agnoscere
1850 4693 1997 4738 sata-

2119 4683 2494 4752 βαπτίσματος
2527 4680 2991 4751 ἁνεγεννήθημεν.

431 4789 585 4849 guut.
641 4779 877 4838 Omnino
940 4792 1072 4832 vero
1129 4792 1230 4832 nos
1277 4790 1496 4830 omnem
1565 4788 1686 4830 eam
1746 4776 2076 4847 investigare
2114 4776 2401 4839 debemus,
2443 4787 2603 4828 cruce
2645 4772 2849 4829 Christi
2891 4772 3111 4845 signati,
3165 4779 3221 4828 et
3276 4785 3375 4841 per
3426 4780 3677 4827 sanctum

432 4873 705 4944 baptisma
731 4871 1056 4941 regenerati.

500 4935 555 5025 ἦ.
598 4935 859 5035 Quatna'm
910 4981 1041 5021 vero
1078 4966 1169 5021 illa
1222 4965 1424 5020 fuerit?
1475 4935 1703 5019 Planum
1755 4972 2009 5044 estesse

436 5066 755 5119 Ronnanam.
793 5059 861 5113 Et
892 5060 1185 5126 undenam,
1219 5058 1367 5113 dicet
1393 5058 1579 5112 nescio
1603 5058 1748 5127 quis,
1781 5056 2010 5126 perqui-

436 5154 683 5210 rentibus
725 5153 776 5206 id
828 5152 995 5205 fuerit
1043 5149 1436 5204 manifestum?
1481 5148 1722 5204 Primum
1787 5148 2008 5215 quidem

435 5234 578 5314 quod
610 5244 862 5298 Christus
911 5242 1026 5310 ipse
1080 5241 1243 5295 Petro
1301 5254 1412 5310 pra:
1442 5239 1670 5309 reliquis
1698 5238 1823 5292 aliis
1855 5236 2005 5305 regni

435 5338 677 5391 coalestis
708 5338 889 5389 claves
918 5333 1182 5403 elargitus
1216 5342 1319 5398 est,
1359 5332 1433 5386 'l'u
1455 5348 1507 5385 es
1546 5331 1759 5397 Petrus,
1791 5332 2003 5394 dicens,

432 5438 477 5479 cl
502 5441 659 5496 super
696 5429 832 5478 hanc
862 5433 1070 5494 petram
1093 5424 1362 5491 wdiﬁcabo
1398 5422 1693 5484 Ecclesium
1719 5438 1888 5475 meam
1914 5437 1932 5475 :
1956 5429 2006 5474 et

434 5528 599 5584 portu:
646 5519 801 5586 inferi
850 5533 953 5573 non
987 5516 1347 5587 prwvalebunt
1397 5515 1646 5567 adversus
1683 5515 1867 5568 eam‘.
1933 5514 2009 5567 De

439 5612 679 5667 Esczlcsia
705 5627 833 5663 tero
866 5610 1106 5662 ltomaua
1140 5607 1255 5659 [nec
1284 5605 1635 5674 pronuntiata
1662 5618 1785 5657 esse
1819 5618 1847 5657 a
1885 5606 2011 5658 Ser-

438 5712 621 5754 vatore
642 5700 770 5753 hinc
797 5707 966 5767 patet,
996 5697 1142 5766 quod
1167 5696 1431 5751 adversus
1453 5710 1572 5750 eam
1598 5694 1806 5752 Christi
1833 5695 2009 5765 gratia

517 5872 747 5926 ‘Matth.
786 5888 894 5935 ινι,
932 5873 1019 5927 18.

2186 4957 2255 5025 ζ’.
2288 4959 2384 5023 Τίς
2430 4953 2523 5012 οὖν
2552 4956 2726 5026 abst);
2772 4955 2942 5025 Δῆλον
2974 4956 3057 5009 ὅτι
3095 4957 3129 5025 ἡ
3157 4956 3257 5024 τῆς
3294 4954 3533 5028 Ῥώμης.
3576 4957 3684 5010 Καὶ

2113 5051 2297 5116 πόθεν,
2337 5048 2483 5102 εῐποι
2512 5064 2597 5110 τις
2640 5045 2725 5113 ἂν,
2776 5046 2933 5099 τοῦτο
2962 5048 3254 5118 γενήσεται
3297 5049 3409 5109 τοῖς
3456 5046 3682 5116 ζητοῦσι

2113 5141 2348 5211 φανερόν
2375 5158 2388 5205 ;
2420 5140 2645 5209 Πρῶτον
2678 5138 2776 5206 μὲν
2808 5140 2891 5191 ὅτι
2935 5138 3097 5201 αὐτὸς
3139 5140 3166 5190 ὁ
3208 5138 3441 5209 Χριστὸς
3471 5137 3548 5207 τῷ
3582 5136 3684 5188 Πέ-

2110 5250 2227 5303 τρῳ
2250 5232 2451 5300 ἐξόχως
2494 5232 2592 5293 τὰς
2620 5230 2719 5299 τῆς
2764 5230 3042 5298 βασιλείας
3071 5230 3182 5282 τῶν
3218 5231 3467 5299 οὐρανῶν
3498 5228 3683 5298 ἐχαρί-

2111 5340 2240 5377 σατο
2270 5325 2437 5388 κλεῖς,
2466 5321 2550 5375 Σὺ
2570 5317 2625 5375 εἰ
2652 5320 2895 5389 Πέτρος,
2916 5321 3108 5390 λέγων,
3135 5320 3233 5373 καί
3264 5322 3361 5375 ἐπὶ
3389 5322 3573 5390 ταύτῃ
3609 5318 3683 5389 τῇ

2104 5415 2291 5483 πέτρᾳ
2347 5414 2724 5483 οίκοδυμήσω
2765 5431 2885 5482 μου
2942 5414 3057 5482 τὴν
3115 5412 3514 5481 Ἐκκλησίαν,
3578 5411 3682 5466 καί

2105 5512 2293 5563 πύλαι
2346 5509 2495 5575 ᾅδου
2549 5511 2621 5562 οὐ
2671 5508 3158 5574 κατισχύσουσιν
3206 5506 3572 5575 αὺτῆς.”υτι
3626 5505 3685 5557 δὲ

2108 5606 2236 5676 περὶ
2284 5604 2385 5674 τῆς
2419 5602 2737 5671 Ῥωμαῖκῆς
2778 5599 3109 5671 Ἐκκλησίας
3149 5600 3318 5652 ταῦτα
3356 5601 3569 5669 εἴρηται
3605 5597 3685 5667 τῷ

2108 5684 2346 5767 Σωτῆρι,
2373 5694 2552 5766 δῆλον.
2588 5692 2767 5763 Μύνης
2798 5693 2904 5764 γὰρ
2954 5691 3157 5761 ταύτης
3196 5693 3256 5745 οὺ
3290 5690 3682 5759 κατισχύσουσι
