  <div class='ocr_page' id='page_1' title='image "/cluster/home/n/w/nwhite01/storage/ocr_20150623/161/coo.31924054870666/510.png"; bbox 0 0 4098 6476; ppageno 0'>
   <div class='ocr_carea' id='block_1_1' title="bbox 443 413 542 478">
    <p class='ocr_par' dir='ltr' id='par_1_1' title="bbox 443 413 542 478">
     <span class='ocr_line' id='line_1_1' title="bbox 443 413 542 478; baseline 0 0"><span class='ocrx_word' id='word_1_1' title='bbox 443 413 542 478; x_wconf 82' lang='grc'><strong>841</strong></span> 
     </span>
    </p>
   </div>
   <div class='ocr_carea' id='block_1_2' title="bbox 1433 394 2761 476">
    <p class='ocr_par' dir='ltr' id='par_1_2' title="bbox 1433 394 2761 476">
     <span class='ocr_line' id='line_1_2' title="bbox 1433 394 2761 476; baseline -0.008 0"><span class='ocrx_word' id='word_1_2' title='bbox 1433 415 1528 476; x_wconf 88' lang='lat' dir='ltr'><strong>DE</strong></span> <span class='ocrx_word' id='word_1_3' title='bbox 1575 413 1732 476; x_wconf 61' lang='lat' dir='ltr'><strong>una</strong></span> <span class='ocrx_word' id='word_1_4' title='bbox 1771 413 1868 474; x_wconf 85' lang='lat' dir='ltr'><strong>ET</strong></span> <span class='ocrx_word' id='word_1_5' title='bbox 1911 411 2340 476; x_wconf 68' lang='lat' dir='ltr'><strong>cuneum</strong></span> <span class='ocrx_word' id='word_1_6' title='bbox 2379 394 2761 476; x_wconf 67' lang='lat' dir='ltr'><strong>ecetram.</strong></span> 
     </span>
    </p>
   </div>
   <div class='ocr_carea' id='block_1_3' title="bbox 3599 397 3738 460">
    <p class='ocr_par' dir='ltr' id='par_1_3' title="bbox 3599 397 3738 460">
     <span class='ocr_line' id='line_1_3' title="bbox 3599 397 3738 460; baseline -0.014 0"><span class='ocrx_word' id='word_1_7' title='bbox 3599 397 3738 460; x_wconf 62' lang='grc' dir='ltr'><strong><em>Μετ’</em></strong></span> 
     </span>
    </p>
   </div>
   <div class='ocr_carea' id='block_1_4' title="bbox 441 513 2018 602">
    <p class='ocr_par' dir='ltr' id='par_1_4' title="bbox 441 525 2018 602">
     <span class='ocr_line' id='line_1_4' title="bbox 441 525 2018 602; baseline -0.002 -17"><span class='ocrx_word' id='word_1_8' title='bbox 441 533 511 602; x_wconf 78' lang='grc' dir='ltr'><strong>τῇ</strong></span> <span class='ocrx_word' id='word_1_9' title='bbox 537 528 630 584; x_wconf 84' lang='grc' dir='ltr'><strong>τοῦ</strong></span> <span class='ocrx_word' id='word_1_10' title='bbox 660 525 900 600; x_wconf 76' lang='grc' dir='ltr'><strong>Χριστοῦ</strong></span> <span class='ocrx_word' id='word_1_11' title='bbox 926 528 1110 600; x_wconf 79' lang='grc' dir='ltr'><strong>χάριτι</strong></span> <span class='ocrx_word' id='word_1_12' title='bbox 1147 530 1202 583; x_wconf 87' lang='grc' dir='ltr'><strong>αἱ</strong></span> <span class='ocrx_word' id='word_1_13' title='bbox 1241 527 1404 584; x_wconf 82' lang='grc' dir='ltr'><strong>πύλαι</strong></span> <span class='ocrx_word' id='word_1_14' title='bbox 1435 533 1525 585; x_wconf 83' lang='grc' dir='ltr'><strong>τοῦ</strong></span> <span class='ocrx_word' id='word_1_15' title='bbox 1549 531 1701 602; x_wconf 70' lang='grc' dir='ltr'><strong>ᾅδου,</strong></span> <span class='ocrx_word' id='word_1_16' title='bbox 1731 533 1786 586; x_wconf 74' lang='grc' dir='ltr'><strong>αἱ</strong></span> <span class='ocrx_word' id='word_1_17' title='bbox 1815 529 2018 600; x_wconf 85' lang='grc' dir='ltr'><strong>μοχθη-</strong></span> 
     </span>
    </p>
   </div>
   <div class='ocr_carea' id='block_1_5' title="bbox 2121 513 3710 602">
    <p class='ocr_par' dir='ltr' id='par_1_5' title="bbox 2126 513 3710 602">
     <span class='ocr_line' id='line_1_5' title="bbox 2126 513 3710 602; baseline -0.015 -13"><span class='ocrx_word' id='word_1_18' title='bbox 2126 547 2236 588; x_wconf 83' lang='lat' dir='ltr'><strong>non</strong></span> <span class='ocrx_word' id='word_1_19' title='bbox 2273 529 2654 602; x_wconf 61' lang='lat' dir='ltr'><strong>praevalebunt</strong></span> <span class='ocrx_word' id='word_1_20' title='bbox 2696 535 2866 596; x_wconf 77' lang='lat' dir='ltr'><strong>porta:</strong></span> <span class='ocrx_word' id='word_1_21' title='bbox 2897 522 3078 588; x_wconf 85' lang='lat' dir='ltr'><strong>inferi,</strong></span> <span class='ocrx_word' id='word_1_22' title='bbox 3118 519 3382 592; x_wconf 75' lang='lat' dir='ltr'><strong>improba:</strong></span> <span class='ocrx_word' id='word_1_23' title='bbox 3422 513 3710 570; x_wconf 70' lang='lat' dir='ltr'><strong>lueretico-</strong></span> 
     </span>
    </p>
   </div>
   <div class='ocr_carea' id='block_1_6' title="bbox 445 620 2022 694">
    <p class='ocr_par' dir='ltr' id='par_1_6' title="bbox 445 620 2022 694">
     <span class='ocr_line' id='line_1_6' title="bbox 445 620 2022 694; baseline 0 -18"><span class='ocrx_word' id='word_1_24' title='bbox 445 623 540 694; x_wconf 81' lang='lat' dir='ltr'><strong>pa‘t</strong></span> <span class='ocrx_word' id='word_1_25' title='bbox 569 622 680 675; x_wconf 83' lang='grc' dir='ltr'><strong>τῶν</strong></span> <span class='ocrx_word' id='word_1_26' title='bbox 699 620 998 690; x_wconf 77' lang='grc' dir='ltr'><strong>αἱρετικῶν</strong></span> <span class='ocrx_word' id='word_1_27' title='bbox 1027 621 1293 690; x_wconf 77' lang='grc' dir='ltr'><strong>γλῶσσαι,</strong></span> <span class='ocrx_word' id='word_1_28' title='bbox 1324 623 1380 676; x_wconf 77' lang='grc' dir='ltr'><strong>αἱ</strong></span> <span class='ocrx_word' id='word_1_29' title='bbox 1403 623 1705 693; x_wconf 78' lang='grc' dir='ltr'><strong>λαλήσασαι</strong></span> <span class='ocrx_word' id='word_1_30' title='bbox 1731 625 1812 688; x_wconf 66' lang='grc' dir='ltr'><strong>εἷς</strong></span> <span class='ocrx_word' id='word_1_31' title='bbox 1849 625 1905 676; x_wconf 57' lang='grc' dir='ltr'><strong>τὶ</strong></span> <span class='ocrx_word' id='word_1_32' title='bbox 1929 622 2022 676; x_wconf 72' lang='grc' dir='ltr'><strong>τοῦ</strong></span> 
     </span>
    </p>
   </div>
   <div class='ocr_carea' id='block_1_7' title="bbox 439 713 2025 784">
    <p class='ocr_par' dir='ltr' id='par_1_7' title="bbox 439 713 2025 784">
     <span class='ocr_line' id='line_1_7' title="bbox 439 713 2025 784; baseline -0.001 -14"><span class='ocrx_word' id='word_1_33' title='bbox 439 713 579 770; x_wconf 75' lang='grc' dir='ltr'><strong>Θεοῦ</strong></span> <span class='ocrx_word' id='word_1_34' title='bbox 623 713 758 784; x_wconf 78' lang='grc' dir='ltr'><strong>ὕψος</strong></span> <span class='ocrx_word' id='word_1_35' title='bbox 790 713 1029 768; x_wconf 78' lang='grc' dir='ltr'><strong>ἀδικίαν.</strong></span> <span class='ocrx_word' id='word_1_36' title='bbox 1065 713 1208 780; x_wconf 81' lang='grc' dir='ltr'><strong>Ἔτι,</strong></span> <span class='ocrx_word' id='word_1_37' title='bbox 1248 715 1384 784; x_wconf 84' lang='grc' dir='ltr'><strong>μετά</strong></span> <span class='ocrx_word' id='word_1_38' title='bbox 1429 715 1490 768; x_wconf 72' lang='grc' dir='ltr'><strong>τὸ</strong></span> <span class='ocrx_word' id='word_1_39' title='bbox 1538 715 1799 784; x_wconf 68' lang='grc' dir='ltr'><strong>μυστικὸν</strong></span> <span class='ocrx_word' id='word_1_40' title='bbox 1851 717 2025 768; x_wconf 77' lang='grc' dir='ltr'><strong>ἐκεῖνο</strong></span> 
     </span>
    </p>
   </div>
   <div class='ocr_carea' id='block_1_8' title="bbox 439 803 2024 878">
    <p class='ocr_par' dir='ltr' id='par_1_8' title="bbox 439 803 2024 878">
     <span class='ocr_line' id='line_1_8' title="bbox 439 803 2024 878; baseline 0 -18"><span class='ocrx_word' id='word_1_41' title='bbox 439 807 688 870; x_wconf 82' lang='grc' dir='ltr'><strong>δεῖπνον,</strong></span> <span class='ocrx_word' id='word_1_42' title='bbox 719 803 912 874; x_wconf 80' lang='grc' dir='ltr'><strong>ὥσπερ</strong></span> <span class='ocrx_word' id='word_1_43' title='bbox 945 805 1319 876; x_wconf 79' lang='grc' dir='ltr'><strong>διατιθέμενος</strong></span> <span class='ocrx_word' id='word_1_44' title='bbox 1353 807 1380 860; x_wconf 86' lang='grc' dir='ltr'><strong>ό</strong></span> <span class='ocrx_word' id='word_1_45' title='bbox 1411 805 1600 878; x_wconf 76' lang='grc' dir='ltr'><strong>Σωτὴρ</strong></span> <span class='ocrx_word' id='word_1_46' title='bbox 1628 808 1764 878; x_wconf 78' lang='grc' dir='ltr'><strong>πρὸς</strong></span> <span class='ocrx_word' id='word_1_47' title='bbox 1793 807 1886 860; x_wconf 80' lang='grc' dir='ltr'><strong>τὸν</strong></span> <span class='ocrx_word' id='word_1_48' title='bbox 1918 809 2024 860; x_wconf 79' lang='grc' dir='ltr'><strong>Πέο</strong></span> 
     </span>
    </p>
   </div>
   <div class='ocr_carea' id='block_1_9' title="bbox 441 896 2025 970">
    <p class='ocr_par' dir='ltr' id='par_1_9' title="bbox 441 896 2025 970">
     <span class='ocr_line' id='line_1_9' title="bbox 441 896 2025 970; baseline 0.004 -20"><span class='ocrx_word' id='word_1_49' title='bbox 441 913 568 967; x_wconf 83' lang='grc' dir='ltr'><strong>τρον</strong></span> <span class='ocrx_word' id='word_1_50' title='bbox 628 897 990 968; x_wconf 73' lang='grc' dir='ltr'><strong>ἐπιστραφεὶς</strong></span> <span class='ocrx_word' id='word_1_51' title='bbox 1043 897 1171 968; x_wconf 70' lang='grc' dir='ltr'><strong>ἔφη·</strong></span> <span class='ocrx_word' id='word_1_52' title='bbox 1207 896 1380 964; x_wconf 81' lang='grc' dir='ltr'><strong>Ἰδοὺ,</strong></span> <span class='ocrx_word' id='word_1_53' title='bbox 1429 901 1646 970; x_wconf 76' lang='grc' dir='ltr'><strong>Σίμων,</strong></span> <span class='ocrx_word' id='word_1_54' title='bbox 1691 903 1724 955; x_wconf 80' lang='grc' dir='ltr'><em>ὁ</em></span> <span class='ocrx_word' id='word_1_55' title='bbox 1753 899 2025 968; x_wconf 74' lang='grc' dir='ltr'><strong>Σατανᾶς</strong></span> 
     </span>
    </p>
   </div>
   <div class='ocr_carea' id='block_1_10' title="bbox 441 981 2021 1058">
    <p class='ocr_par' dir='ltr' id='par_1_10' title="bbox 441 981 2021 1058">
     <span class='ocr_line' id='line_1_10' title="bbox 441 981 2021 1058; baseline 0.003 -16"><span class='ocrx_word' id='word_1_56' title='bbox 441 981 696 1057; x_wconf 74' lang='grc' dir='ltr'><strong>ἐζῆτησε</strong></span> <span class='ocrx_word' id='word_1_57' title='bbox 737 989 971 1056; x_wconf 79' lang='grc' dir='ltr'><em>πάντας</em></span> <span class='ocrx_word' id='word_1_58' title='bbox 1029 990 1190 1058; x_wconf 78' lang='grc' dir='ltr'><strong>ἡμᾶς</strong></span> <span class='ocrx_word' id='word_1_59' title='bbox 1234 991 1315 1056; x_wconf 87' lang='grc' dir='ltr'><strong>ὡς</strong></span> <span class='ocrx_word' id='word_1_60' title='bbox 1345 992 1454 1046; x_wconf 76' lang='grc' dir='ltr'><strong>τὸν</strong></span> <span class='ocrx_word' id='word_1_61' title='bbox 1499 993 1674 1048; x_wconf 78' lang='grc' dir='ltr'><strong>σῖτον</strong></span> <span class='ocrx_word' id='word_1_62' title='bbox 1709 993 2021 1048; x_wconf 78' lang='grc' dir='ltr'><strong>σινιάσαι·</strong></span> 
     </span>
    </p>
   </div>
   <div class='ocr_carea' id='block_1_11' title="bbox 441 1080 2042 1154">
    <p class='ocr_par' dir='ltr' id='par_1_11' title="bbox 441 1080 2042 1154">
     <span class='ocr_line' id='line_1_11' title="bbox 441 1080 2042 1154; baseline 0.002 -21"><span class='ocrx_word' id='word_1_63' title='bbox 441 1080 556 1149; x_wconf 79' lang='grc' dir='ltr'><strong>ἐγὼ</strong></span> <span class='ocrx_word' id='word_1_64' title='bbox 580 1081 649 1133; x_wconf 79' lang='grc' dir='ltr'><strong>δέ</strong></span> <span class='ocrx_word' id='word_1_65' title='bbox 679 1080 943 1148; x_wconf 78' lang='grc' dir='ltr'><strong>ἐδεήθην</strong></span> <span class='ocrx_word' id='word_1_66' title='bbox 1001 1082 1154 1149; x_wconf 75' lang='grc' dir='ltr'><strong>ὑπὲρ</strong></span> <span class='ocrx_word' id='word_1_67' title='bbox 1189 1083 1328 1150; x_wconf 85' lang='grc' dir='ltr'><strong>σοῦ,</strong></span> <span class='ocrx_word' id='word_1_68' title='bbox 1355 1083 1558 1154; x_wconf 76' lang='grc' dir='ltr'><strong>ἵναμὴ</strong></span> <span class='ocrx_word' id='word_1_69' title='bbox 1606 1083 1824 1154; x_wconf 69' lang='grc' dir='ltr'><strong>ἐκλίπῃ</strong></span> <span class='ocrx_word' id='word_1_70' title='bbox 1857 1084 1896 1153; x_wconf 76' lang='grc' dir='ltr'>ἡ</span> <span class='ocrx_word' id='word_1_71' title='bbox 1929 1085 2042 1138; x_wconf 79' lang='grc' dir='ltr'><strong>πί-.</strong></span> 
     </span>
    </p>
   </div>
   <div class='ocr_carea' id='block_1_12' title="bbox 439 1171 2028 1245">
    <p class='ocr_par' dir='ltr' id='par_1_12' title="bbox 439 1171 2028 1245">
     <span class='ocr_line' id='line_1_12' title="bbox 439 1171 2028 1245; baseline 0.004 -21"><span class='ocrx_word' id='word_1_72' title='bbox 439 1186 578 1236; x_wconf 86' lang='grc' dir='ltr'><strong>στις</strong></span> <span class='ocrx_word' id='word_1_73' title='bbox 605 1187 746 1225; x_wconf 84' lang='grc' dir='ltr'><strong>σου.</strong></span> <span class='ocrx_word' id='word_1_74' title='bbox 769 1171 854 1225; x_wconf 86' lang='grc' dir='ltr'><strong>Σὺ</strong></span> <span class='ocrx_word' id='word_1_75' title='bbox 875 1171 944 1225; x_wconf 76' lang='grc' dir='ltr'><strong>δὲ</strong></span> <span class='ocrx_word' id='word_1_76' title='bbox 961 1173 1352 1243; x_wconf 65' lang='grc' dir='ltr'><strong>ἐπιστραφείς</strong></span> <span class='ocrx_word' id='word_1_77' title='bbox 1377 1191 1544 1238; x_wconf 83' lang='grc' dir='ltr'><strong>ποτε,</strong></span> <span class='ocrx_word' id='word_1_78' title='bbox 1573 1175 1866 1245; x_wconf 79' lang='grc' dir='ltr'><strong>στήριξον</strong></span> <span class='ocrx_word' id='word_1_79' title='bbox 1881 1175 2028 1241; x_wconf 84' lang='grc' dir='ltr'><strong>τοὺς</strong></span> 
     </span>
    </p>
   </div>
   <div class='ocr_carea' id='block_1_13' title="bbox 443 1263 2027 1339">
    <p class='ocr_par' dir='ltr' id='par_1_13' title="bbox 443 1263 2027 1339">
     <span class='ocr_line' id='line_1_13' title="bbox 443 1263 2027 1339; baseline 0.002 -22"><span class='ocrx_word' id='word_1_80' title='bbox 443 1263 756 1331; x_wconf 74' lang='grc' dir='ltr'><strong>ἀδελφούς</strong></span> <span class='ocrx_word' id='word_1_81' title='bbox 799 1277 938 1318; x_wconf 87' lang='grc' dir='ltr'><strong>σου.</strong></span> <span class='ocrx_word' id='word_1_82' title='bbox 988 1264 1314 1336; x_wconf 83' lang='grc' dir='ltr'><strong>Ἐπιστῆσαι</strong></span> <span class='ocrx_word' id='word_1_83' title='bbox 1349 1267 1406 1320; x_wconf 76' lang='grc' dir='ltr'><strong>δὲ</strong></span> <span class='ocrx_word' id='word_1_84' title='bbox 1459 1266 1564 1337; x_wconf 85' lang='grc' dir='ltr'><strong>χρὴ</strong></span> <span class='ocrx_word' id='word_1_85' title='bbox 1607 1268 1690 1321; x_wconf 87' lang='grc' dir='ltr'><strong>ὅτι</strong></span> <span class='ocrx_word' id='word_1_86' title='bbox 1723 1266 1801 1338; x_wconf 81' lang='grc' dir='ltr'><strong>τῷ</strong></span> <span class='ocrx_word' id='word_1_87' title='bbox 1833 1267 2027 1339; x_wconf 81' lang='grc' dir='ltr'><strong>Πέτρῳ</strong></span> 
     </span>
    </p>
   </div>
   <div class='ocr_carea' id='block_1_14' title="bbox 447 1357 2026 1432">
    <p class='ocr_par' dir='ltr' id='par_1_14' title="bbox 447 1357 2026 1432">
     <span class='ocr_line' id='line_1_14' title="bbox 447 1357 2026 1432; baseline 0.003 -22"><span class='ocrx_word' id='word_1_88' title='bbox 447 1357 619 1426; x_wconf 86' lang='grc' dir='ltr'><strong>μόνῳ,</strong></span> <span class='ocrx_word' id='word_1_89' title='bbox 656 1360 753 1409; x_wconf 76' lang='grc' dir='ltr'><strong>καὶ</strong></span> <span class='ocrx_word' id='word_1_90' title='bbox 778 1357 846 1411; x_wconf 81' lang='grc' dir='ltr'><strong>δι’</strong></span> <span class='ocrx_word' id='word_1_91' title='bbox 876 1359 1044 1411; x_wconf 82' lang='grc' dir='ltr'><strong>αὐτοῦ</strong></span> <span class='ocrx_word' id='word_1_92' title='bbox 1077 1362 1140 1430; x_wconf 79' lang='grc' dir='ltr'><strong>τῇ</strong></span> <span class='ocrx_word' id='word_1_93' title='bbox 1171 1360 1270 1429; x_wconf 71' lang='grc' dir='ltr'><strong>τῆς</strong></span> <span class='ocrx_word' id='word_1_94' title='bbox 1301 1359 1523 1429; x_wconf 73' lang='grc' dir='ltr'><strong>Ῥώμης</strong></span> <span class='ocrx_word' id='word_1_95' title='bbox 1550 1360 1850 1432; x_wconf 75' lang='grc' dir='ltr'><strong>Ἐκκλησία</strong></span> <span class='ocrx_word' id='word_1_96' title='bbox 1883 1361 2026 1415; x_wconf 80' lang='grc' dir='ltr'><strong>δέδο-</strong></span> 
     </span>
    </p>
   </div>
   <div class='ocr_carea' id='block_1_15' title="bbox 441 1447 2024 1523">
    <p class='ocr_par' dir='ltr' id='par_1_15' title="bbox 441 1447 2024 1523">
     <span class='ocr_line' id='line_1_15' title="bbox 441 1447 2024 1523; baseline 0.006 -25"><span class='ocrx_word' id='word_1_97' title='bbox 441 1465 535 1500; x_wconf 87' lang='grc' dir='ltr'><strong>ται</strong></span> <span class='ocrx_word' id='word_1_98' title='bbox 571 1447 716 1517; x_wconf 82' lang='grc' dir='ltr'><strong>αὓτη</strong></span> <span class='ocrx_word' id='word_1_99' title='bbox 745 1449 778 1517; x_wconf 82' lang='grc' dir='ltr'><strong>ή</strong></span> <span class='ocrx_word' id='word_1_100' title='bbox 821 1447 1005 1518; x_wconf 84' lang='grc' dir='ltr'><strong>χάρις.</strong></span> <span class='ocrx_word' id='word_1_101' title='bbox 1059 1449 1234 1503; x_wconf 80' lang='grc' dir='ltr'><strong>Πόθεν</strong></span> <span class='ocrx_word' id='word_1_102' title='bbox 1273 1450 1470 1520; x_wconf 80' lang='grc' dir='ltr'><strong>δῆλον;</strong></span> <span class='ocrx_word' id='word_1_103' title='bbox 1517 1451 1740 1522; x_wconf 82' lang='grc' dir='ltr'><strong>Πρῶτον</strong></span> <span class='ocrx_word' id='word_1_104' title='bbox 1793 1455 1914 1523; x_wconf 83' lang='grc' dir='ltr'><strong>μὲν,</strong></span> <span class='ocrx_word' id='word_1_105' title='bbox 1941 1455 2024 1507; x_wconf 83' lang='grc' dir='ltr'><strong>ὅτι</strong></span> 
     </span>
    </p>
   </div>
   <div class='ocr_carea' id='block_1_16' title="bbox 441 1540 2024 1618">
    <p class='ocr_par' dir='ltr' id='par_1_16' title="bbox 441 1540 2024 1618">
     <span class='ocr_line' id='line_1_16' title="bbox 441 1540 2024 1618; baseline 0.006 -26"><span class='ocrx_word' id='word_1_106' title='bbox 441 1541 650 1604; x_wconf 77' lang='grc' dir='ltr'>πάντας</span> <span class='ocrx_word' id='word_1_107' title='bbox 689 1540 970 1612; x_wconf 78' lang='grc' dir='ltr'><strong>ἠϐουλήθη</strong></span> <span class='ocrx_word' id='word_1_108' title='bbox 1006 1543 1034 1595; x_wconf 83' lang='grc' dir='ltr'>ὁ</span> <span class='ocrx_word' id='word_1_109' title='bbox 1077 1543 1326 1604; x_wconf 68' lang='grc' dir='ltr'><strong>Σατανᾶς</strong></span> <span class='ocrx_word' id='word_1_110' title='bbox 1357 1545 1623 1610; x_wconf 76' lang='grc' dir='ltr'><strong>σινιάσαι,</strong></span> <span class='ocrx_word' id='word_1_111' title='bbox 1673 1546 1816 1618; x_wconf 74' lang='grc' dir='ltr'><strong>ὑπὲρ</strong></span> <span class='ocrx_word' id='word_1_112' title='bbox 1857 1549 2024 1618; x_wconf 83' lang='grc' dir='ltr'><strong>μόνου</strong></span> 
     </span>
    </p>
   </div>
   <div class='ocr_carea' id='block_1_17' title="bbox 441 1631 2024 1710">
    <p class='ocr_par' dir='ltr' id='par_1_17' title="bbox 441 1631 2024 1710">
     <span class='ocr_line' id='line_1_17' title="bbox 441 1631 2024 1710; baseline 0.004 -25"><span class='ocrx_word' id='word_1_113' title='bbox 441 1631 500 1685; x_wconf 74' lang='grc' dir='ltr'><strong>δὲ</strong></span> <span class='ocrx_word' id='word_1_114' title='bbox 532 1633 628 1686; x_wconf 84' lang='grc' dir='ltr'><strong>τοῦ</strong></span> <span class='ocrx_word' id='word_1_115' title='bbox 671 1634 882 1703; x_wconf 81' lang='grc' dir='ltr'><strong>Πέτρου</strong></span> <span class='ocrx_word' id='word_1_116' title='bbox 915 1633 1177 1706; x_wconf 78' lang='grc' dir='ltr'><strong>δεηθῆναί</strong></span> <span class='ocrx_word' id='word_1_117' title='bbox 1213 1655 1401 1707; x_wconf 79' lang='grc' dir='ltr'><strong>φησιν.</strong></span> <span class='ocrx_word' id='word_1_118' title='bbox 1435 1634 1574 1693; x_wconf 78' lang='grc' dir='ltr'><strong>Εἶτα</strong></span> <span class='ocrx_word' id='word_1_119' title='bbox 1607 1639 1665 1692; x_wconf 83' lang='grc' dir='ltr'><strong>δὲ</strong></span> <span class='ocrx_word' id='word_1_120' title='bbox 1708 1639 1787 1709; x_wconf 87' lang='grc' dir='ltr'><strong>τῷ</strong></span> <span class='ocrx_word' id='word_1_121' title='bbox 1833 1641 2024 1710; x_wconf 81' lang='grc' dir='ltr'><strong>Πέτρῳ</strong></span> 
     </span>
    </p>
   </div>
   <div class='ocr_carea' id='block_1_18' title="bbox 446 1727 2026 1806">
    <p class='ocr_par' dir='ltr' id='par_1_18' title="bbox 446 1727 2026 1806">
     <span class='ocr_line' id='line_1_18' title="bbox 446 1727 2026 1806; baseline 0.007 -28"><span class='ocrx_word' id='word_1_122' title='bbox 446 1727 924 1798; x_wconf 74' lang='grc' dir='ltr'><strong>ἐμφαντικώτερον</strong></span> <span class='ocrx_word' id='word_1_123' title='bbox 945 1729 1296 1784; x_wconf 78' lang='grc' dir='ltr'><strong>ὲπιτάττεται</strong></span> <span class='ocrx_word' id='word_1_124' title='bbox 1321 1731 1746 1802; x_wconf 73' lang='grc' dir='ltr'><strong>ἐπιστρέφεσθαι</strong></span> <span class='ocrx_word' id='word_1_125' title='bbox 1775 1735 1872 1788; x_wconf 77' lang='grc' dir='ltr'><strong>καὶ</strong></span> <span class='ocrx_word' id='word_1_126' title='bbox 1895 1753 2026 1806; x_wconf 86' lang='grc' dir='ltr'><strong>στη-</strong></span> 
     </span>
    </p>
   </div>
   <div class='ocr_carea' id='block_1_19' title="bbox 448 1813 2024 1896">
    <p class='ocr_par' dir='ltr' id='par_1_19' title="bbox 448 1813 2024 1896">
     <span class='ocr_line' id='line_1_19' title="bbox 448 1813 2024 1896; baseline 0.011 -32"><span class='ocrx_word' id='word_1_127' title='bbox 448 1813 622 1881; x_wconf 75' lang='grc' dir='ltr'><strong>ρίζειν</strong></span> <span class='ocrx_word' id='word_1_128' title='bbox 651 1815 778 1878; x_wconf 83' lang='grc' dir='ltr'><strong>τοὺς</strong></span> <span class='ocrx_word' id='word_1_129' title='bbox 815 1815 980 1880; x_wconf 81' lang='grc' dir='ltr'><strong>ίδῖους</strong></span> <span class='ocrx_word' id='word_1_130' title='bbox 1008 1817 1292 1886; x_wconf 75' lang='grc' dir='ltr'><strong>ἀδελφοὺς,</strong></span> <span class='ocrx_word' id='word_1_131' title='bbox 1329 1821 1468 1890; x_wconf 81' lang='grc' dir='ltr'><strong>ὅπερ</strong></span> <span class='ocrx_word' id='word_1_132' title='bbox 1499 1823 1725 1894; x_wconf 79' lang='grc' dir='ltr'><strong>οῖδαμεν</strong></span> <span class='ocrx_word' id='word_1_133' title='bbox 1751 1825 2024 1896; x_wconf 81' lang='grc' dir='ltr'><strong>μηδαμῶς</strong></span> 
     </span>
    </p>
   </div>
   <div class='ocr_carea' id='block_1_20' title="bbox 446 1905 2016 1986">
    <p class='ocr_par' dir='ltr' id='par_1_20' title="bbox 446 1905 2016 1986">
     <span class='ocr_line' id='line_1_20' title="bbox 446 1905 2016 1986; baseline 0.011 -30"><span class='ocrx_word' id='word_1_134' title='bbox 446 1905 820 1976; x_wconf 75' lang='grc' dir='ltr'><strong>ὲπισυμσῆναι</strong></span> <span class='ocrx_word' id='word_1_135' title='bbox 846 1906 924 1978; x_wconf 84' lang='grc' dir='ltr'><strong>τῷ</strong></span> <span class='ocrx_word' id='word_1_136' title='bbox 956 1909 1170 1980; x_wconf 80' lang='grc' dir='ltr'><strong>Πέτρῳ,</strong></span> <span class='ocrx_word' id='word_1_137' title='bbox 1200 1910 1340 1965; x_wconf 88' lang='grc' dir='ltr'><strong>ἀλλά</strong></span> <span class='ocrx_word' id='word_1_138' title='bbox 1390 1914 1500 1976; x_wconf 84' lang='grc' dir='ltr'><strong>τοῖς</strong></span> <span class='ocrx_word' id='word_1_139' title='bbox 1532 1915 1798 1986; x_wconf 78' lang='grc' dir='ltr'><strong>διαδόχοις</strong></span> <span class='ocrx_word' id='word_1_140' title='bbox 1829 1917 2016 1972; x_wconf 78' lang='grc' dir='ltr'><strong>αὐτοῦ.</strong></span> 
     </span>
    </p>
   </div>
   <div class='ocr_carea' id='block_1_21' title="bbox 441 1995 2023 2079">
    <p class='ocr_par' dir='ltr' id='par_1_21' title="bbox 441 1995 2023 2079">
     <span class='ocr_line' id='line_1_21' title="bbox 441 1995 2023 2079; baseline 0.011 -31"><span class='ocrx_word' id='word_1_141' title='bbox 441 1997 568 2060; x_wconf 83' lang='grc' dir='ltr'><strong>Τοῖς</strong></span> <span class='ocrx_word' id='word_1_142' title='bbox 598 1995 870 2070; x_wconf 73' lang='grc' dir='ltr'><strong>διαδόχοις</strong></span> <span class='ocrx_word' id='word_1_143' title='bbox 905 2001 1017 2071; x_wconf 82' lang='grc' dir='ltr'><strong>ἀρα</strong></span> <span class='ocrx_word' id='word_1_144' title='bbox 1057 2001 1216 2056; x_wconf 83' lang='grc' dir='ltr'><strong>τοῦτο</strong></span> <span class='ocrx_word' id='word_1_145' title='bbox 1246 2003 1340 2057; x_wconf 86' lang='grc' dir='ltr'><strong>διά</strong></span> <span class='ocrx_word' id='word_1_146' title='bbox 1372 2005 1470 2062; x_wconf 76' lang='grc' dir='ltr'><strong>τοῦ</strong></span> <span class='ocrx_word' id='word_1_147' title='bbox 1517 2007 1729 2079; x_wconf 85' lang='grc' dir='ltr'><strong>Πέτρου</strong></span> <span class='ocrx_word' id='word_1_148' title='bbox 1768 2012 2023 2065; x_wconf 75' lang='grc' dir='ltr'><strong>ἐπιτέτα-</strong></span> 
     </span>
    </p>
   </div>
   <div class='ocr_carea' id='block_1_22' title="bbox 439 2089 2022 2175">
    <p class='ocr_par' dir='ltr' id='par_1_22' title="bbox 439 2089 2022 2175">
     <span class='ocr_line' id='line_1_22' title="bbox 439 2089 2022 2175; baseline 0.012 -34"><span class='ocrx_word' id='word_1_149' title='bbox 439 2105 589 2146; x_wconf 86' lang='grc' dir='ltr'><strong>κται.</strong></span> <span class='ocrx_word' id='word_1_150' title='bbox 615 2089 797 2164; x_wconf 83' lang='grc' dir='ltr'><strong>Ὅπερ</strong></span> <span class='ocrx_word' id='word_1_151' title='bbox 823 2093 1090 2160; x_wconf 81' lang='grc' dir='ltr'><strong>πολλάκις</strong></span> <span class='ocrx_word' id='word_1_152' title='bbox 1129 2097 1230 2166; x_wconf 78' lang='grc' dir='ltr'><strong>μὲν</strong></span> <span class='ocrx_word' id='word_1_153' title='bbox 1263 2099 1358 2151; x_wconf 76' lang='grc' dir='ltr'><strong>καὶ</strong></span> <span class='ocrx_word' id='word_1_154' title='bbox 1388 2100 1660 2172; x_wconf 86' lang='grc' dir='ltr'><strong>πρότερον</strong></span> <span class='ocrx_word' id='word_1_155' title='bbox 1689 2105 2022 2175; x_wconf 87' lang='grc' dir='ltr'><strong>γεγενῆσθαι</strong></span> 
     </span>
    </p>
   </div>
   <div class='ocr_carea' id='block_1_23' title="bbox 439 2178 2021 2261">
    <p class='ocr_par' dir='ltr' id='par_1_23' title="bbox 439 2178 2021 2261">
     <span class='ocr_line' id='line_1_23' title="bbox 439 2178 2021 2261; baseline 0.011 -30"><span class='ocrx_word' id='word_1_156' title='bbox 439 2178 784 2250; x_wconf 68' lang='grc' dir='ltr'><strong>ἀνέγνωμεν,</strong></span> <span class='ocrx_word' id='word_1_157' title='bbox 809 2185 902 2237; x_wconf 66' lang='grc' dir='ltr'><strong>καλ¹</strong></span> <span class='ocrx_word' id='word_1_158' title='bbox 925 2185 1014 2254; x_wconf 73' lang='grc' dir='ltr'><strong>ἐφ’</strong></span> <span class='ocrx_word' id='word_1_159' title='bbox 1037 2187 1198 2256; x_wconf 73' lang='grc' dir='ltr'><strong>ἡμῶν</strong></span> <span class='ocrx_word' id='word_1_160' title='bbox 1245 2189 1300 2242; x_wconf 70' lang='grc' dir='ltr'><strong>δὲ</strong></span> <span class='ocrx_word' id='word_1_161' title='bbox 1349 2190 1482 2261; x_wconf 84' lang='grc' dir='ltr'><strong>ὅσην</strong></span> <span class='ocrx_word' id='word_1_162' title='bbox 1515 2193 1885 2248; x_wconf 79' lang='grc' dir='ltr'><strong>κατεϐάλλετο</strong></span> <span class='ocrx_word' id='word_1_163' title='bbox 1919 2197 2021 2248; x_wconf 79' lang='grc' dir='ltr'><strong>Εὐ·</strong></span> 
     </span>
    </p>
   </div>
   <div class='ocr_carea' id='block_1_24' title="bbox 439 2271 2022 2351">
    <p class='ocr_par' dir='ltr' id='par_1_24' title="bbox 439 2271 2022 2351">
     <span class='ocr_line' id='line_1_24' title="bbox 439 2271 2022 2351; baseline 0.013 -28"><span class='ocrx_word' id='word_1_164' title='bbox 439 2271 620 2338; x_wconf 87' lang='grc' dir='ltr'><strong>γένιος</strong></span> <span class='ocrx_word' id='word_1_165' title='bbox 648 2275 676 2328; x_wconf 87' lang='grc' dir='ltr'><strong>ὀ</strong></span> <span class='ocrx_word' id='word_1_166' title='bbox 705 2275 884 2345; x_wconf 82' lang='grc' dir='ltr'><strong>μέγας</strong></span> <span class='ocrx_word' id='word_1_167' title='bbox 911 2278 1154 2350; x_wconf 80' lang='grc' dir='ltr'><strong>σπουδὴν</strong></span> <span class='ocrx_word' id='word_1_168' title='bbox 1192 2281 1272 2343; x_wconf 84' lang='grc' dir='ltr'><strong>είς</strong></span> <span class='ocrx_word' id='word_1_169' title='bbox 1297 2283 1356 2336; x_wconf 75' lang='grc' dir='ltr'><strong>τὸ</strong></span> <span class='ocrx_word' id='word_1_170' title='bbox 1395 2283 1455 2336; x_wconf 84' lang='grc' dir='ltr'><strong>ἒν</strong></span> <span class='ocrx_word' id='word_1_171' title='bbox 1486 2285 1718 2351; x_wconf 78' lang='grc' dir='ltr'><strong>συνάξαι</strong></span> <span class='ocrx_word' id='word_1_172' title='bbox 1756 2289 1856 2351; x_wconf 74' lang='grc' dir='ltr'><strong>τὰς</strong></span> <span class='ocrx_word' id='word_1_173' title='bbox 1899 2289 2022 2342; x_wconf 85' lang='grc' dir='ltr'><strong>Ἑκ-</strong></span> 
     </span>
    </p>
   </div>
   <div class='ocr_carea' id='block_1_25' title="bbox 441 2363 2018 2449">
    <p class='ocr_par' dir='ltr' id='par_1_25' title="bbox 441 2363 2018 2449">
     <span class='ocr_line' id='line_1_25' title="bbox 441 2363 2018 2449; baseline 0.013 -33"><span class='ocrx_word' id='word_1_174' title='bbox 441 2363 694 2434; x_wconf 84' lang='grc' dir='ltr'><strong>κλησίας,</strong></span> <span class='ocrx_word' id='word_1_175' title='bbox 727 2369 824 2420; x_wconf 76' lang='grc' dir='ltr'><strong>καὶ</strong></span> <span class='ocrx_word' id='word_1_176' title='bbox 871 2367 1243 2440; x_wconf 77' lang='grc' dir='ltr'><strong>ἐλευθερῶσαι</strong></span> <span class='ocrx_word' id='word_1_177' title='bbox 1284 2374 1344 2427; x_wconf 78' lang='grc' dir='ltr'><strong>τδ</strong></span> <span class='ocrx_word' id='word_1_178' title='bbox 1386 2377 1544 2442; x_wconf 85' lang='grc' dir='ltr'><strong>γένος</strong></span> <span class='ocrx_word' id='word_1_179' title='bbox 1586 2380 1772 2449; x_wconf 75' lang='grc' dir='ltr'><strong>ἡμῶν,</strong></span> <span class='ocrx_word' id='word_1_180' title='bbox 1816 2383 2018 2446; x_wconf 75' lang='grc' dir='ltr'><strong>πάντες</strong></span> 
     </span>
    </p>
   </div>
   <div class='ocr_carea' id='block_1_26' title="bbox 439 2456 2018 2542">
    <p class='ocr_par' dir='ltr' id='par_1_26' title="bbox 439 2456 2018 2542">
     <span class='ocr_line' id='line_1_26' title="bbox 439 2456 2018 2542; baseline 0.013 -32"><span class='ocrx_word' id='word_1_181' title='bbox 439 2456 636 2514; x_wconf 72' lang='grc' dir='ltr'><strong>οἴδατε.</strong></span> <span class='ocrx_word' id='word_1_182' title='bbox 698 2459 886 2524; x_wconf 79' lang='grc' dir='ltr'><strong>Οὕτως</strong></span> <span class='ocrx_word' id='word_1_183' title='bbox 942 2465 974 2530; x_wconf 87' lang='grc' dir='ltr'><strong>ή</strong></span> <span class='ocrx_word' id='word_1_184' title='bbox 1033 2465 1136 2534; x_wconf 77' lang='grc' dir='ltr'><strong>μὲν</strong></span> <span class='ocrx_word' id='word_1_185' title='bbox 1163 2466 1264 2537; x_wconf 86' lang='grc' dir='ltr'><strong>τῆς</strong></span> <span class='ocrx_word' id='word_1_186' title='bbox 1306 2467 1527 2542; x_wconf 87' lang='grc' dir='ltr'><strong>Ῥώμης</strong></span> <span class='ocrx_word' id='word_1_187' title='bbox 1577 2473 1836 2538; x_wconf 82' lang='grc' dir='ltr'><strong>πολλάκις</strong></span> <span class='ocrx_word' id='word_1_188' title='bbox 1895 2477 2018 2531; x_wconf 81' lang='grc' dir='ltr'><strong>ὲπι-</strong></span> 
     </span>
    </p>
   </div>
   <div class='ocr_carea' id='block_1_27' title="bbox 439 2553 2018 2636">
    <p class='ocr_par' dir='ltr' id='par_1_27' title="bbox 439 2553 2018 2636">
     <span class='ocr_line' id='line_1_27' title="bbox 439 2553 2018 2636; baseline 0.013 -35"><span class='ocrx_word' id='word_1_189' title='bbox 439 2553 742 2620; x_wconf 78' lang='grc' dir='ltr'><strong>στραφεῖσα</strong></span> <span class='ocrx_word' id='word_1_190' title='bbox 775 2554 1025 2626; x_wconf 75' lang='grc' dir='ltr'><strong>ἐστήριξε</strong></span> <span class='ocrx_word' id='word_1_191' title='bbox 1056 2559 1156 2624; x_wconf 76' lang='grc' dir='ltr'><strong>τὰς</strong></span> <span class='ocrx_word' id='word_1_192' title='bbox 1188 2560 1384 2632; x_wconf 81' lang='grc' dir='ltr'><strong>ἐτέρας</strong></span> <span class='ocrx_word' id='word_1_193' title='bbox 1404 2578 1419 2592; x_wconf 90' lang='grc'><strong>·</strong></span> <span class='ocrx_word' id='word_1_194' title='bbox 1453 2563 1663 2636; x_wconf 84' lang='grc' dir='ltr'><strong>ταύτην</strong></span> <span class='ocrx_word' id='word_1_195' title='bbox 1683 2567 1740 2622; x_wconf 80' lang='grc' dir='ltr'><strong>δὲ</strong></span> <span class='ocrx_word' id='word_1_196' title='bbox 1770 2569 1824 2621; x_wconf 82' lang='grc' dir='ltr'><strong>αῖ</strong></span> <span class='ocrx_word' id='word_1_197' title='bbox 1857 2569 2018 2624; x_wconf 75' lang='grc' dir='ltr'><strong>ἄλλαι</strong></span> 
     </span>
    </p>
   </div>
   <div class='ocr_carea' id='block_1_28' title="bbox 437 2641 2020 2731">
    <p class='ocr_par' dir='ltr' id='par_1_28' title="bbox 437 2641 2020 2731">
     <span class='ocr_line' id='line_1_28' title="bbox 437 2641 2020 2731; baseline 0.017 -39"><span class='ocrx_word' id='word_1_198' title='bbox 437 2641 710 2698; x_wconf 80' lang='grc' dir='ltr'><strong>οὐδέποτε.</strong></span> <span class='ocrx_word' id='word_1_199' title='bbox 747 2647 900 2700; x_wconf 88' lang='grc' dir='ltr'><strong>Διατί</strong></span> <span class='ocrx_word' id='word_1_200' title='bbox 924 2665 940 2714; x_wconf 88' lang='lat'><strong>;</strong></span> <span class='ocrx_word' id='word_1_201' title='bbox 972 2651 1116 2704; x_wconf 82' lang='grc' dir='ltr'><strong>Διότι</strong></span> <span class='ocrx_word' id='word_1_202' title='bbox 1141 2651 1380 2725; x_wconf 78' lang='grc' dir='ltr'><strong>ὁΣωτὴρ</strong></span> <span class='ocrx_word' id='word_1_203' title='bbox 1415 2655 1550 2728; x_wconf 80' lang='grc' dir='ltr'><strong>μόνῃ</strong></span> <span class='ocrx_word' id='word_1_204' title='bbox 1584 2660 1650 2727; x_wconf 80' lang='grc' dir='ltr'><strong>τῇ</strong></span> <span class='ocrx_word' id='word_1_205' title='bbox 1684 2659 1785 2728; x_wconf 82' lang='grc' dir='ltr'><strong>τῆς</strong></span> <span class='ocrx_word' id='word_1_206' title='bbox 1805 2661 2020 2731; x_wconf 84' lang='grc' dir='ltr'><strong>Ῥώμης</strong></span> 
     </span>
    </p>
   </div>
   <div class='ocr_carea' id='block_1_29' title="bbox 437 2733 2016 2823">
    <p class='ocr_par' dir='ltr' id='par_1_29' title="bbox 437 2733 2016 2823">
     <span class='ocr_line' id='line_1_29' title="bbox 437 2733 2016 2823; baseline 0.013 -39"><span class='ocrx_word' id='word_1_207' title='bbox 437 2733 644 2808; x_wconf 80' lang='grc' dir='ltr'><strong>ταύτην</strong></span> <span class='ocrx_word' id='word_1_208' title='bbox 663 2737 975 2808; x_wconf 73' lang='grc' dir='ltr'><strong>ἐδωρήσατο</strong></span> <span class='ocrx_word' id='word_1_209' title='bbox 1003 2741 1102 2814; x_wconf 79' lang='grc' dir='ltr'><strong>τὴν</strong></span> <span class='ocrx_word' id='word_1_210' title='bbox 1129 2745 1314 2814; x_wconf 85' lang='grc' dir='ltr'><strong>χάριν,</strong></span> <span class='ocrx_word' id='word_1_211' title='bbox 1351 2746 1565 2818; x_wconf 81' lang='grc' dir='ltr'><strong>δεηθεὶς</strong></span> <span class='ocrx_word' id='word_1_212' title='bbox 1593 2751 1668 2813; x_wconf 83' lang='grc' dir='ltr'><strong>ὡς</strong></span> <span class='ocrx_word' id='word_1_213' title='bbox 1706 2751 2016 2823; x_wconf 78' lang='grc' dir='ltr'><strong>ἄνθρωπος,</strong></span> 
     </span>
    </p>
   </div>
   <div class='ocr_carea' id='block_1_30' title="bbox 439 2827 2020 2915">
    <p class='ocr_par' dir='ltr' id='par_1_30' title="bbox 439 2827 2020 2915">
     <span class='ocr_line' id='line_1_30' title="bbox 439 2827 2020 2915; baseline 0.011 -33"><span class='ocrx_word' id='word_1_214' title='bbox 439 2827 528 2882; x_wconf 72' lang='grc' dir='ltr'><strong>ἵνα</strong></span> <span class='ocrx_word' id='word_1_215' title='bbox 555 2831 633 2900; x_wconf 78' lang='grc' dir='ltr'><strong>μὴ</strong></span> <span class='ocrx_word' id='word_1_216' title='bbox 659 2829 858 2904; x_wconf 72' lang='grc' dir='ltr'><strong>ἐκλίπῃ</strong></span> <span class='ocrx_word' id='word_1_217' title='bbox 885 2834 918 2902; x_wconf 79' lang='grc' dir='ltr'>ἠ</span> <span class='ocrx_word' id='word_1_218' title='bbox 948 2833 1130 2899; x_wconf 73' lang='grc' dir='ltr'><strong>πίστις</strong></span> <span class='ocrx_word' id='word_1_219' title='bbox 1155 2835 1349 2903; x_wconf 85' lang='grc' dir='ltr'><strong>αὐτῆς.</strong></span> <span class='ocrx_word' id='word_1_220' title='bbox 1375 2839 1522 2906; x_wconf 83' lang='grc' dir='ltr'><strong>Ἔτι,</strong></span> <span class='ocrx_word' id='word_1_221' title='bbox 1557 2841 1770 2910; x_wconf 76' lang='grc' dir='ltr'><strong>μέλλων</strong></span> <span class='ocrx_word' id='word_1_222' title='bbox 1795 2846 2020 2915; x_wconf 79' lang='grc' dir='ltr'><strong>ἀνέρχε-</strong></span> 
     </span>
    </p>
   </div>
   <div class='ocr_carea' id='block_1_31' title="bbox 439 2917 2018 3006">
    <p class='ocr_par' dir='ltr' id='par_1_31' title="bbox 439 2917 2018 3006">
     <span class='ocr_line' id='line_1_31' title="bbox 439 2917 2018 3006; baseline 0.013 -35"><span class='ocrx_word' id='word_1_223' title='bbox 439 2917 566 2973; x_wconf 85' lang='grc' dir='ltr'><strong>σθαι</strong></span> <span class='ocrx_word' id='word_1_224' title='bbox 621 2921 700 2984; x_wconf 59' lang='lat' dir='ltr'><strong>ei;</strong></span> <span class='ocrx_word' id='word_1_225' title='bbox 743 2923 868 2984; x_wconf 75' lang='grc' dir='ltr'><strong>τοὺς</strong></span> <span class='ocrx_word' id='word_1_226' title='bbox 917 2923 1182 2994; x_wconf 74' lang='grc' dir='ltr'><strong>οὐρανοὺς</strong></span> <span class='ocrx_word' id='word_1_227' title='bbox 1211 2928 1240 2981; x_wconf 89' lang='grc' dir='ltr'><strong>ό</strong></span> <span class='ocrx_word' id='word_1_228' title='bbox 1269 2929 1627 3000; x_wconf 78' lang='grc' dir='ltr'><strong>Χριστὸς,τῷ</strong></span> <span class='ocrx_word' id='word_1_229' title='bbox 1677 2935 1878 3006; x_wconf 87' lang='grc' dir='ltr'><strong>τριττῷ</strong></span> <span class='ocrx_word' id='word_1_230' title='bbox 1923 2939 2018 3006; x_wconf 78' lang='grc' dir='ltr'><strong>τῆς</strong></span> 
     </span>
    </p>
   </div>
   <div class='ocr_carea' id='block_1_32' title="bbox 437 3015 2017 3101">
    <p class='ocr_par' dir='ltr' id='par_1_32' title="bbox 437 3015 2017 3101">
     <span class='ocr_line' id='line_1_32' title="bbox 437 3015 2017 3101; baseline 0.002 -21"><span class='ocrx_word' id='word_1_231' title='bbox 437 3015 788 3084; x_wconf 75' lang='grc' dir='ltr'><strong>ἐρωτήσεως.</strong></span> <span class='ocrx_word' id='word_1_232' title='bbox 825 3017 922 3088; x_wconf 77' lang='grc' dir='ltr'><strong>τῷ,</strong></span> <span class='ocrx_word' id='word_1_233' title='bbox 959 3019 1161 3088; x_wconf 72' lang='grc' dir='ltr'><strong>Πέτρε,</strong></span> <span class='ocrx_word' id='word_1_234' title='bbox 1199 3023 1398 3091; x_wconf 70' lang='grc' dir='ltr'><strong>φιλεῖς</strong></span> <span class='ocrx_word' id='word_1_235' title='bbox 1421 3041 1523 3092; x_wconf 78' lang='grc' dir='ltr'><strong>με,</strong></span> <span class='ocrx_word' id='word_1_236' title='bbox 1579 3025 1640 3078; x_wconf 86' lang='grc' dir='ltr'><strong>τδ</strong></span> <span class='ocrx_word' id='word_1_237' title='bbox 1686 3027 1874 3098; x_wconf 82' lang='grc' dir='ltr'><strong>τρίτον</strong></span> <span class='ocrx_word' id='word_1_238' title='bbox 1918 3031 2017 3101; x_wconf 79' lang='grc' dir='ltr'><strong>τῆς</strong></span> 
     </span>
    </p>
   </div>
   <div class='ocr_carea' id='block_1_33' title="bbox 435 3105 2020 3192">
    <p class='ocr_par' dir='ltr' id='par_1_33' title="bbox 435 3105 2020 3192">
     <span class='ocr_line' id='line_1_33' title="bbox 435 3105 2020 3192; baseline 0.012 -34"><span class='ocrx_word' id='word_1_239' title='bbox 435 3105 720 3176; x_wconf 80' lang='grc' dir='ltr'><strong>ἀρνήσεως</strong></span> <span class='ocrx_word' id='word_1_240' title='bbox 781 3109 1035 3175; x_wconf 78' lang='grc' dir='ltr'><strong>ἐξιάσατο</strong></span> <span class='ocrx_word' id='word_1_241' title='bbox 1087 3113 1325 3184; x_wconf 83' lang='grc' dir='ltr'><strong>πρῶτον.</strong></span> <span class='ocrx_word' id='word_1_242' title='bbox 1363 3113 1494 3170; x_wconf 80' lang='grc' dir='ltr'><strong>Εἶτα</strong></span> <span class='ocrx_word' id='word_1_243' title='bbox 1539 3119 1678 3187; x_wconf 81' lang='grc' dir='ltr'><strong>ὁμοῦ</strong></span> <span class='ocrx_word' id='word_1_244' title='bbox 1736 3124 2020 3192; x_wconf 84' lang='grc' dir='ltr'><strong>παρόντων</strong></span> 
     </span>
    </p>
   </div>
   <div class='ocr_carea' id='block_1_34' title="bbox 2129 609 3708 692">
    <p class='ocr_par' dir='ltr' id='par_1_34' title="bbox 2129 609 3708 692">
     <span class='ocr_line' id='line_1_34' title="bbox 2129 609 3708 692; baseline -0.011 -16"><span class='ocrx_word' id='word_1_245' title='bbox 2129 638 2248 676; x_wconf 91' lang='lat' dir='ltr'><strong>rum</strong></span> <span class='ocrx_word' id='word_1_246' title='bbox 2303 621 2528 692; x_wconf 58' lang='lat' dir='ltr'><strong>lingua,</strong></span> <span class='ocrx_word' id='word_1_247' title='bbox 2563 636 2686 692; x_wconf 72' lang='lat' dir='ltr'><strong>qure</strong></span> <span class='ocrx_word' id='word_1_248' title='bbox 2715 619 2988 673; x_wconf 76' lang='lat' dir='ltr'><strong>oblocntze</strong></span> <span class='ocrx_word' id='word_1_249' title='bbox 3039 625 3168 670; x_wconf 86' lang='lat' dir='ltr'><strong>sunt</strong></span> <span class='ocrx_word' id='word_1_250' title='bbox 3207 613 3260 667; x_wconf 90' lang='lat' dir='ltr'><strong>in</strong></span> <span class='ocrx_word' id='word_1_251' title='bbox 3309 609 3551 664; x_wconf 77' lang='lat' dir='ltr'><strong>divinam</strong></span> <span class='ocrx_word' id='word_1_252' title='bbox 3591 621 3708 660; x_wconf 87' lang='lat' dir='ltr'><strong>ma-</strong></span> 
     </span>
    </p>
   </div>
   <div class='ocr_carea' id='block_1_35' title="bbox 2124 699 3709 784">
    <p class='ocr_par' dir='ltr' id='par_1_35' title="bbox 2124 699 3709 784">
     <span class='ocr_line' id='line_1_35' title="bbox 2124 699 3709 784; baseline -0.015 -15"><span class='ocrx_word' id='word_1_253' title='bbox 2124 715 2378 784; x_wconf 73' lang='lat' dir='ltr'><strong>iestatem</strong></span> <span class='ocrx_word' id='word_1_254' title='bbox 2455 711 2800 780; x_wconf 89' lang='lat' dir='ltr'><strong>injustitiam.</strong></span> <span class='ocrx_word' id='word_1_255' title='bbox 2865 707 2957 762; x_wconf 89' lang='lat' dir='ltr'><strong>Sic</strong></span> <span class='ocrx_word' id='word_1_256' title='bbox 3021 715 3146 776; x_wconf 82' lang='lat' dir='ltr'><strong>post</strong></span> <span class='ocrx_word' id='word_1_257' title='bbox 3211 704 3495 775; x_wconf 79' lang='lat' dir='ltr'><strong>mysticam</strong></span> <span class='ocrx_word' id='word_1_258' title='bbox 3559 699 3709 752; x_wconf 84' lang='lat' dir='ltr'><strong>illam</strong></span> 
     </span>
    </p>
   </div>
   <div class='ocr_carea' id='block_1_36' title="bbox 2127 793 3709 876">
    <p class='ocr_par' dir='ltr' id='par_1_36' title="bbox 2127 793 3709 876">
     <span class='ocr_line' id='line_1_36' title="bbox 2127 793 3709 876; baseline -0.009 -16"><span class='ocrx_word' id='word_1_259' title='bbox 2127 821 2368 868; x_wconf 72' lang='lat' dir='ltr'><strong>cmuam,</strong></span> <span class='ocrx_word' id='word_1_260' title='bbox 2397 805 2554 876; x_wconf 87' lang='lat' dir='ltr'><strong>quasi</strong></span> <span class='ocrx_word' id='word_1_261' title='bbox 2606 807 2672 859; x_wconf 87' lang='lat' dir='ltr'><strong>de</strong></span> <span class='ocrx_word' id='word_1_262' title='bbox 2719 803 2890 858; x_wconf 85' lang='lat' dir='ltr'><strong>rebus</strong></span> <span class='ocrx_word' id='word_1_263' title='bbox 2935 800 3052 856; x_wconf 87' lang='lat' dir='ltr'><strong>suis</strong></span> <span class='ocrx_word' id='word_1_264' title='bbox 3083 799 3383 867; x_wconf 84' lang='lat' dir='ltr'><strong>disponens</strong></span> <span class='ocrx_word' id='word_1_265' title='bbox 3424 793 3709 846; x_wconf 78' lang='lat' dir='ltr'><strong>Servatur.</strong></span> 
     </span>
    </p>
   </div>
   <div class='ocr_carea' id='block_1_37' title="bbox 2126 885 3710 955">
    <p class='ocr_par' dir='ltr' id='par_1_37' title="bbox 2126 885 3710 955">
     <span class='ocr_line' id='line_1_37' title="bbox 2126 885 3710 955; baseline -0.011 -3"><span class='ocrx_word' id='word_1_266' title='bbox 2126 899 2192 954; x_wconf 90' lang='lat' dir='ltr'><strong>ad</strong></span> <span class='ocrx_word' id='word_1_267' title='bbox 2222 897 2446 954; x_wconf 82' lang='lat' dir='ltr'><strong>Petrum</strong></span> <span class='ocrx_word' id='word_1_268' title='bbox 2502 912 2804 952; x_wconf 82' lang='lat' dir='ltr'><strong>conversus</strong></span> <span class='ocrx_word' id='word_1_269' title='bbox 2850 895 3023 950; x_wconf 74' lang='lat' dir='ltr'><strong>dixit:</strong></span> <span class='ocrx_word' id='word_1_270' title='bbox 3051 893 3181 948; x_wconf 64' lang='lat' dir='ltr'><strong>Ecce</strong></span> <span class='ocrx_word' id='word_1_271' title='bbox 3233 889 3440 955; x_wconf 82' lang='lat' dir='ltr'><strong>Simon,</strong></span> <span class='ocrx_word' id='word_1_272' title='bbox 3477 885 3710 940; x_wconf 77' lang='lat' dir='ltr'><strong>Satanas</strong></span> 
     </span>
    </p>
   </div>
   <div class='ocr_carea' id='block_1_38' title="bbox 2125 979 3709 1061">
    <p class='ocr_par' dir='ltr' id='par_1_38' title="bbox 2125 979 3709 1061">
     <span class='ocr_line' id='line_1_38' title="bbox 2125 979 3709 1061; baseline -0.013 -14"><span class='ocrx_word' id='word_1_273' title='bbox 2125 992 2368 1061; x_wconf 75' lang='lat' dir='ltr'><strong>expetivit</strong></span> <span class='ocrx_word' id='word_1_274' title='bbox 2401 1007 2510 1054; x_wconf 80' lang='lat' dir='ltr'><strong>vos,</strong></span> <span class='ocrx_word' id='word_1_275' title='bbox 2536 1001 2592 1045; x_wconf 87' lang='lat' dir='ltr'><strong>ut</strong></span> <span class='ocrx_word' id='word_1_276' title='bbox 2625 991 2880 1045; x_wconf 84' lang='lat' dir='ltr'><strong>cribraret</strong></span> <span class='ocrx_word' id='word_1_277' title='bbox 2913 987 3050 1040; x_wconf 84' lang='lat' dir='ltr'><strong>sicut</strong></span> <span class='ocrx_word' id='word_1_278' title='bbox 3081 985 3336 1046; x_wconf 86' lang='lat' dir='ltr'><strong>triticum,</strong></span> <span class='ocrx_word' id='word_1_279' title='bbox 3374 979 3465 1034; x_wconf 78' lang='lat' dir='ltr'><strong>sed</strong></span> <span class='ocrx_word' id='word_1_280' title='bbox 3496 993 3590 1046; x_wconf 85' lang='lat' dir='ltr'><strong>ego</strong></span> <span class='ocrx_word' id='word_1_281' title='bbox 3628 991 3709 1028; x_wconf 90' lang='lat' dir='ltr'><strong>ro-</strong></span> 
     </span>
    </p>
   </div>
   <div class='ocr_carea' id='block_1_39' title="bbox 2126 1068 3711 1156">
    <p class='ocr_par' dir='ltr' id='par_1_39' title="bbox 2126 1068 3711 1156">
     <span class='ocr_line' id='line_1_39' title="bbox 2126 1068 3711 1156; baseline -0.012 -17"><span class='ocrx_word' id='word_1_282' title='bbox 2126 1087 2246 1154; x_wconf 82' lang='lat' dir='ltr'><strong>gavi</strong></span> <span class='ocrx_word' id='word_1_283' title='bbox 2271 1102 2366 1156; x_wconf 85' lang='lat' dir='ltr'><strong>pro</strong></span> <span class='ocrx_word' id='word_1_284' title='bbox 2399 1095 2470 1150; x_wconf 78' lang='lat' dir='ltr'><strong>te,</strong></span> <span class='ocrx_word' id='word_1_285' title='bbox 2520 1100 2582 1138; x_wconf 82' lang='lat' dir='ltr'><strong>ne</strong></span> <span class='ocrx_word' id='word_1_286' title='bbox 2613 1081 2828 1150; x_wconf 76' lang='lat' dir='ltr'><strong>deﬁciat</strong></span> <span class='ocrx_word' id='word_1_287' title='bbox 2865 1080 2994 1142; x_wconf 81' lang='lat' dir='ltr'><strong>ﬁdes</strong></span> <span class='ocrx_word' id='word_1_288' title='bbox 3027 1089 3122 1132; x_wconf 85' lang='lat' dir='ltr'><strong>tua</strong></span> <span class='ocrx_word' id='word_1_289' title='bbox 3158 1093 3178 1133; x_wconf 89' lang='lat'><strong><em>:</em></strong></span> <span class='ocrx_word' id='word_1_290' title='bbox 3209 1085 3259 1128; x_wconf 84' lang='lat' dir='ltr'><strong>et</strong></span> <span class='ocrx_word' id='word_1_291' title='bbox 3307 1085 3364 1128; x_wconf 87' lang='lat' dir='ltr'><strong>tu</strong></span> <span class='ocrx_word' id='word_1_292' title='bbox 3419 1068 3711 1141; x_wconf 77' lang='lat' dir='ltr'><strong>aliquando</strong></span> 
     </span>
    </p>
   </div>
   <div class='ocr_carea' id='block_1_40' title="bbox 2126 1163 3713 1245">
    <p class='ocr_par' dir='ltr' id='par_1_40' title="bbox 2126 1163 3713 1245">
     <span class='ocr_line' id='line_1_40' title="bbox 2126 1163 3713 1245; baseline -0.013 -11"><span class='ocrx_word' id='word_1_293' title='bbox 2126 1195 2406 1234; x_wconf 76' lang='lat' dir='ltr'><strong>conversus</strong></span> <span class='ocrx_word' id='word_1_294' title='bbox 2441 1176 2702 1242; x_wconf 79' lang='lat' dir='ltr'><strong>conﬁrma</strong></span> <span class='ocrx_word' id='word_1_295' title='bbox 2751 1177 2948 1245; x_wconf 76' lang='lat' dir='ltr'><strong><em>fratres</em></strong></span> <span class='ocrx_word' id='word_1_296' title='bbox 2981 1181 3096 1226; x_wconf 80' lang='lat' dir='ltr'><strong>tuos</strong></span> <span class='ocrx_word' id='word_1_297' title='bbox 3121 1171 3164 1225; x_wconf 76' lang='grc' dir='ltr'><strong>ί.</strong></span> <span class='ocrx_word' id='word_1_298' title='bbox 3219 1169 3286 1224; x_wconf 87' lang='grc' dir='ltr'><strong>Ει</strong></span> <span class='ocrx_word' id='word_1_299' title='bbox 3315 1163 3713 1222; x_wconf 87' lang='lat' dir='ltr'><strong>attendendum</strong></span> 
     </span>
    </p>
   </div>
   <div class='ocr_carea' id='block_1_41' title="bbox 2126 1256 3714 1342">
    <p class='ocr_par' dir='ltr' id='par_1_41' title="bbox 2126 1256 3714 1342">
     <span class='ocr_line' id='line_1_41' title="bbox 2126 1256 3714 1342; baseline -0.013 -15"><span class='ocrx_word' id='word_1_300' title='bbox 2126 1283 2232 1335; x_wconf 88' lang='lat' dir='ltr'><strong>est,</strong></span> <span class='ocrx_word' id='word_1_301' title='bbox 2261 1271 2608 1342; x_wconf 82' lang='lat' dir='ltr'><strong>privilegium</strong></span> <span class='ocrx_word' id='word_1_302' title='bbox 2662 1271 2768 1326; x_wconf 89' lang='lat' dir='ltr'><strong>hoc</strong></span> <span class='ocrx_word' id='word_1_303' title='bbox 2803 1267 2903 1324; x_wconf 88' lang='lat' dir='ltr'><strong>scli</strong></span> <span class='ocrx_word' id='word_1_304' title='bbox 2945 1267 3131 1328; x_wconf 76' lang='lat' dir='ltr'><strong>Petro,</strong></span> <span class='ocrx_word' id='word_1_305' title='bbox 3159 1273 3218 1319; x_wconf 91' lang='lat' dir='ltr'><strong>et</strong></span> <span class='ocrx_word' id='word_1_306' title='bbox 3250 1276 3348 1332; x_wconf 80' lang='lat' dir='ltr'><strong>per</strong></span> <span class='ocrx_word' id='word_1_307' title='bbox 3389 1259 3542 1313; x_wconf 88' lang='lat' dir='ltr'><strong>illum</strong></span> <span class='ocrx_word' id='word_1_308' title='bbox 3601 1256 3714 1310; x_wconf 77' lang='grc' dir='ltr'><strong>ιιο.</strong></span> 
     </span>
    </p>
   </div>
   <div class='ocr_carea' id='block_1_42' title="bbox 2128 1347 3716 1421">
    <p class='ocr_par' dir='ltr' id='par_1_42' title="bbox 2128 1347 3716 1421">
     <span class='ocr_line' id='line_1_42' title="bbox 2128 1347 3716 1421; baseline -0.012 -2"><span class='ocrx_word' id='word_1_309' title='bbox 2128 1380 2304 1419; x_wconf 66' lang='lat' dir='ltr'><strong>mante</strong></span> <span class='ocrx_word' id='word_1_310' title='bbox 2339 1363 2600 1420; x_wconf 60' lang='lat' dir='ltr'><strong>Ecclesia!</strong></span> <span class='ocrx_word' id='word_1_311' title='bbox 2621 1361 2879 1420; x_wconf 85' lang='lat' dir='ltr'><strong>concedi.</strong></span> <span class='ocrx_word' id='word_1_312' title='bbox 2914 1359 3200 1418; x_wconf 87' lang='lat' dir='ltr'><strong>Undenam</strong></span> <span class='ocrx_word' id='word_1_313' title='bbox 3242 1369 3376 1410; x_wconf 88' lang='lat' dir='ltr'><strong>vero</strong></span> <span class='ocrx_word' id='word_1_314' title='bbox 3414 1351 3466 1406; x_wconf 91' lang='lat' dir='ltr'><strong>id</strong></span> <span class='ocrx_word' id='word_1_315' title='bbox 3503 1347 3716 1421; x_wconf 81' lang='lat' dir='ltr'><strong>liquet?</strong></span> 
     </span>
    </p>
   </div>
   <div class='ocr_carea' id='block_1_43' title="bbox 2129 1447 3716 1526">
    <p class='ocr_par' dir='ltr' id='par_1_43' title="bbox 2129 1447 3716 1526">
     <span class='ocr_line' id='line_1_43' title="bbox 2129 1447 3716 1526; baseline -0.012 -14"><span class='ocrx_word' id='word_1_316' title='bbox 2129 1457 2396 1518; x_wconf 81' lang='lat' dir='ltr'><strong>Primum,</strong></span> <span class='ocrx_word' id='word_1_317' title='bbox 2423 1457 2569 1526; x_wconf 89' lang='lat' dir='ltr'><strong>quod</strong></span> <span class='ocrx_word' id='word_1_318' title='bbox 2601 1469 2801 1510; x_wconf 76' lang='lat' dir='ltr'><strong>omnes</strong></span> <span class='ocrx_word' id='word_1_319' title='bbox 2832 1453 3080 1508; x_wconf 87' lang='lat' dir='ltr'><strong>cribrare</strong></span> <span class='ocrx_word' id='word_1_320' title='bbox 3121 1447 3300 1504; x_wconf 79' lang='lat' dir='ltr'><strong>voluit</strong></span> <span class='ocrx_word' id='word_1_321' title='bbox 3337 1447 3591 1506; x_wconf 82' lang='lat' dir='ltr'><strong><em>Satanas,</em></strong></span> <span class='ocrx_word' id='word_1_322' title='bbox 3615 1455 3716 1510; x_wconf 89' lang='lat' dir='ltr'><strong>pro</strong></span> 
     </span>
    </p>
   </div>
   <div class='ocr_carea' id='block_1_44' title="bbox 2126 1535 3715 1618">
    <p class='ocr_par' dir='ltr' id='par_1_44' title="bbox 2126 1535 3715 1618">
     <span class='ocr_line' id='line_1_44' title="bbox 2126 1535 3715 1618; baseline -0.013 -14"><span class='ocrx_word' id='word_1_323' title='bbox 2126 1549 2244 1604; x_wconf 90' lang='lat' dir='ltr'><strong>solo</strong></span> <span class='ocrx_word' id='word_1_324' title='bbox 2277 1563 2409 1603; x_wconf 90' lang='lat' dir='ltr'><strong>vero</strong></span> <span class='ocrx_word' id='word_1_325' title='bbox 2457 1547 2618 1602; x_wconf 84' lang='lat' dir='ltr'><strong>Petro</strong></span> <span class='ocrx_word' id='word_1_326' title='bbox 2663 1555 2913 1618; x_wconf 87' lang='lat' dir='ltr'><strong>rogatum</strong></span> <span class='ocrx_word' id='word_1_327' title='bbox 2959 1543 3186 1599; x_wconf 87' lang='lat' dir='ltr'><strong>dicitur.</strong></span> <span class='ocrx_word' id='word_1_328' title='bbox 3245 1537 3386 1594; x_wconf 92' lang='lat' dir='ltr'><strong>Tum</strong></span> <span class='ocrx_word' id='word_1_329' title='bbox 3419 1535 3587 1591; x_wconf 76' lang='lat' dir='ltr'><strong>Petro</strong></span> <span class='ocrx_word' id='word_1_330' title='bbox 3616 1547 3715 1586; x_wconf 63' lang='lat' dir='ltr'><strong>exv-</strong></span> 
     </span>
    </p>
   </div>
   <div class='ocr_carea' id='block_1_45' title="bbox 2127 1632 3716 1710">
    <p class='ocr_par' dir='ltr' id='par_1_45' title="bbox 2127 1632 3716 1710">
     <span class='ocr_line' id='line_1_45' title="bbox 2127 1632 3716 1710; baseline -0.009 -17"><span class='ocrx_word' id='word_1_331' title='bbox 2127 1639 2371 1710; x_wconf 86' lang='lat' dir='ltr'><strong>pressius</strong></span> <span class='ocrx_word' id='word_1_332' title='bbox 2419 1639 2758 1709; x_wconf 67' lang='lat' dir='ltr'><strong>praecipitur,</strong></span> <span class='ocrx_word' id='word_1_333' title='bbox 2812 1651 3142 1693; x_wconf 86' lang='lat' dir='ltr'><strong>conversum</strong></span> <span class='ocrx_word' id='word_1_334' title='bbox 3203 1632 3533 1688; x_wconf 84' lang='lat' dir='ltr'><strong>conﬁrmare</strong></span> <span class='ocrx_word' id='word_1_335' title='bbox 3587 1640 3716 1697; x_wconf 86' lang='lat' dir='ltr'><strong>pro-</strong></span> 
     </span>
    </p>
   </div>
   <div class='ocr_carea' id='block_1_46' title="bbox 2128 1715 3736 1801">
    <p class='ocr_par' dir='ltr' id='par_1_46' title="bbox 2128 1715 3736 1801">
     <span class='ocr_line' id='line_1_46' title="bbox 2128 1715 3736 1801; baseline -0.011 -16"><span class='ocrx_word' id='word_1_336' title='bbox 2128 1731 2278 1801; x_wconf 88' lang='lat' dir='ltr'><strong>prios</strong></span> <span class='ocrx_word' id='word_1_337' title='bbox 2313 1731 2536 1786; x_wconf 79' lang='lat' dir='ltr'><strong><em>fratres.</em></strong></span> <span class='ocrx_word' id='word_1_338' title='bbox 2570 1729 2732 1796; x_wconf 86' lang='lat' dir='ltr'><strong>Quod</strong></span> <span class='ocrx_word' id='word_1_339' title='bbox 2761 1742 3044 1798; x_wconf 83' lang='lat' dir='ltr'><strong>nunquam</strong></span> <span class='ocrx_word' id='word_1_340' title='bbox 3071 1723 3370 1794; x_wconf 80' lang='lat' dir='ltr'><strong>contigisse</strong></span> <span class='ocrx_word' id='word_1_341' title='bbox 3398 1722 3586 1781; x_wconf 84' lang='lat' dir='ltr'><strong>Petro,</strong></span> <span class='ocrx_word' id='word_1_342' title='bbox 3613 1715 3736 1772; x_wconf 69' lang='lat' dir='ltr'><strong>sed-</strong></span> 
     </span>
    </p>
   </div>
   <div class='ocr_carea' id='block_1_47' title="bbox 2130 1810 3712 1888">
    <p class='ocr_par' dir='ltr' id='par_1_47' title="bbox 2130 1810 3712 1888">
     <span class='ocr_line' id='line_1_47' title="bbox 2130 1810 3712 1888; baseline -0.009 -10"><span class='ocrx_word' id='word_1_343' title='bbox 2130 1823 2280 1880; x_wconf 89' lang='lat' dir='ltr'><strong>illius</strong></span> <span class='ocrx_word' id='word_1_344' title='bbox 2307 1824 2746 1888; x_wconf 83' lang='lat' dir='ltr'><strong>successoribus,</strong></span> <span class='ocrx_word' id='word_1_345' title='bbox 2798 1821 3048 1878; x_wconf 80' lang='lat' dir='ltr'><strong>historiis</strong></span> <span class='ocrx_word' id='word_1_346' title='bbox 3083 1817 3339 1874; x_wconf 87' lang='lat' dir='ltr'><strong>traditur.</strong></span> <span class='ocrx_word' id='word_1_347' title='bbox 3366 1810 3712 1871; x_wconf 79' lang='lat' dir='ltr'><strong>Successori—</strong></span> 
     </span>
    </p>
   </div>
   <div class='ocr_carea' id='block_1_48' title="bbox 2127 1902 3716 1987">
    <p class='ocr_par' dir='ltr' id='par_1_48' title="bbox 2127 1902 3716 1987">
     <span class='ocr_line' id='line_1_48' title="bbox 2127 1902 3716 1987; baseline -0.009 -17"><span class='ocrx_word' id='word_1_348' title='bbox 2127 1915 2232 1970; x_wconf 89' lang='lat' dir='ltr'><strong>bus</strong></span> <span class='ocrx_word' id='word_1_349' title='bbox 2251 1931 2386 1986; x_wconf 83' lang='lat' dir='ltr'><strong>ergo</strong></span> <span class='ocrx_word' id='word_1_350' title='bbox 2429 1932 2544 1987; x_wconf 83' lang='lat' dir='ltr'><strong>per</strong></span> <span class='ocrx_word' id='word_1_351' title='bbox 2570 1916 2790 1974; x_wconf 77' lang='lat' dir='ltr'><strong>Petrum</strong></span> <span class='ocrx_word' id='word_1_352' title='bbox 2838 1912 3225 1975; x_wconf 66' lang='lat' dir='ltr'><strong>demat-datur,</strong></span> <span class='ocrx_word' id='word_1_353' title='bbox 3257 1907 3404 1980; x_wconf 85' lang='lat' dir='ltr'><strong>quod</strong></span> <span class='ocrx_word' id='word_1_354' title='bbox 3436 1915 3494 1962; x_wconf 87' lang='lat' dir='ltr'><strong>et</strong></span> <span class='ocrx_word' id='word_1_355' title='bbox 3528 1902 3716 1973; x_wconf 60' lang='lat' dir='ltr'><strong>sa‘pis-</strong></span> 
     </span>
    </p>
   </div>
   <div class='ocr_carea' id='block_1_49' title="bbox 2127 1999 3713 2075">
    <p class='ocr_par' dir='ltr' id='par_1_49' title="bbox 2127 1999 3713 2075">
     <span class='ocr_line' id='line_1_49' title="bbox 2127 1999 3713 2075; baseline -0.011 -9"><span class='ocrx_word' id='word_1_356' title='bbox 2127 2009 2286 2073; x_wconf 82' lang='lat' dir='ltr'><strong>sitne,</strong></span> <span class='ocrx_word' id='word_1_357' title='bbox 2318 2018 2374 2064; x_wconf 89' lang='lat' dir='ltr'><strong>et</strong></span> <span class='ocrx_word' id='word_1_358' title='bbox 2403 2008 2672 2064; x_wconf 80' lang='lat' dir='ltr'><strong><em>anteactis</em></strong></span> <span class='ocrx_word' id='word_1_359' title='bbox 2705 2007 3054 2075; x_wconf 89' lang='lat' dir='ltr'><strong>temporibus</strong></span> <span class='ocrx_word' id='word_1_360' title='bbox 3101 2003 3308 2059; x_wconf 83' lang='lat' dir='ltr'><strong>factum</strong></span> <span class='ocrx_word' id='word_1_361' title='bbox 3357 1999 3616 2068; x_wconf 82' lang='lat' dir='ltr'><strong>legimus.</strong></span> <span class='ocrx_word' id='word_1_362' title='bbox 3656 2002 3713 2049; x_wconf 90' lang='lat' dir='ltr'><strong>et</strong></span> 
     </span>
    </p>
   </div>
   <div class='ocr_carea' id='block_1_50' title="bbox 2125 2091 3712 2170">
    <p class='ocr_par' dir='ltr' id='par_1_50' title="bbox 2125 2091 3712 2170">
     <span class='ocr_line' id='line_1_50' title="bbox 2125 2091 3712 2170; baseline -0.009 -16"><span class='ocrx_word' id='word_1_363' title='bbox 2125 2109 2314 2156; x_wconf 87' lang='lat' dir='ltr'><strong>nostra</strong></span> <span class='ocrx_word' id='word_1_364' title='bbox 2341 2101 2441 2156; x_wconf 90' lang='lat' dir='ltr'><strong>hac</strong></span> <span class='ocrx_word' id='word_1_365' title='bbox 2469 2106 2652 2166; x_wconf 64' lang='lat' dir='ltr'><strong>aetate,</strong></span> <span class='ocrx_word' id='word_1_366' title='bbox 2678 2109 2948 2170; x_wconf 85' lang='lat' dir='ltr'><strong>quantum</strong></span> <span class='ocrx_word' id='word_1_367' title='bbox 2999 2110 3232 2167; x_wconf 85' lang='lat' dir='ltr'><strong>magnus</strong></span> <span class='ocrx_word' id='word_1_368' title='bbox 3269 2091 3549 2163; x_wconf 83' lang='lat' dir='ltr'><strong>Eugenius</strong></span> <span class='ocrx_word' id='word_1_369' title='bbox 3594 2096 3712 2142; x_wconf 86' lang='lat' dir='ltr'><strong>stn-</strong></span> 
     </span>
    </p>
   </div>
   <div class='ocr_carea' id='block_1_51' title="bbox 2123 2177 3713 2261">
    <p class='ocr_par' dir='ltr' id='par_1_51' title="bbox 2123 2177 3713 2261">
     <span class='ocr_line' id='line_1_51' title="bbox 2123 2177 3713 2261; baseline -0.011 -14"><span class='ocrx_word' id='word_1_370' title='bbox 2123 2191 2275 2247; x_wconf 85' lang='lat' dir='ltr'><strong>dium</strong></span> <span class='ocrx_word' id='word_1_371' title='bbox 2331 2191 2597 2261; x_wconf 84' lang='lat' dir='ltr'><strong>posuerit,</strong></span> <span class='ocrx_word' id='word_1_372' title='bbox 2645 2201 2706 2246; x_wconf 89' lang='lat' dir='ltr'><strong>ut</strong></span> <span class='ocrx_word' id='word_1_373' title='bbox 2761 2190 2816 2244; x_wconf 92' lang='lat' dir='ltr'><strong>in</strong></span> <span class='ocrx_word' id='word_1_374' title='bbox 2882 2203 3054 2244; x_wconf 91' lang='lat' dir='ltr'><strong>unum</strong></span> <span class='ocrx_word' id='word_1_375' title='bbox 3103 2185 3386 2256; x_wconf 82' lang='lat' dir='ltr'><strong>dispersas</strong></span> <span class='ocrx_word' id='word_1_376' title='bbox 3439 2177 3713 2234; x_wconf 79' lang='lat' dir='ltr'><strong>Ecclesias</strong></span> 
     </span>
    </p>
   </div>
   <div class='ocr_carea' id='block_1_52' title="bbox 2124 2277 3708 2354">
    <p class='ocr_par' dir='ltr' id='par_1_52' title="bbox 2124 2277 3708 2354">
     <span class='ocr_line' id='line_1_52' title="bbox 2124 2277 3708 2354; baseline -0.009 -16"><span class='ocrx_word' id='word_1_377' title='bbox 2124 2285 2418 2354; x_wconf 83' lang='lat' dir='ltr'><strong>redigeret,</strong></span> <span class='ocrx_word' id='word_1_378' title='bbox 2451 2293 2508 2340; x_wconf 90' lang='lat' dir='ltr'><strong>et</strong></span> <span class='ocrx_word' id='word_1_379' title='bbox 2535 2284 2814 2340; x_wconf 88' lang='lat' dir='ltr'><strong>nationem</strong></span> <span class='ocrx_word' id='word_1_380' title='bbox 2869 2292 3111 2336; x_wconf 89' lang='lat' dir='ltr'><strong>nostram</strong></span> <span class='ocrx_word' id='word_1_381' title='bbox 3143 2279 3196 2333; x_wconf 92' lang='lat' dir='ltr'><strong>in</strong></span> <span class='ocrx_word' id='word_1_382' title='bbox 3229 2277 3544 2332; x_wconf 83' lang='lat' dir='ltr'><strong>libertatem</strong></span> <span class='ocrx_word' id='word_1_383' title='bbox 3575 2287 3708 2326; x_wconf 88' lang='lat' dir='ltr'><strong>ven-</strong></span> 
     </span>
    </p>
   </div>
   <div class='ocr_carea' id='block_1_53' title="bbox 2123 2361 3707 2446">
    <p class='ocr_par' dir='ltr' id='par_1_53' title="bbox 2123 2361 3707 2446">
     <span class='ocr_line' id='line_1_53' title="bbox 2123 2361 3707 2446; baseline -0.012 -14"><span class='ocrx_word' id='word_1_384' title='bbox 2123 2379 2350 2444; x_wconf 85' lang='lat' dir='ltr'><strong>dicaret,</strong></span> <span class='ocrx_word' id='word_1_385' title='bbox 2393 2391 2584 2432; x_wconf 88' lang='lat' dir='ltr'><strong>omnes</strong></span> <span class='ocrx_word' id='word_1_386' title='bbox 2630 2376 2741 2446; x_wconf 88' lang='lat' dir='ltr'><strong>jam</strong></span> <span class='ocrx_word' id='word_1_387' title='bbox 2805 2373 2980 2444; x_wconf 83' lang='lat' dir='ltr'><strong>probe</strong></span> <span class='ocrx_word' id='word_1_388' title='bbox 3042 2369 3262 2426; x_wconf 89' lang='lat' dir='ltr'><strong>tenetis.</strong></span> <span class='ocrx_word' id='word_1_389' title='bbox 3318 2366 3430 2420; x_wconf 80' lang='lat' dir='ltr'><strong>liae</strong></span> <span class='ocrx_word' id='word_1_390' title='bbox 3493 2361 3707 2417; x_wconf 82' lang='lat' dir='ltr'><strong>ratione</strong></span> 
     </span>
    </p>
   </div>
   <div class='ocr_carea' id='block_1_54' title="bbox 2125 2453 3706 2548">
    <p class='ocr_par' dir='ltr' id='par_1_54' title="bbox 2125 2453 3706 2548">
     <span class='ocr_line' id='line_1_54' title="bbox 2125 2453 3706 2548; baseline -0.014 -23"><span class='ocrx_word' id='word_1_391' title='bbox 2125 2471 2366 2526; x_wconf 86' lang='lat' dir='ltr'><strong>Romana</strong></span> <span class='ocrx_word' id='word_1_392' title='bbox 2393 2467 2636 2523; x_wconf 86' lang='lat' dir='ltr'><strong>Ecclesia</strong></span> <span class='ocrx_word' id='word_1_393' title='bbox 2669 2465 2873 2536; x_wconf 71' lang='lat' dir='ltr'><strong>saepius</strong></span> <span class='ocrx_word' id='word_1_394' title='bbox 2905 2477 3170 2520; x_wconf 86' lang='lat' dir='ltr'><strong>conversa</strong></span> <span class='ocrx_word' id='word_1_395' title='bbox 3195 2501 3209 2526; x_wconf 84' lang='lat'><strong>,</strong></span> <span class='ocrx_word' id='word_1_396' title='bbox 3241 2453 3706 2548; x_wconf 57' lang='lat' dir='ltr'><strong>aliasconﬁrma.</strong></span> 
     </span>
    </p>
   </div>
   <div class='ocr_carea' id='block_1_55' title="bbox 2123 2545 3704 2629">
    <p class='ocr_par' dir='ltr' id='par_1_55' title="bbox 2123 2545 3704 2629">
     <span class='ocr_line' id='line_1_55' title="bbox 2123 2545 3704 2629; baseline -0.011 -13"><span class='ocrx_word' id='word_1_397' title='bbox 2123 2563 2236 2628; x_wconf 81' lang='lat' dir='ltr'><strong>vit;</strong></span> <span class='ocrx_word' id='word_1_398' title='bbox 2289 2571 2346 2616; x_wconf 90' lang='lat' dir='ltr'><strong>at</strong></span> <span class='ocrx_word' id='word_1_399' title='bbox 2399 2561 2546 2616; x_wconf 85' lang='lat' dir='ltr'><strong>illam</strong></span> <span class='ocrx_word' id='word_1_400' title='bbox 2599 2560 2719 2616; x_wconf 59' lang='lat' dir='ltr'><strong>alia;</strong></span> <span class='ocrx_word' id='word_1_401' title='bbox 2763 2572 3070 2629; x_wconf 82' lang='lat' dir='ltr'><strong>nunquam.</strong></span> <span class='ocrx_word' id='word_1_402' title='bbox 3117 2545 3502 2624; x_wconf 76' lang='lat' dir='ltr'><strong>Quapropter?</strong></span> <span class='ocrx_word' id='word_1_403' title='bbox 3544 2545 3704 2615; x_wconf 82' lang='lat' dir='ltr'><strong>Quod</strong></span> 
     </span>
    </p>
   </div>
   <div class='ocr_carea' id='block_1_56' title="bbox 2123 2642 3712 2712">
    <p class='ocr_par' dir='ltr' id='par_1_56' title="bbox 2123 2642 3712 2712">
     <span class='ocr_line' id='line_1_56' title="bbox 2123 2642 3712 2712; baseline -0.009 -6"><span class='ocrx_word' id='word_1_404' title='bbox 2123 2651 2385 2707; x_wconf 88' lang='lat' dir='ltr'><strong>Servator</strong></span> <span class='ocrx_word' id='word_1_405' title='bbox 2416 2652 2516 2706; x_wconf 88' lang='lat' dir='ltr'><strong>soli</strong></span> <span class='ocrx_word' id='word_1_406' title='bbox 2561 2651 2822 2705; x_wconf 77' lang='lat' dir='ltr'><strong>Romana:</strong></span> <span class='ocrx_word' id='word_1_407' title='bbox 2848 2648 2902 2702; x_wconf 90' lang='lat' dir='ltr'><strong>id</strong></span> <span class='ocrx_word' id='word_1_408' title='bbox 2943 2645 3194 2702; x_wconf 89' lang='lat' dir='ltr'><strong>muneris</strong></span> <span class='ocrx_word' id='word_1_409' title='bbox 3229 2642 3513 2712; x_wconf 85' lang='lat' dir='ltr'><strong>elargitur,</strong></span> <span class='ocrx_word' id='word_1_410' title='bbox 3577 2653 3712 2692; x_wconf 79' lang='lat' dir='ltr'><strong>cum</strong></span> 
     </span>
    </p>
   </div>
   <div class='ocr_carea' id='block_1_57' title="bbox 2121 2730 3702 2815">
    <p class='ocr_par' dir='ltr' id='par_1_57' title="bbox 2121 2730 3702 2815">
     <span class='ocr_line' id='line_1_57' title="bbox 2121 2730 3702 2815; baseline -0.014 -14"><span class='ocrx_word' id='word_1_411' title='bbox 2121 2753 2366 2815; x_wconf 75' lang='lat' dir='ltr'><strong>rogasset</strong></span> <span class='ocrx_word' id='word_1_412' title='bbox 2415 2754 2475 2799; x_wconf 91' lang='lat' dir='ltr'><strong>ut</strong></span> <span class='ocrx_word' id='word_1_413' title='bbox 2529 2743 2716 2805; x_wconf 89' lang='lat' dir='ltr'><strong>homo,</strong></span> <span class='ocrx_word' id='word_1_414' title='bbox 2773 2755 2842 2796; x_wconf 90' lang='lat' dir='ltr'><strong>ne</strong></span> <span class='ocrx_word' id='word_1_415' title='bbox 2877 2739 3138 2794; x_wconf 82' lang='lat' dir='ltr'><strong>deﬁceret</strong></span> <span class='ocrx_word' id='word_1_416' title='bbox 3180 2736 3313 2790; x_wconf 75' lang='lat' dir='ltr'><strong>(idos</strong></span> <span class='ocrx_word' id='word_1_417' title='bbox 3347 2734 3519 2788; x_wconf 88' lang='lat' dir='ltr'><strong>illius.</strong></span> <span class='ocrx_word' id='word_1_418' title='bbox 3561 2730 3702 2783; x_wconf 67' lang='lat' dir='ltr'><strong>Prm-</strong></span> 
     </span>
    </p>
   </div>
   <div class='ocr_carea' id='block_1_58' title="bbox 2122 2820 3704 2895">
    <p class='ocr_par' dir='ltr' id='par_1_58' title="bbox 2122 2820 3704 2895">
     <span class='ocr_line' id='line_1_58' title="bbox 2122 2820 3704 2895; baseline -0.01 -5"><span class='ocrx_word' id='word_1_419' title='bbox 2122 2845 2292 2895; x_wconf 86' lang='lat' dir='ltr'><strong>terea.</strong></span> <span class='ocrx_word' id='word_1_420' title='bbox 2357 2851 2692 2892; x_wconf 86' lang='lat' dir='ltr'><strong>ascensurus</strong></span> <span class='ocrx_word' id='word_1_421' title='bbox 2757 2835 2810 2887; x_wconf 93' lang='lat' dir='ltr'><strong>in</strong></span> <span class='ocrx_word' id='word_1_422' title='bbox 2870 2833 3072 2888; x_wconf 65' lang='lat' dir='ltr'><strong>coelum</strong></span> <span class='ocrx_word' id='word_1_423' title='bbox 3131 2827 3386 2885; x_wconf 83' lang='lat' dir='ltr'><strong>Christus</strong></span> <span class='ocrx_word' id='word_1_424' title='bbox 3427 2824 3568 2879; x_wconf 85' lang='lat' dir='ltr'><strong>trina</strong></span> <span class='ocrx_word' id='word_1_425' title='bbox 3613 2820 3704 2874; x_wconf 85' lang='lat' dir='ltr'><strong>illa</strong></span> 
     </span>
    </p>
   </div>
   <div class='ocr_carea' id='block_1_59' title="bbox 2121 2913 3704 2999">
    <p class='ocr_par' dir='ltr' id='par_1_59' title="bbox 2121 2913 3704 2999">
     <span class='ocr_line' id='line_1_59' title="bbox 2121 2913 3704 2999; baseline -0.013 -15"><span class='ocrx_word' id='word_1_426' title='bbox 2121 2929 2594 2999; x_wconf 83' lang='lat' dir='ltr'><strong>interrogatione,</strong></span> <span class='ocrx_word' id='word_1_427' title='bbox 2677 2925 2854 2990; x_wconf 72' lang='lat' dir='ltr'><strong>Patre,</strong></span> <span class='ocrx_word' id='word_1_428' title='bbox 2892 2941 3044 2978; x_wconf 83' lang='lat' dir='ltr'><strong>antas</strong></span> <span class='ocrx_word' id='word_1_429' title='bbox 3105 2919 3229 2974; x_wconf 84' lang='lat' dir='ltr'><strong>me?</strong></span> <span class='ocrx_word' id='word_1_430' title='bbox 3285 2917 3486 2971; x_wconf 88' lang='lat' dir='ltr'><strong>trinam</strong></span> <span class='ocrx_word' id='word_1_431' title='bbox 3549 2913 3704 2982; x_wconf 82' lang='lat' dir='ltr'><strong>prius</strong></span> 
     </span>
    </p>
   </div>
   <div class='ocr_carea' id='block_1_60' title="bbox 2121 3003 3712 3089">
    <p class='ocr_par' dir='ltr' id='par_1_60' title="bbox 2121 3003 3712 3089">
     <span class='ocr_line' id='line_1_60' title="bbox 2121 3003 3712 3089; baseline -0.011 -14"><span class='ocrx_word' id='word_1_432' title='bbox 2121 3021 2469 3089; x_wconf 74' lang='lat' dir='ltr'><strong>negationem</strong></span> <span class='ocrx_word' id='word_1_433' title='bbox 2527 3017 2776 3074; x_wconf 87' lang='lat' dir='ltr'><strong>sanavit:</strong></span> <span class='ocrx_word' id='word_1_434' title='bbox 2840 3026 2955 3070; x_wconf 90' lang='lat' dir='ltr'><strong>tum</strong></span> <span class='ocrx_word' id='word_1_435' title='bbox 3035 3013 3298 3082; x_wconf 83' lang='lat' dir='ltr'><strong>deinceps</strong></span> <span class='ocrx_word' id='word_1_436' title='bbox 3357 3009 3524 3064; x_wconf 81' lang='lat' dir='ltr'><strong>etiam</strong></span> <span class='ocrx_word' id='word_1_437' title='bbox 3583 3003 3712 3058; x_wconf 84' lang='lat' dir='ltr'><strong>aliis</strong></span> 
     </span>
    </p>
   </div>
   <div class='ocr_carea' id='block_1_61' title="bbox 2121 3103 3709 3183">
    <p class='ocr_par' dir='ltr' id='par_1_61' title="bbox 2121 3103 3709 3183">
     <span class='ocr_line' id='line_1_61' title="bbox 2121 3103 3709 3183; baseline -0.011 -15"><span class='ocrx_word' id='word_1_438' title='bbox 2121 3113 2491 3183; x_wconf 59' lang='lat' dir='ltr'><strong>praesentibus</strong></span> <span class='ocrx_word' id='word_1_439' title='bbox 2525 3112 2777 3182; x_wconf 87' lang='lat' dir='ltr'><strong>proprias</strong></span> <span class='ocrx_word' id='word_1_440' title='bbox 2815 3125 2950 3164; x_wconf 81' lang='lat' dir='ltr'><strong>oves</strong></span> <span class='ocrx_word' id='word_1_441' title='bbox 2983 3117 3039 3163; x_wconf 88' lang='lat' dir='ltr'><strong>et</strong></span> <span class='ocrx_word' id='word_1_442' title='bbox 3083 3122 3286 3178; x_wconf 87' lang='lat' dir='ltr'><strong>agnos,</strong></span> <span class='ocrx_word' id='word_1_443' title='bbox 3319 3103 3504 3160; x_wconf 76' lang='lat' dir='ltr'><strong>ﬁdeles</strong></span> <span class='ocrx_word' id='word_1_444' title='bbox 3531 3113 3588 3156; x_wconf 81' lang='lat' dir='ltr'><strong>et</strong></span> <span class='ocrx_word' id='word_1_445' title='bbox 3618 3115 3709 3152; x_wconf 85' lang='lat' dir='ltr'><strong>ca-</strong></span> 
     </span>
    </p>
   </div>
   <div class='ocr_carea' id='block_1_62' title="bbox 436 3194 2018 3290">
    <p class='ocr_par' dir='ltr' id='par_1_62' title="bbox 436 3199 2015 3282">
     <span class='ocr_line' id='line_1_62' title="bbox 436 3199 2015 3282; baseline 0.015 -31"><span class='ocrx_word' id='word_1_446' title='bbox 436 3199 534 3253; x_wconf 81' lang='grc' dir='ltr'><strong>καὶ</strong></span> <span class='ocrx_word' id='word_1_447' title='bbox 565 3199 746 3256; x_wconf 81' lang='grc' dir='ltr'><strong>ἄλλων</strong></span> <span class='ocrx_word' id='word_1_448' title='bbox 764 3203 832 3256; x_wconf 86' lang='grc' dir='ltr'><strong>τά</strong></span> <span class='ocrx_word' id='word_1_449' title='bbox 865 3203 971 3259; x_wconf 74' lang='grc' dir='ltr'><strong>ἴδια</strong></span> <span class='ocrx_word' id='word_1_450' title='bbox 993 3205 1248 3275; x_wconf 79' lang='grc' dir='ltr'><strong>πρόϐατά</strong></span> <span class='ocrx_word' id='word_1_451' title='bbox 1273 3225 1332 3261; x_wconf 89' lang='grc' dir='ltr'><strong>τε</strong></span> <span class='ocrx_word' id='word_1_452' title='bbox 1355 3211 1448 3262; x_wconf 79' lang='grc' dir='ltr'><strong>καὶ</strong></span> <span class='ocrx_word' id='word_1_453' title='bbox 1469 3213 1652 3282; x_wconf 81' lang='grc' dir='ltr'><strong>ἀρνία,</strong></span> <span class='ocrx_word' id='word_1_454' title='bbox 1675 3218 1900 3282; x_wconf 82' lang='grc' dir='ltr'><strong>πιστοὺς</strong></span> <span class='ocrx_word' id='word_1_455' title='bbox 1922 3222 2015 3274; x_wconf 67' lang='grc' dir='ltr'><strong>καὶ</strong></span> 
     </span>
    </p>
   </div>
   <div class='ocr_carea' id='block_1_63' title="bbox 2121 3194 3709 3290">
    <p class='ocr_par' dir='ltr' id='par_1_63' title="bbox 2127 3194 3709 3269">
     <span class='ocr_line' id='line_1_63' title="bbox 2127 3194 3709 3269; baseline -0.011 -7"><span class='ocrx_word' id='word_1_456' title='bbox 2127 3207 2508 3269; x_wconf 87' lang='lat' dir='ltr'><strong>techumenos,</strong></span> <span class='ocrx_word' id='word_1_457' title='bbox 2551 3213 2648 3258; x_wconf 88' lang='lat' dir='ltr'><strong>aut</strong></span> <span class='ocrx_word' id='word_1_458' title='bbox 2709 3219 2904 3260; x_wconf 87' lang='lat' dir='ltr'><strong>recens</strong></span> <span class='ocrx_word' id='word_1_459' title='bbox 2962 3201 3332 3256; x_wconf 78' lang='lat' dir='ltr'><strong>Christianam</strong></span> <span class='ocrx_word' id='word_1_460' title='bbox 3384 3194 3709 3265; x_wconf 83' lang='lat' dir='ltr'><strong>religionem</strong></span> 
     </span>
    </p>
   </div>
   <div class='ocr_carea' id='block_1_64' title="bbox 437 3294 2022 3378">
    <p class='ocr_par' dir='ltr' id='par_1_64' title="bbox 437 3294 2022 3378">
     <span class='ocr_line' id='line_1_64' title="bbox 437 3294 2022 3378; baseline 0.013 -33"><span class='ocrx_word' id='word_1_461' title='bbox 437 3294 910 3364; x_wconf 81' lang='grc' dir='ltr'><strong>κατηχουμένους,</strong></span> <span class='ocrx_word' id='word_1_462' title='bbox 949 3296 982 3366; x_wconf 81' lang='grc' dir='ltr'>ἢ</span> <span class='ocrx_word' id='word_1_463' title='bbox 1019 3298 1328 3366; x_wconf 82' lang='grc' dir='ltr'><strong>νεοφύτους,</strong></span> <span class='ocrx_word' id='word_1_464' title='bbox 1363 3301 1439 3362; x_wconf 79' lang='grc' dir='ltr'><strong>ὡς</strong></span> <span class='ocrx_word' id='word_1_465' title='bbox 1479 3299 1654 3374; x_wconf 75' lang='grc' dir='ltr'><strong>οἶμαι,</strong></span> <span class='ocrx_word' id='word_1_466' title='bbox 1709 3312 2022 3378; x_wconf 71' lang='grc' dir='ltr'><strong>παρακατέο</strong></span> 
     </span>
    </p>
   </div>
   <div class='ocr_carea' id='block_1_65' title="bbox 435 3388 2016 3468">
    <p class='ocr_par' dir='ltr' id='par_1_65' title="bbox 435 3388 2016 3468">
     <span class='ocr_line' id='line_1_65' title="bbox 435 3388 2016 3468; baseline 0.012 -28"><span class='ocrx_word' id='word_1_467' title='bbox 435 3388 580 3454; x_wconf 84' lang='grc' dir='ltr'><strong>θετο,</strong></span> <span class='ocrx_word' id='word_1_468' title='bbox 608 3390 700 3442; x_wconf 77' lang='grc' dir='ltr'><strong>καὶ</strong></span> <span class='ocrx_word' id='word_1_469' title='bbox 723 3390 942 3460; x_wconf 79' lang='grc' dir='ltr'><strong>βόσκειν</strong></span> <span class='ocrx_word' id='word_1_470' title='bbox 975 3394 1040 3462; x_wconf 75' lang='grc' dir='ltr'><strong>τῇ</strong></span> <span class='ocrx_word' id='word_1_471' title='bbox 1071 3392 1352 3466; x_wconf 53' lang='lat' dir='ltr'><strong>egomet;</strong></span> <span class='ocrx_word' id='word_1_472' title='bbox 1400 3398 1760 3468; x_wconf 80' lang='grc' dir='ltr'><strong>προσέταξεν.</strong></span> <span class='ocrx_word' id='word_1_473' title='bbox 1806 3402 1902 3468; x_wconf 76' lang='grc' dir='ltr'>Ἐξ</span> <span class='ocrx_word' id='word_1_474' title='bbox 1937 3397 2016 3459; x_wconf 82' lang='grc' dir='ltr'><strong>ὧν</strong></span> 
     </span>
    </p>
   </div>
   <div class='ocr_carea' id='block_1_66' title="bbox 435 3480 2019 3566">
    <p class='ocr_par' dir='ltr' id='par_1_66' title="bbox 435 3480 2019 3566">
     <span class='ocr_line' id='line_1_66' title="bbox 435 3480 2019 3566; baseline 0.003 -33"><span class='ocrx_word' id='word_1_475' title='bbox 435 3481 656 3535; x_wconf 87' lang='grc' dir='ltr'><strong>πάντων</strong></span> <span class='ocrx_word' id='word_1_476' title='bbox 683 3480 846 3550; x_wconf 84' lang='grc' dir='ltr'><strong>δῆλον</strong></span> <span class='ocrx_word' id='word_1_477' title='bbox 894 3483 1120 3553; x_wconf 80' lang='grc' dir='ltr'><strong>ταύτην,</strong></span> <span class='ocrx_word' id='word_1_478' title='bbox 1155 3485 1242 3539; x_wconf 80' lang='grc' dir='ltr'><strong>ἵνα</strong></span> <span class='ocrx_word' id='word_1_479' title='bbox 1290 3487 1364 3558; x_wconf 80' lang='grc' dir='ltr'><strong>μὴ</strong></span> <span class='ocrx_word' id='word_1_480' title='bbox 1419 3489 1682 3560; x_wconf 78' lang='grc' dir='ltr'><strong>σύγχυσις</strong></span> <span class='ocrx_word' id='word_1_481' title='bbox 1795 3496 1853 3548; x_wconf 67' lang='grc' dir='ltr'><strong>ἐν</strong></span> <span class='ocrx_word' id='word_1_482' title='bbox 1895 3499 2019 3561; x_wconf 71' lang='grc' dir='ltr'><strong>ταῖς</strong></span> 
     </span>
    </p>
   </div>
   <div class='ocr_carea' id='block_1_67' title="bbox 447 3573 2018 3654">
    <p class='ocr_par' dir='ltr' id='par_1_67' title="bbox 447 3573 2018 3654">
     <span class='ocr_line' id='line_1_67' title="bbox 447 3573 2018 3654; baseline 0.01 -27"><span class='ocrx_word' id='word_1_483' title='bbox 447 3573 824 3643; x_wconf 80' lang='grc' dir='ltr'><strong>Ἐκκλησῖαις,</strong></span> <span class='ocrx_word' id='word_1_484' title='bbox 850 3575 1076 3646; x_wconf 79' lang='grc' dir='ltr'><strong>πρώτην</strong></span> <span class='ocrx_word' id='word_1_485' title='bbox 1099 3577 1230 3647; x_wconf 83' lang='grc' dir='ltr'><strong>παρ’</strong></span> <span class='ocrx_word' id='word_1_486' title='bbox 1261 3580 1428 3634; x_wconf 80' lang='grc' dir='ltr'><strong>αὐτοῦ</strong></span> <span class='ocrx_word' id='word_1_487' title='bbox 1465 3583 1558 3636; x_wconf 83' lang='grc' dir='ltr'><strong>τοῦ</strong></span> <span class='ocrx_word' id='word_1_488' title='bbox 1595 3585 1832 3654; x_wconf 77' lang='grc' dir='ltr'><strong>Χριστοῦ</strong></span> <span class='ocrx_word' id='word_1_489' title='bbox 1855 3589 2018 3644; x_wconf 83' lang='grc' dir='ltr'><strong>τετά-</strong></span> 
     </span>
    </p>
   </div>
   <div class='ocr_carea' id='block_1_68' title="bbox 437 3662 2018 3748">
    <p class='ocr_par' dir='ltr' id='par_1_68' title="bbox 437 3662 2018 3748">
     <span class='ocr_line' id='line_1_68' title="bbox 437 3662 2018 3748; baseline 0.01 -33"><span class='ocrx_word' id='word_1_490' title='bbox 437 3662 584 3733; x_wconf 89' lang='grc' dir='ltr'><strong>χθαι.</strong></span> <span class='ocrx_word' id='word_1_491' title='bbox 623 3663 846 3733; x_wconf 80' lang='grc' dir='ltr'><strong>Πρῶτον</strong></span> <span class='ocrx_word' id='word_1_492' title='bbox 878 3666 979 3729; x_wconf 83' lang='grc' dir='ltr'><strong>μὲν</strong></span> <span class='ocrx_word' id='word_1_493' title='bbox 1025 3665 1140 3732; x_wconf 83' lang='grc' dir='ltr'><strong>οὖν,</strong></span> <span class='ocrx_word' id='word_1_494' title='bbox 1193 3665 1270 3730; x_wconf 83' lang='grc' dir='ltr'><strong>ὡς</strong></span> <span class='ocrx_word' id='word_1_495' title='bbox 1318 3669 1606 3740; x_wconf 82' lang='grc' dir='ltr'><strong>δέδεικται,</strong></span> <span class='ocrx_word' id='word_1_496' title='bbox 1660 3675 1762 3746; x_wconf 82' lang='grc' dir='ltr'><strong>τὴν</strong></span> <span class='ocrx_word' id='word_1_497' title='bbox 1792 3677 2018 3748; x_wconf 58' lang='grc' dir='ltr'><strong>Ἰθώμης</strong></span> 
     </span>
    </p>
   </div>
   <div class='ocr_carea' id='block_1_69' title="bbox 438 3749 2018 3836">
    <p class='ocr_par' dir='ltr' id='par_1_69' title="bbox 438 3749 2018 3836">
     <span class='ocr_line' id='line_1_69' title="bbox 438 3749 2018 3836; baseline 0.01 -32"><span class='ocrx_word' id='word_1_498' title='bbox 438 3749 576 3805; x_wconf 73' lang='grc' dir='ltr'><strong>εἶναι</strong></span> <span class='ocrx_word' id='word_1_499' title='bbox 634 3753 729 3820; x_wconf 80' lang='grc' dir='ltr'><strong>τὴν</strong></span> <span class='ocrx_word' id='word_1_500' title='bbox 763 3753 891 3824; x_wconf 87' lang='grc' dir='ltr'><strong>μίαν</strong></span> <span class='ocrx_word' id='word_1_501' title='bbox 949 3755 1114 3824; x_wconf 81' lang='grc' dir='ltr'><strong>ἁγίαν</strong></span> <span class='ocrx_word' id='word_1_502' title='bbox 1165 3757 1462 3830; x_wconf 76' lang='grc' dir='ltr'><strong>καθολικὴν</strong></span> <span class='ocrx_word' id='word_1_503' title='bbox 1495 3765 1590 3815; x_wconf 78' lang='grc' dir='ltr'><strong>καὶ</strong></span> <span class='ocrx_word' id='word_1_504' title='bbox 1649 3765 2018 3836; x_wconf 82' lang='grc' dir='ltr'><strong>ἀποστολικὴν</strong></span> 
     </span>
    </p>
   </div>
   <div class='ocr_carea' id='block_1_70' title="bbox 449 3843 2017 3917">
    <p class='ocr_par' dir='ltr' id='par_1_70' title="bbox 449 3843 2017 3917">
     <span class='ocr_line' id='line_1_70' title="bbox 449 3843 2017 3917; baseline 0.01 -22"><span class='ocrx_word' id='word_1_505' title='bbox 449 3843 780 3914; x_wconf 80' lang='grc' dir='ltr'><strong>Ἐκκλησίαν</strong></span> <span class='ocrx_word' id='word_1_506' title='bbox 801 3846 869 3898; x_wconf 68' lang='grc' dir='ltr'><strong>τὰ</strong></span> <span class='ocrx_word' id='word_1_507' title='bbox 901 3845 1022 3917; x_wconf 71' lang='grc' dir='ltr'><strong>ἱερά</strong></span> <span class='ocrx_word' id='word_1_508' title='bbox 1053 3845 1214 3915; x_wconf 72' lang='grc' dir='ltr'><strong>λόγια</strong></span> <span class='ocrx_word' id='word_1_509' title='bbox 1238 3848 1506 3904; x_wconf 78' lang='grc' dir='ltr'><strong>διδάσκει·</strong></span> <span class='ocrx_word' id='word_1_510' title='bbox 1559 3853 1756 3908; x_wconf 75' lang='grc' dir='ltr'><strong>ἔπειτα</strong></span> <span class='ocrx_word' id='word_1_511' title='bbox 1811 3858 1907 3909; x_wconf 78' lang='grc' dir='ltr'><strong>καὶ</strong></span> <span class='ocrx_word' id='word_1_512' title='bbox 1935 3857 2017 3910; x_wconf 83' lang='grc' dir='ltr'><strong>ὅτι</strong></span> 
     </span>
    </p>
   </div>
   <div class='ocr_carea' id='block_1_71' title="bbox 433 3935 2016 4010">
    <p class='ocr_par' dir='ltr' id='par_1_71' title="bbox 433 3935 2016 4010">
     <span class='ocr_line' id='line_1_71' title="bbox 433 3935 2016 4010; baseline 0.009 -23"><span class='ocrx_word' id='word_1_513' title='bbox 433 3935 756 4007; x_wconf 82' lang='grc' dir='ltr'><strong>ὡρισμένως</strong></span> <span class='ocrx_word' id='word_1_514' title='bbox 784 3935 1042 4004; x_wconf 79' lang='grc' dir='ltr'><strong>οὐδεμίαν</strong></span> <span class='ocrx_word' id='word_1_515' title='bbox 1071 3938 1341 4010; x_wconf 81' lang='grc' dir='ltr'><strong>ὀνομάσαι</strong></span> <span class='ocrx_word' id='word_1_516' title='bbox 1401 3941 1608 3997; x_wconf 75' lang='grc' dir='ltr'><strong>δύναιτ’</strong></span> <span class='ocrx_word' id='word_1_517' title='bbox 1638 3945 1706 4001; x_wconf 85' lang='grc' dir='ltr'><strong>άν</strong></span> <span class='ocrx_word' id='word_1_518' title='bbox 1742 3963 1828 4010; x_wconf 88' lang='grc' dir='ltr'><strong>τις</strong></span> <span class='ocrx_word' id='word_1_519' title='bbox 1859 3949 2016 4002; x_wconf 78' lang='grc' dir='ltr'><strong>εὐλό-</strong></span> 
     </span>
    </p>
   </div>
   <div class='ocr_carea' id='block_1_72' title="bbox 433 4027 2017 4106">
    <p class='ocr_par' dir='ltr' id='par_1_72' title="bbox 433 4027 2017 4106">
     <span class='ocr_line' id='line_1_72' title="bbox 433 4027 2017 4106; baseline 0.009 -26"><span class='ocrx_word' id='word_1_520' title='bbox 433 4043 547 4096; x_wconf 90' lang='grc' dir='ltr'><strong>γως</strong></span> <span class='ocrx_word' id='word_1_521' title='bbox 578 4027 738 4091; x_wconf 70' lang='grc' dir='ltr'><strong>εἰδὼς</strong></span> <span class='ocrx_word' id='word_1_522' title='bbox 773 4029 828 4081; x_wconf 81' lang='grc' dir='ltr'><strong>τί</strong></span> <span class='ocrx_word' id='word_1_523' title='bbox 880 4029 1032 4098; x_wconf 84' lang='grc' dir='ltr'><strong>λέγει</strong></span> <span class='ocrx_word' id='word_1_524' title='bbox 1061 4031 1205 4103; x_wconf 78' lang='grc' dir='ltr'><strong>πλὴν</strong></span> <span class='ocrx_word' id='word_1_525' title='bbox 1239 4033 1444 4101; x_wconf 81' lang='grc' dir='ltr'><strong>αὐτῆς.</strong></span> <span class='ocrx_word' id='word_1_526' title='bbox 1507 4035 1652 4104; x_wconf 84' lang='grc' dir='ltr'><strong>Πρὸς</strong></span> <span class='ocrx_word' id='word_1_527' title='bbox 1692 4038 1751 4090; x_wconf 80' lang='grc' dir='ltr'><strong>δὲ</strong></span> <span class='ocrx_word' id='word_1_528' title='bbox 1807 4041 2017 4106; x_wconf 84' lang='grc' dir='ltr'><strong>τούτοις</strong></span> 
     </span>
    </p>
   </div>
   <div class='ocr_carea' id='block_1_73' title="bbox 431 4119 2015 4201">
    <p class='ocr_par' dir='ltr' id='par_1_73' title="bbox 431 4119 2015 4201">
     <span class='ocr_line' id='line_1_73' title="bbox 431 4119 2015 4201; baseline 0.008 -27"><span class='ocrx_word' id='word_1_529' title='bbox 431 4125 531 4175; x_wconf 75' lang='grc' dir='ltr'><strong>καὶ</strong></span> <span class='ocrx_word' id='word_1_530' title='bbox 588 4121 700 4176; x_wconf 75' lang='grc' dir='ltr'><strong>πᾶν</strong></span> <span class='ocrx_word' id='word_1_531' title='bbox 739 4121 944 4192; x_wconf 82' lang='grc' dir='ltr'><strong>πλῆθος</strong></span> <span class='ocrx_word' id='word_1_532' title='bbox 983 4119 1221 4198; x_wconf 79' lang='grc' dir='ltr'><strong>οὐδὲν,ᾖ</strong></span> <span class='ocrx_word' id='word_1_533' title='bbox 1281 4126 1520 4197; x_wconf 85' lang='grc' dir='ltr'><strong>πλῆθος,</strong></span> <span class='ocrx_word' id='word_1_534' title='bbox 1551 4132 1726 4184; x_wconf 77' lang='grc' dir='ltr'><strong>ποιεῖν</strong></span> <span class='ocrx_word' id='word_1_535' title='bbox 1765 4131 2015 4201; x_wconf 83' lang='grc' dir='ltr'><strong>δύναται,</strong></span> 
     </span>
    </p>
   </div>
   <div class='ocr_carea' id='block_1_74' title="bbox 430 4207 2016 4296">
    <p class='ocr_par' dir='ltr' id='par_1_74' title="bbox 430 4207 2016 4296">
     <span class='ocr_line' id='line_1_74' title="bbox 430 4207 2016 4296; baseline 0.008 -29"><span class='ocrx_word' id='word_1_536' title='bbox 430 4207 616 4289; x_wconf 75' lang='grc' dir='ltr'><strong>ἀλλ’ᾖ</strong></span> <span class='ocrx_word' id='word_1_537' title='bbox 679 4215 944 4283; x_wconf 83' lang='grc' dir='ltr'><strong>ἀνάγεται</strong></span> <span class='ocrx_word' id='word_1_538' title='bbox 1009 4218 1090 4282; x_wconf 81' lang='grc' dir='ltr'><strong>είς</strong></span> <span class='ocrx_word' id='word_1_539' title='bbox 1137 4218 1218 4280; x_wconf 83' lang='grc' dir='ltr'><strong>ἓν,</strong></span> <span class='ocrx_word' id='word_1_540' title='bbox 1276 4219 1336 4273; x_wconf 75' lang='grc' dir='ltr'><strong>ἓν</strong></span> <span class='ocrx_word' id='word_1_541' title='bbox 1380 4219 1452 4273; x_wconf 84' lang='grc' dir='ltr'><strong>δι’</strong></span> <span class='ocrx_word' id='word_1_542' title='bbox 1510 4221 1676 4276; x_wconf 81' lang='grc' dir='ltr'><strong>αὐτοῦ</strong></span> <span class='ocrx_word' id='word_1_543' title='bbox 1730 4227 2016 4296; x_wconf 84' lang='grc' dir='ltr'><strong>γινόμενον</strong></span> 
     </span>
    </p>
   </div>
   <div class='ocr_carea' id='block_1_75' title="bbox 431 4308 2016 4384">
    <p class='ocr_par' dir='ltr' id='par_1_75' title="bbox 431 4308 2016 4384">
     <span class='ocr_line' id='line_1_75' title="bbox 431 4308 2016 4384; baseline 0.008 -24"><span class='ocrx_word' id='word_1_544' title='bbox 431 4308 670 4378; x_wconf 69' lang='grc' dir='ltr'><strong>ἐνεργεῖ·</strong></span> <span class='ocrx_word' id='word_1_545' title='bbox 729 4308 872 4362; x_wconf 83' lang='grc' dir='ltr'><strong>καθὸ</strong></span> <span class='ocrx_word' id='word_1_546' title='bbox 922 4311 1033 4380; x_wconf 81' lang='grc' dir='ltr'><strong>γὰρ</strong></span> <span class='ocrx_word' id='word_1_547' title='bbox 1073 4309 1301 4380; x_wconf 83' lang='grc' dir='ltr'><strong>πλῆθος,</strong></span> <span class='ocrx_word' id='word_1_548' title='bbox 1349 4313 1398 4366; x_wconf 84' lang='grc' dir='ltr'><strong>εί</strong></span> <span class='ocrx_word' id='word_1_549' title='bbox 1443 4315 1744 4384; x_wconf 81' lang='grc' dir='ltr'><strong>ἐνεργῆσαι</strong></span> <span class='ocrx_word' id='word_1_550' title='bbox 1793 4319 1934 4374; x_wconf 82' lang='grc' dir='ltr'><strong>κατά</strong></span> <span class='ocrx_word' id='word_1_551' title='bbox 1963 4337 2016 4372; x_wconf 91' lang='grc' dir='ltr'><strong>τι</strong></span> 
     </span>
    </p>
   </div>
   <div class='ocr_carea' id='block_1_76' title="bbox 432 4398 2017 4479">
    <p class='ocr_par' dir='ltr' id='par_1_76' title="bbox 432 4398 2017 4479">
     <span class='ocr_line' id='line_1_76' title="bbox 432 4398 2017 4479; baseline 0.009 -28"><span class='ocrx_word' id='word_1_552' title='bbox 432 4398 750 4469; x_wconf 71' lang='grc' dir='ltr'><strong>βουληθείη,</strong></span> <span class='ocrx_word' id='word_1_553' title='bbox 774 4401 931 4454; x_wconf 80' lang='grc' dir='ltr'><strong>οὐδὲν</strong></span> <span class='ocrx_word' id='word_1_554' title='bbox 989 4405 1239 4473; x_wconf 84' lang='grc' dir='ltr'><strong>ποιήσει,</strong></span> <span class='ocrx_word' id='word_1_555' title='bbox 1278 4403 1416 4457; x_wconf 82' lang='grc' dir='ltr'><strong>ἀλλὰ</strong></span> <span class='ocrx_word' id='word_1_556' title='bbox 1456 4407 1732 4476; x_wconf 80' lang='grc' dir='ltr'><strong>συγχυθὲν</strong></span> <span class='ocrx_word' id='word_1_557' title='bbox 1788 4409 2017 4479; x_wconf 71' lang='grc' dir='ltr'><strong>διαφθαο</strong></span> 
     </span>
    </p>
   </div>
   <div class='ocr_carea' id='block_1_77' title="bbox 435 4491 2015 4572">
    <p class='ocr_par' dir='ltr' id='par_1_77' title="bbox 435 4491 2015 4572">
     <span class='ocr_line' id='line_1_77' title="bbox 435 4491 2015 4572; baseline 0.009 -31"><span class='ocrx_word' id='word_1_558' title='bbox 435 4491 683 4561; x_wconf 81' lang='grc' dir='ltr'><strong>ρήσεται.</strong></span> <span class='ocrx_word' id='word_1_559' title='bbox 739 4491 870 4546; x_wconf 81' lang='grc' dir='ltr'><strong>Ἰδοὺ</strong></span> <span class='ocrx_word' id='word_1_560' title='bbox 905 4494 1062 4563; x_wconf 84' lang='grc' dir='ltr'><strong>γάρὸ</strong></span> <span class='ocrx_word' id='word_1_561' title='bbox 1117 4495 1357 4564; x_wconf 81' lang='grc' dir='ltr'><strong>στρατὸς</strong></span> <span class='ocrx_word' id='word_1_562' title='bbox 1395 4497 1671 4561; x_wconf 82' lang='grc' dir='ltr'><strong>ἀπολέσας</strong></span> <span class='ocrx_word' id='word_1_563' title='bbox 1703 4499 1795 4554; x_wconf 79' lang='grc' dir='ltr'><strong>τὸν</strong></span> <span class='ocrx_word' id='word_1_564' title='bbox 1846 4518 2015 4572; x_wconf 89' lang='grc' dir='ltr'><strong>στρα-</strong></span> 
     </span>
    </p>
   </div>
   <div class='ocr_carea' id='block_1_78' title="bbox 2121 3291 3708 3370">
    <p class='ocr_par' dir='ltr' id='par_1_78' title="bbox 2121 3291 3708 3370">
     <span class='ocr_line' id='line_1_78' title="bbox 2121 3291 3708 3370; baseline -0.011 -13"><span class='ocrx_word' id='word_1_565' title='bbox 2121 3301 2482 3370; x_wconf 74' lang='lat' dir='ltr'><strong>amplexatus,</strong></span> <span class='ocrx_word' id='word_1_566' title='bbox 2513 3307 2570 3352; x_wconf 91' lang='lat' dir='ltr'><strong>ut</strong></span> <span class='ocrx_word' id='word_1_567' title='bbox 2602 3298 2720 3367; x_wconf 83' lang='lat' dir='ltr'><strong>ipse</strong></span> <span class='ocrx_word' id='word_1_568' title='bbox 2776 3311 2930 3360; x_wconf 88' lang='lat' dir='ltr'><strong>reor,</strong></span> <span class='ocrx_word' id='word_1_569' title='bbox 2980 3291 3346 3354; x_wconf 88' lang='lat' dir='ltr'><strong>concredidit,</strong></span> <span class='ocrx_word' id='word_1_570' title='bbox 3369 3303 3708 3360; x_wconf 80' lang='lat' dir='ltr'><strong>pascereque</strong></span> 
     </span>
    </p>
   </div>
   <div class='ocr_carea' id='block_1_79' title="bbox 2121 3381 3732 3462">
    <p class='ocr_par' dir='ltr' id='par_1_79' title="bbox 2121 3381 3732 3462">
     <span class='ocr_line' id='line_1_79' title="bbox 2121 3381 3732 3462; baseline -0.012 -11"><span class='ocrx_word' id='word_1_571' title='bbox 2121 3396 2286 3451; x_wconf 77' lang='lat' dir='ltr'><strong>rectis</strong></span> <span class='ocrx_word' id='word_1_572' title='bbox 2352 3393 2476 3447; x_wconf 74' lang='lat' dir='ltr'><strong>fidei</strong></span> <span class='ocrx_word' id='word_1_573' title='bbox 2533 3390 2887 3462; x_wconf 79' lang='lat' dir='ltr'><strong>dogmatibus</strong></span> <span class='ocrx_word' id='word_1_574' title='bbox 2931 3387 3117 3458; x_wconf 88' lang='lat' dir='ltr'><strong>jussit.</strong></span> <span class='ocrx_word' id='word_1_575' title='bbox 3181 3385 3392 3454; x_wconf 83' lang='lat' dir='ltr'><strong>Quibus</strong></span> <span class='ocrx_word' id='word_1_576' title='bbox 3449 3381 3732 3436; x_wconf 72' lang='lat' dir='ltr'><strong>erunibus.</strong></span> 
     </span>
    </p>
   </div>
   <div class='ocr_carea' id='block_1_80' title="bbox 2120 3476 3709 3554">
    <p class='ocr_par' dir='ltr' id='par_1_80' title="bbox 2120 3476 3709 3554">
     <span class='ocr_line' id='line_1_80' title="bbox 2120 3476 3709 3554; baseline -0.01 -10"><span class='ocrx_word' id='word_1_577' title='bbox 2120 3489 2330 3544; x_wconf 79' lang='lat' dir='ltr'><strong>clarum</strong></span> <span class='ocrx_word' id='word_1_578' title='bbox 2391 3503 2455 3542; x_wconf 89' lang='lat' dir='ltr'><strong>ae</strong></span> <span class='ocrx_word' id='word_1_579' title='bbox 2507 3487 2860 3554; x_wconf 87' lang='lat' dir='ltr'><strong>perspicuum</strong></span> <span class='ocrx_word' id='word_1_580' title='bbox 2891 3489 3000 3548; x_wconf 75' lang='lat' dir='ltr'><strong>est,</strong></span> <span class='ocrx_word' id='word_1_581' title='bbox 3041 3496 3111 3536; x_wconf 89' lang='lat' dir='ltr'><strong>ne</strong></span> <span class='ocrx_word' id='word_1_582' title='bbox 3157 3489 3306 3535; x_wconf 87' lang='lat' dir='ltr'><strong>esset</strong></span> <span class='ocrx_word' id='word_1_583' title='bbox 3337 3479 3394 3534; x_wconf 92' lang='lat' dir='ltr'><strong>in</strong></span> <span class='ocrx_word' id='word_1_584' title='bbox 3445 3476 3709 3532; x_wconf 80' lang='lat' dir='ltr'><strong>Ecclesiis</strong></span> 
     </span>
    </p>
   </div>
   <div class='ocr_carea' id='block_1_81' title="bbox 2121 3569 3706 3648">
    <p class='ocr_par' dir='ltr' id='par_1_81' title="bbox 2121 3569 3706 3648">
     <span class='ocr_line' id='line_1_81' title="bbox 2121 3569 3706 3648; baseline -0.011 -11"><span class='ocrx_word' id='word_1_585' title='bbox 2121 3581 2394 3641; x_wconf 80' lang='lat' dir='ltr'><strong>confusio.</strong></span> <span class='ocrx_word' id='word_1_586' title='bbox 2427 3579 2659 3648; x_wconf 87' lang='lat' dir='ltr'><strong>primam</strong></span> <span class='ocrx_word' id='word_1_587' title='bbox 2690 3577 2838 3630; x_wconf 84' lang='lat' dir='ltr'><strong>illam</strong></span> <span class='ocrx_word' id='word_1_588' title='bbox 2885 3591 2915 3630; x_wconf 89' lang='lat' dir='ltr'><strong>a</strong></span> <span class='ocrx_word' id='word_1_589' title='bbox 2955 3575 3176 3628; x_wconf 79' lang='lat' dir='ltr'><strong>Christo</strong></span> <span class='ocrx_word' id='word_1_590' title='bbox 3213 3571 3380 3626; x_wconf 82' lang='lat' dir='ltr'><strong>fuisse</strong></span> <span class='ocrx_word' id='word_1_591' title='bbox 3430 3569 3706 3622; x_wconf 74' lang='lat' dir='ltr'><strong>constilu~</strong></span> 
     </span>
    </p>
   </div>
   <div class='ocr_carea' id='block_1_82' title="bbox 2123 3661 3702 3738">
    <p class='ocr_par' dir='ltr' id='par_1_82' title="bbox 2123 3661 3702 3738">
     <span class='ocr_line' id='line_1_82' title="bbox 2123 3661 3702 3738; baseline -0.011 -9"><span class='ocrx_word' id='word_1_592' title='bbox 2123 3683 2254 3730; x_wconf 88' lang='lat' dir='ltr'><strong>tam.</strong></span> <span class='ocrx_word' id='word_1_593' title='bbox 2283 3671 2527 3727; x_wconf 83' lang='lat' dir='ltr'><strong>Primum</strong></span> <span class='ocrx_word' id='word_1_594' title='bbox 2552 3669 2762 3738; x_wconf 75' lang='lat' dir='ltr'><strong>itaque,</strong></span> <span class='ocrx_word' id='word_1_595' title='bbox 2797 3676 2858 3722; x_wconf 92' lang='lat' dir='ltr'><strong>ut</strong></span> <span class='ocrx_word' id='word_1_596' title='bbox 2887 3666 3326 3720; x_wconf 85' lang='lat' dir='ltr'><strong>demonstratum</strong></span> <span class='ocrx_word' id='word_1_597' title='bbox 3365 3670 3469 3726; x_wconf 85' lang='lat' dir='ltr'><strong>est,</strong></span> <span class='ocrx_word' id='word_1_598' title='bbox 3504 3661 3702 3714; x_wconf 77' lang='lat' dir='ltr'><strong>Roma-</strong></span> 
     </span>
    </p>
   </div>
   <div class='ocr_carea' id='block_1_83' title="bbox 2120 3752 3704 3822">
    <p class='ocr_par' dir='ltr' id='par_1_83' title="bbox 2120 3752 3704 3822">
     <span class='ocr_line' id='line_1_83' title="bbox 2120 3752 3704 3822; baseline -0.009 -4"><span class='ocrx_word' id='word_1_599' title='bbox 2120 3777 2244 3818; x_wconf 87' lang='lat' dir='ltr'><strong>nam</strong></span> <span class='ocrx_word' id='word_1_600' title='bbox 2279 3778 2402 3818; x_wconf 89' lang='lat' dir='ltr'><strong>essc</strong></span> <span class='ocrx_word' id='word_1_601' title='bbox 2427 3777 2591 3815; x_wconf 89' lang='lat' dir='ltr'><strong>unam</strong></span> <span class='ocrx_word' id='word_1_602' title='bbox 2619 3771 2865 3815; x_wconf 87' lang='lat' dir='ltr'><strong>sanctam</strong></span> <span class='ocrx_word' id='word_1_603' title='bbox 2903 3756 3229 3810; x_wconf 87' lang='lat' dir='ltr'><strong>catholicam</strong></span> <span class='ocrx_word' id='word_1_604' title='bbox 3263 3762 3320 3807; x_wconf 89' lang='lat' dir='ltr'><strong>et</strong></span> <span class='ocrx_word' id='word_1_605' title='bbox 3344 3752 3704 3822; x_wconf 82' lang='lat' dir='ltr'><strong>apostolicam</strong></span> 
     </span>
    </p>
   </div>
   <div class='ocr_carea' id='block_1_84' title="bbox 2120 3843 3700 3915">
    <p class='ocr_par' dir='ltr' id='par_1_84' title="bbox 2120 3843 3700 3915">
     <span class='ocr_line' id='line_1_84' title="bbox 2120 3843 3700 3915; baseline -0.01 -4"><span class='ocrx_word' id='word_1_606' title='bbox 2120 3855 2422 3911; x_wconf 87' lang='lat' dir='ltr'><strong>Ecclesiam</strong></span> <span class='ocrx_word' id='word_1_607' title='bbox 2472 3867 2630 3908; x_wconf 85' lang='lat' dir='ltr'><strong>sacra</strong></span> <span class='ocrx_word' id='word_1_608' title='bbox 2664 3850 2886 3906; x_wconf 79' lang='lat' dir='ltr'><strong>tradunt</strong></span> <span class='ocrx_word' id='word_1_609' title='bbox 2923 3847 3176 3915; x_wconf 79' lang='lat' dir='ltr'><strong>Eloquia.</strong></span> <span class='ocrx_word' id='word_1_610' title='bbox 3217 3847 3482 3914; x_wconf 83' lang='lat' dir='ltr'><strong>Deinceps</strong></span> <span class='ocrx_word' id='word_1_611' title='bbox 3535 3843 3700 3898; x_wconf 86' lang='lat' dir='ltr'><strong>aliam</strong></span> 
     </span>
    </p>
   </div>
   <div class='ocr_carea' id='block_1_85' title="bbox 2117 3937 3706 4006">
    <p class='ocr_par' dir='ltr' id='par_1_85' title="bbox 2117 3937 3706 4006">
     <span class='ocr_line' id='line_1_85' title="bbox 2117 3937 3706 4006; baseline -0.008 -3"><span class='ocrx_word' id='word_1_612' title='bbox 2117 3956 2270 4003; x_wconf 77' lang='lat' dir='ltr'><strong>extra</strong></span> <span class='ocrx_word' id='word_1_613' title='bbox 2323 3945 2470 4002; x_wconf 86' lang='lat' dir='ltr'><strong>illam</strong></span> <span class='ocrx_word' id='word_1_614' title='bbox 2514 3944 2680 3998; x_wconf 88' lang='lat' dir='ltr'><strong>ullam</strong></span> <span class='ocrx_word' id='word_1_615' title='bbox 2731 3957 2915 4006; x_wconf 74' lang='lat' dir='ltr'><strong>nemo,</strong></span> <span class='ocrx_word' id='word_1_616' title='bbox 2951 3938 3255 3994; x_wconf 87' lang='lat' dir='ltr'><strong>dummodo</strong></span> <span class='ocrx_word' id='word_1_617' title='bbox 3299 3937 3529 3993; x_wconf 87' lang='lat' dir='ltr'><strong>rationis</strong></span> <span class='ocrx_word' id='word_1_618' title='bbox 3557 3951 3706 3992; x_wconf 89' lang='lat' dir='ltr'><strong>com-</strong></span> 
     </span>
    </p>
   </div>
   <div class='ocr_carea' id='block_1_86' title="bbox 2121 4030 3707 4110">
    <p class='ocr_par' dir='ltr' id='par_1_86' title="bbox 2121 4030 3707 4110">
     <span class='ocr_line' id='line_1_86' title="bbox 2121 4030 3707 4110; baseline -0.004 -20"><span class='ocrx_word' id='word_1_619' title='bbox 2121 4055 2218 4110; x_wconf 88' lang='lat' dir='ltr'><strong>pos</strong></span> <span class='ocrx_word' id='word_1_620' title='bbox 2243 4040 2336 4102; x_wconf 86' lang='lat' dir='ltr'><strong>sit,</strong></span> <span class='ocrx_word' id='word_1_621' title='bbox 2391 4035 2716 4106; x_wconf 87' lang='lat' dir='ltr'><strong>consignare</strong></span> <span class='ocrx_word' id='word_1_622' title='bbox 2747 4033 3008 4102; x_wconf 85' lang='lat' dir='ltr'><strong>potuerit.</strong></span> <span class='ocrx_word' id='word_1_623' title='bbox 3066 4032 3220 4086; x_wconf 86' lang='lat' dir='ltr'><strong>Adde</strong></span> <span class='ocrx_word' id='word_1_624' title='bbox 3259 4047 3500 4100; x_wconf 82' lang='lat' dir='ltr'><strong>quoque,</strong></span> <span class='ocrx_word' id='word_1_625' title='bbox 3524 4030 3707 4084; x_wconf 81' lang='lat' dir='ltr'><strong>omnis</strong></span> 
     </span>
    </p>
   </div>
   <div class='ocr_carea' id='block_1_87' title="bbox 2121 4121 3706 4196">
    <p class='ocr_par' dir='ltr' id='par_1_87' title="bbox 2121 4121 3706 4196">
     <span class='ocr_line' id='line_1_87' title="bbox 2121 4121 3706 4196; baseline -0.006 -13"><span class='ocrx_word' id='word_1_626' title='bbox 2121 4127 2440 4189; x_wconf 85' lang='lat' dir='ltr'><strong>multitudo,</strong></span> <span class='ocrx_word' id='word_1_627' title='bbox 2459 4141 2564 4196; x_wconf 90' lang='lat' dir='ltr'><strong>qua</strong></span> <span class='ocrx_word' id='word_1_628' title='bbox 2589 4124 2886 4178; x_wconf 79' lang='lat' dir='ltr'><strong>multitudo</strong></span> <span class='ocrx_word' id='word_1_629' title='bbox 2910 4121 3166 4188; x_wconf 86' lang='lat' dir='ltr'><strong>est,nihil</strong></span> <span class='ocrx_word' id='word_1_630' title='bbox 3196 4135 3456 4191; x_wconf 80' lang='lat' dir='ltr'><strong>peragere</strong></span> <span class='ocrx_word' id='word_1_631' title='bbox 3485 4121 3706 4189; x_wconf 67' lang='grc' dir='ltr'><strong>ῃοιυτὶι,</strong></span> 
     </span>
    </p>
   </div>
   <div class='ocr_carea' id='block_1_88' title="bbox 2120 4213 3706 4291">
    <p class='ocr_par' dir='ltr' id='par_1_88' title="bbox 2120 4213 3706 4291">
     <span class='ocr_line' id='line_1_88' title="bbox 2120 4213 3706 4291; baseline -0.006 -14"><span class='ocrx_word' id='word_1_632' title='bbox 2120 4221 2214 4277; x_wconf 88' lang='lat' dir='ltr'><strong>sed</strong></span> <span class='ocrx_word' id='word_1_633' title='bbox 2265 4235 2372 4291; x_wconf 86' lang='lat' dir='ltr'><strong>qua</strong></span> <span class='ocrx_word' id='word_1_634' title='bbox 2429 4221 2482 4273; x_wconf 95' lang='lat' dir='ltr'><strong>in</strong></span> <span class='ocrx_word' id='word_1_635' title='bbox 2525 4235 2692 4275; x_wconf 89' lang='lat' dir='ltr'><strong>unum</strong></span> <span class='ocrx_word' id='word_1_636' title='bbox 2749 4217 3056 4282; x_wconf 81' lang='lat' dir='ltr'><strong>confertur,</strong></span> <span class='ocrx_word' id='word_1_637' title='bbox 3091 4213 3262 4269; x_wconf 79' lang='lat' dir='ltr'><strong>unum</strong></span> <span class='ocrx_word' id='word_1_638' title='bbox 3298 4230 3394 4285; x_wconf 88' lang='lat' dir='ltr'><strong>per</strong></span> <span class='ocrx_word' id='word_1_639' title='bbox 3443 4215 3496 4270; x_wconf 83' lang='lat' dir='ltr'><strong>id</strong></span> <span class='ocrx_word' id='word_1_640' title='bbox 3561 4214 3706 4269; x_wconf 83' lang='lat' dir='ltr'><strong>facta</strong></span> 
     </span>
    </p>
   </div>
   <div class='ocr_carea' id='block_1_89' title="bbox 2119 4309 3706 4382">
    <p class='ocr_par' dir='ltr' id='par_1_89' title="bbox 2119 4309 3706 4382">
     <span class='ocr_line' id='line_1_89' title="bbox 2119 4309 3706 4382; baseline -0.004 -15"><span class='ocrx_word' id='word_1_641' title='bbox 2119 4314 2325 4382; x_wconf 87' lang='lat' dir='ltr'><strong>peragit</strong></span> <span class='ocrx_word' id='word_1_642' title='bbox 2359 4329 2374 4379; x_wconf 92' lang='lat'><strong>;</strong></span> <span class='ocrx_word' id='word_1_643' title='bbox 2410 4327 2532 4366; x_wconf 88' lang='lat' dir='ltr'><strong>nam</strong></span> <span class='ocrx_word' id='word_1_644' title='bbox 2566 4319 2626 4366; x_wconf 90' lang='lat' dir='ltr'><strong>ut</strong></span> <span class='ocrx_word' id='word_1_645' title='bbox 2655 4309 2971 4372; x_wconf 89' lang='lat' dir='ltr'><strong>multitudo,</strong></span> <span class='ocrx_word' id='word_1_646' title='bbox 3003 4310 3136 4364; x_wconf 90' lang='lat' dir='ltr'><strong>licet</strong></span> <span class='ocrx_word' id='word_1_647' title='bbox 3159 4309 3366 4379; x_wconf 77' lang='lat' dir='ltr'><strong>aliquid</strong></span> <span class='ocrx_word' id='word_1_648' title='bbox 3395 4323 3558 4376; x_wconf 82' lang='lat' dir='ltr'><strong>agerc</strong></span> <span class='ocrx_word' id='word_1_649' title='bbox 3609 4323 3706 4362; x_wconf 87' lang='lat' dir='ltr'><strong>co-</strong></span> 
     </span>
    </p>
   </div>
   <div class='ocr_carea' id='block_1_90' title="bbox 2120 4401 3706 4472">
    <p class='ocr_par' dir='ltr' id='par_1_90' title="bbox 2120 4401 3706 4472">
     <span class='ocr_line' id='line_1_90' title="bbox 2120 4401 3706 4472; baseline -0.003 -14"><span class='ocrx_word' id='word_1_650' title='bbox 2120 4413 2301 4470; x_wconf 88' lang='lat' dir='ltr'><strong>netur,</strong></span> <span class='ocrx_word' id='word_1_651' title='bbox 2351 4403 2555 4458; x_wconf 79' lang='lat' dir='ltr'><strong>lruSIra</strong></span> <span class='ocrx_word' id='word_1_652' title='bbox 2610 4411 2790 4458; x_wconf 73' lang='lat' dir='ltr'><strong>tamen</strong></span> <span class='ocrx_word' id='word_1_653' title='bbox 2844 4417 3067 4472; x_wconf 87' lang='lat' dir='ltr'><strong>operam</strong></span> <span class='ocrx_word' id='word_1_654' title='bbox 3113 4401 3374 4467; x_wconf 85' lang='lat' dir='ltr'><strong>insumet,</strong></span> <span class='ocrx_word' id='word_1_655' title='bbox 3393 4411 3450 4456; x_wconf 91' lang='lat' dir='ltr'><strong>et</strong></span> <span class='ocrx_word' id='word_1_656' title='bbox 3479 4403 3706 4456; x_wconf 76' lang='lat' dir='ltr'><strong>confusa</strong></span> 
     </span>
    </p>
   </div>
   <div class='ocr_carea' id='block_1_91' title="bbox 2116 4493 3711 4568">
    <p class='ocr_par' dir='ltr' id='par_1_91' title="bbox 2116 4493 3711 4568">
     <span class='ocr_line' id='line_1_91' title="bbox 2116 4493 3711 4568; baseline -0.003 -16"><span class='ocrx_word' id='word_1_657' title='bbox 2116 4497 2420 4568; x_wconf 74' lang='lat' dir='ltr'><strong>frangetur,</strong></span> <span class='ocrx_word' id='word_1_658' title='bbox 2441 4505 2492 4550; x_wconf 73' lang='lat' dir='ltr'><strong>et</strong></span> <span class='ocrx_word' id='word_1_659' title='bbox 2516 4503 2760 4551; x_wconf 87' lang='lat' dir='ltr'><strong>corruet.</strong></span> <span class='ocrx_word' id='word_1_660' title='bbox 2787 4495 2929 4549; x_wconf 84' lang='lat' dir='ltr'><strong>Ecce</strong></span> <span class='ocrx_word' id='word_1_661' title='bbox 2955 4493 3130 4560; x_wconf 87' lang='lat' dir='ltr'><strong>enim,</strong></span> <span class='ocrx_word' id='word_1_662' title='bbox 3163 4493 3208 4548; x_wconf 88' lang='lat' dir='ltr'><strong>si</strong></span> <span class='ocrx_word' id='word_1_663' title='bbox 3240 4493 3436 4549; x_wconf 87' lang='lat' dir='ltr'><strong>ducem</strong></span> <span class='ocrx_word' id='word_1_664' title='bbox 3461 4495 3711 4549; x_wconf 58' lang='lat' dir='ltr'><strong>amisi-rit</strong></span> 
     </span>
    </p>
   </div>
   <div class='ocr_carea' id='block_1_92' title="bbox 435 4575 2018 4663">
    <p class='ocr_par' dir='ltr' id='par_1_92' title="bbox 435 4578 2012 4663">
     <span class='ocr_line' id='line_1_92' title="bbox 435 4578 2012 4663; baseline 0.005 -27"><span class='ocrx_word' id='word_1_665' title='bbox 435 4583 628 4653; x_wconf 83' lang='grc' dir='ltr'><strong>τηγδν,</strong></span> <span class='ocrx_word' id='word_1_666' title='bbox 657 4584 812 4638; x_wconf 77' lang='grc' dir='ltr'><strong>οὐδὲν</strong></span> <span class='ocrx_word' id='word_1_667' title='bbox 936 4586 1170 4656; x_wconf 81' lang='grc' dir='ltr'><strong>στρατὸς</strong></span> <span class='ocrx_word' id='word_1_668' title='bbox 1194 4587 1396 4657; x_wconf 81' lang='grc' dir='ltr'><strong>πράξει</strong></span> <span class='ocrx_word' id='word_1_669' title='bbox 1427 4589 1580 4654; x_wconf 72' lang='grc' dir='ltr'><strong>ποτὲ,</strong></span> <span class='ocrx_word' id='word_1_670' title='bbox 1619 4589 1734 4644; x_wconf 82' lang='grc' dir='ltr'><strong>ἀλλ’</strong></span> <span class='ocrx_word' id='word_1_671' title='bbox 1763 4591 1840 4656; x_wconf 88' lang='grc' dir='ltr'><strong>ὡς</strong></span> <span class='ocrx_word' id='word_1_672' title='bbox 1875 4594 2012 4663; x_wconf 86' lang='grc' dir='ltr'><strong>πλῆ-</strong></span> 
     </span>
    </p>
   </div>
   <div class='ocr_carea' id='block_1_93' title="bbox 2121 4575 3706 4663">
    <p class='ocr_par' dir='ltr' id='par_1_93' title="bbox 2121 4589 3706 4658">
     <span class='ocr_line' id='line_1_93' title="bbox 2121 4589 3706 4658; baseline -0.001 -13"><span class='ocrx_word' id='word_1_673' title='bbox 2121 4591 2419 4656; x_wconf 81' lang='lat' dir='ltr'><strong>exercitus,</strong></span> <span class='ocrx_word' id='word_1_674' title='bbox 2441 4589 2578 4643; x_wconf 87' lang='lat' dir='ltr'><strong>nihil</strong></span> <span class='ocrx_word' id='word_1_675' title='bbox 2601 4605 2861 4658; x_wconf 88' lang='lat' dir='ltr'><strong>unquam,</strong></span> <span class='ocrx_word' id='word_1_676' title='bbox 2879 4603 2986 4658; x_wconf 84' lang='lat' dir='ltr'><strong>qua</strong></span> <span class='ocrx_word' id='word_1_677' title='bbox 3010 4589 3304 4650; x_wconf 81' lang='lat' dir='ltr'><strong>exercitus,</strong></span> <span class='ocrx_word' id='word_1_678' title='bbox 3328 4597 3432 4652; x_wconf 85' lang='lat' dir='ltr'><strong>est,</strong></span> <span class='ocrx_word' id='word_1_679' title='bbox 3463 4598 3706 4657; x_wconf 77' lang='lat' dir='ltr'><strong>peraget.</strong></span> 
     </span>
    </p>
   </div>
   <div class='ocr_carea' id='block_1_94' title="bbox 430 4677 2012 4755">
    <p class='ocr_par' dir='ltr' id='par_1_94' title="bbox 430 4677 2012 4755">
     <span class='ocr_line' id='line_1_94' title="bbox 430 4677 2012 4755; baseline 0.007 -28"><span class='ocrx_word' id='word_1_680' title='bbox 430 4677 526 4739; x_wconf 84' lang='grc' dir='ltr'><strong>θος</strong></span> <span class='ocrx_word' id='word_1_681' title='bbox 569 4677 808 4732; x_wconf 79' lang='grc' dir='ltr'><strong>ἄτακτον</strong></span> <span class='ocrx_word' id='word_1_682' title='bbox 857 4679 1052 4736; x_wconf 83' lang='grc' dir='ltr'><strong>ἄλλοσε</strong></span> <span class='ocrx_word' id='word_1_683' title='bbox 1101 4679 1266 4734; x_wconf 80' lang='grc' dir='ltr'><strong>άλλου</strong></span> <span class='ocrx_word' id='word_1_684' title='bbox 1353 4681 1666 4752; x_wconf 76' lang='grc' dir='ltr'><strong>βαδίζοντος</strong></span> <span class='ocrx_word' id='word_1_685' title='bbox 1729 4686 2012 4755; x_wconf 72' lang='grc' dir='ltr'><strong>οἰχήσεται</strong></span> 
     </span>
    </p>
   </div>
   <div class='ocr_carea' id='block_1_95' title="bbox 429 4767 2016 4848">
    <p class='ocr_par' dir='ltr' id='par_1_95' title="bbox 429 4767 2016 4848">
     <span class='ocr_line' id='line_1_95' title="bbox 429 4767 2016 4848; baseline 0.01 -28"><span class='ocrx_word' id='word_1_686' title='bbox 429 4767 650 4834; x_wconf 86' lang='grc' dir='ltr'><strong>πάντως</strong></span> <span class='ocrx_word' id='word_1_687' title='bbox 689 4773 784 4824; x_wconf 62' lang='grc' dir='ltr'><strong>καὶ¹</strong></span> <span class='ocrx_word' id='word_1_688' title='bbox 832 4772 1286 4845; x_wconf 79' lang='grc' dir='ltr'><strong>ἀφανισθήσεται.</strong></span> <span class='ocrx_word' id='word_1_689' title='bbox 1349 4779 1442 4831; x_wconf 87' lang='grc' dir='ltr'><strong>Δεῖ</strong></span> <span class='ocrx_word' id='word_1_690' title='bbox 1489 4779 1595 4848; x_wconf 85' lang='grc' dir='ltr'><strong>ἄρα</strong></span> <span class='ocrx_word' id='word_1_691' title='bbox 1647 4779 1707 4834; x_wconf 83' lang='grc' dir='ltr'><strong>ἓν</strong></span> <span class='ocrx_word' id='word_1_692' title='bbox 1759 4775 1903 4834; x_wconf 73' lang='grc' dir='ltr'><strong>εἶναι</strong></span> <span class='ocrx_word' id='word_1_693' title='bbox 1954 4783 2016 4836; x_wconf 79' lang='grc' dir='ltr'><strong>τὸ</strong></span> 
     </span>
    </p>
   </div>
   <div class='ocr_carea' id='block_1_96' title="bbox 429 4859 2010 4945">
    <p class='ocr_par' dir='ltr' id='par_1_96' title="bbox 429 4859 2010 4945">
     <span class='ocr_line' id='line_1_96' title="bbox 429 4859 2010 4945; baseline 0.009 -34"><span class='ocrx_word' id='word_1_694' title='bbox 429 4859 660 4931; x_wconf 79' lang='grc' dir='ltr'><strong>πλῆθος,</strong></span> <span class='ocrx_word' id='word_1_695' title='bbox 691 4865 740 4916; x_wconf 80' lang='grc' dir='ltr'><strong>εί</strong></span> <span class='ocrx_word' id='word_1_696' title='bbox 773 4864 960 4934; x_wconf 85' lang='grc' dir='ltr'><strong>μέλλει</strong></span> <span class='ocrx_word' id='word_1_697' title='bbox 991 4867 1351 4922; x_wconf 79' lang='grc' dir='ltr'><strong>συνίστασθαι</strong></span> <span class='ocrx_word' id='word_1_698' title='bbox 1383 4888 1443 4923; x_wconf 87' lang='grc' dir='ltr'><strong>τε</strong></span> <span class='ocrx_word' id='word_1_699' title='bbox 1477 4872 1568 4925; x_wconf 75' lang='grc' dir='ltr'><strong>καὶ</strong></span> <span class='ocrx_word' id='word_1_700' title='bbox 1599 4874 2010 4945; x_wconf 76' lang='grc' dir='ltr'><strong>συντηρεῖσθαε,</strong></span> 
     </span>
    </p>
   </div>
   <div class='ocr_carea' id='block_1_97' title="bbox 429 4955 2012 5034">
    <p class='ocr_par' dir='ltr' id='par_1_97' title="bbox 429 4955 2012 5034">
     <span class='ocr_line' id='line_1_97' title="bbox 429 4955 2012 5034; baseline 0.009 -28"><span class='ocrx_word' id='word_1_701' title='bbox 429 4955 526 5007; x_wconf 77' lang='grc' dir='ltr'><strong>καὶ</strong></span> <span class='ocrx_word' id='word_1_702' title='bbox 555 4956 824 5025; x_wconf 77' lang='grc' dir='ltr'><strong>ὲνεργεῖν.”</strong></span> <span class='ocrx_word' id='word_1_703' title='bbox 852 4959 1070 5012; x_wconf 79' lang='grc' dir='ltr'><strong>Γίνεται</strong></span> <span class='ocrx_word' id='word_1_704' title='bbox 1105 4959 1166 5014; x_wconf 84' lang='grc' dir='ltr'><strong>δὲ</strong></span> <span class='ocrx_word' id='word_1_705' title='bbox 1211 4963 1324 5016; x_wconf 79' lang='grc' dir='ltr'><strong>πᾶν</strong></span> <span class='ocrx_word' id='word_1_706' title='bbox 1355 4963 1559 5034; x_wconf 76' lang='grc' dir='ltr'><strong>πλῆθος</strong></span> <span class='ocrx_word' id='word_1_707' title='bbox 1585 4965 1646 5018; x_wconf 76' lang='grc' dir='ltr'><strong>ἓν</strong></span> <span class='ocrx_word' id='word_1_708' title='bbox 1679 4969 1780 5019; x_wconf 82' lang='grc' dir='ltr'><strong>οὐκ</strong></span> <span class='ocrx_word' id='word_1_709' title='bbox 1830 4966 2012 5030; x_wconf 81' lang='grc' dir='ltr'><strong>άλλως</strong></span> 
     </span>
    </p>
   </div>
   <div class='ocr_carea' id='block_1_98' title="bbox 429 5045 2012 5130">
    <p class='ocr_par' dir='ltr' id='par_1_98' title="bbox 429 5045 2012 5130">
     <span class='ocr_line' id='line_1_98' title="bbox 429 5045 2012 5130; baseline 0.008 -30"><span class='ocrx_word' id='word_1_710' title='bbox 429 5045 546 5100; x_wconf 79' lang='grc' dir='ltr'><strong>ἀλλ’</strong></span> <span class='ocrx_word' id='word_1_711' title='bbox 570 5049 604 5117; x_wconf 81' lang='grc' dir='ltr'>ἢ</span> <span class='ocrx_word' id='word_1_712' title='bbox 645 5049 810 5118; x_wconf 87' lang='grc' dir='ltr'><strong>μόνον</strong></span> <span class='ocrx_word' id='word_1_713' title='bbox 839 5051 1181 5120; x_wconf 80' lang='grc' dir='ltr'><strong>ἀναγόμενον</strong></span> <span class='ocrx_word' id='word_1_714' title='bbox 1205 5057 1290 5118; x_wconf 84' lang='grc' dir='ltr'><strong>εἰς</strong></span> <span class='ocrx_word' id='word_1_715' title='bbox 1318 5054 1378 5109; x_wconf 78' lang='grc' dir='ltr'><strong>ἔν</strong></span> <span class='ocrx_word' id='word_1_716' title='bbox 1414 5057 1710 5125; x_wconf 79' lang='grc' dir='ltr'><strong>μονοειδὲς,</strong></span> <span class='ocrx_word' id='word_1_717' title='bbox 1769 5057 1958 5130; x_wconf 82' lang='grc' dir='ltr'><strong>ὥσπερ</strong></span> <span class='ocrx_word' id='word_1_718' title='bbox 1983 5062 2012 5114; x_wconf 87' lang='grc' dir='ltr'><strong>ό</strong></span> 
     </span>
    </p>
   </div>
   <div class='ocr_carea' id='block_1_99' title="bbox 429 5142 2008 5220">
    <p class='ocr_par' dir='ltr' id='par_1_99' title="bbox 429 5142 2008 5220">
     <span class='ocr_line' id='line_1_99' title="bbox 429 5142 2008 5220; baseline 0.008 -28"><span class='ocrx_word' id='word_1_719' title='bbox 429 5142 660 5211; x_wconf 73' lang='grc' dir='ltr'><strong>στρατ³.·ς</strong></span> <span class='ocrx_word' id='word_1_720' title='bbox 689 5145 768 5205; x_wconf 81' lang='lat' dir='ltr'><strong>si;</strong></span> <span class='ocrx_word' id='word_1_721' title='bbox 786 5144 878 5196; x_wconf 82' lang='grc' dir='ltr'><strong>τὸν</strong></span> <span class='ocrx_word' id='word_1_722' title='bbox 910 5145 1164 5215; x_wconf 77' lang='grc' dir='ltr'><strong>στρατὸν,</strong></span> <span class='ocrx_word' id='word_1_723' title='bbox 1191 5149 1272 5210; x_wconf 82' lang='grc' dir='ltr'><strong>είς</strong></span> <span class='ocrx_word' id='word_1_724' title='bbox 1299 5147 1362 5202; x_wconf 82' lang='grc' dir='ltr'><strong>δν</strong></span> <span class='ocrx_word' id='word_1_725' title='bbox 1401 5149 1716 5220; x_wconf 83' lang='grc' dir='ltr'><strong>ἀφορῶντες</strong></span> <span class='ocrx_word' id='word_1_726' title='bbox 1737 5149 2008 5204; x_wconf 74' lang='grc' dir='ltr'><strong>ένοῦνται⁸</strong></span> 
     </span>
    </p>
   </div>
   <div class='ocr_carea' id='block_1_100' title="bbox 427 5234 2009 5314">
    <p class='ocr_par' dir='ltr' id='par_1_100' title="bbox 427 5234 2009 5314">
     <span class='ocr_line' id='line_1_100' title="bbox 427 5234 2009 5314; baseline 0.004 -27"><span class='ocrx_word' id='word_1_727' title='bbox 427 5234 616 5305; x_wconf 85' lang='grc' dir='ltr'><strong>ὥσπερ</strong></span> <span class='ocrx_word' id='word_1_728' title='bbox 646 5236 692 5288; x_wconf 78' lang='lat' dir='ltr'><strong>ci</strong></span> <span class='ocrx_word' id='word_1_729' title='bbox 718 5236 976 5301; x_wconf 72' lang='grc' dir='ltr'><strong>πλέοντες</strong></span> <span class='ocrx_word' id='word_1_730' title='bbox 1006 5239 1088 5303; x_wconf 75' lang='grc' dir='ltr'><strong>εἰς</strong></span> <span class='ocrx_word' id='word_1_731' title='bbox 1121 5239 1215 5294; x_wconf 79' lang='grc' dir='ltr'><strong>τὸν</strong></span> <span class='ocrx_word' id='word_1_732' title='bbox 1265 5239 1612 5314; x_wconf 79' lang='grc' dir='ltr'><strong>κυϐερνήτην</strong></span> <span class='ocrx_word' id='word_1_733' title='bbox 1665 5242 2009 5296; x_wconf 77' lang='grc' dir='ltr'><strong>ἀποϐλέπον-</strong></span> 
     </span>
    </p>
   </div>
   <div class='ocr_carea' id='block_1_101' title="bbox 426 5326 2008 5402">
    <p class='ocr_par' dir='ltr' id='par_1_101' title="bbox 426 5326 2008 5402">
     <span class='ocr_line' id='line_1_101' title="bbox 426 5326 2008 5402; baseline 0.006 -26"><span class='ocrx_word' id='word_1_734' title='bbox 426 5341 541 5392; x_wconf 85' lang='grc' dir='ltr'><strong>τες,</strong></span> <span class='ocrx_word' id='word_1_735' title='bbox 573 5326 668 5380; x_wconf 76' lang='grc' dir='ltr'><strong>καὶ</strong></span> <span class='ocrx_word' id='word_1_736' title='bbox 700 5326 761 5380; x_wconf 80' lang='grc' dir='ltr'><strong>ἓν</strong></span> <span class='ocrx_word' id='word_1_737' title='bbox 797 5327 868 5382; x_wconf 82' lang='grc' dir='ltr'><strong>δι’</strong></span> <span class='ocrx_word' id='word_1_738' title='bbox 899 5329 1064 5384; x_wconf 82' lang='grc' dir='ltr'><strong>αὐτοῦ</strong></span> <span class='ocrx_word' id='word_1_739' title='bbox 1096 5330 1374 5400; x_wconf 81' lang='grc' dir='ltr'><strong>γινόμενοι</strong></span> <span class='ocrx_word' id='word_1_740' title='bbox 1405 5332 1641 5394; x_wconf 79' lang='grc' dir='ltr'><strong>σώζουσι</strong></span> <span class='ocrx_word' id='word_1_741' title='bbox 1700 5333 1798 5402; x_wconf 77' lang='grc' dir='ltr'><strong>τὴν</strong></span> <span class='ocrx_word' id='word_1_742' title='bbox 1851 5331 2008 5387; x_wconf 76' lang='grc' dir='ltr'><strong>ναῦν.</strong></span> 
     </span>
    </p>
   </div>
   <div class='ocr_carea' id='block_1_102' title="bbox 429 5417 2012 5496">
    <p class='ocr_par' dir='ltr' id='par_1_102' title="bbox 429 5417 2012 5496">
     <span class='ocr_line' id='line_1_102' title="bbox 429 5417 2012 5496; baseline 0.005 -25"><span class='ocrx_word' id='word_1_743' title='bbox 429 5417 600 5489; x_wconf 76' lang='grc' dir='ltr'><strong>Καὶή</strong></span> <span class='ocrx_word' id='word_1_744' title='bbox 637 5419 790 5484; x_wconf 72' lang='grc' dir='ltr'><strong>πόλις</strong></span> <span class='ocrx_word' id='word_1_745' title='bbox 821 5421 876 5476; x_wconf 79' lang='grc' dir='ltr'><strong>δὲ</strong></span> <span class='ocrx_word' id='word_1_746' title='bbox 903 5421 1022 5490; x_wconf 89' lang='grc' dir='ltr'><strong>μία,</strong></span> <span class='ocrx_word' id='word_1_747' title='bbox 1057 5421 1140 5476; x_wconf 82' lang='grc' dir='ltr'><strong>ὅτι</strong></span> <span class='ocrx_word' id='word_1_748' title='bbox 1177 5425 1206 5476; x_wconf 82' lang='grc' dir='ltr'><strong><em>ὁ</em></strong></span> <span class='ocrx_word' id='word_1_749' title='bbox 1238 5423 1424 5494; x_wconf 81' lang='grc' dir='ltr'><strong>ἄρχων</strong></span> <span class='ocrx_word' id='word_1_750' title='bbox 1451 5418 1554 5487; x_wconf 76' lang='grc' dir='ltr'><strong>εἷς.</strong></span> <span class='ocrx_word' id='word_1_751' title='bbox 1591 5424 1708 5478; x_wconf 84' lang='grc' dir='ltr'><strong>Κᾶν</strong></span> <span class='ocrx_word' id='word_1_752' title='bbox 1759 5425 1868 5494; x_wconf 81' lang='grc' dir='ltr'><strong>γὰρ</strong></span> <span class='ocrx_word' id='word_1_753' title='bbox 1916 5424 2012 5496; x_wconf 80' lang='grc' dir='ltr'><strong>δη-</strong></span> 
     </span>
    </p>
   </div>
   <div class='ocr_carea' id='block_1_103' title="bbox 431 5509 2010 5586">
    <p class='ocr_par' dir='ltr' id='par_1_103' title="bbox 431 5509 2010 5586">
     <span class='ocr_line' id='line_1_103' title="bbox 431 5509 2010 5586; baseline 0.005 -24"><span class='ocrx_word' id='word_1_754' title='bbox 431 5513 886 5583; x_wconf 76' lang='grc' dir='ltr'><strong>μοκρατουμένην</strong></span> <span class='ocrx_word' id='word_1_755' title='bbox 911 5512 1010 5585; x_wconf 87' lang='grc' dir='ltr'><strong>τὴν</strong></span> <span class='ocrx_word' id='word_1_756' title='bbox 1041 5513 1198 5568; x_wconf 89' lang='grc' dir='ltr'><strong>πόλιν</strong></span> <span class='ocrx_word' id='word_1_757' title='bbox 1243 5509 1386 5569; x_wconf 73' lang='grc' dir='ltr'><strong>εἶναι</strong></span> <span class='ocrx_word' id='word_1_758' title='bbox 1417 5516 1623 5586; x_wconf 86' lang='grc' dir='ltr'><strong>θῶμεν,</strong></span> <span class='ocrx_word' id='word_1_759' title='bbox 1675 5517 1792 5570; x_wconf 82' lang='grc' dir='ltr'><strong>ἀλλ’</strong></span> <span class='ocrx_word' id='word_1_760' title='bbox 1817 5510 1896 5579; x_wconf 77' lang='grc' dir='ltr'><strong>εἷς</strong></span> <span class='ocrx_word' id='word_1_761' title='bbox 1919 5516 2010 5570; x_wconf 85' lang='grc' dir='ltr'><strong>τοῦ</strong></span> 
     </span>
    </p>
   </div>
   <div class='ocr_carea' id='block_1_104' title="bbox 425 5599 2010 5680">
    <p class='ocr_par' dir='ltr' id='par_1_104' title="bbox 425 5599 2010 5680">
     <span class='ocr_line' id='line_1_104' title="bbox 425 5599 2010 5680; baseline 0.006 -28"><span class='ocrx_word' id='word_1_762' title='bbox 425 5599 598 5669; x_wconf 80' lang='grc' dir='ltr'><strong>δήμου</strong></span> <span class='ocrx_word' id='word_1_763' title='bbox 637 5604 856 5669; x_wconf 79' lang='grc' dir='ltr'><strong>πάντως</strong></span> <span class='ocrx_word' id='word_1_764' title='bbox 891 5607 1262 5678; x_wconf 83' lang='grc' dir='ltr'><strong>προστήσεται</strong></span> <span class='ocrx_word' id='word_1_765' title='bbox 1310 5607 1504 5680; x_wconf 81' lang='grc' dir='ltr'><strong>ἄρχειν</strong></span> <span class='ocrx_word' id='word_1_766' title='bbox 1550 5609 1755 5679; x_wconf 85' lang='grc' dir='ltr'><strong>λαχών.</strong></span> <span class='ocrx_word' id='word_1_767' title='bbox 1787 5609 1896 5662; x_wconf 75' lang='grc' dir='ltr'><strong>Καὶ</strong></span> <span class='ocrx_word' id='word_1_768' title='bbox 1947 5609 2010 5662; x_wconf 80' lang='grc' dir='ltr'><strong>οὐ</strong></span> 
     </span>
    </p>
   </div>
   <div class='ocr_carea' id='block_1_105' title="bbox 430 5692 2008 5768">
    <p class='ocr_par' dir='ltr' id='par_1_105' title="bbox 430 5692 2008 5768">
     <span class='ocr_line' id='line_1_105' title="bbox 430 5692 2008 5768; baseline 0.004 -22"><span class='ocrx_word' id='word_1_769' title='bbox 430 5692 590 5758; x_wconf 84' lang='grc' dir='ltr'><strong>μόνον</strong></span> <span class='ocrx_word' id='word_1_770' title='bbox 620 5695 708 5750; x_wconf 76' lang='grc' dir='ltr'><strong>ἐπ’</strong></span> <span class='ocrx_word' id='word_1_771' title='bbox 735 5696 1045 5768; x_wconf 76' lang='grc' dir='ltr'><strong>ἀνθρώπων</strong></span> <span class='ocrx_word' id='word_1_772' title='bbox 1072 5699 1248 5766; x_wconf 84' lang='grc' dir='ltr'><strong>τοῦτο,</strong></span> <span class='ocrx_word' id='word_1_773' title='bbox 1286 5700 1422 5756; x_wconf 68' lang='grc' dir='ltr'><strong>ἀλλὰ</strong></span> <span class='ocrx_word' id='word_1_774' title='bbox 1471 5702 1564 5755; x_wconf 80' lang='grc' dir='ltr'><strong>καὶ</strong></span> <span class='ocrx_word' id='word_1_775' title='bbox 1613 5701 1710 5756; x_wconf 73' lang='grc' dir='ltr'><strong>ἐπὶ</strong></span> <span class='ocrx_word' id='word_1_776' title='bbox 1773 5699 2008 5767; x_wconf 77' lang='grc' dir='ltr'><strong>ἀλόγων.</strong></span> 
     </span>
    </p>
   </div>
   <div class='ocr_carea' id='block_1_106' title="bbox 505 5881 970 5954">
    <p class='ocr_par' dir='ltr' id='par_1_106' title="bbox 505 5881 970 5954">
     <span class='ocr_line' id='line_1_106' title="bbox 505 5881 970 5954; baseline -0.004 -12"><span class='ocrx_word' id='word_1_777' title='bbox 505 5881 517 5910; x_wconf 87' lang='grc'>¹</span> <span class='ocrx_word' id='word_1_778' title='bbox 547 5881 682 5942; x_wconf 79' lang='lat' dir='ltr'><strong>Luc.</strong></span> <span class='ocrx_word' id='word_1_779' title='bbox 714 5901 848 5954; x_wconf 75' lang='lat' dir='ltr'><strong>ml,</strong></span> <span class='ocrx_word' id='word_1_780' title='bbox 879 5885 970 5940; x_wconf 76' lang='lat'><strong>51.</strong></span> 
     </span>
    </p>
   </div>
   <div class='ocr_carea' id='block_1_107' title="bbox 2120 4677 3707 4750">
    <p class='ocr_par' dir='ltr' id='par_1_107' title="bbox 2120 4677 3707 4750">
     <span class='ocr_line' id='line_1_107' title="bbox 2120 4677 3707 4750; baseline -0.004 -14"><span class='ocrx_word' id='word_1_781' title='bbox 2120 4681 2215 4736; x_wconf 86' lang='lat' dir='ltr'><strong>sed</strong></span> <span class='ocrx_word' id='word_1_782' title='bbox 2249 4679 2416 4735; x_wconf 89' lang='lat' dir='ltr'><strong>veluti</strong></span> <span class='ocrx_word' id='word_1_783' title='bbox 2452 4679 2798 4734; x_wconf 87' lang='lat' dir='ltr'><strong>inordinatus</strong></span> <span class='ocrx_word' id='word_1_784' title='bbox 2849 4689 2906 4734; x_wconf 87' lang='lat' dir='ltr'><strong>et</strong></span> <span class='ocrx_word' id='word_1_785' title='bbox 2940 4677 3360 4750; x_wconf 86' lang='lat' dir='ltr'><strong>incompositus,</strong></span> <span class='ocrx_word' id='word_1_786' title='bbox 3397 4679 3506 4732; x_wconf 84' lang='lat' dir='ltr'><strong>alio</strong></span> <span class='ocrx_word' id='word_1_787' title='bbox 3537 4679 3707 4732; x_wconf 89' lang='lat' dir='ltr'><strong>alium</strong></span> 
     </span>
    </p>
   </div>
   <div class='ocr_carea' id='block_1_108' title="bbox 2119 4769 3706 4842">
    <p class='ocr_par' dir='ltr' id='par_1_108' title="bbox 2119 4769 3706 4842">
     <span class='ocr_line' id='line_1_108' title="bbox 2119 4769 3706 4842; baseline -0.003 -15"><span class='ocrx_word' id='word_1_788' title='bbox 2119 4773 2172 4827; x_wconf 90' lang='lat' dir='ltr'><strong>in</strong></span> <span class='ocrx_word' id='word_1_789' title='bbox 2207 4772 2389 4827; x_wconf 86' lang='lat' dir='ltr'><strong>locum</strong></span> <span class='ocrx_word' id='word_1_790' title='bbox 2422 4771 3094 4842; x_wconf 87' lang='lat' dir='ltr'><strong>migrante,dissipabitur</strong></span> <span class='ocrx_word' id='word_1_791' title='bbox 3123 4787 3187 4826; x_wconf 90' lang='lat' dir='ltr'><strong>ac</strong></span> <span class='ocrx_word' id='word_1_792' title='bbox 3223 4770 3506 4840; x_wconf 88' lang='lat' dir='ltr'><strong>perdetur.</strong></span> <span class='ocrx_word' id='word_1_793' title='bbox 3529 4769 3706 4825; x_wconf 85' lang='lat' dir='ltr'><strong>Unum</strong></span> 
     </span>
    </p>
   </div>
   <div class='ocr_carea' id='block_1_109' title="bbox 2117 4862 3674 4935">
    <p class='ocr_par' dir='ltr' id='par_1_109' title="bbox 2117 4862 3674 4935">
     <span class='ocr_line' id='line_1_109' title="bbox 2117 4862 3674 4935; baseline -0.004 -13"><span class='ocrx_word' id='word_1_794' title='bbox 2117 4867 2303 4935; x_wconf 84' lang='lat' dir='ltr'><strong>itaque</strong></span> <span class='ocrx_word' id='word_1_795' title='bbox 2362 4863 2660 4919; x_wconf 84' lang='lat' dir='ltr'><strong>multitudo</strong></span> <span class='ocrx_word' id='word_1_796' title='bbox 2693 4879 2816 4918; x_wconf 89' lang='lat' dir='ltr'><strong>esse</strong></span> <span class='ocrx_word' id='word_1_797' title='bbox 2867 4863 3051 4929; x_wconf 87' lang='lat' dir='ltr'><strong>debet,</strong></span> <span class='ocrx_word' id='word_1_798' title='bbox 3095 4863 3142 4917; x_wconf 89' lang='lat' dir='ltr'><strong>si</strong></span> <span class='ocrx_word' id='word_1_799' title='bbox 3175 4862 3340 4918; x_wconf 74' lang='lat' dir='ltr'><strong>modo</strong></span> <span class='ocrx_word' id='word_1_800' title='bbox 3389 4864 3520 4917; x_wconf 80' lang='lat' dir='ltr'><strong>velit</strong></span> <span class='ocrx_word' id='word_1_801' title='bbox 3573 4879 3674 4918; x_wconf 89' lang='lat' dir='ltr'><strong>con</strong></span> 
     </span>
    </p>
   </div>
   <div class='ocr_carea' id='block_1_110' title="bbox 2115 4953 3707 5027">
    <p class='ocr_par' dir='ltr' id='par_1_110' title="bbox 2115 4953 3707 5027">
     <span class='ocr_line' id='line_1_110' title="bbox 2115 4953 3707 5027; baseline -0.001 -14"><span class='ocrx_word' id='word_1_802' title='bbox 2115 4969 2286 5020; x_wconf 85' lang='lat' dir='ltr'><strong>stare,</strong></span> <span class='ocrx_word' id='word_1_803' title='bbox 2309 4957 2627 5012; x_wconf 86' lang='lat' dir='ltr'><strong>conservari</strong></span> <span class='ocrx_word' id='word_1_804' title='bbox 2689 4957 2817 5012; x_wconf 89' lang='lat' dir='ltr'><strong>item</strong></span> <span class='ocrx_word' id='word_1_805' title='bbox 2845 4971 2910 5012; x_wconf 87' lang='lat' dir='ltr'><strong>ac</strong></span> <span class='ocrx_word' id='word_1_806' title='bbox 2933 4972 3214 5027; x_wconf 85' lang='lat' dir='ltr'><strong>peragere.</strong></span> <span class='ocrx_word' id='word_1_807' title='bbox 3251 4956 3334 5012; x_wconf 80' lang='lat' dir='ltr'><strong>Fit</strong></span> <span class='ocrx_word' id='word_1_808' title='bbox 3369 4972 3497 5012; x_wconf 85' lang='lat' dir='ltr'><strong>vero</strong></span> <span class='ocrx_word' id='word_1_809' title='bbox 3527 4953 3707 5012; x_wconf 82' lang='lat' dir='ltr'><strong>omnis</strong></span> 
     </span>
    </p>
   </div>
   <div class='ocr_carea' id='block_1_111' title="bbox 2115 5049 3708 5119">
    <p class='ocr_par' dir='ltr' id='par_1_111' title="bbox 2115 5049 3708 5119">
     <span class='ocr_line' id='line_1_111' title="bbox 2115 5049 3708 5119; baseline -0.001 -16"><span class='ocrx_word' id='word_1_810' title='bbox 2115 5049 2411 5104; x_wconf 87' lang='lat' dir='ltr'><strong>multitudo</strong></span> <span class='ocrx_word' id='word_1_811' title='bbox 2436 5065 2606 5104; x_wconf 91' lang='lat' dir='ltr'><strong>unum</strong></span> <span class='ocrx_word' id='word_1_812' title='bbox 2642 5049 3021 5104; x_wconf 89' lang='lat' dir='ltr'><strong>tantummodo</strong></span> <span class='ocrx_word' id='word_1_813' title='bbox 3046 5093 3060 5116; x_wconf 90' lang='lat'><strong>,</strong></span> <span class='ocrx_word' id='word_1_814' title='bbox 3101 5065 3232 5104; x_wconf 90' lang='lat' dir='ltr'><strong>cum.</strong></span> <span class='ocrx_word' id='word_1_815' title='bbox 3263 5051 3317 5104; x_wconf 89' lang='lat' dir='ltr'><strong>in</strong></span> <span class='ocrx_word' id='word_1_816' title='bbox 3356 5066 3524 5104; x_wconf 87' lang='lat' dir='ltr'><strong>unmn</strong></span> <span class='ocrx_word' id='word_1_817' title='bbox 3555 5049 3708 5119; x_wconf 60' lang='lat' dir='ltr'><strong>eius,</strong></span> 
     </span>
    </p>
   </div>
   <div class='ocr_carea' id='block_1_112' title="bbox 2113 5141 3714 5211">
    <p class='ocr_par' dir='ltr' id='par_1_112' title="bbox 2113 5141 3714 5211">
     <span class='ocr_line' id='line_1_112' title="bbox 2113 5141 3714 5211; baseline 0 -16"><span class='ocrx_word' id='word_1_818' title='bbox 2113 5141 2238 5196; x_wconf 90' lang='lat' dir='ltr'><strong>dem</strong></span> <span class='ocrx_word' id='word_1_819' title='bbox 2287 5141 2492 5211; x_wconf 89' lang='lat' dir='ltr'><strong>speciei</strong></span> <span class='ocrx_word' id='word_1_820' title='bbox 2543 5142 2846 5204; x_wconf 86' lang='lat' dir='ltr'><strong>reducitur,</strong></span> <span class='ocrx_word' id='word_1_821' title='bbox 2893 5143 2971 5196; x_wconf 90' lang='lat' dir='ltr'><strong>uti</strong></span> <span class='ocrx_word' id='word_1_822' title='bbox 3017 5143 3298 5197; x_wconf 82' lang='lat' dir='ltr'><strong>exercitus</strong></span> <span class='ocrx_word' id='word_1_823' title='bbox 3333 5143 3387 5197; x_wconf 90' lang='lat' dir='ltr'><strong>in</strong></span> <span class='ocrx_word' id='word_1_824' title='bbox 3418 5143 3714 5196; x_wconf 72' lang='lat' dir='ltr'><strong>ductorem.</strong></span> 
     </span>
    </p>
   </div>
   <div class='ocr_carea' id='block_1_113' title="bbox 2113 5234 3710 5306">
    <p class='ocr_par' dir='ltr' id='par_1_113' title="bbox 2113 5234 3710 5306">
     <span class='ocr_line' id='line_1_113' title="bbox 2113 5234 3710 5306; baseline 0 -17"><span class='ocrx_word' id='word_1_825' title='bbox 2113 5235 2408 5298; x_wconf 78' lang='lat' dir='ltr'><strong>exercitus,</strong></span> <span class='ocrx_word' id='word_1_826' title='bbox 2469 5234 2523 5288; x_wconf 91' lang='lat' dir='ltr'><strong>in</strong></span> <span class='ocrx_word' id='word_1_827' title='bbox 2579 5250 2742 5305; x_wconf 85' lang='lat' dir='ltr'><strong>quem</strong></span> <span class='ocrx_word' id='word_1_828' title='bbox 2783 5235 3162 5306; x_wconf 80' lang='lat' dir='ltr'><strong>respicientes,</strong></span> <span class='ocrx_word' id='word_1_829' title='bbox 3203 5238 3256 5292; x_wconf 90' lang='lat' dir='ltr'><strong>in</strong></span> <span class='ocrx_word' id='word_1_830' title='bbox 3297 5253 3464 5290; x_wconf 85' lang='lat' dir='ltr'><strong>unum</strong></span> <span class='ocrx_word' id='word_1_831' title='bbox 3524 5239 3710 5290; x_wconf 67' lang='lat' dir='ltr'><strong>coalc~</strong></span> 
     </span>
    </p>
   </div>
   <div class='ocr_carea' id='block_1_114' title="bbox 2112 5327 3706 5397">
    <p class='ocr_par' dir='ltr' id='par_1_114' title="bbox 2112 5327 3706 5397">
     <span class='ocr_line' id='line_1_114' title="bbox 2112 5327 3706 5397; baseline 0 -15"><span class='ocrx_word' id='word_1_832' title='bbox 2112 5335 2316 5382; x_wconf 86' lang='lat' dir='ltr'><strong>scunt:</strong></span> <span class='ocrx_word' id='word_1_833' title='bbox 2354 5327 2824 5397; x_wconf 78' lang='lat' dir='ltr'><strong>quemadmodum</strong></span> <span class='ocrx_word' id='word_1_834' title='bbox 2852 5340 2909 5382; x_wconf 90' lang='lat' dir='ltr'><strong>et</strong></span> <span class='ocrx_word' id='word_1_835' title='bbox 2953 5343 3130 5382; x_wconf 80' lang='lat' dir='ltr'><strong>nauta:</strong></span> <span class='ocrx_word' id='word_1_836' title='bbox 3167 5329 3220 5380; x_wconf 90' lang='lat' dir='ltr'><strong>in</strong></span> <span class='ocrx_word' id='word_1_837' title='bbox 3271 5328 3706 5395; x_wconf 72' lang='lat' dir='ltr'><strong>gubernatowm</strong></span> 
     </span>
    </p>
   </div>
   <div class='ocr_carea' id='block_1_115' title="bbox 2113 5419 3702 5489">
    <p class='ocr_par' dir='ltr' id='par_1_115' title="bbox 2113 5419 3702 5489">
     <span class='ocr_line' id='line_1_115' title="bbox 2113 5419 3702 5489; baseline -0.001 -14"><span class='ocrx_word' id='word_1_838' title='bbox 2113 5421 2268 5475; x_wconf 86' lang='lat' dir='ltr'><strong>navis</strong></span> <span class='ocrx_word' id='word_1_839' title='bbox 2324 5421 2517 5474; x_wconf 88' lang='lat' dir='ltr'><strong>oculos</strong></span> <span class='ocrx_word' id='word_1_840' title='bbox 2558 5419 2884 5489; x_wconf 85' lang='lat' dir='ltr'><strong>dirigentes,</strong></span> <span class='ocrx_word' id='word_1_841' title='bbox 2924 5435 3092 5473; x_wconf 85' lang='lat' dir='ltr'><strong>utmm</strong></span> <span class='ocrx_word' id='word_1_842' title='bbox 3147 5435 3246 5489; x_wconf 90' lang='lat' dir='ltr'><strong>per</strong></span> <span class='ocrx_word' id='word_1_843' title='bbox 3311 5419 3491 5488; x_wconf 89' lang='lat' dir='ltr'><strong>ipsum</strong></span> <span class='ocrx_word' id='word_1_844' title='bbox 3548 5419 3702 5480; x_wconf 69' lang='lat' dir='ltr'><strong>las-ti.</strong></span> 
     </span>
    </p>
   </div>
   <div class='ocr_carea' id='block_1_116' title="bbox 2113 5512 3718 5582">
    <p class='ocr_par' dir='ltr' id='par_1_116' title="bbox 2113 5512 3718 5582">
     <span class='ocr_line' id='line_1_116' title="bbox 2113 5512 3718 5582; baseline -0.001 -16"><span class='ocrx_word' id='word_1_845' title='bbox 2113 5513 2268 5568; x_wconf 87' lang='lat' dir='ltr'><strong>navis</strong></span> <span class='ocrx_word' id='word_1_846' title='bbox 2296 5515 2527 5568; x_wconf 88' lang='lat' dir='ltr'><strong>salutem</strong></span> <span class='ocrx_word' id='word_1_847' title='bbox 2562 5512 2819 5567; x_wconf 79' lang='lat' dir='ltr'><strong>fuleiunt.</strong></span> <span class='ocrx_word' id='word_1_848' title='bbox 2845 5513 2913 5568; x_wconf 87' lang='lat' dir='ltr'><strong>Et</strong></span> <span class='ocrx_word' id='word_1_849' title='bbox 2938 5513 3133 5567; x_wconf 86' lang='lat' dir='ltr'><strong>civitas</strong></span> <span class='ocrx_word' id='word_1_850' title='bbox 3166 5529 3272 5567; x_wconf 87' lang='lat' dir='ltr'><strong>una</strong></span> <span class='ocrx_word' id='word_1_851' title='bbox 3306 5514 3528 5576; x_wconf 89' lang='lat' dir='ltr'><strong>dicitur,</strong></span> <span class='ocrx_word' id='word_1_852' title='bbox 3552 5515 3718 5582; x_wconf 77' lang='lat' dir='ltr'><strong>qttnd.</strong></span> 
     </span>
    </p>
   </div>
   <div class='ocr_carea' id='block_1_117' title="bbox 2113 5603 3706 5675">
    <p class='ocr_par' dir='ltr' id='par_1_117' title="bbox 2113 5603 3706 5675">
     <span class='ocr_line' id='line_1_117' title="bbox 2113 5603 3706 5675; baseline -0.003 -15"><span class='ocrx_word' id='word_1_853' title='bbox 2113 5621 2256 5660; x_wconf 90' lang='lat' dir='ltr'><strong>unus</strong></span> <span class='ocrx_word' id='word_1_854' title='bbox 2305 5605 2378 5660; x_wconf 89' lang='lat' dir='ltr'><strong>sit</strong></span> <span class='ocrx_word' id='word_1_855' title='bbox 2427 5607 2705 5674; x_wconf 86' lang='lat' dir='ltr'><strong>princeps.</strong></span> <span class='ocrx_word' id='word_1_856' title='bbox 2761 5603 2917 5660; x_wconf 86' lang='lat' dir='ltr'><strong>Licet</strong></span> <span class='ocrx_word' id='word_1_857' title='bbox 2971 5605 3118 5660; x_wconf 90' lang='lat' dir='ltr'><strong>enim</strong></span> <span class='ocrx_word' id='word_1_858' title='bbox 3173 5605 3365 5660; x_wconf 87' lang='lat' dir='ltr'><strong>urbem</strong></span> <span class='ocrx_word' id='word_1_859' title='bbox 3405 5621 3434 5660; x_wconf 91' lang='lat' dir='ltr'><strong>a</strong></span> <span class='ocrx_word' id='word_1_860' title='bbox 3499 5608 3706 5675; x_wconf 79' lang='lat' dir='ltr'><strong>populo</strong></span> 
     </span>
    </p>
   </div>
   <div class='ocr_carea' id='block_1_118' title="bbox 2115 5696 3712 5770">
    <p class='ocr_par' dir='ltr' id='par_1_118' title="bbox 2115 5696 3712 5770">
     <span class='ocr_line' id='line_1_118' title="bbox 2115 5696 3712 5770; baseline 0.003 -20"><span class='ocrx_word' id='word_1_861' title='bbox 2115 5697 2228 5770; x_wconf 86' lang='lat' dir='ltr'><strong>regi</strong></span> <span class='ocrx_word' id='word_1_862' title='bbox 2273 5712 2665 5768; x_wconf 83' lang='lat' dir='ltr'><strong>supponamus,</strong></span> <span class='ocrx_word' id='word_1_863' title='bbox 2695 5699 2798 5752; x_wconf 85' lang='lat' dir='ltr'><strong>erit</strong></span> <span class='ocrx_word' id='word_1_864' title='bbox 2833 5709 3010 5754; x_wconf 88' lang='lat' dir='ltr'><strong>tamen</strong></span> <span class='ocrx_word' id='word_1_865' title='bbox 3067 5714 3210 5754; x_wconf 86' lang='lat' dir='ltr'><strong>unus</strong></span> <span class='ocrx_word' id='word_1_866' title='bbox 3235 5713 3266 5753; x_wconf 89' lang='lat' dir='ltr'><strong>a</strong></span> <span class='ocrx_word' id='word_1_867' title='bbox 3298 5696 3502 5769; x_wconf 88' lang='lat' dir='ltr'><strong>populo</strong></span> <span class='ocrx_word' id='word_1_868' title='bbox 3551 5711 3712 5754; x_wconf 68' lang='lat' dir='ltr'><strong>serie.</strong></span> 
     </span>
    </p>
   </div>
  </div>
