4098 6408
413 5849 444 5867 κ.

425 414 532 477 813
1610 413 1922 472 GEORGII
1965 415 2483 476 TRAPEZUNTII
3563 407 3663 474 3H

419 530 658 587 electus.
686 526 779 597 qui
806 544 924 583 eam
948 543 1053 582 suo
1075 504 1358 580 deminatu
1390 531 1561 594 reget.
1605 523 1794 591 Neque
1849 520 1903 574 id
1938 521 2028 583 in,

2133 525 2219 579 Ενὶ
2266 528 2374 596 γὰρ
2414 527 2631 598 γεράνῳ
2652 524 3074 586 ἀκολουθοῦντες
3111 523 3162 576 οί
3202 523 3390 577 πολλοὶ
3445 524 3666 593 γέρανοι

420 618 738 673 hominibus
787 619 983 684 solum,
1016 619 1110 671 sed
1155 626 1210 671 et
1259 618 1312 669 in
1361 613 1730 669 animantibus
1761 611 1988 667 rationis

2133 617 2378 682 ύτάκτως
2407 621 2685 682 πέτονται,
2714 620 2809 671 καὶ
2838 617 2977 686 κριῷ
3009 617 3090 670 ἑνὶ
3119 616 3179 668 τδ
3217 615 3327 668 τῶν
3379 617 3669 686 προϐάτοιν

418 711 737 779 expertibus
783 711 962 764 locum
1021 709 1204 764 habet.
1243 709 1416 764 Unam
1477 706 1747 775 siquidem
1799 718 1988 773 gruem

2133 707 2303 777 ςλῆθος
2352 710 2432 771 είς
2459 708 2517 762 ἓν
2572 709 2832 777 ἀνάγεται
2891 707 3164 776 ποίμνιον,
3213 706 3308 760 καί
3356 706 3556 777 ταῦρος
3589 704 3669 771 εἷς

418 803 644 871 reliqua:
675 817 834 870 grues
861 811 1154 870 sequentes
1173 785 1422 854 ordinate
1451 797 1766 858 convolant.
1797 807 1851 849 et
1880 807 1992 847 uno

418 893 591 946 ariete
636 894 818 946 ovium
859 893 1152 946 multitudo
1202 891 1256 945 in
1304 905 1474 944 unum
1509 901 1726 958 gregem
1784 898 1990 939 conve-

418 982 672 1046 niunt,et
702 997 845 1036 unus
870 991 1060 1036 taurus
1091 981 1251 1036 boum
1283 995 1500 1050 gregem
1527 993 1695 1032 unum
1730 977 1784 1031 in
1812 977 1991 1029 locum

417 1072 586 1140 cogit.
617 1068 806 1127 Omnis
835 1073 1018 1141 itaque
1059 1071 1354 1126 multitudo
1385 1069 1479 1123 uni
1514 1069 1597 1123 sui
1633 1069 1851 1138 generis
1883 1082 1992 1121 non

419 1164 714 1234 conjuncta
746 1164 885 1218 nihil
910 1163 1060 1218 aliud
1087 1164 1271 1230 fuerit,
1310 1178 1470 1232 quam
1501 1161 1754 1216 confusio
1787 1169 1842 1214 et
1870 1175 1994 1228 per-

422 1257 581 1323 ditio,
618 1257 871 1311 homines
899 1257 1131 1316 homini.
1163 1255 1333 1310 boves
1362 1255 1509 1317 bovi,
1530 1268 1662 1308 oves
1693 1256 1804 1316 ovi,
1830 1266 1994 1322 grues

422 1351 545 1417 grui
573 1366 588 1402 :
613 1363 714 1402 nec
753 1349 913 1402 aliter
940 1363 998 1402 se
1032 1348 1197 1402 habet
1228 1348 1281 1400 in
1312 1346 1582 1416 piscibus,
1613 1345 1704 1413 qui
1735 1359 1834 1398 suo
1861 1358 1996 1411 quo-

424 1457 532 1508 que
585 1441 771 1511 generi
819 1441 986 1496 etiam
1032 1441 1220 1500 inﬁmo
1255 1438 1705 1509 congrediuntur.
1751 1435 1996 1503 Namque

424 1534 481 1589 id
513 1535 568 1589 in
599 1535 856 1589 omnibus
884 1533 1360 1597 animadvertitur,
1389 1530 1534 1601 quod
1565 1543 1787 1584 necesse
1815 1529 1888 1581 sit
1923 1525 1996 1579 ita

429 1627 570 1681 ﬁeri.
612 1625 767 1692 Quod
800 1625 948 1680 enim
987 1635 1180 1680 natura
1211 1624 1289 1690 lit,
1327 1622 1636 1678 necessario
1673 1620 1760 1686 lit;
1784 1629 1838 1674 et
1861 1619 1999 1672 mul-

433 1719 688 1775 titudinis
723 1734 786 1772 ea
838 1728 1034 1781 natura
1081 1726 1193 1784 est,
1230 1716 1405 1771 scindi
1452 1715 1506 1768 in
1549 1713 1751 1768 multas
1789 1721 1992 1780 partes,

429 1827 495 1866 ac
528 1811 723 1876 dividi,
784 1821 838 1864 et
889 1809 1170 1876 confundi,
1233 1807 1561 1874 tandemque
1607 1803 1846 1869 absumi,
1897 1801 1998 1856 nisi

430 1900 677 1970 ejusdem
708 1901 929 1970 generis
953 1900 1116 1954 alicui
1146 1900 1387 1954 uniatur.
1413 1895 1562 1952 Nihil
1599 1896 1780 1965 itaque
1819 1892 2005 1948 multi-

432 1991 588 2050 tudo,
613 2005 719 2058 qua
743 1989 1034 2044 multitudo
1056 1997 1166 2055 est,
1193 1989 1511 2058 operabitur
1541 2005 1555 2052 ;
1582 1985 1676 2041 sed
1709 2000 1815 2055 qua
1840 1999 2008 2038 unum

434 2081 622 2147 fuerit,
655 2091 1015 2136 conservatur
1042 2092 1099 2136 et
1129 2083 1258 2151 agit.
1303 2081 1490 2150 Neque
1517 2087 1694 2147 potest
1716 2077 2011 2132 multitudo

435 2189 607 2228 unum
649 2174 758 2228 dici
783 2184 838 2230 et
869 2189 1011 2237 esse,
1059 2174 1163 2228 nisi
1218 2173 1313 2227 uni
1347 2173 1428 2227 sui
1459 2171 1717 2226 uniformi
1750 2169 1804 2224 in
1842 2183 2010 2223 unum

2103 801 2234 869 μίαν
2263 803 2408 854 ποιεῖ
2437 801 2639 869 ἀγέλην
2671 800 2828 869 βοῶν.
2863 800 2978 853 Πᾶν
3009 793 3103 853 οῦν
3149 799 3356 865 πλῆθος
3385 799 3462 867 μὴ
3523 799 3671 852 ένού-

2111 907 2272 959 μενον
2299 892 2382 944 ἑνὶ
2407 891 2664 960 ὁμοειδεῖ,
2717 889 2871 943 οὐδὲν
2894 888 3023 943 ἄλλο
3059 890 3108 942 εί
3144 889 3218 959 μὴ
3244 888 3504 959 σύγχυσίς
3553 890 3670 942 ἐστι

2096 981 2189 1034 καὶ
2218 981 2412 1051 φθορὰ,
2453 981 2734 1052 ἅνθρωποι
2767 979 3064 1051 ἀνθρώπῳ,
3101 980 3222 1049 βόες
3251 979 3356 1050 βοῒ,
3410 980 3669 1049 προϐάτῳ

2097 1071 2373 1141 πρόϐατα.
2411 1074 2460 1125 οἱ
2486 1073 2705 1142 γέρανοι
2730 1075 2973 1143 γεράνῳ,
3004 1072 3099 1126 καὶ
3122 1073 3215 1125 ἐπὶ
3239 1070 3435 1142 ίχθύων
3468 1071 3669 1140 ὁμοίως

2094 1162 2164 1214 τὰ
2194 1164 2316 1216 κατ’
2343 1163 2572 1232 ἔσχατον
2596 1160 2733 1226 εἶδος
2759 1165 2845 1218 ἀεὶ
2861 1163 3274 1234 λαμϐανόμενα.
3315 1163 3670 1217 Ἐπὶπάντων

2097 1254 2208 1325 γὰρ
2237 1254 2397 1308 τοῦτο
2428 1255 2739 1326 θεωρεῖται·
2770 1256 2905 1310 διότι
2951 1256 3168 1326 ἀνάγκη
3199 1256 3351 1308 ἐστιν
3400 1251 3543 1308 οὕτω
3581 1254 3670 1319 γίο

2099 1347 2307 1402 νεσθαι.
2340 1348 2422 1402 Τά
2452 1350 2565 1419 γὰρ
2598 1349 2762 1420 φύσει
2791 1348 2934 1402 κατά
2966 1347 3236 1416 ἀνάγκην·
3266 1345 3327 1398 τὸ
3358 1345 3416 1398 δὲ
3464 1344 3669 1413 πλῆθος

2099 1440 2260 1508 φύσις
2284 1440 2422 1505 ἐστὶ,
2453 1443 2514 1493 τὸ
2543 1439 2838 1508 τέμνεσθαι
2870 1438 2950 1500 είς
2983 1438 3152 1492 πολλά
3180 1438 3275 1490 καὶ
3326 1435 3670 1504 μερίζεσθαι,

2100 1531 2193 1584 καὶ
2211 1532 2548 1602 συγχεῖσθαι,
2563 1531 2657 1586 καὶ
2675 1532 2822 1594 τέλος
2841 1528 3422 1600 διαφθείρεσθαι.εί.μή
3441 1545 3547 1580 τινι
3565 1525 3678 1579 τῶν

2101 1622 2362 1690 ὁμοειδῶν
2377 1623 2570 1677 ένοῖτο.
2594 1621 2757 1674 Ούδὲν
2774 1621 2880 1688 ἀρα
2900 1621 3116 1690 ποιήσει
3144 1617 3204 1672 τὸ
3226 1617 3449 1684 πλῆθος,
3535 1616 3678 1682 πλῆ-

2105 1712 2223 1777 θος,
2238 1710 2359 1763 ἀλλ’
2391 1706 2426 1787 ᾖ
2457 1711 2536 1776 ἓν,
2556 1712 2903 1782 συντηρεῖται
2923 1711 3015 1764 καὶ
3034 1710 3269 1780 ἐνεργεῖ.
3286 1708 3360 1762 Οὔ
3382 1707 3602 1760 δύναται
3619 1705 3680 1759 δὲ

2101 1803 2356 1872 λέγεσθαί
2377 1819 2436 1856 τε
2450 1803 2543 1856 καὶ
2563 1797 2700 1855 εἶναι
2723 1801 2781 1855 ἓν
2798 1801 2856 1854 τὸ
2871 1800 3074 1870 πλῆθος
3097 1798 3274 1871 μὴδιά
3291 1797 3384 1851 τοῦ
3403 1794 3680 1868 ὁμοειδοῦς

2119 1895 2484 1965 συναγόμενον
2523 1895 2618 1947 καὶ
2652 1893 2961 1963 ἑνούμενον.
2991 1893 3212 1945 Τούτων
3233 1889 3405 1951 οὕτως
3446 1888 3682 1958 ἐχόντων

2117 1986 2333 2056 ἀνάγκη
2371 1985 2488 2038 ἐστὶ
2524 1986 2618 2039 καὶ
2673 1985 2772 2055 τὴν
2805 1983 3100 2054 καθολικὴν
3173 1981 3498 2049 Ἐκκλησίαν
3553 1977 3683 2048 μίαν

2117 2077 2309 2141 οὖσαν,
2339 2078 2417 2140 εἰς
2456 2078 2586 2147 μίαν
2645 2076 2754 2144 γὰρ
2810 2074 3092 2128 πιστεύειν
3132 2073 3277 2144 ἡμᾶς
3321 2071 3561 2139 ὀφείλειν
3606 2071 3686 2139 τῷ

2119 2168 2382 2238 Συμϐόλῳ
2421 2167 2782 2237 μανθάνομεν,
2821 2167 3058 2235 ὁμοειδεῖ
3085 2181 3192 2218 τινι
3227 2165 3354 2233 μίαν
3383 2159 3543 2216 εἶναι.

434 2268 824 2337 eongrediatur
843 2278 898 2324 et
927 2271 1217 2326 coalescat.
1247 2270 1368 2325 Haec
1395 2284 1520 2323 cum
1551 2267 1626 2322 ita
1664 2281 1723 2322 se
1783 2265 2040 2330 habeant,
2082 2280 2308 2320 necesse
2363 2271 2448 2320 est
2491 2271 2546 2318 et
2588 2262 2912 2318 catholicam
2944 2261 3265 2324 Eeclesiam,
3298 2272 3402 2311 una
3440 2271 3564 2311 cum
3591 2255 3684 2327 sit,

436 2368 492 2416 in
526 2379 690 2419 unam
733 2363 1006 2436 siquidem
1061 2365 1222 2421 nobis
1289 2361 1628 2418 credendum
1689 2373 1811 2414 esse
1871 2372 1937 2412 ex
1979 2356 2238 2429 Symboio
2282 2355 2656 2422 addiscimus,
2704 2354 2889 2423 aliquo
2934 2352 3181 2424 ejusdem
3239 2349 3460 2420 generis
3514 2363 3680 2403 unam

435 2473 584 2514 esse.

514 2555 571 2610 8.
608 2554 723 2618 Qua
785 2554 948 2624 igitur
993 2554 1238 2609 Ecclesia
1288 2552 1551 2608 catholica
1605 2549 1846 2605 Ecclesia
1905 2561 2012 2603 una

439 2647 586 2712 erit,
616 2647 669 2701 id
712 2647 1060 2702 manifestum
1110 2648 1239 2711 erit,
1277 2646 1322 2700 si
1369 2645 1534 2700 altius
1569 2657 1880 2699 sermonem
1921 2657 2016 2694 au-

444 2739 805 2806 spicabimur.
839 2739 1083 2793 Ecclesia
1106 2747 1191 2792 est
1215 2737 1654 2792 Christianorum
1687 2733 2017 2789 orthodoxe-

445 2845 567 2882 rum
620 2830 938 2896 multitudo,
969 2845 1091 2899 qua:
1121 2829 1175 2883 in
1214 2843 1381 2882 unum
1414 2825 1784 2882 Christianum
1833 2825 2020 2878 ortho-

445 2923 650 2979 doxum
703 2922 990 2991 redigitur,
1045 2935 1219 2990 quem
1253 2920 1376 2974 aliis
1423 2932 1690 2989 prtcesse,
1724 2914 2019 2970 dummodo

445 3015 746 3071 Christiani
779 3016 930 3077 sint,
973 3028 1199 3070 necesse
1233 3020 1338 3068 est.
1371 3010 1446 3068 Ita
1474 3011 1626 3067 enim
1653 3026 1711 3066 se
1739 3024 1828 3064 res
1858 3008 2022 3063 habet

448 3111 505 3164 in
530 3111 811 3176 omnibus,
843 3110 948 3180 qui
974 3109 1162 3179 pepuli
1203 3107 1505 3164 dominatui
1542 3122 1651 3162 non
1684 3103 2018 3161 subduntur.

447 3204 696 3271 Namque
721 3203 870 3273 gregi
903 3202 1189 3272 praefectus
1223 3211 1435 3268 taurus,
1473 3197 1847 3269 magnitudine
1865 3195 2019 3259 alios,

453 3296 783 3366 quandoque
826 3294 990 3349 etiam
1031 3292 1444 3365 pulchritudine
1487 3289 1791 3360 pneceliit;
1826 3296 1880 3343 et
1921 3287 2025 3341 du-

2175 2542 2248 2614 η’.
2295 2543 2594 2614 Ἐκκλησία
2626 2539 2741 2594 τινὶ
2768 2541 2876 2611 ἀρα
2905 2538 3004 2608 μία
3029 2537 3231 2606 ἔσταιὴ
3268 2535 3533 2604 καθολικὴ
3562 2535 3690 2590 Ἐκ-

2118 2636 2342 2707 κλησία,
2403 2635 2543 2702 ὅπερ
2595 2634 2748 2686 ἔσται
2798 2632 2958 2701 δῆλον
3006 2631 3334 2701 ἀρξαμένοις
3391 2629 3685 2698 ἀνώτερον.

2125 2727 2424 2796 Ἐκκλησία
2459 2721 2552 2779 οῦν
2577 2727 2730 2778 ἐστιν
2761 2723 3060 2793 όρθοδόξων
3097 2722 3442 2792 Χριστιανῶν
3480 2720 3687 2789 πλῆθος

2118 2817 2198 2878 είς
2249 2816 2346 2868 ἕνα
2387 2811 2731 2885 Χριστιανῶν
2760 2812 3042 2882 όρθόδοξον
3097 2811 3462 2879 ἀναγόμενον,
3507 2809 3567 2862 δν
3595 2811 3692 2863 καὶ

2124 2910 2236 2962 τῶν
2267 2909 2440 2962 ἄλλων
2475 2906 2730 2977 προέχειν
2769 2905 2852 2958 δεῖ
2885 2904 3021 2958 καθὸ
3069 2903 3435 2975 Χριστιανῶν.
3503 2900 3692 2961 Οῦτως

2124 3002 2232 3071 γὰρ
2261 2999 2353 3052 ἐπὶ
2385 2998 2608 3052 πάντων
2635 2997 2747 3066 ἔχει
2775 2997 2886 3049 τῶν
2916 2995 2991 3066 μὴ
3037 2992 3591 3064 δημοκρατουμένων.
3631 2989 3694 3042 '0

2118 3093 2228 3160 γὰρ
2255 3089 2671 3160 προηγούμενος
2694 3090 2794 3157 τῆς
2840 3088 3043 3156 ἀγέλης
3071 3084 3272 3153 ταῦρος
3309 3082 3529 3153 μεγέθει
3581 3081 3696 3134 τῶν

2120 3179 2379 3250 ἇλλων,ἢ
2432 3179 2580 3232 ἐστιν
2607 3179 2696 3232 ὅτε
2731 3178 2824 3232 καὶ
2885 3176 3071 3230 κάλλει
3128 3176 3375 3247 προέχει.
3430 3173 3538 3226 Kai
3599 3173 3694 3224 τὸν

2123 3272 2426 3344 στρατηγὸν
2446 3272 2501 3324 δὲ
2526 3269 2704 3341 πολλῷ
2723 3270 2832 3324 τῶν
2854 3270 3027 3324 ἀλλων
3061 3268 3326 3340 προέχειν
3385 3267 3491 3336 χρὴ
3521 3263 3701 3336 τόλμῃ

452 3399 662 3446 ctorem
717 3389 992 3443 exercitus
1045 3385 1219 3440 multo
1270 3383 1393 3439 aliis
1440 3381 1873 3454 praestantiorem
1903 3392 2024 3434 esse

2133 3368 2219 3420 καὶ
2247 3365 2517 3436 ἐμπειρίᾳ
2542 3362 2818 3434 πολέμων.
2873 3363 2934 3415 Οἱ
2961 3361 3146 3432 μέντοι
3187 3355 3699 3430 δημοκρατούμενοι

454 3482 704 3544 addecet,
749 3489 803 3535 et
853 3478 1102 3542 audacia,
1134 3486 1191 3532 et
1247 3490 1430 3530 rerum
1479 3473 1797 3528 bellicarum
1861 3485 2026 3540 expe-

455 3573 674 3630 rientia.
705 3570 810 3626 Sed
843 3571 935 3640 qui
983 3583 1012 3622 a
1047 3567 1250 3638 popqu
1304 3574 1589 3635 reguntur,
1641 3561 1696 3616 id
1751 3559 2022 3631 neglectui

457 3669 686 3729 habent,
723 3675 972 3719 naturam
1025 3661 1455 3732 posthabentes,
1513 3670 1635 3727 qua:
1684 3652 2026 3725 praestantio‘

456 3774 575 3814 rem
607 3755 886 3829 peioribus
914 3767 1150 3824 praeesse
1175 3749 1460 3805 constituit
1485 3763 1502 3814 ;
1535 3760 1714 3816 neque
1744 3743 1890 3799 enim
1942 3757 2030 3797 re-

457 3856 570 3912 bus
617 3852 885 3915 honestis,
921 3848 1016 3904 sed
1057 3843 1482 3918 iucundissimis
1521 3840 1766 3897 student.
1804 3836 2031 3892 Videtur

459 3964 597 4005 vero
633 3948 685 4001 in
730 3945 960 4016 gruibus
993 3941 1183 4010 procul
1234 3953 1356 3993 esse
1394 3951 1424 3990 a
1451 3949 1622 3990 vero:
1677 3945 1856 4002 neque
1885 3929 2030 3983 enim

464 4041 707 4112 optimus
749 4035 1028 4108 praecedit,
1069 4031 1162 4088 sed
1196 4030 1290 4101 qui
1340 4027 1534 4084 ordine
1591 4023 1869 4081 secundus
1916 4029 2033 4075 est:

465 4133 612 4206 quod
647 4146 826 4200 neque
872 4129 940 4183 ab
969 4127 1220 4190 honesto,
1259 4138 1438 4192 neque
1471 4137 1501 4176 a
1547 4129 1741 4175 natura
1794 4114 2036 4172 excidit:

470 4240 708 4296 namque
740 4224 835 4294 qui
877 4221 1072 4276 ordine
1101 4217 1384 4274 secundus
1421 4221 1526 4276 est,
1553 4211 1728 4283 magis
1757 4210 1879 4264 aliis
1909 4207 2042 4262 sub-

470 4319 833 4393 sequentibus
876 4315 1163 4370 oculorum
1207 4309 1353 4372 acie,
1408 4320 1520 4377 quo
1553 4302 1881 4359 avolandum
1923 4309 2039 4361 est,

474 4414 725 4471 edidicit.
758 4411 871 4466 Hoc
896 4410 1038 4464 idem
1069 4415 1126 4460 et
1149 4405 1204 4458 in
1235 4399 1477 4457 Ecclesia
1507 4394 1911 4452 observandum
1936 4401 2040 4446 est.

473 4510 881 4577 Proptereaque
913 4497 1286 4555 Christianum
1340 4491 1513 4557 illum,
1563 4487 1621 4542 in
1674 4500 1835 4556 quem
1863 4483 2046 4539 multi-

479 4602 611 4658 tudo
648 4599 843 4653 collata
888 4595 942 4647 in
994 4605 1162 4645 unam
1205 4584 1499 4641 Ecclesiam
1551 4584 1934 4651 congregatur,
1963 4589 2049 4629 sa-

2131 3459 2291 3513 τοῦτο
2324 3455 2741 3529 περιφρονοῦσι,
2781 3454 3258 3526 κατακρατοῦντες
3314 3452 3412 3522 τῆς
3461 3448 3697 3520 φύσεως,

2132 3552 2279 3622 ἢπερ
2316 3549 2413 3604 τὸν
2438 3550 2728 3620 κρείττονα
2756 3547 2867 3601 τῶν
2891 3547 3159 3617 χειρόνων
3181 3545 3374 3616 ἄρχειν
3397 3543 3594 3596 ἐθέλει.
3625 3538 3698 3593 Οὐ

2134 3649 2242 3717 γάρ
2276 3643 2370 3698 τοῦ
2417 3642 2603 3707 καλοῦ,
2632 3643 2765 3696 ἀλλά
2789 3643 2879 3695 τοῦ
2922 3640 3138 3712 ἡδίστου
3159 3637 3527 3706 φροντίζουσι.
3584 3636 3682 3684 Δο-

2136 3740 2223 3791 κεῖ
2247 3735 2432 3806 μέντοι
2465 3734 2555 3787 ἐπὶ
2584 3733 2691 3787 τῶν
2732 3735 2979 3802 γεράνων
3007 3733 3107 3785 οὐκ
3157 3727 3461 3801 ἀληθεύειν.
3524 3726 3705 3794 Προη-

2139 3829 2317 3896 γεῖται
2346 3826 2453 3896 γὰρ
2484 3824 2582 3895 οὐχ
2611 3826 2638 3878 ὁ
2663 3825 2950 3895 κρείττων,
2975 3821 3126 3877 ἀλλάΔ
3148 3821 3215 3890 τῇ
3245 3816 3398 3879 τάξει
3427 3815 3700 3883 δεύτερος.

2143 3921 2213 3972 Ἦ
2238 3918 2358 3971 οὐδὲ
2391 3915 2551 3970 τοῦτο
2585 3915 2958 3970 ὲκπίπτειτοῦ
2989 3912 3155 3967 καλοῦ
3202 3915 3295 3964 καὶ
3330 3910 3428 3978 τῆς
3464 3907 3702 3976 φύσεως.

2156 4009 2215 4064 ’0
2243 4009 2353 4080 γὰρ
2384 4008 2729 4079 δεύτερος¹τῇ
2766 4007 2918 4073 τάξει
2965 4005 3164 4075 μᾶλλον
3194 4003 3302 4055 τῶν
3327 4000 3609 4070 ἑπομένων
3638 3996 3705 4064 τῇ

2143 4102 2266 4172 ὕψει
2292 4103 2384 4154 ποῖ
2414 4095 2672 4154 πέτεσθαι
2703 4100 2805 4166 δεῖ,
2846 4097 3090 4168 ἐμυήθη.
3124 4094 3298 4149 Τοῦτο
3324 4094 3432 4163 ἀρα
3489 4089 3586 4144 καὶ
3649 4089 3708 4140 ὲν

2146 4197 2212 4266 τῇ
2251 4194 2758 4267 Ἐκκλησίᾳτηρεῖν
2792 4191 2891 4246 δεῖ.
2956 4189 3046 4242 Διὸ
3072 4189 3168 4242 καὶ
3216 4187 3307 4240 τὸν
3359 4179 3708 4254 Χριστιανὸν,

2147 4289 2227 4350 είς
2252 4286 2311 4341 δν
2355 4288 2692 4357 ἀναγόμενον
2735 4283 2796 4336 τδ
2827 4281 3029 4349 πλῆθος
3083 4280 3163 4343 είς
3209 4279 3338 4347 μίαν
3387 4272 3714 4343 Ἐκκλησίαν

2151 4379 2469 4446 συνάγεται,
2523 4377 2602 4448 τῷ
2635 4376 2736 4446 τῆς
2782 4373 3082 4444 ἱερωσύνης
3131 4367 3446 4439 κοσμοῦμεν
3496 4361 3712 4434 βαθμῷ,

2151 4473 2248 4527 καὶ
2271 4473 2344 4534 ὡς
2381 4471 2667 4538 κρείττονα
2695 4467 2943 4537 τιμῶμέν
2969 4482 3026 4518 τε
3061 4464 3156 4518 καὶ
3195 4459 3487 4530 σεϐόμεθα.
3529 4456 3599 4518 ὦς
3621 4456 3714 4523 δῆ-

2155 4564 2246 4617 θεν
2275 4563 2428 4626 ἅγιον
2458 4561 2628 4629 ἀρετῇ
2662 4575 2721 4611 τε
2757 4557 2854 4612 καὶ
2878 4557 2945 4627 τῇ
2994 4555 3103 4607 τῶν
3160 4551 3321 4605 θείων
3351 4548 3653 4617 ἐπιστήμῃ,
3681 4543 3716 4613 ἦ

479 4636 611 4658 ιυιιυ
648 4636 843 4653 una...
1659 4636 1688 4651 υ
1755 4636 1784 4648 υ
1920 4636 1930 4642 _

478 4691 709 4749 cerdotii
788 4686 1056 4756 dignitate
1135 4679 1605 4740 condecoramus,
1665 4679 1722 4726 et
1789 4679 1850 4723 ut
1927 4667 2028 4722 alii:

2156 4657 2206 4707 εί
2237 4654 2402 4724 μηδὲν
2426 4651 2576 4717 ἀλλο,
2605 4649 2682 4719 τῷ
2715 4650 2813 4718 τῆς
2852 4646 3154 4718 ἱερωσύνης
3193 4642 3478 4713 χρίσματι.
3532 4636 3720 4696 Οὕτως

364 4816 373 4826 ·
483 4783 922 4857 ιιι-αοδῑεηιίοτεηι
953 4778 1288 4830 honoramus
1307 4779 1360 4825 et
1383 4767 1634 4830 colimus,
1663 4763 1832 4818 veluti
1851 4775 2054 4829 nempe

487 4842 760 4934 sanctum.
782 4881 840 4927 et
878 4873 1113 4930 virtute,
1145 4872 1200 4918 et
1245 4876 1428 4915 rerum
1459 4858 1767 4914 divinarum
1801 4842 2097 4919 scientia,"

491 4980 550 5026 et
587 4970 632 5023 si
657 4975 852 5022 catera
876 4960 1196 5020 deﬁcerent,
1247 4949 1568 5008 sacerdotali
1597 4948 1855 5002 unctione
1917 4944 2054 4999 insi-

489 5062 723 5135 gnitum.
757 5054 871 5109 Hac
896 5050 1111 5133 ratione
1155 5061 1262 5099 una
1301 5041 1539 5098 Ecclesia
1561 5037 1919 5094 constituitur
1940 5050 2060 5088 om-

491 5129 644 5209 nium
664 5147 908 5208 minima,
928 5129 1049 5213 quae
1075 5139 1219 5210 apud
1237 5137 1532 5192 hodiernus
1562 5132 1786 5187 Latinos
1807 5129 2059 5199 ραιηεεὶα,

493 5239 637 5312 apud
673 5251 774 5291 nos
808 5247 936 5288 vero
961 5231 1166 5292 enat-ia,
1200 5242 1400 5282 nomen
1431 5224 1616 5287 habet,
1638 5232 1893 5291 tanquam
1941 5233 2063 5286 quae

493 5311 607 5389 uno
656 5327 888 5384 minimo
935 5322 1172 5376 termino
1209 5314 1716 5372 circumscribatur.
1760 5311 1898 5365 Cum
1934 5322 2064 5360 vero

494 5426 750 5500 partecize
795 5421 981 5475 multa;
1028 5416 1160 5478 sint,
1209 5411 1504 5479 multaque
1543 5406 1751 5462 similes
1781 5400 2061 5464 Ecclesiae,

493 5493 551 5574 et
582 5532 680 5571 nos
703 5510 1123 5570 ostenderimus,
1169 5519 1392 5560 necesse
1436 5515 1575 5564 esse,
1611 5500 1664 5553 in
1710 5512 1876 5551 unum
1921 5493 2065 5546 mul-

497 5610 790 5666 titudinem
821 5599 1159 5673 congregari,
1179 5612 1244 5652 eo
1274 5594 1418 5664 quod
1455 5592 1697 5662 ejusdem
1719 5586 1936 5658 generis
1959 5590 2064 5646 est,

499 5697 846 5754 naturalibus
896 5687 1458 5749 demonstrationibus
1513 5681 1686 5740 ducti.
1741 5678 1940 5732 multas
1975 5691 2070 5744 pa-

504 5789 702 5844 rcecias
756 5801 920 5838 unam
969 5780 1334 5851 episcopalem
1375 5774 1670 5828 Ecclesiam
1737 5769 1983 5828 facimus,
2016 5775 2072 5819 ct

509 5890 766 5946 episcopo
812 5891 904 5930 eas
941 5872 1344 5942 conjungimus.
1379 5862 1554 5918 Simili
1609 5857 2073 5931 quoqucrationc

2083 4733 2129 4788 ι)
2169 4743 2464 4815 Ἐκκλησία
2505 4742 2603 4812 μία
2635 4740 2951 4794 συνίσταται
2979 4739 3014 4807 ἡ
3065 4734 3398 4806 μικροτάτη,
3455 4727 3723 4798 παρηικία

2165 4840 2264 4911 μὲν
2303 4837 2456 4905 παρά
2487 4835 2597 4889 τῶν
2629 4833 2728 4888 νῦν
2758 4831 3026 4896 Λατίνων,
3074 4827 3204 4900 παρ’
3235 4827 3394 4897 ἡμῶν
3452 4823 3509 4876 δὲ
3536 4819 3726 4888 ἑνορία

2164 4931 2497 5000 καλουμένη,
2521 4927 2596 4990 ὡς
2627 4925 2709 4978 ἑνὶ
2741 4923 2819 4993 τῷ
2847 4922 3164 4992 μικροτάτῳ
3185 4920 3297 4989 ὅρῳ
3329 4912 3722 4986 περιεχομένη.

2175 5019 2395 5090 Ἐπειδὴ
2426 5017 2485 5071 δὲ
2511 5015 2717 5086 ἐνορίαι
2749 5013 2944 5067 πολλαί
2978 5015 3106 5072 εἰσι,
3131 5011 3227 5064 καὶ
3243 5007 3434 5063 πολλαὶ
3461 5007 3517 5059 al
3547 5001 3728 5057 τοιαῦ-

2166 5134 2260 5172 ται
2310 5111 2653 5181 Ἐκκλησίαι,
2683 5107 2792 5162 δεῖν
2826 5106 2882 5159 δὲ
2919 5101 3283 5172 ἀπεδείξαμεν
3311 5100 3398 5153 ἀεὶ
3431 5099 3493 5151 τι
3526 5096 3731 5166 πλῆθος

2168 5211 2248 5275 είς
2277 5208 2346 5261 ἓν
2367 5190 2694 5272 συνάγεσθαι
2725 5199 2801 5268 τῷ
2846 5196 3105 5268 ὁμοειδεῖ,
3146 5193 3406 5262 φυσικαῖς
3460 5189 3733 5256 ἀνάγκαις

2169 5301 2505 5368 κινούμενοι,
2563 5294 2661 5356 τὰς
2713 5290 2914 5352 πολλὰς
2961 5287 3172 5358 ὲνορίας
3210 5284 3339 5354 μίαν
3371 5278 3737 5348 ἐπισκοπικὴν

2182 5392 2512 5462 Ἐκκλησίαν
2545 5385 2825 5455 ποιοῦμεν,
2863 5382 2938 5452 τῷ
2962 5380 3243 5449 ὲπισκόπῳ
3261 5379 3434 5439 πάσας
3466 5373 3734 5433 ἐνοῦντις.

2183 5487 2417 5556 Ὁμοίως
2451 5481 2691 5541 καὶτὰς
2754 5474 2953 5536 πολλὰς
3012 5470 3338 5532 ὲπισκοπάς.
3397 5465 3736 5536 μητρόπολιν

2151 5554 2309 5648 ·μίαν
2342 5576 2688 5644 ποιήσαντες,
2717 5568 2794 5637 τῷ
2815 5568 2894 5619 ἑνὶ
2929 5561 3302 5634 μητροπολίτῃ
3356 5559 3540 5619 πάσας
3571 5556 3651 5617 είς
3675 5554 3736 5606 ἓν

2179 5669 2580 5739 συνηγάγομεν.
2618 5660 2784 5714 Πάλιν
2816 5658 2872 5709 δὲ
2913 5657 3007 5717 τὰς
3045 5653 3410 5722 μητροπόλεις
3470 5649 3568 5716 μιᾷ
3632 5661 3739 5699 πα-

2178 5762 2473 5833 τριαρχικῇ
2587 5749 2884 5819 Ἐκκλησία
2972 5745 3409 5814 συναρμόσαντες
3478 5742 3556 5794 ἑνὶ
3639 5755 3744 5789 πα-

2182 5831 2418 5925 τριάρχῃ
2453 5857 2527 5910 είς
2561 5847 2691 5918 μίαν
2729 5841 2974 5913 μεγάλην
3010 5836 3336 5906 Ἐκκλησίαν
3391 5831 3738 5903 συνήψαμεν
