4098 6452
387 371 497 438 845

1367 383 1466 442 DE
1507 385 1664 449 UNA
1705 384 1800 444 ET
1833 385 2260 449 caruomca
2307 379 2710 452 ECCLESH.

3545 397 3654 459 845

388 483 632 554 ὼςεῖναι
683 490 783 560 τὴν
813 491 1325 564 ἀρχιερατεύουσαν
1383 496 1716 567 Ἐκκλησίαν
1765 500 1964 568 ἐκκλη-

2090 504 2266 558 nultos
2291 505 2741 574 εῃίεεοιιειιιιε·ἱιι
2798 523 2960 562 uuam
2993 511 3336 580 metropolim
3381 511 3654 579 redactos,

387 581 524 638 σιῶν
555 581 760 654 πλῆθος
787 585 878 656 είς¹
894 585 1028 656 μίαν
1071 585 1404 658 Ἐκκλησίαν
1432 587 1522 642 διὰ
1547 591 1642 644 τοῦ
1665 591 1970 661 ἀρχιερέως

387 673 700 743 ἑνούμενον.
748 675 973 748 Ἐπειδὴ
995 676 1052 731 δὲ
1082 677 1245 732 πέντε
1279 681 1454 734 πᾶσαί
1489 681 1629 734 εἰσιν
1688 685 1744 737 αἱ
1801 686 1972 752 μεγὰ-

395 764 850 836 λαιἙκκλησίαι,
870 767 1111 840 Ῥώμης,
1141 772 1795 837 Κωνσταντινουπόλεως.
1821 777 1972 830 Ἀλε-

357 861 360 864 ’
399 855 711 927 ξανδρείας,
739 857 1102 931 Ἀντιοχείας,
1149 861 1570 933 Ἱεροσολύμων,
1631 865 1714 918 δεῖ
1753 865 1971 926 πάντως

387 950 480 1002 καὶ
498 949 704 1014 ταύτας
724 953 831 1023 μιᾷ
844 953 1122 1022 συνάγειν,
1131 955 1332 1024 μᾶλλον
1352 956 1407 1009 δὲ
1429 957 1642 1027 ἀνάγκη
1661 958 1968 1025 ἀναγκάζει

388 1041 596 1113 φυσικὴ
631 1045 713 1106 είς
742 1045 901 1098 τοῦτο
933 1046 1272 1111 συνωθοῦσα,
1300 1048 1388 1102 ἵνα
1415 1044 1660 1112 μίαοῦσα
1683 1050 1713 1118 ἡ
1738 1048 1972 1102 καθόλου

401 1134 695 1206 Ἐκκλησία
709 1136 934 1208 δύνηται
953 1140 1046 1191 τὸν
1063 1137 1222 1208 λόγον
1246 1139 1342 1208 τῆς
1362 1139 1617 1208 ἀληθείας
1636 1139 1976 1208 όρθοτομετν.

391 1225 669 1280 Δέδεικται
687 1228 820 1299 γὰρ,
842 1229 1010 1298 μηδὲν
1025 1229 1088 1283 τὸ
1139 1229 1336 1298 πλῆθος
1367 1229 1660 1300 ἐργάζεθαι
1694 1230 1972 1285 δύνασθαι.

2075 595 2168 647 uui
2209 598 2572 666 metropolitaa
2637 599 2926 655 universas
2967 602 3276 657 subdimus.
3335 605 3658 674 Rursusque

2076 686 2413 755 metropoles
2477 688 2568 742 uni
2653 691 2984 758 patrarchali
3049 693 3308 748 Ecclesia:
3365 711 3658 766 coagmen-

2077 784 2274 838 tantes,
2307 776 2400 830 uni
2443 779 2768 847 patriarchae
2797 780 2853 835 in
2885 798 3048 837 unam
3074 799 3322 854 magnam
3360 779 3655 840 Ecclesium

2074 866 2416 934 copulamus.
2453 867 2604 924 Adeo
2633 879 2692 923 ut
2722 871 2964 928 Ecclesia
2991 873 3350 930 archieratica
3387 876 3658 946 dignitate

2081 959 2380 1028 conspicua
2430 961 2504 1014 sit
2541 961 2904 1018 ecclesiarum
2944 966 3236 1022 multitudo
3274 969 3366 1022 uni
3401 968 3658 1023 Ecclesia:

2085 1062 2182 1115 per
2202 1049 2647 1119 archiprsesulem
2679 1054 2994 1122 conjuncta.
3023 1057 3160 1112 Cum
3193 1069 3378 1112 autem
3411 1060 3658 1128 quinque

2083 1140 2198 1193 sint
2245 1157 2452 1210 magna:
2509 1143 2794 1211 Ecclesiae,
2829 1147 3096 1211 Romana.
3145 1151 3655 1220 Constantinopoli-

2088 1241 2233 1294 lana,
2277 1232 2678 1299 Alexandrina.
2725 1237 3089 1304 Autioehena,
3145 1241 3658 1316 llierusolytnitana.

391 1329 622 1373 necesse
671 1328 758 1375 est
790 1321 1016 1374 omnino
1063 1319 1286 1375 easdem
1342 1335 1448 1374 una
1490 1319 1672 1390 aliqua
1707 1319 1972 1390 copulari.
2019 1320 2134 1376 lmo
2207 1323 2508 1378 necessitas
2549 1328 2816 1384 naturalis
2869 1333 3034 1398 cogit,
3095 1333 3146 1385 in
3201 1334 3251 1387 id
3291 1339 3648 1405 compellens,
3713 1397 3722 1404 ,

393 1421 453 1468 ιιι
482 1425 590 1466 una
643 1411 916 1467 exsistens
948 1413 1282 1469 universalis
1325 1414 1570 1469 Ecclesia
1635 1414 1806 1484 possit
1847 1422 1996 1468 recta
2037 1416 2288 1473 veritatis
2357 1420 2612 1492 dogmata
2663 1425 3059 1493 praescribere:
3109 1428 3550 1489 demonstratum
3586 1439 3654 1490 si-

389 1508 612 1581 quidem
647 1515 750 1570 est,
783 1507 922 1562 nihil
970 1523 1128 1578 posse
1159 1509 1569 1564 multitudinem
1609 1525 1794 1580 agere.

463 1605 532 1662 θ’.
566 1603 684 1670 Τίνι
725 1603 820 1658 οὖν
843 1603 952 1656 τῶν
985 1603 1146 1658 πέντε
1204 1606 1284 1669 είς
1319 1609 1450 1674 μίαν
1499 1606 1554 1660 αἱ
1593 1607 1757 1658 πέντε
1813 1605 1976 1658 συνά-

2151 1609 2202 1663 9.
2242 1609 2388 1676 Qua-
2423 1611 2588 1678 igitur
2635 1627 2702 1666 ex
2766 1611 2854 1666 his
2912 1614 3156 1684 quinque
3220 1615 3274 1669 in
3341 1633 3500 1672 unam
3550 1619 3664 1674 hate

397 1714 620 1766 γονται;
675 1696 928 1768 Δηλονότι
959 1699 1026 1768 τῇ
1081 1697 1301 1770 πρώτῃ.
1366 1699 1508 1767 Ἤδη
1579 1701 1688 1766 γὰρ
1751 1695 1970 1768 ἐδείχθη

2090 1701 2325 1770 quinque
2362 1703 2666 1772 cogentur?
2717 1703 3061 1760 Manifestum
3091 1717 3178 1762 εει
3222 1723 3330 1762 non
3363 1711 3465 1764 alia
3497 1727 3660 1778 quam

399 1787 703 1856 πρωτεύειν
731 1787 820 1842 ἀεὶ
855 1786 966 1840 τῶν
1025 1787 1238 1840 πολλῶν
1266 1787 1326 1840 τὺ
1385 1787 1620 1856 συνάγον
1671 1785 1844 1840 ταῦτα
1892 1787 1971 1847 είς

2080 1795 2276 1864 prima.
2329 1795 2684 1850 Ostendimus
2740 1796 2888 1852 enim
2943 1799 3118 1854 multo
3149 1801 3654 1870 aliis‘przneellere,

397 1877 456 1932 ἓν
485 1879 578 1933 καὶ
605 1878 784 1934 ἑνοῦν.
854 1875 1004 1948 Αὕτη
1034 1877 1094 1931 δέ
1123 1880 1274 1932 ἐστιν
1331 1881 1364 1949 ἡ
1397 1878 1498 1948 τῆς
1564 1877 1807 1950 Ῥώμης.
1867 1877 1974 1932 Καὶ

2091 1887 2222 1953 mod
2259 1888 2470 1958 reliqua
2503 1887 2558 1942 in
2593 1905 2763 1942 unum
2809 1889 3008 1968 redigit
3064 1900 3120 1946 et
3146 1893 3288 1952 unit.
3337 1895 3403 1948 Et
3433 1896 3546 1952 haec
3572 1907 3657 1952 est

396 1971 552 2024 τοῦτο
584 1969 738 2042 παρά
765 1972 988 2024 πάντων
1013 1970 1200 2035 ἁπλῶς
1223 1971 1331 2024 τῶν
1361 1971 1715 2042 Χριστιανῶν
1741 1971 1972 2026 δέδοται.

409 2063 630 2133 Ἐπειδὴ
661 2061 760 2116 οὖν
786 2061 874 2116 διὰ
899 2063 1107 2132 ταύτης
1141 2063 1174 2132 ἡ
1208 2062 1440 2116 καθόλου
1500 2062 1800 2132 Ἐκκλησία
1861 2063 1976 2131 ἔχει

393 2155 454 2207 τὸ
483 2150 624 2206 εἶναι
645 2153 798 2223 μίαν,
823 2154 952 2207 ὅταν
987 2154 1140 2223 μίαν,
1173 2154 1358 2222 ἁγίαν,
1394 2153 1696 2226 καθολικὴν
1719 2155 1813 2208 καὶ
1839 2155 1978 2208 ἀπο-

393 2247 654 2316 στολικὴν
695 2245 1031 2318 Ἐκκλησίαν
1087 2246 1364 2316 λέγωμεν,
1419 2248 1638 2309 πάντως
1675 2246 1804 2315 μίαν
1840 2243 1977 2298 εἶναι

392 2338 484 2391 διὰ
505 2339 564 2390 τὸ
603 2336 838 2390 ἔπεσθαι
894 2339 962 2408 τῇ
994 2337 1092 2407 τῆς
1135 2337 1356 2408 Ῥώμης
1415 2337 1742 2407 Ἐκκλησίας
1790 2337 1979 2408 ὁμολο-

397 2433 496 2503 γίςι
543 2433 814 2502 νοήσομεν
875 2432 1056 2502 ὀρθῶς
1107 2433 1410 2501 κρίνοντες.
1466 2433 1656 2496 Ὅστις
1707 2433 1815 2502 ἄρα
1879 2431 1979 2501 οὐχ

393 2523 594 2588 ἕπεται
625 2525 696 2595 τῇ
745 2525 844 2595 τῆς
896 2523 1115 2596 Ῥώμης
1159 2525 1483 2597 Ἐκκλησία,
1532 2525 1832 2597 ἐξῴκισται
1879 2523 1978 2594 τῆς

315 2613 322 2624 ’
401 2617 555 2686 μιᾶς,
579 2617 770 2683 ἁγίας,
795 2617 1094 2689 καθολικῆς
1119 2619 1214 2672 καὶ
1237 2617 1977 2689 ἀποστολικῆςἘκκλησίας,

397 2706 480 2780 τῷ
502 2707 807 2779 ἀναθέματι
831 2707 1122 2764 ὑποπεσὼν
1173 2711 1256 2774 είς
1309 2710 1414 2780 δρη
1454 2710 1550 2764 καὶ
1609 2712 1689 2774 εἰς
1741 2709 1980 2780 ἐρημίας

395 2806 806 2874 ἀποπλανᾶται,
843 2808 941 2862 καὶ
969 2807 1250 2880 βάραθρα,
1301 2809 1399 2862 καλ⁵
1439 2809 1642 2873 τόπους
1677 2807 1842 2874 οἰκεῖ,
1899 2801 1982 2870 οἷς

401 2901 506 2954 οὐκ
545 2902 840 2954 ἐπισκοπεῖ
875 2901 1102 2970 Κύριος.
1157 2902 1397 2955 Βλέπετε
1451 2901 1562 2972 γὰρ
1617 2899 1716 2964 ὡς’
1743 2900 1844 2974 aiax
1873 2899 1982 2968 ἐμὰ

398 2993 594 3060 ταῦτα,
631 2993 748 3046 ἀλλ’
781 2993 846 3046 ὲκ
891 2992 988 3048 τοῦ
1017 2992 1170 3064 ίεροῦ
1217 2993 1526 3064 Συμϐόλου,
1573 2993 1669 3046 καὶ
1717 2992 1828 3046 τῶν
1882 2992 1982 3062 τὴν

385 3088 748 3160 ,Ἐκκλησίαν
780 3089 1153 3156 διαταξάντων
1189 3088 1364 3155 ἀγίων
1417 3088 1704 3156 Πατάρων,
1764 3091 1860 3140 καὶ
1886 3087 1982 3153 τῆς

401 3181 744 3252 φιλοσοφίας,
778 3183 898 3254 ἦτοι
919 3184 1020 3253 τῆς
1049 3181 1158 3236 τῶν
1196 3181 1544 3252 πραγμάτων
1585 3180 1832 3250 συνήχθη
1877 3179 1982 3246 φύ-

2089 1978 2352 2042 Romana.
2409 1979 2554 2048 quod
2608 1981 2676 2034 ab
2711 1980 2970 2034 omnibus
3027 1981 3378 2040 Christianis-
3414 1987 3664 2041 absolute

2086 2071 2428 2127 Conceditur.
2464 2073 2600 2126 Cum
2643 2072 2827 2142 itaque
2865 2089 2962 2142 per
3011 2075 3154 2130 hanc
3183 2077 3509 2132 universalis
3563 2079 3664 2132 Ec-

2085 2161 2251 2216 clesia
2279 2161 2640 2226 obtiueat,’ut
2663 2165 2736 2220 sit
2770 2180 2900 2229 una,
2938 2163 3068 2218 dum
3101 2182 3262 2220 unam
3297 2177 3542 2222 sanctam
3576 2183 3665 2224 ca-

2087 2256 2342 2312 tholicam
2369 2265 2425 2313 et
2452 2259 2808 2327 apostolicam
2838 2259 3136 2314 Ecclesium
3163 2262 3420 2322 dicimus.
3441 2265 3664 2318 omnino

2089 2363 2250 2402 uuam
2282 2363 2423 2412 esse,
2469 2349 2614 2417 quod
2652 2351 2912 2406 Romana:
2951 2351 3210 2406 Ecclesia:
3266 2355 3664 2422 professionem

2087 2448 2371 2511 sequatur.
2419 2457 2520 2496 nec
2554 2451 2708 2496 extra
2763 2457 2874 2496 rem
2915 2445 3228 2512 judieantes
3277 2445 3666 2512 intelligemus.

2089 2532 2412 2605 Quicunque
2467 2535 2630 2606 igitur
2688 2550 2796 2588 non
2833 2537 3084 2606 sequitur
3117 2538 3414 2592 Ecclesium
3469 2537 3670 2594 Roma-

2090 2639 2237 2689 nam,
2266 2635 2418 2680 extra
2446 2643 2630 2687 unam.
2672 2637 2938 2690 sanctam,
2993 2629 3318 2681 catholicam
3359 2639 3414 2680 et
3443 2637 3670 2697 aposto-

2053 2716 2248 2770 tlicam
2291 2717 2586 2772 Ecclesiam
2639 2727 2748 2784 est,
2816 2727 2874 2772 et
2910 2720 3245 2774 anathemati
3299 2721 3570 2772 obnoxius
3611 2721 3665 2772 in

2091 2807 2374 2864 montibus
2407 2818 2463 2864 et
2495 2810 2632 2864 locis
2691 2811 2955 2866 solitariis
2993 2827 3057 2865 ac
3106 2811 3398 2879 pueriquis
3441 2812 3667 2872 inerrat.

2091 2908 2147 2953 et
2189 2899 2468 2954 territoria
2525 2899 2758 2965 habitat,
2808 2917 2930 2970 qua:
2971 2917 3078 2956 non
3133 2901 3320 2956 invisit
3383 2903 3666 2956 Dominus.

2096 2990 2340 3060 Namque
2365 2991 2682 3058 conspicitis
2713 3008 2832 3047 mea
2869 2992 2984 3048 haec
3023 3009 3130 3047 non
3161 3009 3303 3056 esse,
3327 2993 3422 3047 sed
3454 3009 3483 3046 e
3515 3009 3714 3048 sacro,-

2093 3081 2372 3154 Symbolo,
2399 3093 2452 3138 et
2489 3101 2560 3140 ex
2591 3087 2799 3141 sanctis
2825 3085 3098 3148 Patribus.
3129 3089 3222 3158 qui
3255 3089 3552 3144 Ecclesium
3581 3105 3673 3142 or-

2093 3177 2378 3240 dinarunt,
2419 3186 2475 3233 et
2524 3178 2870 3249 philosophia
2907 3180 3046 3251 ipsa,
3074 3182 3178 3236 hoc
3219 3191 3304 3236 est
3363 3199 3428 3238 ex
3489 3199 3682 3238 rerum.

403 3290 564 3338 σεως,
593 3273 718 3344 ἥτις
756 3273 898 3343 μέγα
933 3274 1032 3344 βοᾷ
1057 3273 1160 3330 οὐκ
1214 3273 1414 3340 ἄλλως,
1449 3271 1564 3326 ἀλλ’
1586 3273 1620 3343 ἦ
1647 3272 1729 3324 ἐνὶ
1753 3270 1984 3341 ὁμοειδεῖ

2091 3277 2288 3323 natura
2337 3269 2666 3334 reccllecta,
2703 3285 2824 3340 quae
2873 3289 3067 3342 magna
3101 3289 3236 3329 voce
3291 3275 3506 3330 intonat
3563 3292 3671 3330 nou

404 3366 740 3434 συνάγεσθαι
765 3364 1030 3421 δύνασθαι
1063 3367 1124 3420 τὸ
1149 3366 1353 3434 πλῆθος
1383 3367 1466 3430 είς
1498 3365 1580 3420 ἓν.
1623 3364 1902 3436 Πρόδηλον
1929 3362 1986 3416 δὲ

404 3458 498 3512 καὶ
529 3456 742 3527 τυφλῷ,
771 3455 848 3522 ὼς
878 3457 1072 3513 πολλαί
1098 3458 1239 3511 εἰσιν
1291 3456 1584 3528 ἐκκλησίαι
1608 3471 1623 3486 '
1665 3449 1841 3509 ’πέντε
1880 3458 1990 3524 γὰρ

403 3552 461 3604 αἱ
499 3549 758 3620 μεγάλαι,
819 3550 962 3606 ὥστε
1024 3551 1126 3623 μιᾷ
1178 3550 1384 3614 ταύτας
1437 3553 1514 3612 εἰς
1567 3537 1702 3618 μίαν⁶
1735 3550 1990 3616 συνάγειν

405 3640 642 3712 ἀνάγκη.
678 3642 802 3696 Τίνι
833 3633 946 3712 ἀρα
998 3640 1108 3696 τῶν
1139 3641 1302 3696 πέντε
1335 3642 1417 3704 είς
1479 3641 1610 3712 μίαν
1662 3641 1758 3703 τὰς
1811 3641 1989 3702 πάσας

412 3735 720 3806 ἀνάξομεν;
787 3737 948 3806 Τίνι;
1019 3733 1064 3790 ὣ
1113 3735 1222 3789 τῶν
1299 3735 1634 3807 συμφορώνι
1701 3734 1816 3788 Οὐκ
1871 3733 1990 3786 ἔστι

403 3829 632 3882 δυνατὸν
689 3829 858 3900 ἀλλην
922 3829 1042 3882 νυνὶ
1079 3827 1298 3897 λέγειν,
1346 3829 1406 3882 οὐ
1477 3829 1588 3898 γὰρ
1638 3827 1784 3880 ἐστιν
1827 3825 1988 3898 άλλη,

409 3925 546 3978 ἀλλὰ
567 3925 741 3984 πᾶσαι
773 3925 880 3978 ὑπὸ
905 3923 1001 3978 τοῦ
1028 3924 1334 3996 Μαχούμετ
1367 3925 1771 3980 καταποθεῐσαι
1819 3924 1990 3994 μόνην

407 4021 702 4074 κατέλιπον
733 4020 834 4090 τὴν
862 4019 964 4090 τῆς
1001 4017 1246 4090 Ῥώμης.
1275 4017 1342 4072 El
1367 4017 1478 4088 γὰρ
1509 4019 1603 4070 καὶ
1631 4017 1776 4088 ῐχνος
1803 4035 1862 4071 τι
1893 4033 1994 4070 κα-

405 4111 766 4181 ταλελεῖφθαι
796 4111 907 4165 τῶν
939 4111 1228 4180 τεσσάρων
1261 4109 1516 4180 μεγάλων
1541 4109 1750 4179 θρόνων
1779 4107 1988 4176 δοκείη,

408 4205 526 4259 ἀλλ’
547 4204 1043 4264 ἐπικίνδυνόνὲστι
1073 4203 1168 4256 καὶ
1221 4202 1344 4258 λίαν
1369 4201 1746 4272 φοϐερὸν,τοτς
1775 4201 1992 4270 ἀγραμ-

415 4301 608 4370 μάτοις
657 4298 754 4352 καὶ
789 4297 1314 4370 βεϐαρϐαρωμένοις
1365 4294 1682 4365 ἀνθρώποις
1735 4294 1986 4364 θαρρεῖν.

407 4396 501 4448 καὶ
528 4373 590 4460 ἐξ
617 4393 846 4448 ἐκείνων
889 4391 1177 4464 ἠρτεϊσθαι
1211 4389 1309 4461 τὴν
1363 4389 1639 4462 ἡμετέραν
1686 4386 1988 4457 σωτηρίαν,

410 4487 504 4552 οὓς
553 4488 784 4557 οῐδαμεν
833 4486 910 4557 μὴ
941 4484 1208 4539 δύνασθαι
1254 4482 1558 4554 διακρίνειν
1619 4481 1690 4536 τὰ
1739 4480 1984 4535 τοιαῦτα.

2091 3359 2218 3424 alio,
2260 3375 2422 3428 quam
2483 3377 2593 3416 uno
2622 3362 2869 3432 ejusdem
2911 3365 3127 3434 generis
3175 3381 3335 3434 posse
3367 3367 3676 3422 multitudi-

2093 3466 2216 3506 nem
2247 3453 2300 3506 in
2329 3467 2496 3508 unum
2530 3457 2673 3525 cogi.
2723 3455 2791 3510 Et
2821 3471 2964 3510 caeco
3004 3457 3055 3511 id
3103 3467 3294 3514 notum
3329 3469 3432 3526 est,
3476 3461 3712 3516 multas-

2091 3559 2214 3600 esse
2239 3543 2528 3612 Ecclesias,
2563 3547 2658 3602 scd
2687 3563 2910 3618 magnas
2939 3565 3214 3619 qumque;
3255 3561 3314 3606 ut
3354 3567 3458 3604 una
3493 3553 3658 3607 hasce

2093 3638 2148 3693 in
2189 3655 2356 3694 unam
2391 3641 3032 3698 reducere-necesse-sit.
3073 3644 3152 3698 Ad
3188 3659 3352 3712 quam
3399 3645 3564 3713 igitur
3607 3660 3676 3699 ετ

2093 3731 2180 3786 his
2211 3732 2456 3802 quinque
2487 3734 2776 3788 universas
2821 3734 3178 3803 redigemus?
3213 3735 3292 3789 Ad
3323 3735 3528 3804 quam?
3566 3735 3714 3790 heu.

2093 3823 2516 3879 calamitatem!‘
2547 3825 2666 3880 Non
2725 3839 3017 3894 possumus
3066 3826 3169 3882 hoc
3222 3837 3466 3896 tempore
3513 3829 3674 3882 aliam

2093 3916 2359 3985 proferre,
2389 3933 2569 3988 neque
2597 3917 2745 3974 enim
2787 3931 2892 3976 est.
2923 3919 3014 3973 sed
3057 3935 3250 3974 omnes
3271 3936 3300 3975 a
3333 3919 3692 3977 Maehumete-

2093 4008 2384 4078 absorpta,
2425 4025 2586 4064 unam
2623 4018 2838 4065 tantum
2875 4010 3178 4064 Romanam
3227 4012 3496 4081 reliquam
3527 4013 3676 4069 l‘ecc-

2095 4108 2245 4154 runt.
2273 4097 2424 4154 Licet
2453 4099 2600 4153 enim
2633 4099 2922 4170 vestigium
2945 4100 3166 4170 aliquod
3187 4113 3424 4171 quatuor
3450 4118 3674 4172 magna-

2095 4207 2218 4246 rum
2257 4191 2471 4246 sedium
2519 4193 2852 4248 remansisse
2879 4191 3131 4246 videatur
3156 4233 3170 4251 .
3199 4209 3390 4248 verum
3417 4204 3503 4248 est
3541 4194 3678 4249 sub-

2095 4286 2296 4353 iectum
2345 4283 2628 4353 periculis.
2657 4291 2712 4337 et
2771 4283 3007 4338 maxime
3041 4284 3309 4346 terribile,
3363 4285 3678 4342 hominibus

2095 4377 2406 4431 litterarum
2441 4377 2662 4442 nesciis,
2687 4385 2742 4430 et
2761 4375 3140 4430 Barbaroruln-
3157 4377 3406 4432 moribus
3423 4378 3680 4434 efferatis
3693 4415 3706 4422 οι

2095 4471 2397 4532 couiidere,
2422 4479 2478 4524 et
2503 4470 2666 4524 exiis
2693 4469 2924 4524 salutem
2951 4479 3193 4523 nostram
3225 4470 3518 4537 expiscari.
3543 4487 3682 4539 quos

413 4585 535 4646 Πῶς
559 4583 668 4652 γὰρ
692 4583 793 4646 τὰς
827 4581 980 4644 θείας
1021 4581 1280 4651 νοήσουσι
1318 4577 1568 4649 Γραφὰς,
1607 4576 1658 4629 oi
1709 4575 1851 4648 μηδὲ
1883 4576 1984 4629 κᾶν

2100 4565 2354 4618 novimus
2395 4562 2593 4617 similia
2634 4561 2948 4614 discernere
2996 4576 3102 4613 non
3143 4561 3346 4614 valere.
3389 4559 3680 4625 Quomodo

412 4674 715 4745 γράμματα
735 4672 960 4738 εἰδότες,
981 4673 1030 4726 οἱ
1063 4671 1202 4742 μηδὲ
1231 4669 1334 4725 κᾶν
1357 4668 1762 4738 ἀναγινώσκειν
1792 4670 1862 4720 τά
1891 4685 1988 4736 γε-

407 4765 708 4836 γραμμένα
747 4765 1014 4835 μαθόντες
1040 4780 1058 4832 ;
1103 4765 1226 4828 Πῶς
1274 4761 1504 4818 λύσουσι
1552 4761 1680 4826 τοὺς
1735 4761 1992 4830 ἁμαρτή-

410 4875 606 4922 σαντας
625 4857 830 4922 καλῶς,
854 4857 888 4927 ἢ
936 4857 1186 4926 δήσουσι,
1211 4856 1286 4927 μὴ
1324 4855 1526 4918 εἰδότες
1569 4854 1729 4921 ὅλως,
1753 4854 1807 4905 τί
1850 4855 2000 4907 ἐστιν-

375 4959 398 4974 ’
410 4949 678 5020 ἀμαρτία;
701 4948 760 5002 El
783 4949 896 5020 γὰρ
913 4948 1175 5013 πολλάκις
1199 4949 1294 5003 καὶ
1309 4949 1356 5001 οἱ
1380 4949 1442 5001 ἐν
1469 4947 1584 5009 τοῖς
1600 4945 1864 5010 τοιούτοις
1885 4945 1992 4998 δει-

411 5044 491 5096 νοὶ
512 5041 952 5113 ἀμφισϐητοῦσιν
971 5039 1032 5094 ἐν
1070 5058 1206 5106 τισι,
1239 5040 1292 5094 τί
1315 5039 1446 5109 περὶ
1475 5036 1700 5092 ἐκείνων
1717 5037 1822 5108 χρὴ
1844 5035 2006 5106 νομί-’

409 5139 526 5202 ζειν
541 5137 653 5192 τῶν
675 5141 898 5210 μακρξν
913 5136 1022 5191 ἀπὸ
1044 5137 1141 5206 τῆς
1161 5133 1419 5203 γνώσεως
1439 5133 1547 5186 τῶν
1571 5133 1739 5192 θείωιι
1751 5130 1993 5185 κανόνων

409 5229 838 5299 ἀπῳκισμένων.
856 5227 950 5292 οὓς
971 5225 1082 5306 ἐγὼ
1099 5226 1310 5296 νομίζω
1327 5223 1462 5296 μηδὲ
1481 5223 1586 5278 κᾶν
1603 5223 1700 5278 ἕνα
1720 5220 1846 5275 ποτὲ
1866 5224 1969 5274 ἀνα
1983 5253 1996 5263 -

404 5323 612 5390 γνῶναι
631 5323 858 5388 κανόνας
873 5316 954 5376 Ἦ
975 5321 1136 5392 δῆλον
1150 5323 1234 5376 ὃτι
1255 5317 1428 5373 πολλά
1445 5317 1554 5371 τῶν
1574 5317 1996 5386 ἁμαρτημάτων

402 5415 621 5484 ἀρεταὶ,
641 5416 858 5470 καὶτῶν
875 5415 1178 5468 σπουδαίων
1192 5413 1355 5479 ἔνιαι,
1386 5411 1482 5466 καὶ
1513 5409 1815 5463 ἐπαινετῶν
1847 5407 1992 5476 πρά-

406 5507 542 5572 ξεῶν
556 5509 778 5579 ἁμαρτή
787 5509 1132 5578 parasiti-toi;
1146 5505 1554 5576 νομισθήσεται,
1571 5503 1664 5556 καὶ
1680 5501 1849 5563 οὕτως
1864 5502 1970 5554 ἀνα
1981 5533 1994 5541 -

403 5604 752 5674 τραπήσεται
773 5604 842 5656 τὰ
867 5603 1010 5656 καλὰ
1043 5604 1312 5666 εἰςικακά,
1339 5602 1435 5654 καὶ
1460 5602 1526 5653 τά
1551 5599 1696 5652 κακὰ
1714 5599 1790 5658 εἰς
1815 5595 1952 5649 καλά
1975 5613 1990 5662 ;
2013 5635 2016 5638 .

407 5693 622 5765 ’Ὠσπερ
639 5696 750 5767 γὰρ
765 5695 826 5749 τὸ
851 5697 1014 5749 καλὸν
1047 5697 1110 5749 οὗ
1143 5695 1327 5758 καλὸν,
1347 5699 1404 5747 ἐἰ
1424 5693 1498 5763 μὴ
1522 5691 1702 5753 καλῶς
1744 5691 1990 5759 γένηται,

405 5789 550 5843 οὕτω
580 5792 678 5844 καὶ
711 5791 774 5844 τὸ
801 5791 970 5843 κακὸν
1000 5791 1060 5842 οὑ
1090 5790 1269 5858 πάντη
1302 5788 1496 5850 κακὸν,
1528 5787 1658 5839 ὅταν
1699 5783 1772 5852 μὴ
1806 5779 1988 5842 κακῶς

405 5881 652 5954 γένηται.
681 5881 854 5936 Πόθεν
877 5876 970 5935 οὖν
1021 5881 1198 5936 ταῦτα
1231 5883 1426 5934 ἐκεῖνοι
1451 5879 1808 5947 διακρςιιοιεν,
1849 5873 1988 5943 μήτε

2099 4656 2252 4712 ειιίιιι
2275 4655 2490 4710 divinas
2509 4653 2826 4722 Seripturas
2859 4651 3186 4721 intelligent.
3211 4652 3302 4720 qui
3339 4667 3438 4706 nec
3473 4652 3681 4706 litteras

2100 4749 2356 4820 equidem
2390 4748 2593 4812 sciunt,
2630 4761 2806 4815 neque
2831 4759 3054 4813 eaquae
3097 4745 3298 4812 scripta
3327 4756 3478 4808 sunt,
3501 4746 3682 4814 legere

2095 4845 2373 4900 didicere?
2423 4841 2711 4910 Quomodo
2771 4851 2924 4896 recte
2979 4847 3294 4907 peccatores
3363 4839 3672 4901 absolvent,

2095 4937 2481 5008 autligabunt,
2523 4935 2614 5005 qui
2650 4947 2879 5000 prorsus
2905 4933 3183 5002 ignorant,
3225 4931 3358 5000 quid
3387 4943 3674 4999 peccatum

2095 5031 2200 5088 sit?
2224 5030 2438 5085 Etenim
2471 5031 2514 5084 si
2545 5043 2690 5096 saepe
2719 5025 2938 5094 saepius,
2980 5025 3072 5094 qui
3123 5024 3176 5077 in
3213 5023 3491 5080 similibus
3521 5039 3678 5077 exer-

2095 5125 2188 5179 citi
2239 5133 2390 5186 sunt,
2451 5121 2504 5176 in
2563 5119 2842 5174 nonnullis
2887 5117 3238 5180 addubitant,
3281 5117 3410 5185 quid
3469 5117 3536 5170 de
3579 5117 3702 5168 illis-

2095 5214 2434 5286 epinandum
2473 5221 2578 5276 est,
2611 5209 2704 5280 qui
2761 5224 2791 5263 a
2824 5223 3108 5262 sacrorum
3160 5223 3432 5260 canonum
3490 5208 3674 5276 cogni-

2097 5310 2246 5364 tione
2301 5307 2461 5375 longe
2517 5299 2934 5375 disjuuctissimi
2993 5306 3143 5361 sunt,
3175 5307 3230 5350 et
3281 5297 3397 5366 qui,
3451 5306 3510 5349 ut
3561 5297 3679 5364 ipse

2095 5402 2374 5463 existimo,
2421 5409 2490 5453 ne’
2539 5411 2709 5450 unum
2762 5391 2987 5463 quidem
3055 5405 3322 5443 canouem
3385 5389 3702 5459 legerunt?”

2095 5500 2291 5552 Annon
2325 5495 2448 5548 luce
2472 5489 2676 5544 t-larius
2702 5495 2784 5540 est
2808 5525 2822 5548 ,
2860 5485 3030 5538 multa
3070 5483 3202 5536 vitia
3239 5483 3493 5544 virtutes,
3521 5492 3578 5538 ct
3611 5499 3691 5534 ex-

2099 5592 2264 5646 rebus
2295 5588 2454 5642 seriis
2481 5599 2644 5654 quam
2690 5579 2957 5650 plurimas
2984 5585 3042 5630 et
3085 5575 3332 5630 actiones
3367 5574 3680 5628 laudabiles

2095 5685 2228 5738 vitia
2254 5682 2322 5735 ab
2357 5679 2466 5733 illis
2499 5682 2814 5745 reputatum
2837 5669 2954 5726 iri?
2987 5668 3188 5737 Sicque
3219 5667 3360 5721 bona
3401 5667 3457 5720 in
3512 5667 3676 5726 mala,

2097 5787 2150 5832 et
2177 5776 2315 5828 mala
2333 5775 2464 5826 item
2493 5769 2545 5822 in
2579 5767 2722 5820 bona
2746 5755 3500 5824 recident.Quemadmodum
3528 5755 3684 5807 enim-

2102 5875 2306 5928 bouum
2342 5867 2544 5920 bonum
2579 5876 2686 5914 non
2722 5867 2824 5924 est,
2855 5854 2898 5908 si
2947 5855 3094 5908 bene
3127 5865 3236 5924 non
3273 5847 3384 5912 ﬁat,
3417 5846 3542 5918 pari
3569 5863 3679 5915 qun
