4098 6404
455 378 556 440 ΒΠ

1635 383 1972 445 GEORGII.
2002 384 2515 445 TRAPEZUNTH

3606 376 3710 442 848

458 506 571 562 que
601 488 763 544 modo
794 490 997 546 malum
1027 532 1041 555 ,
1110 505 1219 545 non
1272 496 1664 561 usquequaque
1691 494 1894 547 malum
1937 501 2019 547 est

2147 495 2247 561 τὴν
2302 496 2430 561 ἔξω.
2477 497 2615 565 μῆτε
2670 498 2771 567 τὴν
2822 499 3127 570 ἡμετέραν,
3169 496 3264 550 καὶ
3308 491 3462 547 θείαν
3516 490 3706 558 σοφίαν

455 597 579 636 cum
608 582 747 636 male
781 598 887 636 non
920 583 977 635 ﬁt
1031 582 1315 639 Uudenam
1362 584 1526 653 igitur
1572 584 1647 638 illi
1680 584 1793 637 hate
1818 584 2025 637 discer—

456 676 607 733 ne‘nt,
671 687 793 726 cum
839 688 1014 742 neque
1063 674 1117 728 in
1157 684 1439 737 extranea,
1475 689 1655 744 neque
1707 674 1761 728 in
1814 685 2023 737 nostra,

452 778 630 833 neque
652 764 704 817 in
730 762 915 818 divina
946 766 1212 834 sapientia
1229 767 1453 828 exerciti
1484 766 1652 820 sunt?
1682 765 1789 821 Sed
1813 774 1869 818 et
1897 780 2027 832 apo—

359 882 363 890 -
450 855 898 921 stoli,_inquiunt,
932 872 1053 910 cum
1087 856 1300 912 litteras
1326 858 1621 922 nescirent,
1660 873 1688 910 a
1724 857 1932 925 Spiritu
1963 855 2025 908 il-

446 944 697 1001 luminati
716 957 865 1012 sunt,
881 948 1234 1018 ctzEgyptius
1250 949 1339 1002 ille
1360 950 1626 1002 Antonius
1638 963 1899 1019 perquam
1918 962 2029 999 me-

450 1038 620 1092 ditate
641 1038 858 1092 divinas
876 1039 1190 1108 Scripturas
1212 1036 1545 1094 Intellesisse
1570 1039 1791 1104 dicitur,
1813 1039 1903 1108 qui
1923 1052 2025 1092 nec

2130 587 2509 655 ὁσκήσαντες;
2561 589 2726 642 Ἀλλὰ
2768 592 2860 643 καὶ
2911 590 2962 642 οῖ
3004 587 3326 646 ἀπόστολοι.
3386 583 3573 651 φασὶν,
3633 578 3706 649 μὴ

2134 678 2334 738 εἶδίτες
2361 679 2691 749 γράμματα,
2729 681 3116 752 ἐφωτίσθησαν
3147 680 3224 747 τῷ
3268 676 3567 744 Πνεύματι.
3602 669 3709 723 Καὶ

2133 769 2161 818 δ
2190 757 2486 833 Αίγύπτιός
2515 771 2725 834 ἐκεῖνος
2763 771 3051 834 Ἀντώνιος
3080 770 3277 839 ἄριστα
3311 767 3531 835 λέγεται
3583 759 3708 826 νοῆ-

2137 873 2226 907 σαι
2254 857 2350 917 τὰς
2382 859 2532 922 θείας
2549 862 2794 931 Γραφὰς,
2821 862 2953 932 μηδὲ
2976 861 3373 930 ἀναγινώσκειν
3399 855 3706 926 γράμματα

2135 947 2343 1010 μαθών.
2394 951 2753 1017 Ἀποστόλους
2788 957 2883 1007 καὶ
2916 952 3201 1006 ’Λντώνιον
3227 949 3420 1015 εἰπὼν,
3445 945 3585 999 κατᾶ
3608 938 3704 994 σοῦ

2131 1040 2226 1090 καὶ
2246 1040 2388 1109 ὑπὲρ
2417 1043 2515 1106 τῆς
2545 1045 2803 1113 ἀληθῖίας
2834 1046 3120 1113 ἠγώνισαι.

448 1135 664 1190 litteras
680 1149 978 1204 agnoscere
990 1135 1258 1189 didicerat
1274 1154 1287 1188 :
1306 1136 1581 1204 apostolos
1609 1145 1663 1189 et
1687 1135 1984 1188 Antonium
2005 1132 2060 1187 in
2090 1135 2327 1190 medium
2355 1140 2658 1204 proferens.
2677 1151 2865 1195 contra
2889 1151 2939 1196 te
2956 1149 3010 1196 et
3028 1158 3126 1211 pro
3144 1140 3371 1193 veritate
3391 1132 3706 1189 decertasti.

522 1225 609 1278 10.
647 1227 783 1281 Cum
834 1225 1023 1293 itaque
1062 1241 1169 1279 una
1224 1226 1295 1279 sit
1347 1225 1592 1280 Ecclesia
1628 1225 1931 1286 catholica,
1968 1231 2023 1276 et

449 1331 557 1369 una
589 1329 686 1384 per
744 1314 1066 1380 Romanam,
1090 1326 1149 1369 ut
1196 1330 1360 1384 supra
1396 1315 1575 1369 oratio
1605 1312 2018 1377 demonstravit,

450 1416 508 1460 et
564 1421 653 1459 res
704 1405 836 1476 ipsa!
876 1406 1023 1463 dicto
1056 1406 1213 1459 (idem
1246 1407 1512 1461 adhibere
1555 1407 1721 1461 etiam
1760 1406 2024 1459 .nolentes

451 1507 673 1566 cogunt,
712 1512 940 1567 prorsus
962 1513 1186 1552 necesse
1209 1510 1293 1552 est
1327 1513 1549 1559 omnes,
1593 1507 1648 1551 et
1672 1512 1768 1551 vos
1801 1495 2026 1565 potissi-

454 1604 602 1643 tnum
632 1598 887 1659 tanquam
908 1589 1029 1643 aliis
1056 1589 1443 1659 prudent-iores
1462 1591 1515 1643 in
1545 1605 1732 1650 unam,
1754 1599 2023 1647 sanctam,

450 1682 779 1736 catholicam
838 1690 891 1737 et
943 1681 1294 1751 apostolicam
1356 1683 1665 1746 credentes,
1701 1696 1864 1734 unam
1902 1694 2025 1734 esse

452 1774 814 1830 univcrsalem
853 1790 951 1845 per
1000 1776 1299 1829 Romanam
1333 1775 1603 1836 conﬁteri,
1655 1784 1710 1829 ct
1767 1789 1889 1842 qua:
1927 1787 2026 1841 per

456 1867 695 1939 synodos
747 1867 1124 1923 decernuntur
1178 1866 1406 1922 credere
1449 1876 1505 1921 et
1577 1865 1896 1935 prmdicare,
1944 1863 2027 1918 sic

456 1975 685 2017 sutnmo-
723 1961 980 2030 pontiﬁce
1024 1961 1431 2030 praescribente.
1481 1958 1634 2013 Adde
1687 1958 1851 2012 etiam
1880 1976 1895 2012 :
1922 1971 2022 2011 ne-

2204 1226 2253 1282 t'.
2300 1230 2519 1298 Ἐπειδὴ
2549 1227 2643 1283 οὖν
2679 1232 2781 1300 μία
2840 1233 2989 1284 ἐστὶν
3020 1233 3054 1300 ή
3087 1227 3353 1296 καθολικὴ
3381 1223 3703 1288 Ἐκκλησία»

2134 1320 2227 1369 καὶ
2259 1318 2356 1385 μία
2386 1321 2449 1389 τῇ
2478 1321 2577 1388 τῆς
2605 1320 2849 1389 Ῥώμης,
2914 1320 2989 1383 ὡς
3022 1321 3116 1373 καὶ
3169 1321 3197 1371 ό
3223 1318 3382 1385 λόγος
3430 1312 3705 1370 ἀπέδειξε.

2133 1411 2227 1461 καὶ
2255 1409 2323 1460 τὰ
2353 1412 2655 1481 πράγματα
2685 1411 2967 1465 πείθεσθαι
2995 1414 3090 1465 καὶ
3123 1412 3198 1481 μὴ
3235 1409 3490 1470 θέλοντας
3527 1406 3708 1470 ἀναγ-

2133 1499 2312 1563 κάζει,
2371 1503 2594 1564 πάντως
2647 1503 2729 1555 δεῖ
2786 1504 2996 1565 πάντας
3049 1505 3142 1557 καὶ
3188 1502 3334 1570 ὑμᾶς
3384 1498 3493 1552 τῶν
3528 1495 3707 1551 ἄλλων

2135 1592 2333 1660 μᾶλλον
2365 1592 2440 1656 ώς
2480 1595 2925 1662 φρονιμωτέρους
2987 1595 3068 1656 είς
3101 1594 3231 1664 μίαν
3265 1592 3428 1659 ἁγίαν
3487 1589 3709 1642 καθολι-

2133 1682 2234 1750 κὴν
2265 1684 2360 1735 καὶ
2389 1683 2753 1752 ἀποστολικὴν
2792 1684 3124 1752 Ἐκκλησίαν
3161 1681 3545 1743 πιστεύοντας,
3571 1679 3709 1748 μίαν

2133 1771 2274 1827 εἶναι
2303 1776 2404 1842 τὴν
2431 1775 2659 1828 καθόλου
2691 1779 2755 1845 τῇ
2788 1777 2886 1845 τῆς
2916 1775 3138 1846 Ῥώμης
3173 1775 3483 1845 ὁμολογεῖν,
3520 1772 3615 1825 καὶ
3637 1772 3709 1825 τὰ

2131 1866 2450 1932 κυρωθέντα
2479 1867 2769 1930 συνοδικῶς
2832 1868 3114 1921 πιστεύειν
3148 1884 3209 1920 τε
3245 1865 3337 1921 καὶ
3387 1864 3703 1932 κηρύττειν,

2130 1960 2274 2011 οὕτω
2306 1958 2402 2012 τοῦ
2438 1960 2608 2029 ἄκρου
2636 1961 2945 2031 ἀρχιερέως
2989 1959 3343 2031 διορίζοντος.
3406 1958 3549 2027 Πρὸς
3575 1955 3709 2009 τού-

451 2069 606 2109 cesse
636 2064 722 2109 est
755 2066 884 2108 eum
937 2051 1032 2122 qui
1080 2052 1135 2106 in
1169 2051 1390 2122 aliquod
1439 2049 1636 2115 credit,
1667 2049 2025 2105 dcterminate

2131 2064 2245 2111 τοις
2287 2049 2499 2120 ἀνάγκη
2563 2051 2680 2103 ἐστὶ
2736 2051 2829 2103 τὸν
2876 2051 2957 2112 εῐς
3010 2066 3065 2103 τι
3123 2048 3452 2103 πιστεύοντα
3505 2046 3710 2100 ειδέναι

453 2147 617 2209 scire,
656 2154 919 2215 quantum
964 2144 1138 2216 ipsius
1176 2144 1321 2199 vires
1377 2140 1720 2207 concedunt,
1752 2142 2029 2211 quomodo

453 2238 646 2305 credit,
671 2246 729 2293 et
755 2238 908 2306 quid,
929 2246 987 2291 et
1020 2226 1244 2307 propter
1278 2234 1434 2307 quid.
1458 2235 1527 2290 Et
1549 2234 1883 2291 credendum
1906 2248 2034 2315 esse.

455 2332 509 2384 in
546 2345 705 2383 unam
734 2328 1036 2384 Ecclesiam
1071 2341 1234 2382 nemo
1267 2336 1353 2383 est
1380 2326 1524 2382 inter
1549 2325 1912 2387 Christianos,
1932 2324 2026 2393 qui

455 2423 510 2478 id
569 2421 803 2490 ignoret,
849 2434 1029 2491 neque
1078 2418 1352 2491 quispiam
1407 2419 1573 2474 etiam
1623 2434 1692 2473 ex
1751 2415 2029 2473 haereticis

454 2516 589 2585 ipsis
617 2515 827 2570 inlicias
874 2513 1061 2569 iverit.
1097 2512 1382 2579 Quomodo
1411 2527 1543 2567 vero
1576 2527 1683 2566 una
1724 2510 1816 2573 sit,
1868 2508 2025 2577 pauci

452 2615 675 2662 norunt.
738 2606 997 2661 Attamen
1037 2603 1227 2659 dicunt
1261 2618 1426 2658 unam
1468 2617 1589 2657 eam
1621 2601 1813 2670 ipsam,
1861 2615 2025 2669 quam

453 2696 554 2765 ipsi
609 2695 867 2752 distincte
919 2704 1250 2765 sequuntur,
1304 2692 1766 2764 quemadmodum
1820 2698 1877 2746 et
1931 2705 2028 2744 vos

451 2799 610 2844 antea
658 2788 1444 2863 Constantinopolitanam,’ct
1492 2785 1584 2840 alii
1634 2784 1790 2840 alias.
1822 2782 2024 2836 Verum

450 2883 628 2936 oratio
658 2881 1072 2946 demonstravit,
1104 2887 1156 2933 et
1187 2895 1275 2935 res
1320 2880 1435 2947 ipsa
1480 2889 1704 2947 propter
1752 2875 2027 2929 immissas

453 2974 791 3029 calamitates
863 2987 1040 3027 unam
1100 2971 1270 3028 solam
1334 2970 1659 3026 catholicam
1723 2968 2024 3024 Ecclesiam

456 3064 775 3133 praedicant,
804 3065 951 3119 nulla
974 3063 1346 3119 Ecclesiarum
1369 3063 1475 3118 alia
1497 3062 1603 3116 nisi
1619 3062 1732 3117 sola
1758 3061 2025 3116 Romana.

455 3158 801 3214 A-nathcmati
828 3158 1000 3228 igitur
1039 3155 1314 3212 obnoxius
1358 3164 1466 3223 est,
1510 3156 1605 3225 qui
1631 3168 1752 3209 eam
1783 3168 1893 3209 non
1935 3167 2027 3208 se-

457 3251 666 3320 quitur,
709 3263 810 3304 nec
837 3247 1012 3303 credit
1039 3258 1100 3302 ut
1149 3248 1261 3302 illa.
1307 3246 1512 3303 Omnes
1553 3246 1699 3302 enim
1742 3246 1947 3301 sanctis
1972 3253 2029 3300 et

457 3339 792 3395 universales
817 3338 1035 3410 synodi,
1092 3338 1276 3393 statim
1334 3336 1404 3391 ab
1450 3337 1567 3407 ipsa
1599 3334 1836 3390 secunda
1891 3333 2025 3389 inei-

457 3434 691 3504 pientes,
720 3432 1056 3489 anathemati
1089 3429 1747 3499 tradideruntomnesqui
1780 3428 1835 3483 in
1862 3441 2030 3482 unam

455 3524 757 3580 Ecclesiam
785 3522 1110 3579 catholicam
1158 3532 1215 3579 et
1250 3535 1494 3578 sanctam
1549 3537 1661 3577 non
1693 3520 1948 3588 credunt,
1971 3529 2029 3575 et

455 3632 583 3671 cum
629 3616 900 3674 dixissent
961 3630 1147 3684 unam,
1189 3615 1555 3671 determinate
1615 3630 1782 3670 unam
1811 3614 2029 3670 intelle-

454 3719 675 3766 xerunt.
715 3711 853 3766 Nam
894 3711 939 3766 si
998 3724 1110 3766 non
1145 3708 1529 3775 determinate,
1580 3707 1749 3778 igitur
1790 3706 2030 3762 indeter-

457 3804 698 3859 minute:
720 3802 866 3874 quod
891 3811 976 3859 est
998 3801 1216 3872 plenum
1243 3800 1542 3871 impietatis
1569 3808 1625 3856 et
1647 3798 2024 3869 blasphemiae.

454 3897 741 3963 Quomodo
761 3894 908 3952 enim
940 3895 996 3950 in
1022 3910 1188 3949 unam
1221 3894 1436 3957 credes,
1468 3908 1617 3957 cum,
1647 3906 1897 3962 quaenam
1933 3890 2025 3946 illa

454 3989 546 4053 sit,
578 3986 802 4041 minime
837 3996 1025 4041 teneas
1050 3986 1074 4039 7
1097 3987 1179 4039 An
1224 3986 1366 4040 forte
1410 3985 1465 4039 in
1496 3984 1809 4039 universam
1856 3982 2026 4038 totius

453 4080 606 4134 orbis
648 4080 876 4134 credere
914 4086 965 4132 te
1015 4077 1198 4133 dices?
1236 4078 1358 4132 Erit
1399 4093 1531 4147 ergo
1567 4075 1711 4144 apud
1750 4085 1801 4130 te
1831 4087 1887 4131 et
1921 4076 2026 4131 Ar-

456 4186 649 4226 tuenus
700 4169 1145 4230 orthodoxus'.et
1200 4169 1479 4238 Ethiops,
1516 4179 1575 4224 et
1624 4171 1717 4240 qui
1772 4168 2025 4238 Sergium

455 4272 843 4319 consectantur
870 4260 1011 4323 ludi,
1036 4271 1091 4316 et
1122 4261 1513 4327 Monothclitm,
1550 4271 1609 4317 et
1634 4262 1725 4331 qui
1759 4261 2027 4316 Divinita-

457 4364 565 4410 tem
606 4353 777 4423 ipsam
816 4353 966 4407 cruci
1016 4350 1263 4421 al‘ﬁgunt.
1293 4350 1472 4418 Quare
1517 4367 1679 4405 unaut
1713 4366 1837 4406 cum
1883 4351 2025 4407 dici-

453 4460 579 4499 mus
603 4444 924 4499 catholicam
959 4443 1286 4502 Ecclesiatu,
1333 4441 1617 4497 sciendum
1645 4457 1767 4498 esse
1804 4457 2027 4499 asseve-

2129 2139 2473 2210 ὠρισμένως,
2502 2141 2626 2193 ὅσον
2656 2141 2806 2208 αύτῷ
2836 2142 3081 2209 ἐφικτὸν,
3135 2139 3253 2203 πῶς
3287 2137 3564 2201 πιστεύει,
3610 2136 3710 2189 καὶ

2130 2232 2203 2295 τί,
2252 2232 2349 2285 καὶ
2386 2232 2546 2287 διατί.
2572 2234 2692 2286 Ὅτι
2722 2236 2823 2302 μὲν
2863 2232 2958 2287 οὖν
2990 2236 3072 2296 τίς
3124 2233 3252 2303 μίαν
3310 2231 3418 2302 χρὴ
3468 2229 3706 2297 Ἐκκλη·

2133 2324 2255 2377 σίαν
2289 2326 2588 2392 πιστεύειν,
2612 2326 2789 2381 οῖδισι
2828 2327 3033 2389 πάντες
3061 2319 3409 2393 Χριστιανοὶ,
3463 2324 3559 2377 καὶ
3583 2320 3709 2375 οὐδὲ

2131 2417 2239 2469 τῶν
2271 2418 2567 2486 αἱρετικῶν
2598 2435 2682 2480 τις
2732 2416 2891 2471 τοῦτο
2925 2417 3243 2487 ἁρνήσετσιο
3308 2414 3425 2478 πῶς
3472 2413 3529 2466 δὲ
3584 2411 3709 2481 μία,

2128 2507 2301 2577 ὀλίγοι
2327 2509 2523 2562 οἴδασι.
2572 2510 2808 2576 Λέγουσι
2872 2508 2917 2561 δ’
2949 2509 3098 2578 ὅμως
3134 2506 3265 2577 μίαν
3322 2506 3422 2578 τὴν
3553 2504 3712 2558 αὐτοὶ

2129 2600 2622 2656 κατακολουθοῦσιν
2657 2600 3007 2671 ὡρισμένως,
3032 2600 3223 2671 ὥσπερ
3264 2601 3359 2653 καὶ
3389 2599 3546 2667 ὑμεῖς
3566 2597 3707 2665 πρό.

2127 2711 2286 2764 τερον
2329 2696 2394 2762 τῇ
2429 2692 2528 2762 τῆς
2587 2690 3242 2756 Κωνσταντινουπόλεως,
3292 2690 3389 2743 καὶ
3432 2689 3586 2744 ἄλλοι
3615 2687 3713 2742 ἄλ-

2128 2784 2276 2847 λαις.
2315 2782 2379 2836 ’0
2412 2783 2470 2836 δὲ
2495 2782 2655 2851 λόγος
2685 2781 2960 2848 ἀπέδειξε,
2994 2783 3091 2837 καὶ
3126 2783 3194 2836 τὰ
3250 2784 3559 2852 πράγματα
3616 2780 3709 2835 διὰ

2129 2874 2237 2928 τῶν
2269 2875 2565 2945 συμφορῶν
2594 2875 2881 2948 κηρύττει,
2917 2876 3051 2945 μίαν
3100 2871 3245 2930 εἶναι
3278 2877 3380 2943 τὴν
3410 2873 3714 2944 καθολικὴν

2140 2967 2470 3039 Ἐκκλησίαν
2521 2968 2750 3039 οὐδεμιᾷ
2799 2968 2910 3021 τῶν
2941 2967 3282 3041 Ἐκκλησιῶν
3338 2967 3496 3041 ἄλλῃ,
3530 2968 3578 3019 εί
3631 2967 3710 3036 μὴ

2132 3059 2294 3129 μόνον
2317 3060 2384 3129 τῇ
2409 3058 2510 3128 τῆς
2542 3058 2786 3129 Ῥώμης.
2828 3062 3165 3131 ’Λναθέματι
3210 3061 3317 3132 ἄρα
3352 3060 3644 3113 ὑπόκειται
3681 3060 3712 3111 ὁ

2132 3152 2207 3223 μὴ
2231 3151 2407 3224 ταύτῃ
2438 3152 2728 3222 ἑπόμενος,
2763 3153 2900 3223 μηδὲ
2927 3152 3203 3208 πιστεύων
3225 3155 3300 3219 ώς
3332 3155 3493 3224 αὕτη.
3527 3154 3710 3208 Πᾶσαι

2128 3245 2237 3316 γὰρ
2268 3246 2322 3297 αἱ
2349 3243 2501 3310 ἇγιαι
2532 3246 2627 3299 καὶ
2656 3245 2942 3301 καθολικαὶ
2971 3246 3203 3313 σύνοδοι,
3244 3247 3355 3303 ἀπὸ
3385 3247 3481 3317 τῆς
3517 3246 3710 3300 δευτέ-

2134 3356 2233 3407 ρας
2297 3338 2461 3401 εὐθὺς
2499 3338 2830 3410 ἀρξάμεναι,
2868 3340 2948 3411 τῷ
2987 3341 3297 3410 ἀναθέματι
3350 3340 3710 3409 παραδιδόασι

2135 3432 2345 3491 πάντας
2395 3412 2525 3494 τοὺς
2584 3431 2660 3498 μὴ
2695 3430 2779 3491 είς
2812 3432 2944 3502 μίαν
2976 3430 3309 3503 Ἐκκλησίαν
3342 3430 3712 3494 πιστεύοντας

2134 3523 2430 3593 καθολικὴν
2456 3522 2547 3576 καὶ
2579 3521 2765 3590 ἁγίαν,
2823 3522 2953 3591 μίαν
2981 3521 3039 3576 δι
3072 3522 3346 3590 εἰπόντες,
3383 3521 3712 3593 ὡρισμένως

2132 3617 2263 3685 μίαν
2296 3614 2543 3686 ἐνόησαν.
2563 3614 2629 3668 Et
2650 3615 2760 3685 γὰρ
2784 3614 2861 3686 μὴ
2892 3615 3244 3687 ὡρισμένως,
3277 3615 3552 3686 ἀορίστως
3573 3614 3705 3685 ἄρα·

2129 3709 2267 3778 ὅπερ
2298 3708 2479 3779 πάσης
2527 3708 2646 3762 ἐστὶ
2676 3706 3029 3777 βλασφημίας
3060 3706 3282 3777 μεστόν.
3335 3707 3456 3771 Πῶς
3480 3707 3593 3778 γὰρ
3623 3708 3710 3770 είς

2132 3799 2261 3870 μίαν
2290 3796 2590 3862 πιστεύεις,
2635 3796 2712 3868 μὴ
2755 3796 2911 3861 εἰδὼς
2941 3800 3025 3863 εἰς
3070 3798 3235 3866 slva;
3290 3792 3439 3868 'Apa
3489 3798 3570 3860 είς
3595 3797 3703 3867 τὴν

2127 3889 2356 3945 καθόλου
2386 3888 2485 3958 τῆς
2514 3887 2843 3959 οἰκουμένης
2892 3889 3181 3942 πιστεύειν
3244 3889 3455 3957 λέξεις;
3500 3888 3700 3943 Ἔσται

2129 4000 2214 4036 σοι
2242 3982 2350 4054 ἄρα
2398 3982 2494 4037 καὶ
2528 3985 2558 4035 ὁ
2587 3981 2876 4054 Ἀρμένιος
2925 3981 3228 4054 ὀρθόδοεος,
3260 3984 3355 4038 καὶ
3397 3984 3427 4037 ὀ
3464 3982 3702 4053 Δίθίωψ,

2128 4076 2225 4130 καὶ
2247 4077 2296 4128 οἱ
2324 4074 2392 4128 τὰ
2418 4074 2645 4145 Σεργίου
2668 4072 2989 4139 δοξάζοντες
3033 4075 3212 4140 Ἰνδοι,
3266 4076 3363 4128 καὶ
3390 4074 3704 4143 Μονοθελῆ-

2127 4184 2240 4234 ται,
2263 4168 2355 4220 καὶ
2376 4166 2428 4221 οι
2450 4165 2550 4236 τὴν
2577 4166 2807 4236 θεότητα
2828 4165 3191 4235 σταυροῦντες
3218 4167 3411 4237 αὐτήν.
3438 4165 3581 4221 Μίαν
3598 4162 3700 4221 οὖν

2129 4258 2377 4328 λέγοντες
2395 4260 2497 4330 τὴν
2513 4257 2809 4329 καθολικὴν
2834 4259 3177 4331 Ἐκκλησίαν,
3199 4258 3279 4313 δεῖ
3298 4259 3494 4313 ειδέναι
3521 4260 3706 4329 φαμὲν

2127 4351 2221 4406 καὶ
2236 4353 2346 4404 τίνι
2358 4352 2464 4405 τῦν
2478 4349 2820 4420 Ἐκκλησιῶν
2834 4352 2949 4405 ἔστι
2970 4350 3187 4423 μία.Τῷ
3200 4353 3438 4422 ὁμοειδεῖ
3459 4350 3570 4423 γάρ
3588 4353 3708 4405 ἐστι

2127 4445 2237 4499 πᾶν
2268 4443 2474 4512 πλῆθος
2493 4443 2572 4496 ἓν.
2597 4444 2752 4497 Ἐστι
2777 4443 2835 4497 δὲ
2863 4443 2961 4514 μία
2997 4447 3027 4512 ἡ
3057 4443 3324 4515 καθολικὴ
3349 4446 3416 4515 τῇ
3440 4445 3540 4515 τῆς
3572 4442 3711 4500 Ῥώο

453 4552 661 4602 ramus,
692 4552 790 4606 per
816 4550 1107 4605 quautnam
1136 4534 1366 4589 alarum
1397 4534 1763 4589 Ecclesiarum
1789 4551 1892 4591 una
1919 4548 2022 4592 est.

2132 4554 2237 4607 μης
2271 4536 2346 4594 ὡς
2378 4535 2702 4605 ἀπεδείχθη.
2763 4533 2950 4608 Ταύτῃ
2984 4535 3096 4606 ἄρα
3126 4536 3207 4591 δεῖ
3232 4535 3470 4590 ἕπεσθαι
3529 4536 3621 4591 τόν
3641 4553 3708 4604 γε

452 4625 713 4697 Ejusdem
765 4625 912 4679 enim
959 4625 1177 4694 generis
1215 4640 1322 4680 uno
1360 4625 1658 4681 multitudo
1702 4641 1873 4681 unum
1918 4639 2023 4683 est.

2131 4626 2201 4689 ώς
2222 4627 2434 4694 ἀληθῶς
2463 4626 2743 4695 ὀρθόδοξον
2771 4626 2912 4680 κατὰ
2941 4626 3167 4698 τὴψτῆς
3215 4626 3457 4691 πίστεως
3508 4626 3708 4697 ὁμολο-

454 4716 551 4769 Est
589 4716 755 4786 igitur
790 4729 897 4768 una
926 4714 1192 4769 catholica
1239 4731 1340 4785 per
1383 4706 1710 4780 Romanam,
1744 4725 1807 4772 ut
1840 4726 2025 4773 osten-

2131 4718 2277 4788 γίαν.
2321 4719 2472 4772 Ἐπεὶ
2500 4718 2555 4770 δὲ
2583 4720 2678 4772 καὶ
2737 4721 2770 4789 ἡ
2825 4720 2928 4787 τῆς
2985 4720 3209 4789 Ῥώμης
3264 4718 3564 4789 Ἐκκλησία
3605 4717 3707 4789 μία

452 4821 573 4860 sum
598 4815 701 4860 est.
727 4804 876 4859 illius
907 4819 1035 4873 ergo
1068 4805 1313 4875 vestigiis
1352 4807 1716 4862 insistendum
1747 4817 1834 4863 est
1861 4809 1931 4863 ab
1954 4824 2021 4864 eo

2132 4811 2302 4875 ἐστὶν,
2331 4810 2484 4865 ἐσται
2502 4812 2598 4864 καὶ
2630 4810 2771 4880 αὐτὴ
2802 4812 2899 4879 μία
2930 4812 3005 4879 τῷ
3025 4810 3196 4880 αὐτῆς
3223 4812 3496 4881 ἀρχιερεῖ.
3516 4810 3708 4878 Τούτῳ

451 4901 546 4966 qui
597 4913 656 4953 se
706 4912 835 4953 vere
883 4907 1142 4965 recteque
1192 4898 1397 4954 sentire
1431 4899 1686 4968 allirmat,
1717 4904 2022 4956 secundum

2131 4906 2241 4974 γὰρ
2269 4904 2330 4957 τὸ
2359 4905 2417 4956 ὲν
2465 4903 2603 4973 αὐτῇ
2629 4901 2837 4972 πλῆθος
2879 4903 3072 4972 ἱερέων
3122 4919 3183 4955 τε
3234 4904 3331 4955 καὶ
3383 4902 3710 4956 ἐπισκόπων

456 4989 579 5044 lidei
609 4988 1028 5059 professionem.
1083 4986 1219 5042 Cum
1257 5004 1387 5043 vero
1418 4999 1474 5043 et
1504 4988 1748 5045 Romana
1780 4990 2025 5047 Ecclesia

2132 4998 2228 5049 καὶ
2284 4994 2590 5065 ἀρχιερέων
2644 4997 2726 5057 εἰς
2779 4995 2837 5047 ἒν
2870 4998 3187 5062 συνάγεται,
3228 4996 3324 5048 καί
3366 4995 3511 5049 κατὰ
3546 4993 3721 5047 τοῦτο.

456 5098 563 5136 una
594 5082 683 5148 sit,
713 5083 821 5135 erit
842 5091 896 5135 et
916 5081 1031 5149 ipsa
1060 5095 1165 5133 una
1194 5095 1293 5135 suo
1313 5083 1587 5150 pontilice.
1614 5082 1692 5136 Eo
1724 5085 2021 5155 siquidem,

453 5190 577 5241 qua:
610 5173 663 5227 iu
699 5188 760 5227 ea
810 5182 914 5241 est,
948 5171 1311 5233 sacerdotum.
1353 5174 1737 5243 episcoporum
1791 5185 1847 5230 et
1888 5193 2027 5246 pra:-

453 5268 631 5320 snlum
689 5264 982 5319 nmltitudo
1032 5264 1083 5318 in
1133 5279 1301 5319 unum
1357 5266 1590 5335 cogitur,
1642 5268 1873 5338 ideoque
1916 5269 2026 5323 Ro-

453 5375 647 5412 manus
723 5355 1175 5424 archiepiswpus
1235 5364 1289 5408 et
1349 5356 1593 5424 pontifex
1651 5369 2020 5427 nuncupatur.

454 5451 567 5515 Qua
602 5465 763 5515 porro
797 5449 1005 5501 ratione
1034 5446 1290 5501 universa
1319 5448 1486 5502 totius
1514 5451 1664 5504 orbis
1695 5451 1938 5505 Ecclesia
1968 5453 2019 5505 in

455 5556 622 5595 unum
650 5556 744 5610 per
766 5539 1071 5593 Romanum
1100 5537 1373 5607 dirigitur,
1421 5556 1527 5594 non
1570 5541 1873 5605 Romanus,
1924 5543 2019 5596 sed

453 5645 701 5682 stunmus
754 5630 993 5696 pontifex
1046 5627 1372 5695 appellatur.
1409 5628 1493 5684 ου
1542 5632 1667 5698 hoc,
1704 5634 1797 5702 qui
1858 5634 2020 5687 simul

456 5735 562 5771 una
592 5736 716 5772 cum
759 5735 973 5772 summo
1014 5717 1273 5785 pontifice
1305 5735 1413 5774 non
1439 5724 1627 5788 sentit,
1661 5730 1814 5795 quasi
1855 5744 2018 5782 unam

462 5810 777 5861 catholicam
828 5809 1125 5861 ltlu‘lcsium
1181 5806 1499 5877 denegaret,
1538 5825 1795 5884 tanquam
1849 5835 2018 5875 ιηςιη,

2144 5083 2367 5154 Ῥώμης
2420 5086 2854 5155 ἀρχιεπίσκοπος
2943 5088 3041 5140 καὶ
3103 5087 3398 5157 ἀρχιερεὺς
3460 5087 3704 5154 λέγεται.

2135 5178 2284 5229 Καθδ
2311 5174 2369 5229 δὲ
2417 5178 2451 5246 η
2484 5177 2713 5230 καθόλου
2745 5177 2846 5247 τῆς
2907 5178 3232 5251 οἰκουμένης
3270 5177 3573 5251 Ἐκκλησία
3625 5181 3709 5240 εἰς

2131 5264 2189 5319 ἒν
2227 5267 2314 5321 διὰ
2364 5243 2459 5319 τοι
2516 5267 2737 5338 Ῥώμης
2790 5243 3122 5338 ξυνάγεταὶῖ
3165 5243 3228 5323 6ο
3294 5243 3530 5342 Ῥώμης,
3587 5271 3709 5325 ἀλλ’

2132 5359 2300 5429 ἄκρος
2335 5358 2584 5413 καλεῖται
2623 5362 2941 5431 ἀρχιερεύς.
2975 5361 3077 5414 Διὰ
3104 5361 3263 5416 τοῦτο
3314 5363 3408 5416 τὸν
3469 5362 3546 5432 μὴ
3575 5363 3709 5432 ὁμό-

2128 5450 2278 5514 δοξον
2308 5448 2386 5518 τῷ
2418 5450 2573 5520 ἄκρῳ
2594 5452 2842 5522 ἀρχιερεῖ
2893 5452 2969 5515 ώς
3015 5453 3355 5523 ἀρνούμενον
3414 5455 3516 5524 τὴν
3574 5454 3708 5523 μίαν

2129 5540 2426 5611 καθολικὴν
2451 5542 2782 5611 Ἐκκλησίαν
2811 5544 3172 5615 ἀποϐλητέον,
3215 5545 3293 5608 ὡς
3320 5545 3568 5615 σεσηπὸς
3604 5548 3703 5616 μέ-

2128 5631 2237 5694 λος.
2273 5634 2383 5703 Οὐχ
2400 5635 2645 5703 ὁμοδοξεῖ
2668 5636 2725 5688 δὲ
2746 5637 2774 5688 ὁ
2804 5636 2879 5707 μὴ
2908 5639 3287 5707 μνημονεύων.
3326 5638 3707 5709 Μνημονεύειν

2126 5722 2235 5794 ἄρα
2263 5724 2344 5777 δεῖ
2381 5728 2438 5778 ὲν
2471 5730 2589 5791 ταῖς
2616 5728 2791 5791 θείαις
2828 5731 3195 5800 λειτουργίαις
3253 5731 3345 5784 τοῦ
3378 5731 3550 5801 ἄκρου
3606 5734 3704 5798 ὀρ-

2128 5816 2380 5885 χιερέως.
2411 5817 2487 5870 Οὐ
2521 5819 2628 5888 γὰρ
2677 5819 2745 5873 ἶν’
2778 5822 2939 5885 αὐτὸς
2993 5824 3202 5894 τιμηθῇ
3259 5824 3319 5878 τὸ
3357 5823 3714 5896 μνημόσυνοι
