4098 6442
443 396 550 462 8.9

1423 405 1520 462 DE
1559 403 1712 463 UNA
1749 401 1846 462 ΕΤ
1888 401 2314 461 CATHULICA
2355 404 2737 465 ECCLESIA.

3576 396 3683 457 8in

442 512 602 560 τοῦτο
631 509 860 574 γίνετα’,
892 510 945 560 ἀ)
959 511 1005 560 λ’
1032 510 1116 562 ἵνα
1150 511 1196 562 οἱ
1227 511 1392 564 αὐτοῦ
1419 514 1848 580 μνημονεύοντες
1882 513 2011 564 ἐνω-

2128 531 2274 572 orum
2308 517 2588 584 putt-idum
2625 514 2952 584 rcjiriendus
2990 525 3092 567 est.
3133 513 3318 579 Neque
3344 513 3529 566 eadem
3563 528 3684 580 qum

443 600 582 655 Οῶσι
635 604 702 670 τῇ
743 601 840 669 μιᾷ
873 601 1133 670 καθολικῇ
1184 603 1504 673 Ἐκκλησία.
1574 607 1784 674 Ὠσπερ
1820 609 1928 672 γὰρ
1959 607 2015 656 ἐν

448 691 667 758 στρατῷ
703 689 914 741 οἱδέκα
967 691 1301 759 στρατιῶται
1361 692 1437 760 τῷ
1469 693 1721 762 δεκάρχῳ
1771 695 2016 746 ἐνοῦνται

449 783 526 843 είς
555 780 633 838 ἓν,
666 781 762 832 καὶ
810 781 858 832 oi
893 779 1022 833 δέκα
1058 782 1314 850 δέκαρχοι
1345 784 1420 852 τῷ
1449 785 1860 854 ἐκατοντάρχῳ,
1921 786 2016 838 καὶ

447 873 496 924 oi
525 871 656 922 δέκα
687 871 1080 940 ἑκατόνταρχοι
1141 873 1216 938 τί)
1245 874 1534 943 χιλιάρχῳ,
1598 876 1688 926 καὶ
1719 876 1767 926 οἱ
1799 874 2017 944 ίχιλίαρ-

448 980 531 1032 χοι
559 963 636 1030 τῷ
672 963 982 1030 στρατηγῷ,
1016 965 1064 1014 οι
1091 964 1145 1015 δὲ
1199 965 1384 1018 πολλοὶ
1414 953 1634 1036 στρατοὶ
1669 968 1761 1017 καὶ
1789 981 2018 1032 στρατη-

449 1052 538 1119 γοὶ
570 1052 646 1120 τῷ
675 1053 757 1103 ἐνὶ
789 1052 992 1118 βοτιλεῖ
1018 1053 1106 1104 καὶ
1138 1055 1524 1124 αὐτοκράτορν
1569 1055 1744 1118 οὕτως
1786 1056 2019 1125 ἔχεικαὶ

449 1149 508 1198 ὲν
535 1147 600 1214 τῇ
635 1143 725 1195 τοῦ
757 1143 894 1196 Θεοῦ
920 1143 1242 1214 Ἐκκλησία.
1275 1145 1423 1198 Ἀντὶ
1442 1148 1550 1215 γὰρ
1578 1147 1860 1216 δεκάρχων
1894 1147 2020 1208 τοὺς

453 1235 552 1304 μὲν
591 1235 814 1305 ὲνοριῶν
864 1235 1028 1304 ἱερεῖς
1063 1233 1282 1304 ἔχομεν,
1328 1237 1758 1307 ἑκατοντάρχους
1817 1238 1872 1290 δὲ
1892 1237 2018 1300 τοὺς

450 1327 786 1390 ἐπισκόπους
826 1327 972 1379 εῐποι
1002 1343 1087 1388 τις
1141 1327 1230 1392 ἂν,
1293 1329 1419 1390 τοὺς
1471 1328 1526 1381 δὲ
1553 1329 2020 1399 ἀρχιεπισκόπους

449 1416 787 1488 χιλιάρχους,
820 1420 1163 1486 στρατηγοὺς
1197 1419 1254 1472 δὲ
1296 1421 1551 1489 μεγάλων
1603 1421 1854 1489 στρατῶν
1892 1421 2020 1482 τοὺς

455 1507 727 1578 μεγάλους
765 1506 878 1574 ἐγὼ
907 1510 1000 1561 καὶ
1035 1509 1216 1572 θείους
1247 1514 1598 1580 πατριάρχας
1629 1511 1898 1582 ἡγοῦμαι.
1961 1511 2019 1564 '0

454 1599 509 1650 δὲ
531 1600 764 1661 πάππας
787 1599 861 1664 ὡς
893 1600 1251 1671 αὐτοκράτωρ
1302 1603 1393 1656 κοιλ⁵
1435 1601 1690 1670 βασιλεὺς
1751 1603 1852 1672 τῆς
1899 1603 2020 1656 Ἐκ-

455 1689 680 1755 κλησίας
715 1689 881 1743 ἐστίν.
926 1691 1006 1750 Ὢ,
1037 1691 1291 1759 βασιλεὺς
1317 1693 1374 1745 δὲ
1406 1690 1580 1757 εἷπον,
1646 1695 1765 1746 ὲπεί
1797 1697 1895 1764 οὐχ
1945 1697 2021 1758 ὡς

452 1780 735 1848 τύραννος,
770 1780 884 1834 ἀλλ’
915 1783 1152 1835 ἑκόντων
1183 1785 1292 1835 τῶν
1321 1786 1582 1854 ὑπηκὸων
1615 1788 1806 1856 ἄρχειν
1857 1789 2022 1841 αὐτὸν

450 1873 549 1926 δεῖ.
606 1873 774 1924 Ὥστε
807 1875 938 1926 ὅταν
963 1877 1096 1943 περί
1134 1894 1278 1938 τινος
1314 1875 1424 1930 τῶν
1457 1879 1814 1946 θεολογικῶν,
1863 1881 1892 1947 ἦ
1927 1883 2022 1934 καὶ

452 1965 560 2016 τῶν
596 1963 716 2016 κατ⁹
752 1966 1063 2033 οἰκονομίαν
1101 1967 1234 2036 πρὸς
1267 1969 1542 2037 σωτηρίαν
1573 1972 1882 2039 ἀναγκαίων
1921 1971 2022 2040 ζη-

451 2051 638 2118 τῆται,
669 2053 768 2108 οὐκ
817 2054 980 2106 αὐτὸν
1041 2055 1270 2124 κρίνειν,
1315 2057 1450 2110 ἀλλὰ
1487 2061 1552 2129 τῇ
1586 2061 1694 2113 τῶν
1750 2061 2020 2114 πλειόνων

452 2140 763 2210 ἀρχιερέων
797 2143 1204 2198 ἀκολουθοῦντα
1246 2149 1493 2220 γνώμην,
1550 2153 1743 2223 φέρειν
1775 2152 1876 2223 τὴν
1915 2153 2022 2222 ψῆ-

455 2248 574 2302 φον·
607 2235 854 2303 καθάπερ
885 2235 971 2304 ἐφ’
997 2237 1128 2306 ἡμῖν
1161 2237 1413 2309 Εύγένιος
1443 2244 1471 2295 ὀ
1501 2243 1675 2312 μέγας
1706 2247 1764 2297 ὲν
1793 2249 1858 2314 τῇ
1897 2263 2022 2298 συν-

453 2325 560 2396 όδῳ
599 2327 664 2394 τῇ
691 2343 756 2378 πε
769 2327 822 2397 ρὶ
863 2328 963 2397 τῆς
983 2329 1364 2400 ὲκπορεύσεως
1395 2332 1488 2385 τοῦ
1518 2334 1678 2400 ἁγίου
1705 2336 2022 2406 Πνεύματος

457 2417 741 2490 ζητησάσῃ
775 2419 1092 2488 ἐποιήσατο.
1133 2421 1287 2474 Ἵλατ’
1319 2423 1420 2492 ήδη
1472 2425 1822 2494 κεκυρῶσθαι
1867 2430 2026 2482 τοῦτο

455 2509 516 2562 τδ
563 2511 812 2581 ζήτημα,
866 2515 957 2564 καὶ
1015 2515 1094 2584 τῷ
1155 2516 1463 2585 ἀναθέματι
1519 2521 1840 2574 ὑποκεῖσθαι
1899 2526 2025 2585 τοὺς

456 2601 818 2664 ἀπειθοῦντας
878 2606 946 2674 τῇ
993 2607 1051 2658 ὲν
1105 2605 1420 2677 Φλωρεντίᾳ
1477 2613 1745 2682 γενομένῃ
1801 2615 2021 2686 συνόδῳ.

457 2691 630 2746 Τοῦτο
692 2694 799 2762 γὰρ
855 2694 1085 2764 ὥρισται
1119 2701 1258 2752 κατὰ
1313 2699 1420 2752 τῶν
1476 2703 1850 2758 ἀπειθούντων
1904 2710 2026 2771 ταῖς

455 2782 769 2846 καθολικαῖς
801 2785 1060 2848 συνόδοις.
1093 2785 1190 2839 Ἐκ
1219 2787 1440 2842 πάντων
1466 2785 1560 2843 οὖν
1614 2792 1822 2844 τούτων
1861 2811 2026 2860 φανε-

455 2875 571 2946 ρὸν,
598 2875 689 2930 τὸν
735 2873 967 2927 πάππαν
1025 2871 1189 2944 εἶναι,
1221 2871 1264 2946 ᾧ
1287 2879 1436 2933 πᾶσα
1466 2882 1496 2946 ή
1527 2883 1584 2934 ἐν
1627 2883 1857 2936 καθόλου
1904 2886 2026 2939 Ἐκ-

456 2967 655 3038 κλησία
693 2969 1006 3036 συνάγεται.
1037 2969 1217 3023 Πᾶσαι
1239 2974 1346 3040 γὰρ
1382 2973 1438 3024 αἱ
1463 2973 1749 3042 ἐκκλησίαι
1779 2979 1844 3046 τῇ
1894 2977 2027 3028 Ῥώ-

458 3077 563 3131 μης
595 3059 882 3122 ἐνίζονται.
909 3061 1056 3131 Αὕτη
1089 3063 1148 3116 δὲ
1191 3064 1268 3131 τῷ
1301 3066 1522 3136 πάππα.
1585 3069 1764 3121 Πᾶσαι
1813 3071 1920 3140 ἄρα
1949 3069 2026 3140 τῷ

2116 619 2170 662 et
2221 623 2470 662 summus
2523 607 2763 676 pontifex
2804 604 2990 666 sentit,
3033 604 3124 670 qui
3175 603 3322 656 illius
3353 616 3688 656 commemo-

2120 703 2380 754 rationem
2419 715 2528 754 non
2584 700 2729 752 facit.
2787 696 3250 750 Commemoratio
3299 697 3480 764 itaque
3534 695 3681 746 illius

2121 792 2260 844 inter
2317 792 2601 844 Missarum
2669 791 2932 844 solemnia
2976 787 3219 844 facienda
3281 796 3386 840 est.
3451 786 3517 838 Et
3568 785 3681 837 haec

2120 883 2262 935 illius
2291 884 2576 948 memoria,
2615 898 2720 936 non
2754 891 2812 935 ut
2842 883 2916 936 illi
2955 882 3132 934 honor
3175 878 3546 946 impcmlatur,
3601 875 3680 934 ﬁt,

2120 974 2212 1026 sed
2244 983 2302 1026 ut
2331 974 2424 1040 qui
2456 974 2605 1026 illum
2635 979 3102 1034 commemorant,
3136 971 3230 1024 uni
3265 967 3544 1022 catholiem
3575 965 3686 1019 Ec-

2121 1065 2302 1118 clesiae
2354 1064 2632 1117 uniantur.
2665 1063 2844 1118 Veluti
2896 1063 3043 1116 enim
3096 1062 3149 1116 in
3201 1059 3440 1115 exercitu
3494 1059 3684 1111 decem

2122 1157 2324 1210 milites
2357 1155 2644 1209 decurioni
2682 1157 2736 1208 in
2774 1171 2940 1207 unum
2977 1155 3262 1214 uniuntur,
3295 1158 3349 1204 et
3379 1151 3566 1204 det-em
3595 1148 3690 1200 dc-

2121 1245 2376 1300 curioues
2425 1244 2755 1308 centurioni,
2790 1253 2843 1296 et
2896 1242 3084 1297 decem
3139 1241 3488 1294 centuriones
3537 1236 3690 1290 mille

2123 1339 2356 1392 militum
2385 1337 2664 1407 pra-tecto,
2697 1347 2754 1392 et
2784 1337 2932 1391 mille
2978 1337 3211 1389 militum
3253 1333 3540 1402 przel'cctus
3589 1332 3691 1383 du.-

2122 1427 2256 1482 ctori
2313 1427 2614 1487 exercitus,
2668 1427 2822 1480 multi
2871 1441 3004 1480 vero
3049 1424 3326 1480 exercitus
3390 1431 3444 1474 ct
3498 1435 3687 1474 eorum

2121 1519 2290 1574 duces
2319 1519 2414 1572 uni
2440 1519 2552 1586 regi
2579 1528 2634 1573 et
2657 1517 2995 1586 imperatori,
3057 1517 3130 1570 ita
3159 1526 3212 1571 et
3241 1517 3293 1570 in
3327 1513 3418 1568 Dei
3448 1513 3690 1567 Ecclesia

2123 1607 2202 1662 ﬁt.
2237 1607 2375 1662 Sunt
2408 1610 2553 1662 enim
2588 1607 2744 1668 nobis
2783 1606 3142 1660 decurionum
3169 1605 3286 1657 vice
3327 1601 3690 1670 parmciarum

2123 1698 2456 1762 sacerdotes,
2501 1709 2558 1752 et
2587 1697 2946 1753 centuriones
3000 1695 3286 1766 episcopos
3329 1709 3436 1746 non
3488 1695 3695 1746 incom-

2125 1787 2286 1842 mode
2329 1785 2718 1856 appellaveris,
2749 1785 3196 1855 archiepiscopos
3251 1783 3399 1837 mille
3457 1783 3688 1836 militum

2125 1881 2454 1952 praefectos:
2504 1879 2760 1933 ductores
2805 1893 2940 1932 vero
2991 1891 3310 1944 magnorum
3347 1876 3687 1928 exercituum

2124 1988 2350 2042 magnos
2382 1987 2484 2042 ego
2529 1971 2852 2038 divinosque
2913 1967 3254 2038 patriarchas
3302 1976 3515 2034 reputo.
3549 1966 3689 2034 Papa

2123 2081 2256 2120 vero
2286 2072 2374 2118 est
2412 2064 2580 2118 veluti
2607 2063 2865 2118 Ecclesia:
2897 2062 3194 2128 imperator
3227 2067 3282 2112 et
3325 2073 3439 2114 rex.
3479 2055 3596 2112 Dixi
3633 2067 3693 2110 ut

2125 2171 2240 2216 rex,
2275 2169 2451 2224 neque
2480 2154 2626 2208 extim
2660 2161 2923 2224 tyrannus
2945 2161 3050 2218 est,
3098 2150 3190 2220 qui
3219 2150 3290 2204 ita
3322 2147 3694 2203 annuentilms

2125 2247 2361 2302 subditis
2409 2247 2659 2315 imperat.
2713 2245 3061 2314 Quapropter
3110 2256 3236 2296 cum
3286 2242 3352 2295 de
3401 2241 3581 2304 aliqua
3633 2253 3694 2292 re

2129 2343 2456 2409 theologica.
2489 2342 2605 2396 sive
2634 2339 2702 2392 de
2745 2339 2810 2392 iis
2842 2353 2965 2408 quae
2993 2339 3058 2392 ad
3099 2337 3332 2392 salutem
3385 2332 3698 2388 necessaria

2126 2445 2276 2496 sunt,
2305 2433 2534 2502 quaestio
2567 2433 2846 2496 inciderit,
2877 2445 2988 2484 non
3021 2429 3136 2498 ipse
3175 2427 3404 2498 judicat,
3438 2423 3533 2478 sed
3574 2422 3693 2491 plu-

2127 2528 2266 2580 rium
2301 2525 2592 2592 praesulem
2630 2523 2914 2578 sententia:
2951 2520 3211 2575 insistens
3234 2557 3249 2579 ,
3278 2515 3546 2571 calculum
3596 2510 3696 2565 ad-

2125 2619 2241 2674 dit:
2273 2619 2440 2672 veluti
2484 2618 2584 2671 hac
2616 2626 2800 2670 nostra
2843 2623 3004 2668 aetate
3053 2623 3283 2680 magnus
3324 2605 3602 2676 Eugenius
3637 2603 3692 2656 in

2125 2710 2354 2780 synodo,
2381 2725 2504 2778 qua!
2553 2707 2622 2761 de
2669 2705 3018 2777 processione
3064 2700 3301 2772 Spiritus
3333 2695 3502 2752 sancti
3547 2709 3690 2764 quie-

2125 2799 2360 2854 stionem
2417 2809 2684 2860 moverat,
2734 2793 3004 2850 confecit:
3065 2800 3122 2845 ut
3151 2791 3260 2860 jam
3305 2787 3372 2842 de
3401 2787 3490 2841 illa
3545 2801 3698 2855 quar-

2125 2891 2302 2944 Stione
2337 2889 2608 2943 firmatum
2637 2887 2728 2950 sit,
2755 2895 2811 2940 et
2859 2882 3194 2939 anathemati
3226 2881 3561 2952 suhjaceant,
3599 2877 3692 2947 qui

2126 2981 2332 3052 synodo
2359 2977 2648 3035 Florentiae
2679 2989 2880 3034 coacta:
2933 2991 3038 3030 non
3085 2973 3365 3028 ohediunt.
3393 2971 3504 3024 Iloc
3535 2985 3694 3024 nam-

2126 3089 2232 3142 que
2269 3073 2322 3125 in
2363 3085 2460 3126 eos
2495 3071 2587 3139 qui
2618 3067 2966 3139 generalibus
3012 3064 3234 3136 synodis
3264 3077 3370 3116 non
3402 3059 3692 3117 obediunt.

458 3152 681 3222 πάππα.
713 3153 821 3208 Καὶ
855 3154 950 3244 διὰ
990 3153 1151 3208 τοῦτο
1179 3155 1228 3208 oi
1261 3157 1334 3225 μὴ
1367 3157 1618 3223 θέλοντες
1664 3161 1830 3214 αὐτοῦ
1852 3199 1868 3226 ,
1895 3163 2023 3216 ὅταν

2128 3163 2483 3218 constitutum
2517 3171 2620 3215 est.
2661 3159 2757 3215 His
2789 3158 3046 3213 omnibus
3091 3157 3248 3227 plane
3299 3161 3465 3224 patet,
3501 3165 3698 3221 papam

457 3244 557 3310 δεῖ,
579 3244 676 3296 καὶ
705 3243 780 3306 ὥς
807 3231 908 3312 δεῖ,
937 3247 1160 3317 μνήμην
1182 3249 1482 3314 ποιεῖσθαι,
1511 3251 1616 3322 ίδίᾳ
1642 3251 1893 3322 βουλήσει
1920 3253 2020 3320 τῆς

459 3339 588 3406 μιᾶς
610 3335 904 3407 καθολικῆς
930 3336 1256 3410 Ἐκκλησίας
1281 3343 1754 3412 άποκηρύττουσιν
1771 3345 2020 3409 ἑαυτούς.

2131 3270 2297 3308 unum
2321 3269 2465 3318 esse,
2492 3267 2598 3319 quo
2622 3251 2860 3306 Ecclesia
2895 3249 3165 3303 catholica
3189 3247 3242 3301 in
3267 3261 3433 3300 unum
3463 3244 3696 3312 cogitur.

2131 3347 2411 3403 Universae
2423 3345 2568 3400 enim
2584 3344 2841 3400 Ecclesiae
2861 3344 3116 3398 Romanae
3131 3343 3415 3404 tmiuntur,
3433 3340 3546 3407 ipsa
3571 3351 3700 3388 vero

458 3446 628 3502 papa.
657 3431 799 3502 Ergo
841 3432 1110 3488 universae
1159 3451 1330 3504 papae.
1391 3435 1574 3502 Quare
1613 3438 1708 3508 qui
1745 3437 1890 3494 illius
1943 3439 2550 3500 commemorationem,
2583 3454 2708 3494 cmn
2740 3453 2879 3508 epus
2917 3446 3020 3503 est,
3075 3443 3130 3490 et
3173 3435 3334 3489 modo
3389 3445 3497 3502 quo
3531 3428 3697 3483 adde-

459 3535 566 3590 cet,
592 3537 880 3598 respuunt,
940 3529 1160 3599 propria
1192 3529 1470 3586 voluntate
1512 3545 1632 3586 sese
1673 3531 1744 3588 ab
1787 3549 1896 3589 una
1923 3535 2194 3590 catholica
2232 3533 2468 3589 Ecclesia
2500 3533 2752 3602 ejiciunt.

535 3623 621 3679 ια’.
671 3625 794 3678 Ἔτι
819 3627 901 3679 δεῖ
925 3625 1141 3688 πάντως
1173 3625 1326 3688 τάξιν
1375 3621 1517 3680 εἶναι
1551 3630 1608 3679 ὲν
1651 3629 1718 3699 τῇ
1761 3630 2022 3700 καθολικῇ

467 3717 556 3770 καὶ
579 3717 1008 3788 μιᾷἘκκλησίᾳ.
1034 3717 1106 3771 Τὸ
1129 3717 1240 3789 γὰρ
1264 3719 1498 3774 ἄτακτον
1527 3719 1592 3771 ἓν
1619 3715 1758 3772 εἶναι
1782 3722 1842 3772 ob
1863 3719 2026 3772 δύνα-

469 3825 571 3864 σαι.
623 3811 814 3876 Ἡμεῖς
845 3811 902 3861 δὲ
935 3811 1014 3873 είς
1063 3813 1196 3880 μίαν
1229 3811 1506 3864 πιστεύειν
1540 3812 1868 3884 Ἐκκλησίαν
1897 3811 2026 3882 παρ’

463 3901 629 3955 αὑτιῦ
691 3903 785 3954 τοῦ
837 3903 1113 3972 Συμϐόλου
1171 3905 1534 3974 κελευόμεθα.
1601 3905 1764 3970 Τάξις
1817 3905 1872 3958 δὲ
1930 3904 2032 3958 οὐκ

464 3993 615 4048 ἔσται
643 3995 699 4048 ὲν
729 3997 843 4058 ταῖς
876 3995 1218 4064 ἐκκλησίαις,
1287 3997 1361 4068 μὴ
1398 3995 1566 4066 οὔσης
1623 3997 1768 4060 τινὸς
1811 3995 2034 4066 πρώτης

465 4088 556 4140 καὶ
611 4087 890 4156 δευτέρας.
958 4089 1156 4162 Πρώτη
1191 4088 1248 4140 δὲ
1295 4089 1464 4160 ήτῆς
1537 4089 1776 4160 Ῥώμης.
1841 4090 2028 4160 Ταύτῃ

465 4178 574 4247 ἄρα
633 4179 713 4232 δεῖ
740 4179 970 4232 ἕπεσθαι
1044 4181 1120 4243 ὡς
1156 4181 1456 4252 πρώτῃτῷ
1503 4181 1797 4252 ἀξιώματι,
1851 4183 1912 4235 οὐ
1968 4184 2034 4252 τῇ

465 4269 858 4338 ἀπαριθμήσει.
887 4269 962 4322 Τὸ
993 4271 1102 4341 γάρ
1135 4271 1356 4341 πρῶτον
1415 4273 1479 4340 τῇ
1515 4273 1895 4342 ἀπαριθμήσει
1926 4273 2030 4326 οὐκ

465 4359 578 4413 ἐστι
623 4359 702 4430 τῷ
737 4361 1028 4431 πράγματι
1061 4361 1298 4430 πρῶτον,
1353 4362 1492 4416 ἀλλὰ
1521 4367 1588 4434 τῇ
1633 4363 1884 4432 βουλήσει
1934 4363 2030 4416 τοῦ

463 4452 821 4522 ἀριθμοῦντος
839 4496 854 4520 ,
878 4453 958 4507 διὸ
984 4455 1080 4507 καὶ
1105 4455 1459 4524 μεταπίπτει,
1493 4456 1890 4524 μεταϐαλόντος
1932 4457 2028 4510 τοῦ

2204 3629 2290 3682 Η.
2323 3629 2612 3684 Praeterea.
2655 3628 2708 3680 in
2741 3623 3010 3679 catholica
3046 3631 3102 3677 et
3147 3637 3254 3674 uua
3303 3617 3542 3674 Ecclesia
3600 3630 3702 3670 nc-

2133 3720 2372 3776 cessario
2421 3719 2561 3774 ordo
2613 3717 2935 3787 requiritur.
2972 3714 3128 3781 Quod
3164 3712 3369 3767 etenim
3425 3709 3702 3761 inordina-

2137 3823 2250 3866 tum
2274 3821 2377 3874 est,
2431 3825 2601 3864 unum
2635 3825 2753 3864 esse
2785 3823 2891 3861 non
2925 3814 3138 3876 potest;
3179 3813 3234 3858 et
3267 3801 3427 3856 nobis
3461 3801 3512 3852 in
3537 3813 3699 3856 uuam

2131 3903 2433 3960 Ecclesiam
2496 3903 2742 3966 credere,
2771 3899 2840 3955 ab
2892 3899 3011 3970 ipso
3062 3895 3320 3968 Symbolo
3363 3891 3698 3965 pra‘cipitur.

2131 3996 2278 4052 Ordo
2323 4011 2455 4049 vero
2489 3995 2542 4048 in
2577 3993 2836 4048 Ecelesiis
2867 3991 3048 4046 nullus
3079 3991 3205 4052 erit,
3234 3989 3276 4043 si
3314 3989 3366 4042 in
3397 3985 3503 4040 illis
3528 3985 3702 4055 prima

2133 4096 2188 4140 ct
2232 4086 2469 4141 secunda
2525 4101 2634 4138 non
2686 4093 2789 4137 est.
2847 4082 3022 4137 Prima
3087 4089 3264 4133 autem
3309 4079 3550 4133 Romana
3597 4083 3700 4128 est.

2135 4178 2214 4234 llli
2263 4179 2429 4248 igitur
2477 4177 2555 4230 uti
2609 4174 2802 4246 prima:
2829 4173 3112 4242 dignitate,
3153 4185 3262 4223 non
3292 4167 3706 4224 enumeratione

2135 4269 2625 4326 obsecundandum
2657 4277 2762 4322 est.
2792 4267 2926 4320 Nam
2957 4264 3188 4334 primum
3219 4263 3274 4316 in
3291 4261 3706 4316 enumeratione

2135 4380 2194 4418 re
2223 4363 2453 4432 primum
2501 4375 2608 4414 non
2639 4369 2742 4418 est.
2784 4358 2878 4414 sed
2911 4356 3143 4410 arbitrio
3175 4363 3284 4409 stat
3311 4351 3704 4414 enumerantis,

2135 4463 2532 4526 preptcreaque
2568 4455 2804 4523 primatu
2857 4449 3082 4514 excidit,
3133 4449 3177 4503 si
3211 4460 3542 4502 enumerans
3585 4444 3708 4497 loco

460 4541 820 4613 ἁριθμοῦντης
864 4547 928 4597 τὸ
958 4544 1231 4616 δεύτερον,
1286 4545 1408 4618 ﬁt?)
1477 4548 1684 4617 τρίτον,
1729 4548 1760 4618 ἢ
1819 4549 1948 4602 ἄλλο
1975 4567 2024 4603 τι

2137 4549 2282 4604 illius
2329 4547 2627 4601 secundum
2673 4558 2766 4599 aut
2799 4545 3018 4599 tertium
3063 4539 3430 4597 collocaverit.
3461 4537 3706 4592 Romana

461 4635 584 4688 ἀντὶ
614 4633 705 4688 τοῦ
736 4635 978 4704 πρώτου.
1034 4635 1100 4688 Ἦ
1127 4635 1186 4689 δὲ
1207 4637 1306 4706 τῆς
1350 4637 1569 4708 Ῥώμης
1603 4636 1902 4711 Ἐκκλησία
1940 4643 2033 4693 καὶ

460 4721 530 4796 ἦν
565 4727 657 4779 καὶ
684 4727 798 4779 ἐστι
835 4727 930 4780 καὶ
978 4727 1134 4780 ἔσται
1169 4727 1360 4798 πρώτη
1421 4745 1610 4783 πασων
1643 4731 1750 4782 τῶν
1806 4731 2036 4799 Ἐκκλη-

463 4817 618 4872 σιῶν.
655 4819 765 4871 Καὶ
800 4821 827 4872 ὁ
855 4819 1057 4891 ταύτης
1083 4821 1194 4890 ἄρα
1251 4819 1457 4890 ποιμὴν
1516 4821 1729 4890 πρῶτός
1773 4822 1888 4874 ἐστι
1923 4822 2033 4874 τῶν

462 4909 736 4979 ποιμένων
767 4910 982 4964 πάντων
1011 4911 1111 4978 τῆς
1142 4911 1495 4982 Ἐκκλησίας,
1528 4912 1590 4965 οὐ
1617 4915 1680 4981 τῇ
1705 4913 2028 4982 άπαρθμή-

463 5017 568 5064 σει,
593 5001 730 5055 ἀλλὰ
760 5005 826 5072 τῇ
854 5003 1006 5073 ἀξίᾳ.
1039 5003 1251 5074 Ὥσπερ
1273 5004 1384 5074 γὰρ
1408 5006 1708 5076 Ἐκκλησία
1752 5005 1866 5075 ἔχει
1898 5007 2034 5074 πρὸς

473 5093 824 5164 Ἐκκλησίαν,
850 5095 994 5150 οὕτω
1023 5100 1118 5152 καὶ
1155 5099 1361 5170 ποιμὴν
1397 5099 1531 5166 πρὸς
1563 5102 1820 5166 ποιμένα.
1865 5091 2034 5160 Οὗτος

463 5185 572 5254 ἄρα
601 5189 748 5240 ἐστὶν
798 5190 826 5241 ὁ
857 5189 1100 5260 διάδοχος
1158 5191 1250 5244 τοῦ
1303 5191 1518 5262 πρώτου
1576 5191 1686 5242 τῶν
1720 5189 2035 5243 ἀποστόλων

465 5279 694 5348 Πέτρου.
727 5279 933 5344 Πάντες
962 5284 1068 5351 γὰρ
1093 5285 1140 5335 οἱ
1170 5283 1393 5352 μεγάλοι
1427 5285 1708 5352 ἀρχιερεῖς
1743 5281 1854 5334 τῶν
1900 5283 2034 5335 ἁπο-

465 5373 672 5425 acrile
707 5373 800 5425 καὶ
829 5373 1078 5441 λέγονται
1105 5377 1198 5428 καὶ
1236 5376 1341 5428 εἰσὶ
1365 5375 1599 5444 διάδοχοι
1624 5391 1638 5404 ·
1685 5375 1780 5426 καὶ⁵
1825 5375 1854 5424 ὁ
1881 5373 2033 5440 πρῶ-

415 5497 418 5510 .
461 5477 552 5522 τος
585 5463 873 5532 ἀρχιερεὺς
901 5464 1009 5532 ἄρα
1044 5465 1138 5516 τοῦ
1187 5465 1492 5534 κορυφαίου
1533 5464 1640 5516 τῶν
1692 5462 2029 5518 ἀποστόλων.

476 5551 770 5620 Ἐδόθησαν
807 5553 863 5604 δὲ
885 5555 939 5608 αι
980 5555 1124 5618 κλεῖς
1152 5555 1250 5625 τῆς
1303 5556 1582 5624 βασιλείας
1635 5553 1743 5606 τῶν
1789 5553 2035 5622 οὐρανῶν

468 5643 616 5710 μόνῳ
643 5642 866 5710 ἀμέσως
897 5643 972 5712 τῷ
1005 5643 1217 5715 Πέτρῳο
1255 5646 1350 5699 καὶ
1385 5644 1464 5714 τῷ
1512 5645 1709 5715 πάππα
1732 5644 1838 5713 ἄρα
1893 5643 2036 5696 κατὰ

462 5733 738 5802 διαδοχήν.
773 5733 928 5784 Ὅσοι
958 5731 1050 5786 οὖν
1075 5735 1182 5787 τῶν
1223 5735 1534 5804 ἀρχιερέων
1595 5733 1897 5802 δίεσχινται
1927 5734 2036 5785 ἀπὸ

605 5825 618 5846 1

465 5825 564 5893 τῆς
605 5825 932 5897 Ἐκκλησίας
989 5829 1088 5897 τῆς
1153 5827 1408 5899 Ῥώμηςξ,
1467 5829 1544 5898 μὴ
1601 5825 2032 5898 μνημονεύοντες

2135 4655 2264 4692 vero
2297 4637 2538 4692 Ecclesia
2583 4645 2640 4690 et
2691 4635 2816 4701 fuit,
2849 4645 2903 4689 et
2954 4645 3059 4700 est,
3102 4643 3156 4687 et
3186 4636 3292 4686 erit
3320 4633 3562 4684 omnium
3610 4629 3710 4682 Ec-

2135 4730 2426 4782 clesiarum
2458 4727 2656 4795 prima.
2707 4726 2857 4779 Illius
2890 4725 3056 4795 igitur
3107 4735 3296 4793 pastor
3325 4730 3411 4776 est
3461 4721 3710 4775 omnium

2139 4819 2392 4872 I'Ieclesite
2431 4827 2709 4888 pastorum
2737 4817 2968 4885 primus,
3007 4831 3115 4869 non
3151 4813 3590 4872 enumeratione,
3613 4811 3710 4865 sed

2135 4911 2419 4979 dignitate.
2477 4909 2564 4965 Uti
2601 4909 2747 4963 enim
2784 4923 2842 4962 se
2898 4908 3063 4961 habet
3117 4906 3360 4961 Ecclesia
3399 4904 3465 4958 ad
3523 4903 3714 4957 Eccle-

2135 5003 2292 5062 siam,
2327 5002 2398 5055 ita
2429 5013 2484 5055 et
2508 5011 2694 5071 pastor
2726 5000 2792 5054 ad
2822 5009 3115 5067 pastorem.
3161 4999 3259 5053 llic
3287 5013 3420 5067 ergo
3450 5007 3533 5050 cst
3567 4995 3711 5048 Petri

2133 5094 2508 5164 apostolorum
2535 5093 2796 5163 principis
2834 5107 3140 5146 successor.
3195 5091 3398 5146 Omnes
3441 5088 3716 5158 siquidem

2135 5188 2463 5256 insigniores
2515 5185 2776 5256 praesules
2835 5183 3208 5252 apostolorum
3261 5195 3606 5236 successores
3654 5189 3713 5233 ct

2135 5277 2418 5340 dicuntur,
2454 5289 2507 5332 et
2557 5287 2702 5330 sunt.
2741 5275 2809 5329 Et
2851 5275 3059 5344 prinms
3111 5274 3295 5340 itaque
3328 5273 3547 5341 praesul,
3579 5286 3713 5339 apo-

2136 5370 2400 5424 stolorum
2459 5369 2743 5439 principis.
2793 5367 3132 5421 Concreditae
3185 5381 3312 5420 vero
3365 5375 3492 5420 sunt
3545 5366 3698 5434 regni

2135 5461 2396 5516 cmlormn
2455 5461 2634 5514 claves
2686 5460 2785 5514 soli
2847 5459 3009 5512 Petro
3061 5458 3396 5523 immediate,
3439 5457 3607 5524 igitur
3653 5465 3711 5511 et

2139 5565 2290 5619 pana:
2340 5551 2646 5602 secundum
2685 5549 3110 5604 successionem.
3157 5547 3482 5612 Quicunque
3527 5546 3716 5613 itaque

2137 5639 2400 5710 pra-sules
2453 5640 2522 5693 ab
2583 5639 2827 5694 Ecclesia
2886 5639 3130 5692 Romana
3195 5638 3549 5697 dividuntur,
3603 5651 3712 5689 non

2138 5739 2653 5794 commen'iorautes,
2707 5740 2768 5785 ut
2822 5729 3082 5793 addecet,
3161 5728 3358 5783 summi
3408 5727 3710 5796 pontiﬁcis,

2140 5839 2248 5880 nou
2284 5824 2488 5881 haben.
2521 5823 2723 5880 claros.
2753 5823 2990 5890 Ideoque
3039 5832 3092 5878 et
3127 5823 3254 5889 ipsi,
3303 5835 3356 5878 ct
3408 5833 3596 5877 eorum
3621 5833 3716 5874 sc-
