4098 6430
506 327 609 390 851

1691 322 1943 385 GEDRG
1958 323 2011 383 lI
2051 321 2567 385 TRAPEZUNTII

3662 324 3766 391 852

500 449 745 493 ctzttores
773 438 1107 502 clamabunt,
1142 438 1389 503 Domine,
1430 438 1671 504 Domine,
1698 454 1870 509 apert,
1892 444 1951 491 et.
1979 450 2075 488 au-

2186 432 2276 486 τοῠ
2309 433 2481 504 ἄκρου
2518 432 2841 502 ἀρχιερέως,
2867 433 2943 497 ὡς
2986 433 3087 498 δεῖ,
3120 432 3219 486 οὐκ
3242 433 3567 504 ἔχουσι.τὰς
3594 435 3758 502 κλεῖς.

504 530 674 595 diem,
708 528 814 585 heu
848 530 1078 585 damnat
1113 528 1228 585 Non
1259 532 1378 585 novi
1408 547 1514 585 vos.

580 794 668 850 ιε.
705 793 810 849 Sed
867 794 1067 849 dixerit
1119 796 1257 849 forte
1294 794 1561 865 quispiam
1599 812 1613 848 :
1661 793 1816 851 Ultra
1856 795 2078 851 modum

508 903 703 956 papam
747 886 983 950 extollis,
1021 896 1078 941 et
1120 886 1174 941 in
1229 887 1455 942 deorum
1508 900 1742 942 numero
1801 889 2078 954 collocas;

505 988 562 1032 at
635 992 734 1031 nos
807 977 1103 1042 novimus,
1155 994 1281 1033 eum
1359 979 1639 1034 hominem
1686 994 1852 1046 esse,
1890 996 2081 1049 posse-

504 1083 612 1138 que
656 1077 714 1124 et
769 1069 1010 1138 peccatis
1063 1075 1119 1123 et
1173 1070 1452 1139 impietate
1503 1082 1800 1135 corruere;
1847 1071 2081 1142 ideoque

502 1176 628 1215 cum
678 1161 830 1229 sequi
898 1161 952 1215 in
1012 1162 1178 1217 rebus
1219 1162 1344 1217 ﬁdei
1387 1172 1498 1217 non
1552 1164 1914 1219 sustinemus.
1970 1162 2083 1218 lloc

504 1265 670 1314 porro
699 1250 900 1305 frustra
956 1257 1057 1306 est.
1087 1250 1334 1321 Namque
1370 1262 1645 1322 pastorem
1696 1254 1935 1324 aliquem
1980 1268 2083 1311 nos

456 1366 467 1378 -
504 1340 660 1408 sequi
716 1356 939 1396 necesse
984 1348 1092 1396 est.
1128 1342 1325 1397 Pastor
1374 1356 1505 1398 vero
1556 1343 1874 1414 quicunque
1917 1346 2087 1401 homo

505 1439 612 1491 est.
666 1431 951 1487 erroribus
998 1432 1292 1487 obnoxius.
1327 1433 1444 1488 lmo
1491 1441 1547 1488 et
1607 1435 1840 1506 singulis
1887 1436 2084 1505 diebus

507 1524 624 1588 ipse
651 1523 819 1577 veluti
860 1523 1025 1579 homo
1059 1522 1311 1595 deliquit.
1346 1524 1462 1581 Etsi
1515 1528 1598 1582 vel
1628 1542 1734 1582 una
1784 1529 1918 1584 hora
1970 1530 2080 1583 vita

506 1620 694 1667 nostra
752 1613 1097 1683 perduraret,
1143 1630 1324 1684 neque
1352 1631 1420 1671 eo
1476 1627 1725 1687 tempore
1775 1619 2082 1675 intamiuali

503 1719 631 1759 esse
666 1720 977 1775 possumus.
1010 1707 1213 1763 Verum
1265 1710 1333 1764 de
1375 1708 1461 1765 his
1496 1716 1657 1765 nemo
1688 1727 1787 1780 pro
1823 1724 1963 1782 papa
1995 1728 2084 1767 ra-

505 1801 715 1855 tionem
745 1803 960 1868 reddet,
989 1804 1084 1859 sed
1117 1804 1233 1874 ipse
1266 1819 1364 1874 pro
1392 1821 1450 1860 se
1474 1807 1847 1876 respondebit.
1872 1810 1948 1863 lta
1971 1818 2079 1875 est,

492 1891 713 1962 inquis,
771 1901 827 1947 at
869 1895 1015 1949 enim
1049 1895 1164 1949 ﬁeri
1212 1906 1415 1966 potest,
1450 1909 1510 1953 ut
1544 1913 1679 1968 papa
1704 1914 1860 1969 atque
1913 1910 2079 1965 atque

508 1980 677 2037 homo
727 1982 783 2037 in
838 1984 1088 2040 barresim
1144 1988 1504 2056 prolabatur;
1561 1998 1616 2044 at
1653 1989 1706 2044 in
1744 1990 1911 2047 rebus
1954 1991 2077 2047 ﬁdei

510 2070 828 2129 htereticum
882 2076 1035 2147 sequi
1070 2075 1150 2132 ius
1194 2094 1300 2134 non
1340 2090 1444 2136 est.
1472 2080 1673 2137 Verum
1701 2082 1984 2139 enimvero
2033 2085 2077 2139 si

509 2181 632 2235 qua:
660 2166 749 2221 ille
776 2169 959 2224 animo
987 2171 1231 2241 concipit
1257 2187 1364 2227 non
1395 2173 1713 2239 excluserit,
1747 2174 1886 2231 nihil
1919 2176 1972 2230 id
2010 2175 2077 2232 ad

508 2274 768 2329 gregem;
822 2276 1013 2315 eorum
1059 2262 1205 2316 enim
1250 2278 1373 2333 quae
1421 2264 1606 2320 animo
1639 2273 1888 2321 contecta
1927 2277 2078 2334 sunt,

509 2349 662 2405 solus
696 2348 838 2407 Deus
883 2348 1049 2421 jndex
1087 2363 1193 2409 est.
1229 2354 1433 2422 Quodsi
1465 2356 1935 2426 deprehendatur,
1969 2359 2081 2428 pel-

508 2441 657 2497 letur
701 2457 733 2496 e
779 2444 1038 2512 pastorali
1088 2445 1353 2517 dignitate
1399 2449 1468 2502 ab
1520 2447 1798 2516 Ecclesia;
1843 2465 2080 2520 namque

510 2548 676 2602 supra
704 2533 963 2602 diximus,
1000 2535 1178 2607 ipsum
1214 2539 1293 2593 uti
1323 2555 1503 2611 regem
1540 2539 1799 2597 Ecclesiae
1827 2557 2079 2611 praeesse.

511 2624 625 2680 Rex
659 2641 789 2681 vero
835 2643 944 2682 non
1004 2639 1182 2684 morte
1235 2641 1614 2702 tyrannorum.
1662 2632 1760 2688 sed
1801 2648 1994 2690 norma
2048 2649 2079 2688 a

508 2716 720 2789 legibus
775 2703 1065 2776 communi.
1114 2720 1327 2778 calculo
1366 2723 1707 2782 conﬁrmatis
1765 2727 2080 2797 praescripta

510 2820 711 2868 cuncta
757 2814 988 2883 peragit.
1050 2811 1160 2869 Lex
1206 2825 1390 2870 autem
1442 2812 1704 2872 Ecclesiae
1756 2827 1843 2873 est
1895 2816 2080 2874 divina

511 2903 816 2972 Scriptura,
874 2913 931 2960 et
984 2903 1156 2960 divini
1218 2904 1476 2961 doctores
1522 2906 1671 2963 illius
1728 2908 2079 2978 interpretes,

508 3010 747 3064 quorum
766 2997 1014 3064 vestigiis
1071 2994 1116 3051 si
1165 2995 1614 3067 deprehendatur
1642 3013 1752 3052 non
1802 2999 2078 3061 insistere.

468 3082 681 3142 ‘veluti
718 3101 919 3156 porcus
973 3087 1241 3144 silvestris
1300 3089 1580 3160 ejicietur.
1636 3089 1742 3146 Sed
1787 3102 1842 3146 et
1905 3086 2152 3163 ipsam‘c

511 3179 816 3234 Romanam
866 3179 1165 3235 Ecclesiam
1220 3179 1370 3236 dicet
1415 3182 1603 3237 nescio
1668 3185 1818 3253 quis.
1878 3184 2081 3240 Verum

513 3269 787 3341 propitius
836 3271 908 3328 sit
939 3272 1099 3327 Deus.
1135 3271 1481 3328 Credendum
1513 3274 1783 3345 siquidem
1825 3284 1930 3340 est,
1967 3275 2082 3329 ﬁeri
2118 3265 2123 3271 ’

512 3379 623 3419 non
653 3377 813 3433 posse
839 3375 899 3418 ut
931 3364 1174 3418 Romana
1226 3362 1493 3428 Ecclesia.
1532 3379 1655 3434 quae
1692 3366 1865 3435 prima
1896 3374 2002 3426 est.
2029 3375 2084 3421 et

514 3471 613 3526 per
643 3470 807 3526 quam
854 3456 1200 3521 universalis,
1233 3466 1293 3512 ut
1340 3472 1446 3511 una
1475 3455 1568 3521 sit,
1600 3455 1786 3519 habet,
1819 3457 1872 3512 in
1911 3457 2088 3513 haere-

514 3547 617 3601 sim
665 3545 904 3601 labatur.
953 3546 1170 3602 Etenim
1238 3546 1283 3602 si
1347 3556 1404 3602 et
1467 3545 1584 3617 ipsa
1637 3562 1763 3603 cum
1812 3548 2085 3605 haereticis

514 3638 874 3703 aherraverit,
916 3638 972 3693 in
1022 3653 1316 3708 quamnam
1367 3654 1532 3692 uuam
1584 3646 1643 3693 et
1698 3646 1948 3694 sanctam
1985 3656 2087 3696 nos

515 3724 813 3786 Christiani
840 3729 1173 3787 credemus?
1218 3729 1452 3786 Necesse
1486 3731 1635 3785 enim
1678 3733 1906 3787 omnino
1968 3742 2086 3788 erat

518 3822 679 3877 nobis
716 3821 883 3876 tradi
937 3821 1204 3876 divinitus
1239 3820 1536 3876 Ecclesiam
1576 3819 1812 3887 ﬁrmam,
1860 3824 2085 3879 minime

516 3913 807 3976 lubricam,
834 3921 891 3968 et
933 3910 1056 3983 qua:
1087 3913 1139 3967 in
1171 3914 1392 3982 pietatis
1427 3914 1783 3986 dogmatibus
1830 3914 1945 3970 falli
1975 3930 2084 3970 non

519 4012 723 4077 posset,
768 4014 830 4059 ut
884 4005 1237 4070 haberemus,
1286 4006 1354 4061 ab
1399 4008 1675 4063 haereticis
1718 4006 1916 4074 vexati,
1970 4008 2087 4062 sive

513 4100 681 4153 etiam
713 4112 812 4153 nos
838 4096 939 4167 ipsi
970 4096 1380 4165 addubitantes,
1419 4115 1528 4170 quo
1576 4115 1864 4169 possemus
1890 4099 2085 4167 confu—

514 4203 665 4258 gere.
706 4187 833 4243 Haec
881 4203 1012 4243 vero
1049 4197 1134 4244 est
1167 4189 1434 4245 Romana.
1473 4191 1772 4246 Audiamus
1805 4190 2084 4247 Christum

515 4282 898 4335 Servatorem:
951 4278 1025 4334 Tu
1077 4296 1130 4334 es
1180 4281 1386 4346 Petrus,
1426 4283 1627 4352 inquit,
1655 4293 1702 4336 et
1741 4299 1899 4352 super
1951 4286 2088 4337 hanc

515 4380 719 4437 petram
752 4369 1021 4440 ardiﬁcabo
1052 4371 1345 4428 Ecclesium
1400 4391 1592 4441 meam,
1632 4383 1682 4428 et
1718 4384 1883 4444 porta:
1924 4376 2087 4446 inferi

517 4479 623 4517 non
674 4462 1033 4534 prwvalebunt
1073 4465 1323 4520 adversus
1368 4483 1511 4521 eam.
1561 4466 1756 4521 Portus
1787 4467 1877 4521 hic
1928 4444 2087 4523 inferi
2124 4444 2165 4497 θ

516 4555 754 4610 haereses
780 4565 959 4618 vocat,
999 4562 1059 4610 ut
1116 4557 1301 4612 cuncti
1354 4556 1610 4613 doctores
1640 4561 1751 4612 ‘una
1787 4560 2086 4625 sententia,

516 4661 546 4700 a
606 4645 817 4716 Spiritu
876 4647 985 4702 illis
1030 4648 1472 4713 communicata,
1534 4650 1878 4719 interpretati
1940 4662 2087 4706 sunt.

515 4736 985 4791 Considerandum
1019 4753 1183 4807 porro
1222 4748 1330 4805 est,
1367 4754 1491 4809 quae
1523 4755 1586 4795 ex
1620 4724 1831 4813 magnis
1864 4744 2090 4800 sedibus

515 4844 581 4882 ac
614 4829 995 4895 patriarchicis
1020 4830 1313 4899 aliquando
1355 4831 1551 4886 lmresi
1588 4831 1946 4889 dehonestala
1980 4851 2086 4889 nou

516 4918 640 4972 init.
672 4918 840 4974 Extra
876 4918 1174 4974 Romanam
1224 4920 1382 4989 plane
1444 4922 1617 4977 nulla.
1666 4923 1724 4977 Id
1779 4939 1911 4993 vero
1951 4939 2091 4977 nun-

515 5025 677 5078 quam
706 5008 852 5064 illam
893 5023 1204 5078 perpessam
1245 5009 1439 5077 luissc,
1487 5004 1788 5067 humanum
1831 5013 2088 5080 equidem

512 5118 625 5157 non
651 5111 760 5166 est,
788 5099 885 5156 sed
910 5101 1178 5156 divinum.
1214 5101 1405 5158 Virtus
1430 5105 1577 5158 enim
1614 5104 1781 5168 illius,
1808 5106 1899 5174 qui
1936 5104 2089 5158 dixe-

515 5202 603 5249 rat
628 5211 641 5247 :
680 5193 747 5248 Et
774 5205 941 5264 porta:
962 5194 1121 5265 inferi
1142 5213 1245 5251 non
1283 5195 1643 5266 prmalebunt
1671 5199 1918 5252 adversus
1947 5213 2088 5259 eam,

515 5285 953 5350 conservavit,et
986 5286 1335 5343 conservabit
1358 5288 1530 5359 ipsam
1559 5297 1827 5359 praeterea
1862 5289 2089 5344 maculae

514 5381 571 5427 et
618 5373 761 5429 labis
814 5387 1121 5447 expertem.
1172 5378 1528 5450 inculpatam,
1580 5379 1980 5441 intaminatam,
2023 5378 2092 5432 ab
2146 5430 2154 5439 ,

514 5465 665 5519 oinni
697 5464 888 5522 haeresi
919 5467 1406 5539 disjunctissimam
1434 5513 1449 5537 ,
1482 5481 1807 5542 rectamque
1840 5469 2090 5523 veritatis

520 5554 892 5624 interpretem.
933 5554 1014 5617 Ob
1041 5562 1157 5617 lucc
1193 5564 1400 5627 omnia,
1437 5562 1532 5633 qui
1568 5562 1637 5617 ab
1665 5578 1728 5617 ca
1762 5561 2090 5633 scjungitur,

517 5654 669 5699 extra
711 5649 1037 5705 catholicam
1071 5651 1369 5707 Ecclesium
1396 5654 1565 5724 degit.

599 5735 677 5788 l5.
714 5738 847 5792 Volo
873 5749 1053 5797 autem
1091 5743 1143 5797 id
1173 5759 1390 5812 quoque
1427 5746 1476 5798 in
1509 5745 1761 5814 praesenti
1790 5759 2089 5813 exponere,

2177 523 2276 576 Διὰ
2310 524 2469 577 τοῦτο
2513 524 2610 577 καλ⁵
2655 524 2810 577 αὐτοὶ
2862 525 2956 577 καὶ
2987 525 3037 577 οἱ
3071 524 3515 587 ἀκολουθοῦντες
3576 527 3762 592 αὐτοῖς

2178 612 2442 680 κράξουσι
2466 612 2586 680 μὲν,
2620 615 2818 681 Κύριε,
2859 614 3057 680 Κύριε,
3095 597 3372 677 ἄνοιξον-ο
3432 615 3762 671 ἀκούσονται

2178 703 2256 768 δὲ,
2282 703 2383 770 φεῦ
2410 703 2510 772 τῆς
2546 705 2751 777 ζημίας
2777 706 2791 759 l
2830 707 2953 759 Οὐκ
2987 703 3123 760 οἴδα
3152 704 3329 774 ὑμᾶς.

2253 793 2343 862 ιβ’.
2377 794 2522 848 Ἀλλ’
2560 795 2692 860 ῐσως
2718 794 2862 849 είποι
2906 812 3011 859 τις,
3049 797 3124 860 ὡς
3151 796 3286 850 Λίαν
3318 794 3641 860 ἐκθειάζεις
3671 797 3763 849 τὸν

2183 885 2416 941 πάππαν
2447 885 2535 940 σύ.
2576 887 2773 954 Ἡμεῖς
2796 886 2854 941 δὲ
2899 887 3192 963 άνθρωπον
3240 883 3383 941 εῖναι
3448 888 3550 942 καὶ
3599 888 3764 943 αὐτὸν

2180 976 2421 1045 οἴδαμεν,
2454 976 2700 1049 ἁμαρτίᾳ
2725 978 2819 1032 καὶ
2872 977 3192 1050 βλασφημία
3225 978 3537 1049 δυνάμενον
3592 994 3765 1033 κατα-

2183 1063 2437 1133 ποθῆναι.
2469 1065 2572 1118 Διὰ
2599 1066 2759 1119 τοῦτο
2781 1066 2876 1120 καὶ
2914 1066 3241 1120 ἀκολουθεῖν
3283 1068 3441 1139 αὐτῷ
3464 1069 3616 1123 κατὰ
3665 1070 3766 1141 τὴν

2185 1158 2367 1212 πίστιν
2395 1159 2496 1213 οὐκ
2537 1160 2937 1230 ἀποδεχόμεθα.
2986 1161 3151 1215 Ἀλλὰ
3193 1161 3353 1215 τοῦτο
3404 1162 3566 1215 οὐδέν
3592 1164 3745 1217 ἑστιν

2195 1250 2435 1319 Ἀνάγκη
2458 1251 2567 1322 γάρ
2601 1250 2837 1304 ἕπεσθαι
2874 1252 3100 1317 ποιμένι
3129 1251 3255 1305 τινί.
3301 1250 3524 1321 Ποιμὴν
3559 1251 3619 1305 δὲ
3659 1253 3768 1315 πᾶς

2184 1338 2473 1409 ἄνθρωπός
2531 1344 2649 1395 ἐστι
2710 1343 2986 1412 σφαλῆναι
3038 1341 3363 1413 δυνάμενος.
3438 1345 3662 1398 Μᾶλλον
3710 1345 3768 1399 δὲ

2184 1430 2309 1492 καθ’
2341 1433 2553 1502 ἡμέραν
2611 1434 2707 1486 καὶ
2760 1433 2924 1496 ἀύτὸς
2952 1434 3270 1502 ἁμαρτάνει
3309 1434 3387 1498 ὡς
3451 1434 3767 1505 ἄνθρωπος.

2186 1523 2249 1576 El
2275 1526 2381 1594 γὰρ
2410 1526 2506 1580 καὶ
2531 1525 2630 1595 μία
2659 1523 2775 1596 ὥρα
2797 1528 2824 1578 ὁ
2860 1526 2973 1596 βίος
2997 1525 3148 1591 ἄπας
3179 1528 3433 1598 ὑπῆρχεν
3465 1529 3624 1598 ἡμῖν,
3672 1528 3767 1583 ού-

2185 1614 2373 1686 δαμῶς
2403 1616 2507 1683 ἐξω
2546 1616 2719 1687 ρύπου
2741 1611 2881 1672 εἶναι
2906 1616 3207 1688 δυνάμεθα.
3245 1617 3415 1672 Ἀλλὰ
3461 1620 3596 1689 περὶ
3645 1618 3770 1672 τού-

2190 1725 2298 1760 των
2334 1707 2510 1772 οὐδεὶς
2561 1707 2704 1776 ὑπὲρ
2731 1709 2826 1762 τοῦ
2854 1709 3054 1763 πάππα
3082 1709 3244 1763 δώσει
3277 1708 3468 1778 λόγον,
3525 1709 3646 1764 ἀλλ’
3676 1710 3772 1764 αὖ·

2183 1804 2271 1863 τὸς
2302 1799 2444 1868 ὑπὲρ
2471 1799 2663 1853 ἑαυτοῦ
2693 1800 3188 1872 ἀπολογηθήσεται.
3216 1800 3350 1866 Ναὶ,
3385 1801 3582 1869 φασιν,
3633 1800 3768 1855 ἀλλὰ

2185 1890 2409 1944 δυνατόν
2439 1892 2685 1946 ἐστικαὶ
2728 1890 2938 1963 αἱρέσει
3003 1892 3333 1961 συσχεθῆναι
3384 1893 3482 1945 τὸν
3533 1893 3768 1947 πάππαν

2190 1983 2265 2046 ὡς
2297 1983 2603 2053 ἄνθρωπον.
2635 1984 2907 2053 Αἱρετικῷ
2926 1983 2972 2036 δ’
3001 1983 3320 2036 ἀκολουθεῖν
3383 1984 3454 2038 τὰ
3485 1984 3637 2038 κατὰ
3689 1986 3771 2037 πίο

2182 2090 2301 2127 στιν
2330 2077 2387 2128 οὐ
2415 2075 2658 2144 θεμιτόν.
2698 2074 2843 2128 ’Λλλ’
2870 2077 2919 2128 εἱ
2950 2074 3050 2145 μὲν
3082 2075 3182 2129 οὐκ
3239 2076 3476 2130 ἐκδώσει
3507 2078 3576 2130 τὰ
3602 2078 3660 2130 ἐν
3698 2078 3765 2147 τῇ

2183 2166 2356 2237 ψυχῇ,
2385 2166 2535 2222 οὐδὲν
2566 2165 2703 2235 πρὸς
2731 2166 2792 2220 τὸ
2828 2167 3105 2237 ποίμνιον.
3133 2167 3255 2220 Τῶν
3288 2168 3404 2239 γὰρ
3432 2169 3492 2220 ὲν
3523 2170 3590 2236 τῇ
3624 2167 3767 2236 ψυκῇ

2180 2261 2579 2331 κεκρυμμένων
2613 2259 2771 2329 μόνος
2804 2261 2921 2314 ἐστὶ
2951 2263 3148 2332 κριτὴς
3174 2263 3200 2313 ὀ
3228 2260 3389 2323 Θεός.
3440 2262 3508 2318 Ei
3554 2261 3613 2315 δὲ
3661 2278 3769 2329 φω-

2185 2353 2503 2423 ραθήσεται,
2536 2353 2962 2423 ἐκδιωχθήσεται
3007 2354 3106 2423 τῆς
3177 2352 3561 2421 ποιμαντικῆς
3616 2352 3769 2419 ἀξίας

2183 2442 2339 2512 παρὰ
2367 2443 2467 2511 τῆς
2512 2441 2863 2511 Ἔκκλησίας.
2895 2445 3035 2515 ’Ἤδη
3091 2443 3201 2515 γὰρ
3237 2443 3560 2513 φθάσαντες
3622 2446 3771 2513 εἰρή-

2182 2550 2382 2603 καμεν,
2445 2535 2524 2596 ὡς
2557 2534 2784 2604 βασιλέα
2832 2531 2975 2591 εἱναι
3032 2536 3205 2591 αὑτὸν.
3245 2537 3344 2605 τῆς
3418 2537 3763 2613 Ἐκκλησίας.

2192 2625 2253 2679 Ὀ
2291 2625 2347 2676 δὲ
2384 2625 2634 2696 βασιλεὺς
2656 2627 2717 2679 ού
2741 2622 3105 2698 τυραννικῶς,
3148 2626 3287 2681 ἀλλὰ
3311 2633 3466 2683 κατά
3500 2630 3626 2690 τοὺς
3679 2643 3766 2679 τε·

2184 2718 2378 2783 θέντας
2409 2720 2563 2790 κοινῇ
2616 2719 2820 2789 νόμους
2884 2722 3060 2774 πάντα
3106 2721 3274 2774 ποιεῖ.
3327 2719 3516 2793 Νόμοι
3553 2723 3611 2776 δὲ
3667 2723 3765 2792 τῆς

2195 2810 2525 2882 Ἐκκλησίας
2559 2812 2592 2881 ἡ
2624 2810 2745 2865 θεία
2781 2810 2996 2884 Γραφὴ,
3021 2815 3117 2865 καὶ
3161 2812 3212 2865 οἱ
3237 2812 3518 2885 ἐξηγηταὶ
3563 2813 3765 2879 ταύτης

2183 2900 2234 2953 οἱ
2263 2897 2397 2954 θεῖοι
2431 2900 2765 2967 διδάσκαλοι,
2793 2896 2875 2963 οἷς
2927 2904 2977 2955 εἱ
3009 2900 3293 2973 φωραθείη
3326 2901 3408 2973 μὴ
3428 2902 3763 2963 ἀκολουθεῖν,

2182 2991 2258 3055 ὡς
2293 2993 2473 3059 μονιὸς
2503 2992 2690 3061 ἄγριος
2714 2992 3218 3062 καταϐληθήσεται.
3263 2993 3440 3049 Ἀλλά
3476 2996 3572 3049 καὶ
3601 2980 3765 3062 adripi

2183 3083 2284 3151 τὴν
2336 3082 2662 3149 Ἐκκλησίαν
2721 3084 2818 3152 τῆς
2853 3082 3074 3153 Ῥώμης
3123 3085 3288 3154 φήσει
3345 3100 3436 3145 τις
3501 3084 3567 3139 ἂν
3598 3081 3756 3137 ’ἀλλ’

2186 3173 2344 3236 ἵλεως
2370 3173 2455 3244 εἴη
2491 3173 2644 3239 Θεός’
2698 3175 2961 3230 ἀδύνατον
2991 3177 3098 3246 γὰρ
3131 3171 3275 3230 εἶναι
3328 3177 3624 3231 πιστεύειν
3661 3174 3763 3246 χρὴ

2185 3266 2397 3337 αἱρέσει
2454 3269 2777 3337 περιπεσεῖν
2817 3267 2916 3337 τὴν
2966 3267 3067 3336 τῆς
3134 3267 3356 3338 Ῥώμης
3435 3266 3764 3333 Ἐκκλησίαν

2188 3356 2416 3427 πρώτην
2445 3350 2697 3430 οὗσαν,ᾖ
2746 3358 2807 3409 τὸ
2840 3358 2970 3425 μίαν
3023 3348 3170 3411 εἶναι
3224 3359 3257 3427 ή
3318 3358 3590 3423 καθολικὴ
3631 3357 3760 3426 ἔχει.

2187 3448 2250 3501 Εἰ
2284 3449 2395 3520 γὰρ
2427 3450 2521 3501 καὶ
2571 3444 2711 3519 αὕτη
2773 3450 2991 3518 νοσήσει
3025 3448 3095 3503 τὰ
3144 3449 3253 3502 τῶν
3308 3450 3634 3520 αίρετικῶν,
3685 3450 3761 3509 είς

2185 3539 2348 3593 ποίαν
2370 3540 2501 3609 μίαν
2536 3557 2598 3595 τε
2655 3542 2750 3595 καὶ
2784 3542 2950 3609 ἁγίαν
2983 3539 3354 3613 πιστεύσομεν
3412 3545 3463 3597 οἱ
3502 3545 3760 3615 Χριστια-

2187 3634 2313 3700 νοί;
2355 3632 2509 3687 Ἔδει
2568 3631 2626 3685 δὲ
2661 3633 2881 3695 πάντως
2942 3633 3073 3702 μίαν
3122 3635 3257 3703 ἡμῖν
3296 3633 3527 3704 δοθῆναι
3584 3633 3759 3687 θεόθεν

2199 3724 2548 3795 Ἐκκλησίαν,
2578 3724 2819 3795 ἀσφαλῆ,
2846 3723 3094 3794 βεϐαίαν,
3152 3727 3229 3794 μὴ
3262 3725 3577 3798 δυναμένην
3629 3725 3759 3778 πλα-

2186 3814 2419 3887 νηθῆναι
2464 3817 2522 3868 ὲν
2576 3819 2691 3880 τοῖς
2722 3818 2820 3887 τῆς
2862 3817 3148 3881 εὐσεϐείας
3176 3818 3477 3886 δόγμασιν,
3516 3819 3583 3873 ἶν’
3623 3817 3759 3887 ἐχω-

2192 3926 2292 3977 μεν
2351 3908 2676 3972 διωκόμενοι
2741 3908 2892 3980 παρὰ
2952 3911 3064 3963 τῶν
3115 3910 3437 3981 αἱρετικῶν,
3491 3910 3654 3980 ﬂutat
3681 3908 3766 3962 αὓ-

2187 4001 2270 4053 τοὶ
2317 3998 2793 4071 ἀμφισϐητοῦντες
2864 4001 2959 4054 ποῖ
3010 4001 3442 4071 καταφύγωμεν.
3516 4001 3662 4068 Αὕτη
3714 3997 3765 4051 δέ

2188 4090 2413 4157 ἐστινὴ
2466 4088 2566 4157 τῆς
2635 4088 2882 4158 Ῥώμης.
2955 4088 3309 4160 Ἀκούσωμεν
3353 4090 3450 4144 τοῦ
3523 4089 3762 4157 Σωτῆρος

2191 4179 2448 4251 Χριστοῦ.
2494 4179 2576 4233 Σὺ
2602 4176 2657 4233 εἴ
2683 4181 2926 4248 Πέτρος,
2981 4182 3138 4250 φησι,
3171 4183 3270 4235 καὶ
3319 4183 3415 4236 ἐπὶ
3447 4184 3641 4249 ταύτῃ
3692 4175 3761 4243 τῇ

2188 4272 2372 4339 πέτρᾳ
2389 4271 2770 4341 οἱκοδομήσω
2803 4288 2918 4338 μου
2950 4271 3068 4340 τὴν
3101 4274 3501 4341 Ἐκκλησίαν,
3531 4274 3631 4329 καί
3661 4271 3757 4324 mi-

2187 4368 2289 4419 .iat
2307 4364 2457 4431 ᾅδου
2487 4366 2560 4418 οὐ
2590 4366 3075 4433 κατισχύσουσιν
3094 4366 3303 4435 αὐτῆς.
3342 4367 3528 4431 Πύλας
3561 4368 3617 4419 δὲ
3635 4363 3758 4437 ᾆδον

2192 4460 2295 4520 τὰς
2314 4457 2560 4527 αἱρέσεις
2598 4458 2769 4526 λέγει,
2823 4458 3128 4521 ὼςπάντες
3180 4459 3236 4512 οἱ
3300 4459 3616 4513 διδάσκαλοι
3668 4454 3757 4524 μιᾷ

2190 4550 2384 4622 γνώμῃ
2414 4554 2479 4621 τῇ
2510 4550 2661 4621 παρὰ
2682 4551 2779 4603 τοῦ
2829 4550 3152 4621 Πνεύμωτος
3203 4552 3570 4621 ἐξηγήσαντο.
3631 4549 3755 4601 Σκε-

2191 4643 2357 4694 πτέον
2380 4641 2437 4694 δὲ
2462 4642 2548 4704 τίς
2596 4659 2728 4694 ποτε
2753 4641 2864 4695 τῶν
2920 4643 3178 4711 μεγάλων
3247 4642 3456 4713 θρόνων
3521 4644 3617 4697 καὶ
3658 4655 3754 4692 τια-

2189 4732 2524 4802 τριαρχικῶν
2552 4733 2613 4785 οὐ
2641 4732 3080 4803 κατηκολούθησε
3113 4751 3244 4788 ποτε
3276 4736 3506 4806 αἱρέσει.
3542 4734 3753 4788 Πάντως

2190 4824 2361 4886 οὐδεὶς
2380 4826 2521 4895 πλὴν
2541 4826 2635 4879 τοῦ
2670 4825 2915 4896 Ῥώμης.
2951 4827 3024 4880 Τδ
3042 4826 3101 4881 δὲ
3131 4827 3401 4897 μηδέποτε
3451 4829 3608 4882 τοῦτο
3659 4836 3751 4874 πα·

2192 4916 2306 4969 θεῖν
2340 4917 2440 4970 οὐκ
2464 4914 2617 4970 ἔστιν
2642 4917 3010 4988 ἀνθρώπινον,
3038 4919 3177 4972 ἀλλὰ
3208 4919 3374 4972 θεῖον.
3444 4919 3508 4972 Ἦ
3537 4918 3643 4984 γάρ
3669 4910 3749 4963 δύ·

2193 5025 2359 5078 ναμις
2382 5008 2475 5062 τοῦ
2510 5009 2781 5073 είπόντος,
2809 5010 2917 5064 Kal
2947 5012 3136 5065 πύλαι
3171 5010 3323 5078 ᾅδου
3371 5013 3444 5066 οὐ
3471 5003 3750 5074 κατισχύ-

2190 5115 2414 5154 σουσιν
2471 5099 2685 5169 αὐτῆς,
2716 5100 2947 5168 ἐφύλαξε
2994 5104 3089 5155 καὶ
3128 5102 3355 5172 φυλάξει
3388 5102 3558 5173 αὐτὴν
3600 5099 3748 5153 ἄσπι-

2192 5192 2303 5259 λον,
2338 5190 2589 5261 ἄμωμον,
2624 5193 2888 5262 ἀμίαντον
2939 5195 3183 5265 αἱρέσει,
3240 5193 3642 5265 ὀρθοτομοῦσαν
3667 5185 3750 5238 τὸν

2192 5284 2350 5352 λόγον
2387 5283 2485 5353 τῆς
2512 5282 2792 5354 ἀληθείας,
2851 5287 3160 5342 Διάταῦτα
3214 5288 3394 5341 πάντα
3460 5291 3487 5341 ὀ
3516 5283 3589 5354 μὴ
3633 5283 3739 5331 ἀκα

2193 5374 2405 5430 λουθῶν
2457 5377 2595 5449 αὐτῇ
2655 5377 2761 5443 ἔξω
2834 5380 2954 5434 ἐστὶ
3009 5383 3109 5451 τῆς
3146 5381 3465 5449 ’καθολικῆς
3530 5372 3747 5440 ἘκκλτΓ

2198 5472 2337 5536 σίας.

2269 5739 2360 5812 ιγ’.
2400 5741 2667 5810 Βούλομαι
2697 5740 2754 5792 δὲ
2797 5741 3015 5793 κὶκείνο
3046 5738 3104 5792 τό
3136 5755 3196 5807 7e
3234 5738 3331 5793 νῦν
3360 5739 3480 5810 ἔχον
3513 5722 3739 5790 ἀναπτύ-
