4098 6444
495 322 600 394 855

1692 337 2026 396 GEORGII
2069 339 2593 401 TRAPEZUNTII

3723 345 3840 411 856

498 459 658 496 mana
717 446 1248 515 tactniequuaiur.
1300 447 1558 515 Reliquas
1585 458 1812 501 necesse
1863 457 1950 502 cst
2005 447 2076 502 ita

2192 446 2357 508 οὕτως
2385 448 2533 516 ἔχειν
2573 447 2894 515 ἀναγκαῖον.
2933 448 3177 519 Δευτὲρα
3209 448 3379 502 ἐστὶν
3431 449 3468 518 ἠ
3524 449 3634 518 τῆς
3673 453 3837 504 Κων..

501 534 814 605 disponere.
859 539 1110 592 Secunda
1149 549 1230 593 cst
1274 539 1908 608 Constantinopolitana,
1964 543 2088 610 quae

501 643 763 681 sensuum
831 631 1096 694 secuudo,
1133 631 1314 700 gustui
1371 631 1604 694 scilicet,
1639 629 2084 698 comparabitur;

498 718 590 774 ille
640 721 786 773 enim
843 730 964 790 post
1013 729 1214 775 tactum
1258 722 1461 792 primas
1500 722 1602 776 sibi
1637 722 1900 784 vindicat,
1939 723 2084 792 quod

496 821 676 866 tactus
695 812 1101 880 quodammodo
1119 814 1211 878 sit,
1240 823 1296 868 et
1319 825 1439 882 post
1464 822 1664 868 tactum
1683 813 1804 868 aliis
1830 814 2086 870 sensibus

492 905 664 971 magis
703 905 906 959 animal
949 916 1260 961 conservat.
1317 906 1382 960 Et
1439 900 2082 974 Constantinopo‘litanus

490 1005 615 1064 post
647 982 947 1050 Romanum
979 998 1030 1050 in
1071 997 1236 1051 rebus
1273 997 1661 1052 ecclesiasticis
1681 997 1912 1052 elTertur
1945 998 2084 1052 divi-

493 1102 686 1142 n0rum
710 1104 980 1143 canonum
1001 1091 1262 1155 sancitis;
1285 1091 1358 1145 ita
1392 1099 1453 1144 ut
1473 1090 1596 1144 aliis
1619 1090 1792 1144 trihus
1825 1090 2083 1145 Ecclesiis

493 1179 665 1232 tutius
720 1178 1369 1249 Constantinopolitanus
1411 1180 1712 1234 Ecclesiam
1747 1195 2080 1236 conservare

493 1271 638 1339 potis
691 1271 782 1336 sit,
834 1272 1297 1342 quemadmodum
1364 1282 1421 1328 et
1475 1285 1669 1343 gustus
1724 1274 1894 1343 magis
1948 1273 2074 1328 aliis

492 1364 774 1430 sensibus,
809 1381 976 1418 unum
1018 1365 1063 1419 si
1094 1365 1337 1435 excipias
1375 1375 1601 1427 tactum,
1638 1365 1862 1426 animal,
1918 1365 2067 1435 quod

495 1467 555 1509 et
607 1457 772 1510 rebus
823 1455 958 1524 ipsis
1020 1457 1278 1512 innotuit.
1341 1457 1412 1511 Ea
1459 1457 1734 1527 siquidem
1788 1458 1901 1512 sola
1959 1469 2080 1527 post

496 1548 787 1602 dissidium
815 1547 1148 1603 Orientalem
1205 1548 1499 1604 Ecclesiain
1527 1551 1837 1606 universam
1871 1550 2079 1605 consti-

497 1640 703 1705 tuebat,
757 1657 864 1694 non
923 1650 1071 1696 recte
1115 1641 1339 1710 quidem
1405 1657 1436 1696 a
1503 1641 1746 1696 Romana
1803 1652 2076 1712 separata,

496 1733 866 1788 «constituebat
895 1733 1279 1798 nihilominus,
1329 1733 1474 1801 quod
1512 1742 1664 1789 esset
1727 1733 1988 1790 Romana:
2021 1743 2078 1790 et

497 1826 612 1891 ipsa
642 1827 925 1897 exemplar
968 1828 1268 1896 quoddam,
1300 1826 1470 1884 veluti
1507 1834 1562 1882 et
1592 1838 1786 1897 gustus
1813 1835 1899 1882 est
1943 1843 2079 1898 quo-

496 1918 790 1974 dammodo
832 1930 1028 1974 tactus.
1049 1919 1234 1974 Tertia
1263 1919 1630 1974 Alexandrina
1655 1920 1815 1975 tertio
1832 1921 2079 1987 omnino,

496 2009 641 2064 visui
707 2025 941 2079 nempe;
1011 2023 1206 2079 quarta
1267 2011 1611 2066 Antiochena
1662 2011 1919 2077 auditui,
1985 2013 2079 2080 qui

496 2113 758 2169 quartum
791 2103 971 2158 locum
999 2112 1236 2172 occupat
1264 2103 1408 2157 inter
1426 2117 1624 2160 sensus
1653 2120 1668 2169 ;
1711 2105 1923 2174 reliqua
1952 2105 2082 2159 Hie-

498 2196 886 2266 rosolymitana
940 2205 1221 2265 postremo
1285 2195 1574 2259 odoratui,
1644 2207 1705 2250 ut
1764 2197 1905 2251 ratio
1965 2196 2080 2266 ipsa

500 2287 701 2355 poscit,
734 2287 1167 2356 comparabitur.
1194 2285 1288 2342 llis
1315 2295 1485 2355 patet,
1521 2285 1566 2342 si
1607 2297 1734 2341 ante
1765 2287 2081 2342 Graecorum

497 2377 735 2432 sehisma
770 2388 880 2432 tres
906 2377 1212 2434 Orientales
1237 2378 1494 2434 Ecclesiae
1520 2387 1785 2448 separata:
1825 2377 2078 2441 fuissent,

499 2480 679 2526 tamen
742 2471 835 2542 qui
899 2487 992 2527 eas
1041 2473 1336 2527 amiserant
1396 2471 1721 2533 Christiani,
1782 2470 2079 2526 orthodoxi

493 2565 752 2634 equidem
777 2575 953 2630 erant,
984 2567 1150 2621 reetis
1183 2565 1532 2637 dogmatibus
1552 2565 1784 2628 addicti,
1816 2565 1948 2620 licet
1971 2581 2079 2619 non

497 2674 892 2730 usquequaque
923 2659 1062 2715 bene
1094 2660 1362 2715 valerent.
1425 2659 1698 2712 Animalia
1724 2659 1929 2714 ctenim
1967 2658 2082 2726 ple-

497 2767 668 2820 raque
695 2761 826 2806 sunt
845 2767 1012 2810 caeca,
1047 2751 1314 2820 pleraque
1342 2749 1532 2811 surda,
1557 2750 1813 2819 pleraque
1848 2751 2081 2805 odoratu

493 2843 754 2910 spoliata:
795 2843 861 2898 Et
890 2844 1023 2898 licet
1057 2842 1236 2898 tribus
1264 2843 1351 2897 his
1399 2843 1656 2897 sensibus
1688 2842 1938 2912 privetur
1965 2843 2085 2897 ani-

494 2934 627 2998 mal,
663 2949 855 2989 rursus
883 2934 1084 2988 animal
1117 2943 1220 2988 est.
1270 2934 1454 3000 Quare
1482 2943 1540 2988 et
1567 2932 1868 2988 Christiani
1907 2933 2084 2988 tribus

496 3026 650 3082 hisce
725 3026 990 3082 Ecclesiis
1048 3026 1265 3094 privati,
1320 3025 1838 3094 llierosolymitana,
1896 3025 2086 3078 Antio-

2195 539 2728 604 σταντινουπόλεως’
2768 543 2836 610 τῇ
2883 540 3116 612 δευτέρᾳ
3162 543 3281 596 τῶν
3331 542 3682 611 αἰσθήσεων
3725 545 3841 615 ἄρα

2192 633 2608 702 εἰκασθήσεται,
2637 637 2703 706 τῇ
2737 634 2924 702 γεύσει
2965 635 3130 702 λέγω.
3176 637 3336 706 Αὐτὴ
3376 636 3503 704 γὰρ
3543 638 3699 705 μετὰ
3733 638 3841 705 τὴν

2192 721 2335 792 ἁφὴν
2371 722 2538 786 εὐθὺς
2573 723 2852 786 τάττεται,
2895 724 3030 778 διότι
3062 726 3173 796 ἁφή
3219 726 3311 788 τίς
3344 728 3508 792 ἐστι,
3545 727 3651 780 καὶ
3692 728 3844 795 μετὰ

2188 811 2289 883 τὴν
2341 813 2486 881 ἁφὴν
2521 813 2724 883 μᾶλλον
2771 815 2882 868 τῶν
2929 816 3106 871 ἄλλων
3155 817 3498 888 αἰσθήσεων
3564 819 3634 871 τὸ
3691 817 3844 882 ζῶον

2192 905 2468 972 συντηρεῖ.
2525 904 2634 959 Καὶ
2668 907 2695 958 ὀ
2729 907 3385 972 Κωνσταντινουπὸλεως
3423 909 3490 962 δὲ
3546 909 3708 977 μετὰ
3743 909 3843 963 τὸν

2187 994 2288 1060 τῆς
2341 993 2559 1064 Ῥώμης
2597 995 2656 1046 ἐν
2709 998 2820 1059 τοῖς
2863 996 3361 1068 ἐκκλησιαστικοῖς
3419 998 3841 1068 μεγαλύνεται

2188 1087 2478 1154 πράγμασι
2506 1086 2650 1140 κατὰ
2688 1087 2817 1150 τοὺς
2864 1088 3042 1150 θείους
3103 1090 3374 1154 κανόνας,
3411 1091 3576 1144 ὥστε
3619 1091 3843 1161 μᾶλλον

2185 1178 2283 1247 τὴν
2316 1180 2416 1248 τῆς
2455 1179 2870 1235 Κωνσταντίνου
2901 1181 3012 1235 τῶν
3059 1182 3266 1236 λοιπῶν
3321 1184 3521 1253 τριῶν
3577 1185 3841 1254 Ἐκκλη-

2187 1271 2320 1322 σιῶν
2356 1275 2648 1340 συντηρεῖν
2679 1273 2942 1328 δύνασθαι
2975 1276 3074 1346 τὴν
3116 1277 3503 1347 Ἐκκλησίαν,
3550 1275 3639 1340 ὡς
3671 1279 3777 1331 καὶ
3805 1278 3838 1348 ή

2187 1360 2373 1427 γεῦσις
2435 1365 2544 1416 τῶν
2596 1363 2752 1428 ζώων
2813 1365 3016 1432 μᾶλλον
3065 1366 3176 1420 τῶν
3228 1366 3428 1420 ἄλλων
3489 1367 3838 1438 αἰσθήσεων

2186 1455 2327 1524 πλὴν
2355 1455 2454 1525 τῆς
2485 1457 2654 1527 ἁφῆς.
2685 1458 2866 1529 Ὅπερ
2908 1460 3003 1512 καὶ
3032 1459 3220 1523 αὐτοῖς
3263 1459 3532 1530 φανερὸν
3563 1460 3834 1530 ἀνεφάνη

2183 1550 2297 1609 τοῖς
2330 1549 2676 1617 πράγμασιν.
2731 1550 2884 1622 Αὕτη
2931 1551 3038 1620 γὰρ
3086 1551 3221 1622 μόνη
3259 1551 3419 1620 μετὰ
3475 1552 3548 1605 τὸ
3604 1552 3836 1622 σχίσμα

2183 1638 2282 1710 τὴν
2317 1641 2646 1708 ἀνατολικὴν
2687 1642 3019 1712 Ἐκκλησίαν
3073 1644 3299 1696 συνίστα
3338 1646 3575 1710 πᾶσαν,
3613 1647 3684 1699 οὐ
3722 1665 3832 1700 κα-

2183 1730 2290 1795 λῶς
2349 1731 2450 1802 μὲν
2502 1733 2836 1803 χωρισθεῖσα
2885 1735 2984 1801 τῆς
3017 1735 3117 1804 τῆς
3155 1734 3412 1806 Ῥώμης,
3477 1737 3735 1791 συνίστα
3770 1738 3832 1791 δὲ

2185 1825 2337 1894 ὅμως
2371 1825 2461 1877 διὶ
2499 1826 2562 1878 τὸ
2621 1826 2841 1896 Ῥώμης
2873 1823 3013 1880 εἶναι
3063 1829 3156 1882 καὶ
3199 1827 3387 1908 ⁵αὐτὴν
3442 1826 3638 1882 τῦπον
3675 1831 3827 1896 τινὰ,

2184 1916 2375 1990 ὥσπερ
2405 1919 2498 1972 καὶ
2524 1919 2557 1989 ἡ
2583 1917 2774 1986 γεῦσις
2817 1921 2927 1990 ἁφή
2954 1937 3123 1988 ηπως.
3162 1919 3342 1991 Τρίτη
3381 1923 3419 1992 ἡ
3456 1921 3582 1976 τῶν
3631 1922 3826 1987 Ἀλεξ-

2184 2009 2419 2078 ανδρέων
2451 2011 2518 2080 τῇ
2561 2010 2722 2080 τρίτῃ
2750 2011 2992 2073 πάντως,
3020 2011 3142 2080 ἦτοι
3169 2013 3233 2081 τῇ
3267 2011 3479 2080 ὁράσει
3510 2026 3530 2044 ·
3565 2013 3826 2082 τετάρτη

2184 2101 2217 2170 ἡ
2243 2102 2340 2170 τῆς
2386 2101 2716 2171 Ἀντιοχείας
2745 2106 2812 2173 τῇ
2840 2105 2976 2174 ἀκοῇ
3001 2103 3142 2176 οὔσῃ
3167 2105 3425 2178 τετάρτῃ
3458 2105 3581 2160 τῶν
3617 2106 3826 2174 αἰσθή⁴⁹

2187 2209 2326 2245 σεων
2361 2207 2375 2222 ·
2416 2194 2510 2246 καὶ
2546 2194 2709 2262 λοιπὴ
2762 2194 2871 2263 ἄρα
2925 2197 2951 2266 η
3003 2195 3114 2248 τῶν
3161 2196 3594 2267 Ἰεροσολύμων
3645 2197 3822 2265 λοιπῇ

2191 2287 2258 2355 τῇ
2290 2285 2564 2356 ὀσφρήσει
2629 2286 2773 2340 κστὰ
2816 2288 2976 2355 λόγον
3009 2288 3483 2360 συγκριθήσεται.
3542 2289 3648 2343 Ἐκ
3695 2289 3825 2342 τού-

2183 2394 2293 2430 των
2338 2378 2586 2448 δηλονότι
2634 2381 2682 2432 εί
2715 2379 2820 2450 πρὸ
2865 2377 2960 2432 τοῦ
3009 2381 3118 2434 τῶν
3172 2381 3440 2451 Γραικῶν
3497 2381 3826 2452 σχίσματος

2183 2475 2335 2544 τρεῖς
2364 2475 2420 2526 ai
2461 2473 2812 2528 ’Δνατολικαὶ
2840 2474 3258 2545 ἀπεσχίσθησαν
3279 2493 3293 2508 ο
3323 2477 3496 2545 ὅμως
3529 2478 3584 2530 oi
3611 2476 3820 2531 ἀπολέ-

2186 2577 2381 2618 σαντες
2400 2559 2604 2624 ταύτας
2635 2562 2957 2630 Χριστιανοὶ
2983 2562 3260 2632 ὀρθόδοξοι
3285 2564 3352 2619 ἂν
3382 2560 3566 2637 ἦσαν,
3604 2565 3820 2631 ζῶντες

2189 2651 2290 2718 μὲν
2324 2653 2380 2704 ἐν
2417 2653 2727 2725 ὀρθοδοξίᾳ,
2756 2653 3062 2724 πάσχοντες
3089 2654 3136 2709 δ’
3164 2657 3336 2725 ὅμως.
3376 2657 3519 2712 Ζῶα
3549 2659 3670 2730 γάρ
3702 2660 3814 2712 eis;

2188 2744 2364 2798 πολλὰ
2415 2745 2631 2815 τυφλὰ,
2682 2746 2856 2802 πολλὰ
2905 2748 3088 2816 κωφὰ,
3145 2749 3316 2802 πολλὰ
3367 2751 3456 2822 μὴ
3496 2751 3814 2822 ὀσφραινό-

2192 2853 2350 2906 μενα.
2383 2838 2445 2890 Et
2475 2837 2531 2890 δὲ
2565 2838 2663 2892 καὶ
2702 2838 2812 2893 τῶν
2860 2840 3030 2910 τριῶν
3074 2840 3280 2894 τούτων
3313 2843 3651 2914 αίσθήσεων
3683 2860 3812 2896 στε-

2190 2927 2331 2998 ρηθῇ
2385 2928 2446 2980 τδ
2491 2928 2656 2993 ζῶον,
2716 2929 2884 2984 πάλιν
2936 2929 3074 2994 ζῶόν
3105 2933 3278 2994 ἐστιν,
3327 2931 3484 2986 ὥστε
3539 2932 3809 2994 καὶτοὺς

2189 3021 2556 3086 Χριστιανοὺς
2599 3021 2710 3076 τῶν
2754 3022 2923 3093 τριῶν
2977 3022 3344 3092 στερηθέντας
3410 3024 3801 3094 Ἐκκλησιῶν,

499 3125 696 3183 cbena,
758 3120 1151 3183 Alexan.lrina,
1198 3118 1428 3172 omnino
1459 3117 1753 3172 orthodoxi
1803 3116 2082 3172 nihilomi-

2201 3112 2618 3182 Ἰεροσολύμων,
2671 3114 3030 3184 ’Δντιοχεὶας,
3092 3113 3548 3185 Ἀλεξανδρείας,
3582 3116 3804 3188 ὁρθοδό-

500 3226 604 3264 nus
633 3221 780 3265 sunt.
813 3212 938 3266 Post
984 3225 1114 3264 vero
1140 3211 1458 3265 Grazeorum
1485 3209 1724 3264 schisma
1755 3209 1855 3263 soli
1885 3209 2082 3264 Roma-

498 3317 584 3356 nze
637 3301 892 3356 Ecclesia:
924 3300 1071 3354 salva
1102 3309 1158 3354 et
1207 3301 1416 3370 integra
1460 3309 1606 3354 recta
1645 3298 1900 3368 dogmata
1930 3277 2084 3353 ’ροη-

499 3403 808 3448 servantur.
835 3391 1080 3461 Namque
1109 3391 1312 3445 animal
1331 3391 1514 3447 adhuc
1539 3390 1804 3461 perdurat
1828 3387 2085 3444 sensibus

501 3485 643 3549 aliis,
674 3501 784 3554 pne
818 3499 929 3539 uno
978 3493 1124 3538 tactu
1178 3483 1492 3553 spoliatum.
1542 3481 1602 3536 Et
1639 3489 1803 3552 gustu
1864 3493 2086 3550 quoque

500 3576 805 3645 ili-perdito,
843 3576 1078 3630 vivimus
1113 3586 1298 3630 tamen
1335 3574 1454 3629 solo
1485 3582 1655 3627 tactu.
1706 3571 1762 3626 Si
1791 3573 1916 3642 quis
1961 3580 2083 3628 ete-

501 3670 616 3724 nim
661 3668 876 3724 edendo
917 3667 1267 3737 bibendoque
1294 3680 1544 3737 saporem
1571 3680 1682 3718 non
1720 3663 1955 3734 percipit
1993 3677 2090 3717 ne—

501 3775 609 3830 que
629 3759 868 3821 dulcem,
903 3773 1080 3828 neque
1115 3771 1385 3821 amarum,
1437 3769 1616 3825 neque
1647 3755 1879 3821 salsum,
1906 3767 2086 3822 neque

503 3852 744 3913 acidum,
795 3867 975 3921 neque
1041 3850 1304 3919 reliquos,
1341 3863 1483 3918 quos
1543 3855 1738 3918 gustus
1786 3846 2079 3915 diiudicat,

505 3945 767 4013 perdurat
799 3953 978 3998 tamen
1012 3942 1223 3997 etvivit
1244 3943 1512 3996 rationem
1540 3947 1874 4010 sequens,et
1896 3938 2084 3999 edens,

505 4049 558 4091 et
615 4039 833 4101 bibens,
891 4051 1002 4090 non
1063 4035 1346 4104 voluptate
1389 4042 1594 4096 motus,
1632 4033 1970 4087 sedtantum
2029 4039 2089 4084 ut

509 4131 674 4196 vivat,
713 4139 769 4184 et
789 4128 925 4182 vivit
957 4128 1202 4198 quidem,
1227 4126 1328 4181 etsi
1355 4142 1461 4180 non
1495 4123 1765 4195 jucunde,
1793 4133 1846 4179 et
1879 4124 2090 4193 absque

507 4222 844 4277 discrimine.
895 4220 988 4273 Sic
1044 4218 1213 4288 igitur
1256 4228 1314 4272 et
1347 4217 1592 4272 Romana
1635 4213 1880 4270 Ecclesia
1941 4221 2091 4268 recte

507 4313 730 4383 quidem
757 4313 824 4367 de
854 4311 1020 4367 rebus
1052 4310 1179 4366 ﬁdei
1228 4309 1430 4374 sentit,
1468 4308 1563 4363 sed
1593 4307 1800 4376 patitur
1824 4305 1946 4360 aliis
1987 4305 2090 4360 Ec-

508 4406 690 4460 elcsiis
748 4404 998 4475 spoliata.
1061 4401 1201 4458 Cum
1251 4417 1384 4456 vero
1431 4400 1585 4455 solus
1633 4406 1810 4453 tactus
1868 4397 2090 4452 animali

2191 3202 2314 3267 ξους
2346 3199 2485 3257 εἶναι
2518 3205 2758 3268 πάντως.
2793 3206 2948 3259 Μετὰ
2981 3206 3038 3258 δὲ
3080 3207 3175 3259 τοῦ
3209 3208 3316 3260 τῶν
3359 3208 3636 3280 Γραικῶν
3677 3209 3794 3280 σχί-

2190 3313 2400 3366 σματος
2453 3299 2590 3368 μόνῃ
2629 3299 2695 3369 τῇ
2737 3299 3039 3370 Ἐκκλησία
3068 3302 3166 3368 τῆς
3210 3299 3435 3371 Ῥώμης
3461 3305 3730 3374 τηρεῖται
3765 3303 3798 3369 ἡ

2186 3388 2467 3458 ὀρθοδοξέα
2525 3389 2640 3442 σώα
2691 3391 2786 3442 καὶ
2830 3391 3114 3460 ἀκέραιος.
3165 3392 3512 3450 Φυλὰττεται
3575 3395 3689 3466 γὰρ
3737 3395 3797 3448 τό

2188 3481 2328 3544 ζῶον
2361 3481 2549 3534 πασῶν
2582 3482 2849 3552 στερηθὲν
2900 3485 3009 3536 τῶν
3043 3483 3220 3538 ἄλλων
3272 3486 3600 3558 αἰσθήσεων
3655 3487 3796 3555 πλὴν

2189 3573 2357 3642 ἁφῆς.
2394 3573 2502 3625 Καὶ
2541 3572 2640 3643 τὴν
2673 3573 2868 3639 γεῦσιν
2902 3573 3012 3643 γὰρ
3056 3575 3456 3648 οάπολέσαντες,
3493 3580 3656 3648 ὅμως
3687 3579 3790 3642 ζῶ-

2193 3682 2292 3736 μεν
2331 3663 2466 3734 μόνῃ
2491 3667 2557 3732 τῇ
2591 3665 2724 3734 ἁφῇ.
2757 3665 2820 3717 Ei
2851 3666 2960 3736 γάρ
3006 3683 3091 3728 τις
3118 3668 3176 3719 ὲν
3205 3667 3283 3737 τῷ
3315 3669 3531 3724 ἐσθίειν
3578 3672 3676 3724 καὶ
3705 3669 3792 3721 πί-

2189 3773 2303 3808 νειν
2339 3755 2462 3823 μηδ’
2513 3753 2649 3815 ὅλως
2702 3753 3025 3808 αἰσθάνεται
3074 3755 3250 3826 χυμοῦ
3284 3774 3460 3821 τινος,
3503 3752 3625 3811 οἷον
3671 3757 3796 3824 ’γλυο

2190 3847 2336 3911 κέος,
2366 3845 2605 3916 πικροῦ,
2661 3848 2936 3918 ἁλμυροῦ,
2972 3847 3212 3913 ὸξώδους
3243 3849 3336 3900 καὶ
3387 3849 3509 3913 τῶν
3562 3847 3792 3911 λοιπῶν,

2160 3982 2163 3984 .
2189 3932 2264 3991 ὧν
2297 3939 2329 4009 ἡ
2354 3938 2544 4004 γεῦσις
2567 3937 2806 4007 διαρκεῖ,
2837 3939 2986 4007 ὅμως
3013 3938 3111 3992 καὶ
3138 3939 3204 4010 ζῇ
3239 3938 3316 4007 τῷ
3359 3939 3514 4012 λόγῳ
3555 3937 3793 3994 ἀκόλου-

2193 4033 2321 4096 Odm,
2357 4032 2452 4084 καὶ
2498 4029 2696 4085 ἐσθίων
2726 4031 2822 4085 καὶ
2862 4031 3059 4095 πίνων,
3097 4031 3198 4102 οὐχ
3232 4031 3395 4102 ἡδονῇ
3427 4032 3788 4101 κινούμενος.

2191 4127 2307 4180 ἀλλ’
2340 4127 2425 4179 ἴνα
2453 4127 2550 4197 ζῇ·
2590 4127 2688 4179 καὶ
2720 4127 2786 4196 ζῇ
2823 4126 2946 4194 μὲν,
2981 4126 3080 4197 οὐχ
3111 4126 3282 4197 ἡδέως
3313 4125 3395 4192 δὲ,
3436 4127 3568 4180 οὐδὲ
3599 4127 3790 4178 ἀνεπι-

2192 4219 2476 4280 κινδύνως.
2511 4216 2702 4278 Οὕτως
2745 4218 2854 4284 ἄρα
2895 4217 2989 4270 καὶ
3016 4221 3049 4288 ἡ
3077 4217 3178 4285 τῆς
3219 4208 3440 4289 Ῥώμης
3481 4212 3788 4284 Ἐκκλησία

2194 4310 2474 4380 ὀρθοδοξεῖ
2505 4311 2626 4380 μὲν,
2682 4312 2884 4379 πᾰσχει
2941 4309 2997 4362 δὲ
3057 4308 3171 4363 τῶν
3215 4309 3395 4364 ἄλλων
3437 4303 3790 4376 Ἐκκλησιῶν

2196 4403 2551 4474 στερηθεῖσα.
2591 4405 2746 4456 Ἐπεὶ
2777 4404 2832 4456 δὲ
2864 4403 3057 4473 μόνηή
3093 4402 3208 4472 ἁφὴ
3237 4403 3521 4470 ἀναγκαία
3556 4401 3680 4454 ἐστὶ
3712 4395 3788 4462 τῷ

512 4497 856 4552 necessarius
887 4496 979 4559 sit,
1013 4503 1074 4550 ut
1121 4493 1326 4548 animal
1352 4492 1444 4558 sit,
1472 4490 1672 4561 reliqui
1706 4506 1840 4546 vero
1864 4503 2087 4555 sensus,

2195 4493 2341 4562 ζώῳ,
2383 4492 2452 4546 ἵν’
2556 4494 2717 4559 ζῶον,
2763 4495 2818 4546 αἱ
2864 4493 2922 4546 δὲ
2958 4493 3147 4547 λοιπαὶ
3179 4493 3289 4546 τῶν
3325 4494 3662 4564 αἰσθήσεων,
3691 4489 3789 4555 οὐχ

512 4607 620 4646 non
646 4600 704 4645 ut
734 4588 936 4644 animal
963 4587 1059 4651 sit,
1083 4587 1178 4642 sed
1215 4596 1275 4642 ut
1305 4586 1446 4641 bene
1470 4595 1528 4640 et
1554 4584 1796 4654 jucunde
1839 4585 2008 4646 vivat,
2037 4591 2094 4638 et

513 4684 718 4753 absque
747 4680 1014 4752 periculo,
1038 4689 1094 4736 et
1118 4679 1232 4735 sola
1255 4679 1501 4734 Romana
1536 4677 1701 4731 tartui
1723 4685 2095 4746 comparetur,

514 4776 628 4831 sola
659 4775 825 4846 igitur
861 4774 950 4828 illa
975 4772 1084 4828 erit
1115 4771 1431 4828 necessaria
1490 4769 1828 4834 hominibus,
1861 4769 1955 4838 qui
2013 4783 2100 4823 re-

516 4881 658 4926 ctam
685 4881 849 4939 atque
881 4865 1246 4921 orthodoxam
1299 4863 1609 4918 doctrinam
1638 4862 1928 4916 ambiunt:
1967 4860 2098 4916 reli-

516 4981 638 5033 qua:
688 4977 820 5017 vero
875 4959 1132 5015 Ecclesiae
1206 4957 1273 5011 ad
1333 4957 1473 5012 bene
1524 4965 1580 5010 et
1642 4954 1862 5010 facilius
1937 4961 2102 5023 atque

519 5057 742 5112 suavius
791 5070 996 5110 reetam
1077 5054 1388 5109 doctrinam
1453 5051 1718 5107 tuendum
1776 5049 2104 5106 necessaria:

519 5147 865 5205 solummodo
921 5157 1105 5203 erunt.
1157 5145 1282 5200 Haec
1309 5146 1455 5201 enim
1500 5145 1684 5200 omnia
1741 5159 1810 5199 ex
1870 5143 2104 5196 adducta

521 5245 883 5299 similitudine
914 5249 1352 5313 consequuntur,
1392 5255 1556 5310 quam
1615 5239 1792 5296 sancti
1830 5239 2021 5293 Patres
2050 5244 2106 5288 et

521 5340 775 5392 doctores
798 5335 1057 5390 Ecclesia:
1101 5345 1395 5403 u~urpant,
1429 5333 1559 5387 dum
1583 5333 1831 5402 quinque
1882 5342 2107 5399 magnas

527 5429 798 5483 Ecclesias
828 5428 1072 5497 quinque
1112 5427 1409 5481 animantis
1470 5425 1727 5481 sensibus
1760 5431 2103 5492 comparant.

528 5523 686 5575 \‘clut
708 5522 855 5576 enim
881 5521 1085 5575 animal
1117 5529 1222 5580 est,
1258 5519 1403 5590 quod
1463 5535 1658 5574 sensus
1687 5518 1876 5578 habet,
1909 5526 1965 5570 et
1997 5529 2106 5568 non

528 5613 644 5680 ipse
685 5628 904 5672 sensus,
925 5612 1072 5667 aliud
1105 5612 1251 5668 enim
1307 5611 1512 5680 estqui
1552 5609 1820 5680 possidet,
1851 5617 1911 5662 et
1961 5605 2106 5659 aliud

528 5703 673 5769 quod
698 5702 1040 5771 possidetur;
1071 5703 1185 5773 pari
1218 5703 1379 5757 modo
1407 5717 1513 5755 non
1540 5711 1623 5754 cst
1661 5699 1930 5760 Ecclesia,
1963 5695 2106 5766 quod

537 5793 807 5848 Ecclesias
838 5795 1020 5861 habet,
1055 5795 1148 5850 scd
1185 5795 1530 5849 Christianus
1575 5792 1934 5848 orthodoxus.
1970 5792 2109 5847 Deti-

2200 4584 2270 4637 ἶν’
2368 4585 2532 4648 ζιῖονι
2560 4586 2678 4637 ἀλλ’
2707 4586 2774 4638 ἵν’
2805 4585 2866 4638 εὖ
2907 4585 3003 4638 καὶ
3034 4585 3205 4656 ἡδέως
3242 4584 3331 4655 ζῇ,
3363 4587 3458 4638 καὶ
3505 4587 3789 4638 ἀνεπικιν-

2197 4677 2484 4739 δυνΰτερον
2535 4678 2836 4745 ἀναγκαία.
2871 4679 2936 4730 Δί
2971 4677 3027 4730 δὲ
3075 4677 3262 4730 λοιπαὶ
3294 4678 3402 4746 τῶν
3447 4671 3789 4742 Ἐκκλησιῶν

2201 4768 2339 4839 πρὸς
2386 4770 2447 4820 τὸ
2493 4765 2553 4820 εὖ
2603 4767 2750 4838 ἔχειν
2807 4771 2900 4822 καὶ
2936 4771 3069 4840 ῥᾷον
3123 4769 3219 4823 καὶ
3259 4769 3433 4838 ἡδέως
3481 4762 3786 4839 ὁρθοδοξξῖν

2201 4863 2514 4929 ἀναγκαῖαι·
2551 4862 2711 4931 μόνον
2770 4862 2897 4914 εἰσί.
2959 4862 3150 4916 Ταῦτα
3205 4860 3316 4932 γὰρ
3372 4861 3550 4915 πάντα
3591 4860 3654 4910 ὲκ
3686 4852 3784 4919 τῆς

2202 4953 2516 5024 ὁμοιώσεως
2571 4953 2787 5018 ἕπεται,
2843 4955 2908 5023 ἢν
2941 4953 2992 5007 οἱ
3027 4955 3163 5008 θεῖοι
3215 4954 3460 5024 Πατέρες
3497 4951 3593 5004 καὶ
3644 4943 3782 4999 διδά-

2191 5048 2398 5101 σκαλοι
2430 5048 2532 5113 τῆς
2577 5046 2910 5116 Ἐκκλησίας
2945 5046 3248 5109 ποιοῦνται,
3287 5045 3385 5107 τὰς
3419 5045 3582 5096 πέντε
3619 5033 3785 5109 μεγά-

2204 5141 2302 5202 λας
2341 5139 2673 5209 Ἐκκλησίας
2717 5141 2833 5201 ταῖς
2866 5139 3029 5191 πέντε
3058 5138 3150 5191 τοῦ
3180 5136 3324 5202 ζώου
3357 5135 3649 5204 αἰσθήσεσι
3685 5141 3782 5178 πα-

2208 5231 2590 5302 ραϐάλλοντες.
2627 5230 2839 5298 Ὥσπερ
2896 5227 2990 5284 οὗν
3048 5231 3191 5295 ζῶόν
3241 5230 3358 5282 ἔστι
3413 5229 3473 5281 τὸ
3525 5227 3646 5294 ἕχον
3693 5218 3783 5275 τὸς

2208 5322 2515 5390 αἰσθήσεις,
2583 5321 2682 5373 οὐκ
2744 5321 3019 5390 αἴσθησις,
3061 5320 3191 5374 ἄλλο
3237 5320 3349 5388 γὰρ
3392 5319 3452 5370 τὺ
3504 5319 3646 5386 ἕχον,
3699 5307 3785 5359 καὶ

2207 5419 2336 5474 ἄλλο
2364 5417 2426 5472 τὸ
2445 5417 2703 5486 ἐχόμενον
2726 5433 2740 5448 ο
2763 5414 2938 5479 οὕτως
2967 5415 3070 5468 οὐκ
3112 5414 3410 5484 Ἐκκλησία
3441 5407 3640 5464 ὲστϊτὸ
3670 5405 3786 5470 ἔχον

2209 5511 2309 5572 τὰς
2351 5510 2718 5578 Ἐκκλησίας,
2773 5507 2890 5561 ἀλλ’
2924 5507 3202 5578 ὀρθόδοξος
3248 5505 3602 5576 Χριστιανός·
3647 5491 3782 5561 ’(ινρί’

2213 5607 2366 5668 {erat
2399 5603 2455 5657 δὲ
2489 5602 2551 5654 τὸ
2584 5601 2724 5666 ζῶον
2757 5602 2822 5671 τῇ
2856 5601 2970 5670 ἁφῇ
2996 5616 3010 5630 ·
3066 5597 3310 5668 ὁρίζεται
3345 5597 3456 5662 ἄρα
3509 5592 3602 5646 καὶ
3647 5589 3677 5654 ὴ
3705 5583 3786 5671 ἀρ’

2215 5694 2426 5758 Οθδίιξῗα
2469 5696 2532 5763 τῇ
2570 5687 2672 5758 τῆξ
2709 5689 2935 5760 Ῥώμης
2975 5687 3301 5757 Ἐκκλησία,
3348 5686 3421 5747 ὡς
3472 5679 3611 5735 εἶναι
3643 5666 3784 5742 ὀρθό-

2215 5785 2364 5852 ξοξον
2416 5787 2504 5838 τὸν
2555 5788 2620 5854 τῇ
2676 5783 2936 5855 ὁμολογίᾳ
2987 5783 3084 5852 τῆς
3130 5781 3421 5852 Ῥωμαίων
3466 5765 3777 5836 ἰεκκλησίαί
