4098 6412
300 459 412 521 857

1295 458 1390 516 DE
1438 457 1594 518 UNA
1642 457 1736 516 ET
1777 457 2206 518 C.\TlIOLlCA
2239 459 2622 522 ECCLESIA.

3457 468 3563 532 858

301 573 591 641 ἑπόμενον.
630 566 869 632 Σώζεται
904 566 958 619 δὲ
991 564 1164 627 οὐδεὶς
1201 565 1276 634 μὴ
1309 565 1614 634 ὀρθόδοξος.
1659 563 1864 617 ’Λδύνα-

1983 564 2132 618 uitur
2154 581 2286 620 vero
2315 569 2515 623 animal
2551 579 2718 634 tactu,
2768 572 3107 627 definiuntur
3148 585 3199 628 et
3241 576 3357 644 ipsa
3415 591 3560 633 recta

300 682 395 716 τον
425 663 533 731 ἄρα
566 661 803 729 σωθῆναι
831 659 922 711 τὸν
965 659 1039 728 μὴ
1070 660 1137 727 τῇ
1183 657 1480 728 Ἐκκλησία
1511 658 1608 725 τῆς
1649 656 1874 725 Ῥώμης

305 751 813 822 συνορθοόοεοῦντα.

1985 656 2236 725 dogmata
2295 657 2538 713 Ecclesia
2591 662 2834 715 Romana
2885 681 2898 726 ;
2967 675 3025 716 ut
3075 665 3416 720 ortliodoxus
3468 669 3560 721 ille

1988 757 2300 814 reputetur,
2331 752 2424 819 qui
2456 752 2713 806 Romana:
2748 755 3001 808 Ecclesia:
3039 756 3433 825 professionem
3469 775 3558 812 se-

308 851 516 919 quitur.
552 849 621 902 At
671 849 879 905 nullus.
925 847 1018 917 qui
1062 846 1400 901 ortliodoxus
1431 859 1541 900 non
1574 844 1667 910 sit,
1701 844 1930 898 salutem
1973 846 2346 914 consequitur.
2379 845 2518 900 Fieri
2569 863 2700 918 ergo
2743 867 2847 902 non
2883 859 3079 918 potest,
3109 862 3165 905 ut
3196 869 3336 906 unus
3362 853 3560 922 aliquis

304 946 468 1000 saluti
503 961 614 998 suae
668 945 974 1014 provideat,
1001 944 1092 1012 qui
1139 959 1262 996 eum
1300 943 1541 996 Romana
1592 941 1833 995 Ecclesia
1890 955 1996 993 una
2034 941 2369 996 ortliodoxus
2398 959 2501 996 non
2539 955 2640 998 est.

375 1039 454 1094 ιδ’.
488 1041 759 1109 Βούλομαι
782 1040 826 1092 δ’
851 1041 1038 1106 ἐπειδὴ
1064 1039 1220 1102 τάξιν
1239 1038 1326 1108 ἔχε
1339 1058 1386 1092 ιν
1413 1040 1513 1101 τὰς
1553 1039 1878 1109 Ἐκκλησίας

303 1133 367 1183 ὲκ
403 1130 509 1183 τῶν
554 1131 902 1200 πραγμάτων
948 1130 1127 1183 αὐτῶν
1185 1130 1281 1181 καὶ
1329 1129 1427 1198 τῆς
1475 1123 1875 1201 ὁμοιώσεως.ᾗ

303 1223 746 1292 παραϐάλλουσιν
776 1223 826 1274 oi
862 1224 994 1275 θεῖοι
1034 1221 1279 1291 [Ιατέρες
1312 1222 1482 1283 αὐτάς
1511 1224 1632 1284 ταῖς
1681 1221 1875 1288 αἰσθή-

304 1326 473 1373 σεσιν,
503 1308 888 1379 ἀπεδείξαμεν,
919 1309 980 1362 οὐ
1007 1311 1107 1378 τὴν
1140 1311 1261 1362 κατ’
1307 1310 1704 1382 ἀπαρίθμησιν,
1740 1311 1877 1364 ἀλλά

304 1387 698 1472 πραγματικῆν
732 1406 826 1454 καὶ
851 1400 1128 1472 ἀληθινὴν,
1159 1402 1282 1471 ἥτις
1315 1403 1460 1454 ἐστὶν
1485 1405 1516 1472 ἡ
1545 1402 1664 1454 κατ’
1693 1402 1871 1466 ἀξίανο

302 1496 363 1545 οὐ
405 1495 513 1560 γάρ
569 1494 799 1545 δυνατὸν
861 1493 1027 1563 ἄλλην
1076 1493 1108 1563 ἢ
1164 1495 1263 1562 τὴν
1322 1497 1444 1548 κατ’
1507 1495 1664 1561 ἀξίαν
1723 1494 1873 1560 τάξιν

301 1585 710 1656 πραγματικῶς
770 1584 917 1652 ἔχειν
973 1588 1071 1646 τάς
1133 1585 1482 1654 Ἐκκλησίας,
1539 1588 1695 1654 ὀλίγα
1750 1589 1874 1640 τινὰ

310 1682 436 1746 περὶ
493 1679 589 1745 τῆς
662 1679 1057 1745 πραγματικῆς
1129 1678 1332 1745 ταύτης
1395 1677 1601 1743 τάξεως
1671 1681 1870 1734 εἰπεῖν.

304 1768 480 1820 ID.sz
509 1771 615 1833 γάρ
636 1768 696 1818 οὐ
729 1767 969 1834 δύναμαι
1000 1769 1060 1819 τό
1089 1783 1152 1834 γε
1179 1765 1274 1818 νῦν
1307 1767 1430 1836 ἕχον
1463 1767 1647 1836 λέγειν
1667 1784 1681 1797 ⁸
1715 1765 1873 1821 τοῦτο

305 1861 405 1928 μὲν
425 1859 504 1928 τῷ
535 1857 714 1922 ἄλλοις
745 1856 1082 1927 ἐνοχλεῖσθαι
1113 1859 1354 1923 πολλοῖς,
1386 1859 1546 1912 τοῦτο
1573 1861 1628 1914 δὲ
1672 1861 1766 1912 καὶ
1797 1862 1872 1928 τῷ

2060 1039 2144 1092 Η.
2182 1039 2277 1093 Est
2311 1056 2476 1106 porro
2524 1042 2575 1094 in
2628 1042 2832 1103 animo,
2889 1058 3010 1096 eum
3043 1044 3293 1098 ordinem
3327 1061 3446 1098 esse
3501 1047 3554 1098 in

1984 1129 2263 1192 Ecclesiis,
2306 1148 2370 1185 ex
2427 1132 2590 1185 rebus
2632 1134 2786 1201 ipsis,
2839 1147 2893 1190 et
2924 1136 3300 1200 similitudine,
3329 1154 3433 1205 qua
3462 1153 3555 1192 cas

1982 1222 2370 1281 sanetiPatres
2398 1240 2520 1278 cum
2555 1227 2807 1280 sensibus
2830 1237 3167 1296 comparant,
3192 1231 3554 1293 ostendimus,

1983 1329 2094 1366 non
2145 1329 2271 1368 eum
2309 1315 2400 1384 qui
2453 1331 2519 1370 ex
2563 1317 2980 1371 enumeratione
3020 1321 3398 1384 consequitur,
3456 1323 3552 1375 sed

1984 1405 2182 1458 realem
2223 1417 2278 1460 et
2318 1423 2530 1472 verum,
2562 1408 2656 1477 qui
2711 1417 2794 1462 est
2849 1409 3153 1462 secundum
3196 1410 3552 1480 dignitatem;

1977 1509 2157 1563 neque
2183 1496 2330 1550 enim
2377 1498 2492 1551 ﬁeri
2522 1507 2727 1566 potest,
2761 1505 2818 1551 ut
2856 1498 3020 1552 alium
3052 1514 3215 1568 quam
3251 1501 3424 1564 illum,
3456 1503 3553 1568 qui

1975 1597 2042 1636 ex
2084 1584 2349 1653 dignitate
2395 1596 2498 1647 est.
2536 1588 2782 1640 ordinem
2839 1588 3018 1656 reipsa
3077 1588 3334 1644 Ecclesiae
3377 1593 3556 1660 possi-

1975 1672 2164 1736 deant,
2191 1690 2360 1742 pauca
2385 1677 2632 1745 quaedam
2687 1676 2754 1730 de
2796 1678 2929 1730 reali
2979 1677 3083 1730 hoc
3134 1679 3328 1732 ordine
3380 1680 3554 1733 disse-

1976 1771 2136 1832 rere}
2158 1780 2282 1820 cum
2311 1783 2416 1821 non
2457 1769 2610 1836 plura
2638 1769 2780 1823 vires
2807 1769 2858 1826 in
2900 1770 3189 1838 praesentia
3225 1781 3546 1840 suppetant,

1975 1865 2089 1910 tum
2145 1857 2293 1926 quod
2353 1859 2476 1913 aliis
2535 1861 2722 1914 multis
2766 1875 3096 1930 praegravor,
3130 1868 3243 1913 tutu
3296 1863 3440 1930 quod
3495 1852 3549 1916 in

305 1955 379 2020 μὴ
407 1951 696 2006 ἀσκεῖσθαξ
731 1968 841 2019 μοι,
873 1951 949 2014 ὡς
980 1951 1263 2019 βούλομαι,
1293 1951 1385 2003 τὸν
1420 1951 1660 2018 Ἕλληνα
1687 1950 1864 2017 λόγον.

1974 1948 2152 2016 lingua
2178 1949 2385 2010 Gra'ca,
2409 1960 2467 2004 ut
2499 1951 2713 2015 vellem,
2738 1953 3011 2005 exercitus
3042 1967 3149 2005 non
3175 1951 3274 2006 sim
3295 1955 3550 2020 ;.quando

302 2044 412 2096 Καὶ
454 2043 587 2096 αὐτὸ
619 2044 725 2114 γὰρ
765 2043 825 2095 τὸ
871 2046 1164 2114 χαράττειν
1209 2045 1337 2106 τοὺς
1380 2041 1732 2113 Ἑλληνικοὺς
1760 2042 1870 2095 τῶν

301 2134 644 2203 γραμμάτων
699 2135 1054 2204 χαρακτῆρας
1101 2133 1363 2204 δυσχερές
1409 2134 1501 2203 μοί
1532 2135 1674 2188 ἐστι.
1710 2132 1772 2186 Εί
1815 2132 1870 2185 δὲ

299 2226 476 2298 δοθείη
515 2227 604 2294 μοί
636 2243 763 2279 ποτε
809 2227 994 2296 σχολὴ,
1027 2226 1222 2296 γρίψω
1256 2227 1567 2290 Δατινικῶς
1601 2227 1730 2297 περὶ
1761 2226 1870 2278 τῶν

298 2317 562 2370 τοιούτων
598 2317 958 2386 πλατύτερον,
1005 2316 1197 2387 ὥσπερ
1227 2318 1320 2370 καὶ
1351 2321 1479 2388 περὶ
1515 2319 1690 2372 ἄλλων
1741 2318 1870 2371 πολε

300 2408 406 2460 λῶν
429 2423 442 2437 ·
471 2407 555 2460 ἵνα
581 2409 629 2460 εί
660 2409 752 2460 καὶ
774 2407 942 2477 μηδὲν
965 2406 1113 2472 ἀλλο,
1137 2409 1475 2478 ἁμαρτωλῶν
1495 2409 1666 2462 ὄντων
1688 2411 1865 2480 ἡμῶν,

299 2499 433 2553 ἀλλὰ
459 2499 588 2567 γοῦν
615 2499 684 2552 τά
708 2499 805 2567 τῆς
845 2498 1156 2568 ὀρθοδοξίας
1186 2502 1282 2568 τῆς
1310 2500 1588 2569 ἡμετέρας
1621 2502 1698 2562 είς
1739 2501 1868 2570 ὄφε-

299 2593 387 2654 λος
437 2590 547 2643 τῶν
584 2591 880 2660 μετέπειτα
934 2593 1322 2662 περιφέρηται.
1361 2593 1572 2664 Ὠσπερ
1606 2593 1715 2662 γάρ
1762 2594 1868 2664 χρὴ

298 2683 736 2753 ἐξομολογεῖσθαι
784 2683 883 2745 τὰς
921 2683 1056 2745 ίδίας
1090 2683 1370 2754 ἁμαρτίας
1404 2683 1495 2736 τόν
1515 2700 1577 2750 γε
1610 2684 1870 2752 Χριστια-

296 2777 425 2838 νδν,
483 2773 624 2826 οὕτω
681 2775 775 2827 καὶ
825 2776 921 2843 τὴν
984 2775 1295 2844 ὀρθοδοξίαν
1347 2774 1512 2828 αὑτοῦ
1574 2775 1868 2844 κηρύττειν

297 2869 616 2936 ἀναγκαῖον,
645 2865 718 2928 ὡς
740 2865 873 2936 παρ’
895 2866 1061 2920 αὑτοῦ
1090 2867 1451 2936 δεδιδάγμεθα
1472 2866 1565 2919 τοῦ
1593 2867 1862 2936 Σωτῆρος.

305 2959 702 3028 Ὀμολογήσειν
731 2959 841 3028 γάρ
875 2959 1273 3026 ἐπαγγέλλεται
1304 2957 1616 3029 ἔμπροσθεν
1637 2957 1732 3010 τοῦ
1759 2960 1868 3011 [Ια-

292 3052 421 3121 τρδς
449 3052 574 3112 τοὺς
626 3049 1023 3118 ὁμολογοῦντας
1076 3051 1238 3103 αὐτὸν
1295 3050 1604 3120 ἔμπροσθεν
1634 3049 1745 3101 τῶν
1777 3053 1864 3103 άν-

297 3142 554 3212 θρώπων.
587 3141 755 3206 Τάξις
782 3138 874 3194 οὖν
902 3144 1050 3193 ἐστιν
1097 3145 1155 3192 ὲν
1189 3145 1253 3212 τῇ
1298 3141 1594 3210 Ἐκκλησία
1631 3141 1693 3193 οὐ
1745 3141 1864 3192 κατ’

295 3235 673 3306 ἀπαρίθμησιν
697 3276 711 3296 ,
774 3233 912 3288 ἀλλά
944 3234 1330 3304 πραγματικὴ,
1366 3233 1426 3284 οὺ
1460 3231 1698 3300 φύσεως,
1750 3232 1865 3283 ἀλλ’

295 3324 474 3389 ἀξίας.
503 3325 615 3393 Τῆς
645 3325 702 3378 δὲ
732 3324 1124 3394 πραγματικῆς
1150 3321 1359 3388 τάξεως
1387 3321 1544 3375 τοῦτο
1571 3322 1700 3375 ῖδιόν
1724 3323 1862 3391 ἐστι,

293 3419 354 3468 τὸ
379 3418 626 3488 προέχειν
654 3417 761 3468 τῶν
788 3417 1070 3485 ἑπομένων
1098 3415 1166 3468 τά
1182 3415 1438 3484 ,πρότερα
1455 3429 1469 3444 ο
1498 3409 1610 3466 οἷον
1635 3414 1695 3466 τὸ
1717 3413 1866 3483 πρῶ-

293 3523 385 3559 τον
415 3508 574 3568 εὐθὺς
607 3509 826 3561 πάντων
865 3507 973 3559 τῶν
1005 3507 1123 3576 μετ’
1153 3507 1352 3571 ἐκεῖνο,
1399 3503 1496 3558 καὶ
1521 3504 1584 3557 τὸ
1612 3503 1864 3573 δεύτερον

297 3599 638 3668 ἐξῃρημένον
667 3598 762 3651 τοῦ
797 3595 1010 3668 πρώτου
1042 3599 1261 3652 πάντων
1290 3598 1398 3652 τῶν
1426 3596 1646 3666 ἑφεξῆς,
1676 3583 1771 3650 καὶ
1799 3596 1862 3649 τὸ

293 3693 472 3759 τρίτον
505 3691 710 3760 ὁμοίως
754 3694 864 3745 τῶν
918 3691 1062 3744 κατά
1112 3688 1311 3744 ταῦτα.
1362 3689 1462 3742 Διὰ
1491 3688 1651 3742 τοῦτο
1691 3688 1862 3758 ήτὼν

304 3785 698 3854 Ἱεροσολύμων
737 3785 1033 3856 Ἐκκλησία
1069 3785 1280 3854 ἐσχάτη
1313 3781 1446 3835 οὖσα
1474 3785 1540 3853 τῇ
1581 3781 1732 3846 τάξει
1764 3782 1862 3832 αὑ-

292 3877 390 3944 τὴν
449 3878 620 3945 μόνην
656 3877 986 3948 κυϐερνήσει
1023 3879 1117 3930 καὶ
1151 3877 1412 3946 οὐδεμίαν
1465 3875 1578 3941 ἕξει
1611 3873 1863 3939 ἐξουσίαν

292 3970 434 4022 κατά
459 3969 567 4021 τῶν
601 3969 798 4024 ἄλλων.
847 3969 912 4022 'H
960 3968 1016 4022 δὲ
1066 3969 1164 4036 τῆς
1229 3967 1558 4036 Ἀντιοχείας
1597 3965 1731 4034 πρὸς
1762 3965 1862 4033 μὲν

290 4064 388 4124 τὰς
426 4064 848 4132 προηγουμένας
878 4062 1032 4114 οὐδὲν
1058 4061 1308 4123 δύναται,
1340 4059 1533 4129 καιροῦ
1556 4058 1611 4111 δὲ
1635 4056 1862 4111 καλοῦνο

290 4169 379 4214 τος
428 4152 718 4222 δυνήσεταί
771 4169 894 4206 τινα
953 4152 1091 4222 μετὰ
1145 4151 1243 4220 τῆς
1290 4151 1401 4202 τῶν
1452 4148 1858 4219 Ἰεροσοὶύμων.

290 4239 417 4296 υἶὸν
448 4262 499 4296 τι
552 4245 714 4310 λέγω.
769 4246 1046 4316 Ἀφορίζει
1095 4246 1123 4296 ὁ
1160 4243 1268 4296 τῶν
1310 4241 1704 4313 Ἰεροσολύμων
1752 4257 1859 4292 πα-

289 4323 733 4408 τριάρχηςτινά.
777 4337 832 4390 ’0
876 4337 932 4389 δὲ
978 4335 1319 4404 καταφεύγει
1351 4336 1443 4385 ἐπὶ
1473 4333 1564 4385 τὸν
1594 4333 1692 4404 τῆς
1740 4333 1860 4385 Ἀν-

291 4431 548 4499 τιοχείας.
604 4429 735 4481 Λύει
787 4425 978 4481 τοῦτον
1011 4428 1256 4490 ἐκεῖνος,
1307 4423 1478 4493 μηδὲν
1535 4423 1645 4475 τῶν
1684 4423 1862 4476 ἄλλων

290 4521 621 4584 ποιούντων,
685 4519 718 4588 ἢ
784 4517 1075 4586 λεγόντων.
1131 4514 1282 4586 Ἀρά
1347 4516 1422 4578 ὡς
1479 4515 1861 4584 ἀφωρισμένον

1973 2045 2029 2090 et
2065 2038 2208 2106 ipsas
2239 2038 2551 2093 Grzetarum
2591 2041 2901 2094 litterarum
2951 2050 3108 2093 notas
3159 2056 3386 2095 e\arare
3415 2058 3549 2110 per-

1973 2127 2197 2182 difticile
2234 2130 2366 2184 mihi
2396 2132 2466 2183 sit
2496 2149 2508 2183 :
2545 2132 2688 2200 quod
2729 2133 2769 2185 si
2793 2133 3014 2185 dabitur
3037 2132 3327 2200 aliquando
3349 2134 3546 2198 otium,

1973 2220 2042 2274 de
2066 2220 2134 2274 iis
2168 2220 2356 2276 iisdem
2389 2223 2554 2276 rebus
2595 2223 2829 2277 scribant
2880 2223 3070 2278 Latine
3104 2226 3298 2290 fusius,
3347 2242 3542 2293 quem-

1972 2310 2264 2366 admodum
2294 2315 2486 2383 scripsi
2512 2324 2565 2369 et
2591 2317 2656 2370 de
2688 2316 2814 2370 aliis
2861 2316 3085 2380 multis;
3125 2327 3203 2382 ut,
3239 2320 3344 2371 etsi
3403 2318 3538 2372 nihil

1971 2403 2144 2469 aliud,
2196 2421 2319 2458 eum
2379 2406 2595 2476 ﬂagitiis
2652 2423 2966 2474 oneremur,
3028 2410 3216 2464 saltem
3259 2426 3380 2479 qua:
3441 2425 3545 2465 nos

1973 2507 2121 2549 recte
2141 2496 2430 2560 sentimus,
2473 2497 2538 2550 ad
2593 2509 2933 2567 posterorum
2975 2501 3261 2554 utilitatem
3301 2502 3540 2556 circum-

1971 2583 2238 2640 ierantur.
2297 2585 2382 2640 Uti
2434 2589 2580 2640 enim
2629 2588 2998 2643 Christianum
3040 2591 3270 2646 addecet
3323 2594 3540 2661 propria

1970 2678 2217 2731 conﬁteri
2249 2695 2360 2748 pec.
2382 2691 2488 2744 ata,
2523 2681 2593 2732 ita
2636 2690 2691 2733 et
2716 2681 2989 2748 propriam
3026 2690 3228 2734 rectam
3269 2690 3432 2751 atque
3462 2684 3544 2735 in-
3611 2684 3613 2686 ’

1973 2777 2174 2837 tegram
2215 2769 2281 2822 de
2314 2771 2478 2824 rebus
2523 2769 2646 2822 fidei
2696 2769 3044 2838 dogmatibus
3078 2771 3330 2839 evulgare
3379 2770 3542 2825 debet

1969 2857 2314 2918 sententiam,
2351 2867 2410 2911 ut
2437 2857 2503 2910 ab
2534 2858 2650 2926 ipso
2679 2857 2968 2913 Servatore
3001 2868 3190 2912 nostro
3219 2859 3540 2922 didicimus,

1968 2948 2060 3015 qui
2093 2948 2358 3016 promittit
2383 2963 2440 3001 se
2464 2963 2644 3001 eorum
2682 2947 2838 3002 Patre
2889 2949 3267 3005 confessurum
3304 2949 3423 3002 illos
3445 2950 3542 3018 qui

1968 3052 2092 3090 eum
2118 3052 2302 3090 coram
2332 3035 2646 3091 hominibus
2668 3038 3104 3102 conﬁtebuntur.
3135 3037 3232 3092 Est
3268 3039 3455 3107 itaque
3486 3040 3542 3092 in

1969 3129 2197 3183 ecclesia
2227 3129 2364 3182 ordo
2382 3145 2489 3182 non
2537 3130 2976 3194 enumeratione,
3018 3129 3112 3183 sed
3143 3145 3223 3197 re,
3283 3118 3544 3184 non'na-

1971 3234 2127 3288 tune,
2155 3221 2248 3276 sed
2280 3221 2582 3291 dignitatis.
2638 3221 2819 3275 iteulis
2853 3239 3016 3292 porro
3044 3222 3255 3276 ordinis
3308 3223 3359 3275 id
3411 3237 3547 3292 pro-

1975 3312 2150 3381 prium
2171 3319 2269 3372 cst,
2290 3313 2468 3380 priora
2499 3311 2562 3363 iis
2583 3326 2703 3380 quae
2750 3320 3185 3378 consequuntur,
3205 3312 3539 3378 prtecellerc,

1972 3403 2202 3468 exempli
2251 3402 2451 3470 gratia,
2506 3403 2740 3470 primum
2789 3403 3053 3455 continuo
3101 3402 3378 3467 omnibus,
3423 3418 3546 3470 qua:

1972 3504 2094 3562 post
2129 3494 2259 3547 illud
2299 3505 2446 3555 sunt,
2473 3503 2528 3547 et
2581 3493 2908 3555 secundum,
2943 3508 3054 3547 uno
3083 3503 3312 3561 excepto
3341 3495 3542 3562 primo,

1971 3582 2248 3648 omnibus,
2290 3597 2410 3651 qua:
2472 3593 2583 3635 tuin
2632 3582 2758 3634 inde
2789 3591 3168 3642 numerantur,
3196 3591 3251 3633 et
3319 3587 3540 3635 tertium

1971 3671 2223 3725 similiter
2248 3673 2316 3726 iis
2343 3688 2463 3740 qua:
2508 3672 2808 3724 secundum
2855 3671 2988 3724 illud
3038 3683 3184 3724 sunt.
3242 3671 3540 3738 Propterea

1970 3760 2456 3832 Hierosoiyuiitana
2511 3760 2774 3823 Ecclesia,
2829 3774 2951 3818 cum
3003 3760 3074 3812 sit
3135 3763 3378 3812 omnium
3443 3776 3540 3828 po-

1970 3862 2172 3907 strema
2202 3853 2418 3915 ordine,
2453 3853 2800 3920 semetipsum
2855 3851 3024 3905 solam
3063 3852 3410 3921 gubernabit,
3438 3869 3540 3906 nec

1973 3945 2139 3998 ullam
2169 3945 2220 3996 iu
2257 3946 2496 4013 reliquas
2520 3943 2791 3996 Ecclesias
2827 3943 3210 3996 auctoritatem
3233 3943 3536 3998 adhibebit.

1968 4037 2309 4092 Antiochena
2332 4053 2459 4106 erga
2483 4051 2576 4090 eas
2608 4053 2728 4105 qua:
2758 4050 2879 4090 sese
2904 4035 3244 4104 praecedunt,
3275 4034 3367 4104 jus
3415 4037 3541 4089 nul-

1969 4128 2081 4184 lum
2111 4128 2213 4182 sibi
2236 4127 2526 4180 vendicat:
2570 4129 2614 4180 si
2649 4139 2768 4179 sese
2806 4135 2986 4178 tamen
3018 4123 3200 4177 tulerit
3266 4126 3486 4180 occasio
3519 4167 3537 4191 ,

1969 4220 2229 4276 nonnulla
2261 4221 2314 4274 in
2346 4218 2895 4288 Hierosolymitanam
2928 4217 3229 4271 exercebit.
3295 4215 3538 4287 Exempli

1967 4327 2131 4368 causa
2155 4322 2390 4382 ponatur
2418 4330 2431 4366 :
2470 4311 2783 4366 Patriarclia
2829 4309 3358 4380 Hierosolyinitanus
3389 4326 3539 4365 com-

1967 4407 2228 4461 munione
2259 4405 2499 4460 lidelium
2527 4405 2764 4473 aliquem
2815 4404 2994 4472 privat
3033 4405 3167 4459 :ille
3218 4405 3284 4458 ad
3348 4406 3539 4460 Antio-

1968 4501 2207 4556 chenum
2255 4498 2520 4568 confugit,
2575 4499 2831 4565 huncque
2877 4497 2993 4562 ille,
3043 4498 3182 4551 nihil
3245 4499 3366 4554 aliis
3426 4498 3539 4553 eiii-

289 4587 732 4681 ἀποστρέφεσθαι
763 4611 871 4680 χρὴ
904 4611 995 4662 τὸν
1026 4608 1218 4679 ἄνδρα,
1263 4606 1413 4679 ἢοῠς
1449 4607 1677 4680 Μεγάλῃ
1710 4608 1860 4676 φωνῇ

1970 4591 2263 4655 cientibus,
2304 4599 2400 4643 aut
2463 4589 2934 4650 annuntiantibus,
2967 4587 3024 4640 in
3095 4589 3535 4642 communionem

289 4703 482 4773 κράξω
508 4702 570 4753 τὺ
590 4699 806 4765 δοκοῦν,
832 4703 882 4752 εὶ
920 4701 1134 4768 ἀνάγκη
1167 4716 1262 4768 μοι
1305 4699 1457 4751 ἔσται
1505 4699 1663 4750 τοῦτο
1709 4712 1859 4764 περι-

291 4797 498 4856 πεσεῖν,
563 4792 809 4860 κριῖττόν
863 4806 953 4860 μοι
1009 4787 1151 4842 εἶναι
1208 4789 1417 4859 νομίζω
1477 4787 1860 4857 ἀφωρισμένον

287 4882 429 4939 εἶναι
482 4887 635 4953 παρά
669 4882 767 4937 τοῦ
807 4882 1214 4952 Ἱεροσολύμων,
1268 4884 1360 4934 καί
1393 4880 1680 4948 λελυμένον
1711 4879 1861 4948 παρά

283 4978 382 5032 τοῦ
432 4979 783 5045 Ἀντιοχείας,
833 4977 864 5046 ἢ
901 4975 1287 5044 ἀφωρισμένον
1325 4974 1473 5036 παρὰ.
1519 4969 1612 5024 τοῦ
1656 4973 1860 5023 Ἀντιοσ

285 5069 439 5137 χείας
472 5069 564 5120 καὶ
594 5067 887 5134 λελυμένον
923 5065 1075 5132 παρὰ
1103 5062 1197 5115 τοῦ
1241 5061 1650 5131 Ἱεροσολύμων.
1689 5059 1858 5114 Τοῦτο

285 5176 395 5228 γαρ
419 5177 443 5210 ο
474 5159 626 5224 λόγος
655 5159 748 5226 της
794 5156 998 5219 τάξεως
1035 5159 1129 5206 καὶ
1184 5155 1243 5204 τὸ
1287 5155 1496 5222 πρέπον
1527 5153 1658 5204 αὐτὸ
1690 5155 1858 5205 άπαι-

283 5255 391 5307 τεί.
441 5253 551 5302 Ἀεὶ
580 5252 686 5317 γάρ
718 5247 812 5301 τοῦ
844 5249 1118 5315 προτέρου
1154 5247 1220 5315 τῇ
1255 5244 1428 5309 τάξει,
1480 5244 1575 5295 καὶ
1613 5245 1679 5313 τῇ
1734 5243 1860 5312 ἀξίᾳ

285 5343 321 5412 ἡ
351 5340 575 5408 δύναμις
602 5341 829 5408 φέρεται
859 5343 938 5401 είς
988 5339 1057 5390 τὰ
1101 5337 1326 5404 ὕστερον
1350 5348 1362 5361 ·
1396 5331 1490 5385 τοῦ
1521 5333 1576 5384 δὲ
1625 5333 1857 5403 ὑστέρου

283 5435 365 5496 είς
394 5433 462 5486 τά
490 5433 758 5501 πρότερον
785 5431 1061 5499 οὐδαμῶς.
1109 5431 1209 5480 Διά
1239 5427 1394 5480 τοῦτο
1422 5429 1449 5479 ὁ
1476 5425 1576 5495 μὲν
1606 5424 1856 5492 βασιλεὺς

280 5528 411 5585 τοὺς
438 5524 779 5592 στρατηγοὺς
815 5524 1020 5590 κρίνειν
1053 5520 1295 5582 δικαίως,
1324 5520 1416 5572 καὶ
1449 5517 1696 5581 κολάζειν
1721 5517 1860 5570 κατὰ

279 5617 410 5677 τοὺς
442 5616 636 5684 νόμους
667 5616 763 5666 καὶ
803 5614 871 5665 τά
906 5612 1002 5680 ἔθη
1037 5609 1288 5671 δύναται,
1339 5612 1432 5662 καὶ
1477 5610 1504 5661 ὁ
1555 5608 1857 5678 στρατηγὸς

282 5709 410 5771 τοὺς
462 5707 798 5777 χιλιάρχους,
849 5706 943 5758 καὶ
1001 5707 1028 5757 ὁ
1075 5704 1357 5773 χιλίαρχος
1405 5701 1531 5762 τοὺς
1569 5700 1658 5752 ὑπ’
1695 5701 1858 5752 αὑτὸν

282 5803 720 5872 ἑκατοντάρχους
768 5801 952 5853 τάττει
990 5800 1065 5862 ὡς
1110 5799 1214 5864 δεῖ,
1263 5795 1516 5856 καὶτοὺς
1551 5795 1627 5863 μὴ
1658 5793 1857 5861 φυλάτ-

277 5909 476 5956 τοντας
503 5893 602 5964 τὴν
629 5891 785 5957 τάξιν
820 5891 1056 5956 κολάζει,
1093 5889 1186 5941 καὶ
1225 5887 1253 5940 ὁ
1300 5886 1693 5956 ἑκατόνταρχος
1725 5884 1852 5945 τοὺς

1963 4683 2222 4738 restituit.
2255 4681 2444 4734 Eritne
2504 4679 2594 4734 hic
2639 4680 2804 4732 homo
2848 4687 3105 4748 tanquam
3141 4679 3276 4732 diris
3305 4681 3538 4734 devotus

1960 4774 2218 4829 vitandus
2254 4771 2336 4826 vel
2370 4772 2519 4826 non?
2566 4771 2754 4839 Magna
2783 4785 2917 4824 voce
2977 4773 3310 4824 sententiam
3359 4785 3532 4825 meum

1964 4867 2174 4931 intono,
2211 4864 2258 4918 si
2283 4863 2584 4919 necessitas
2607 4879 2690 4917 me
2715 4878 2955 4932 unquam
2980 4864 3048 4916 ad
3083 4862 3136 4916 id
3161 4864 3488 4932 compulerit
3516 4881 3532 4917 :

1961 4957 2303 5012 commodius
2343 4958 2476 5010 milii
2505 4957 2622 5010 fore
2639 4956 2892 5010 existimo
2933 4957 3004 5009 ab
3043 4956 3536 5026 llierosolymitano

1961 5053 2352 5107 communione
2380 5050 2620 5104 tideiium
2641 5065 2762 5104 esse
2792 5051 3087 5118 privatum,
3114 5049 3536 5118 restitutumque

1961 5144 2029 5197 ab
2058 5144 2417 5208 Antioclieno,
2460 5157 2622 5203 quam
2652 5142 2720 5195 ab
2778 5141 3124 5196 Antioclieno
3156 5142 3446 5210 privatum,
3482 5153 3536 5196 et

1963 5235 2273 5288 restitutum
2320 5235 2390 5288 ab
2439 5233 2953 5302 liierosolyntitano.
2997 5233 3110 5288 Hoc
3157 5233 3429 5302 siquidem
3479 5246 3536 5286 et

1960 5327 2169 5380 ordinis
2202 5326 2364 5388 ratio,
2412 5333 2469 5378 ct
2511 5326 2749 5392 postulat
2786 5325 2838 5378 id
2894 5324 3043 5392 quod
3074 5325 3254 5376 decet.
3304 5324 3534 5391 Semper

1962 5421 2106 5472 enim
2135 5428 2190 5471 ct
2221 5420 2415 5472 ordine
2448 5429 2501 5469 et
2535 5418 2802 5485 dignitate
2853 5417 3255 5469 excellentioris
3306 5415 3534 5468 incultas

1964 5514 2015 5565 in
2073 5511 2459 5580 subsequentia
2513 5512 2680 5562 robur
2730 5508 2934 5562 habet:
2985 5517 3039 5559 at
3070 5508 3411 5576 subsequens
3476 5507 3532 5559 in

1960 5603 2345 5657 excellentiam
2392 5616 2692 5669 nunquam.
2767 5601 3000 5666 Ideoque
3053 5613 3146 5650 rex
3209 5596 3532 5667 juremcrito

1960 5695 2222 5750 exercitui
2249 5693 2529 5763 pmicetos
2545 5693 2792 5760 judicare
2821 5703 2878 5746 et
2908 5692 3173 5759 castigare
3226 5687 3530 5742 secundum

1959 5787 2109 5855 leges
2146 5796 2203 5839 et
2252 5783 2703 5842 consuetudinem
2729 5791 2928 5850 potest,
2965 5794 3018 5833 et
3063 5777 3330 5833 exercitui
3385 5790 3531 5845 pric-

1963 5879 2088 5933 iecti
2119 5877 2467 5942 cliiliarclios,
2493 5886 2549 5930 ct
2576 5875 2910 5930 cbiliarchus
2935 5888 3030 5929 eos
3051 5872 3144 5942 qui
3171 5872 3272 5928 sub
3292 5885 3351 5925 se
3381 5880 3533 5936 sunt,
