4098 6448
554 452 659 517 3,39
1756 438 2081 500 GEORGII
2119 438 2641 499 TllAPEZUNTII
3766 434 3871 498 850

555 568 927 631 centuriones,
961 575 1019 620 ut
1047 578 1185 633 opus
1209 570 1291 617 est
1312 601 1327 627 ,
1356 561 1597 624 ordinat,
1624 569 1679 613 et
1709 574 1737 611 a
1768 571 1875 611 non
1909 571 2137 610 sert'an-
2168 593 2181 618 Α

2284 556 2574 624 Ξκάρχους,
2604 555 2698 607 καὶ
2749 554 2849 607 οὐκ
2903 554 3259 624 ἀντιστρέφει
3316 553 3354 623 ἢ
3414 549 3601 618 τάξις.
3640 553 3717 606 υὺ
3763 556 3873 626 γὰρ

553 660 702 715 tibus
730 659 978 712 ordinem
1016 670 1208 726 pinnas
1227 654 1384 725 petit,
1416 661 1473 708 et
1502 650 1755 706 centurio
1782 650 2135 713 decuriones,

2284 648 2469 701 ύναται
2508 649 2557 700 εί
2604 648 2680 718 μή
2714 664 2820 701 που
2861 650 3208 716 τυραννικῶς
3244 647 3551 700 ἐπισεῖσαι
3580 646 3685 717 τὴν
3714 650 3875 718 χεῖρα

551 760 605 806 et
636 752 774 808 ordo
804 750 1029 804 minime
1062 756 1255 803 contra
1285 744 1542 800 vertitur.
1590 742 1779 811 Neque
1810 739 1957 795 enim
1980 780 1995 804 ,
2030 739 2138 793 nisi

2284 740 2319 810 ᾦ
2351 738 2562 808 βασιλεῖ
2594 740 2735 793 κατὰ
2762 739 2834 792 τά
2862 738 2960 809 ἔθη
2992 740 3091 792 καὶ
3119 738 3243 801 τοὺς
3304 739 3528 808 νόμους
3563 740 3594 793 ὁ
3628 756 3870 809 στρατη-

553 854 843 915 tyrannum
872 842 1104 894 induens
1127 835 1395 893 exercitui
1416 834 1706 905 praefectus
1733 846 1957 885 manum
1991 828 2139 883 ferre

2284 829 2363 895 ὸς,
2397 831 2508 884 οὐδ’
2530 834 2557 884 ὁ
2583 830 2864 902 χιλίαρχος
2894 831 2971 901 τῷ
3000 832 3302 902 στρατηγῷ
3327 847 3344 861 ·
3377 832 3481 885 καὶ
3517 832 3620 884 ἐπὶ
3646 831 3758 883 τῶν
3784 832 3880 884 άλ-

552 941 747 986 contra
805 944 1009 999 regem,
1068 928 1113 982 si
1153 925 1368 997 legibus
1397 940 1460 979 ac
1490 921 1990 979 consuetudinibus
2040 934 2137 989 pa-

2284 938 2354 973 ων
2390 921 2612 989 ὁμοίως.
2676 923 2799 977 Οὐδ’
2845 925 2874 977 ὁ
2937 923 3347 994 Ἰεροσολύμων
3403 922 3525 991 ἄρα
3580 921 3732 975 κατὰ
3776 923 3872 976 τοῦ

552 1021 784 1076 rendam
817 1030 917 1085 est,
940 1020 1112 1084 valet,
1145 1033 1327 1088 neque
1367 1015 1707 1071 chiliarchus
1757 1022 1950 1067 contra
1983 1026 2143 1068 εχει-ς

2284 1013 2623 1084 Αντιοχείας,
2654 1015 2771 1068 ἀλλ’
2805 1009 2961 1079 οὗτος
2990 1015 3112 1069 κατ’
3139 1019 3395 1083 ἐκείνου,
3451 1015 3574 1073 οὐδ’
3606 1018 3636 1069 ὁ
3676 1017 3880 1068 Ἀντιο-

551 1114 686 1169 citui
734 1112 1109 1183 praefectura:
1179 1119 1234 1164 et
1281 1108 1351 1163 de
1403 1106 1526 1162 aliis
1579 1106 1745 1160 etiam
1799 1104 1918 1174 pari
1979 1102 2144 1157 modo

2284 1107 2396 1169 είας
2436 1109 2579 1159 κατᾶ
2612 1107 2711 1160 τοῦ
2748 1108 3184 1179 Ἀλεξανδρείας,
3224 1109 3354 1163 ἀλλ’
3388 1113 3420 1164 ὁ
3452 1108 3883 1179 Ἀλεξανδρείας

552 1205 973 1262 edisserendum
1030 1212 1134 1258 est.
1191 1201 1383 1271 Neque
1440 1198 1970 1268 Hierosolymitanus
2011 1210 2143 1265 ergo

2290 1200 2390 1253 ατὰ
2421 1199 2530 1252 τῶν
2581 1200 2867 1269 ἑπομένων
2897 1204 2963 1270 τῇ
2995 1201 3149 1265 τάξει
3196 1201 3318 1255 δύο.
3369 1200 3435 1255 ’0
3473 1203 3675 1271 μέντοι
3722 1203 3881 1253 Κων-

556 1307 750 1352 contra
782 1295 1215 1358 Aniiochenum,
1246 1291 1343 1346 sed
1394 1291 1486 1345 hic
1512 1299 1705 1345 contra
1730 1288 1907 1353 illum,
1962 1302 2145 1357 neque

2290 1292 2750 1355 ταντινουπόλεως
2815 1294 2961 1347 κατὰ
3036 1293 3149 1347 τῶν
3222 1295 3449 1348 λοιπῶν
3500 1294 3883 1347 Ἀνατολικῶν

557 1388 942 1441 Antioehenus
1003 1393 1193 1439 contra
1260 1380 1723 1465 Alexandrinum,
1759 1380 1853 1434 sed
1906 1378 2145 1433 Alexan-

2284 1384 2471 1437 ,άντων
2490 1383 2735 1437 δύναται.
2769 1383 3000 1439 Ἐκεῖνοι
3028 1386 3087 1438 δὲ
3118 1389 3355 1453 πάντες,
3402 1386 3601 1441 καίτοι
3632 1403 3699 1455 γε
3732 1387 3881 1455 τρεῖς

560 1481 756 1533 drinus
789 1488 980 1531 contra
1018 1476 1182 1539 duos,
1216 1474 1310 1544 qui
1331 1489 1460 1529 eum
1487 1472 1681 1526 ordine
1707 1478 2145 1540 consequuntur.

2289 1494 2430 1539 ντες,
2468 1476 2516 1528 εί
2546 1477 2620 1546 μή
2651 1491 2755 1529 που
2798 1477 3161 1548 τυραννικῶς,
3204 1479 3368 1532 οὐδὲν
3406 1479 3691 1533 δύνανται
3741 1480 3879 1533 κατὰ

560 1574 763 1627 Verum
792 1566 1436 1637 Constantinopolitarms
1466 1574 1655 1619 contra
1690 1563 1931 1632 reliquos
1953 1561 2150 1618 Orien-

2284 1567 2344 1621 06
2376 1567 3005 1633 Κωνσταντινουπόλεως
3060 1571 3155 1623 καὶ
3177 1570 3278 1639 τῆς
3300 1570 3486 1625 αὑτοῦ
3511 1569 3878 1640 Ἐκκλησίας.

561 1665 696 1718 tales
739 1676 929 1716 omnes
993 1660 1310 1713 facultatem
1381 1657 1569 1711 habet.
1619 1656 1701 1710 Illi
1752 1670 1883 1711 vero
1931 1668 2148 1719 omnes,

2284 1662 2321 1713 Ο
2348 1660 2405 1712 δὲ
2437 1663 2669 1725 πάπποις
2710 1664 2852 1716 κατὰ
2898 1662 3118 1716 πάντων
3148 1663 3345 1725 ἁπλῶς
3386 1663 3473 1726 ὡς
3510 1663 3766 1733 πρῶτος.
3813 1663 3881 1714 Τὸ

559 1754 809 1826 quamvis
853 1764 1005 1816 tres,
1050 1752 1155 1804 nisi
1216 1748 1498 1820 tyrannice
1558 1747 1765 1801 nullam
1829 1745 2147 1800 facultatem

2284 1752 2679 1823 ὲδύνασθαι,ἢ
2718 1755 2793 1826 μὴ
2819 1755 3083 1809 δύνασθαι
3131 1756 3326 1824 ἕτερον
3379 1755 3515 1807 καθ’
3549 1756 3777 1825 ἑτέρου,
3823 1754 3882 1807 ού

562 1858 754 1902 contra
805 1840 1482 1910 Constantinopolitanum
1534 1852 1713 1906 neque
1762 1836 1911 1892 illius
1955 1835 2147 1889 Eccle-

2294 1844 2604 1911 υραννικῶς
2637 1844 2890 1914 νοοῦμεν,
2926 1845 3049 1899 οὐδὲ
3077 1844 3156 1915 τῷ
3194 1844 3313 1914 ίδίῳ
3366 1845 3699 1914 ἑπομένους
3731 1845 3881 1911 θελή-

565 1940 700 1990 siam
738 1942 971 2005 possunt
988 1948 1268 1987 exercere.
1291 1930 1493 1986 Verum
1526 1943 1663 1998 papa
1688 1928 1936 1983 absolute
1961 1935 2153 1981 contra

2284 1950 2417 1999 ιατι,
2455 1933 2814 2004 καθυϐρίζειν
2844 1937 2969 1998 τοὺς
2993 1942 3619 2006 συναρχιερατεύοντας
3647 1938 3763 1990 δεῖν
3792 1953 3879 1987 νο-

567 2044 780 2090 omnes,
818 2036 877 2080 ut
920 2025 1154 2094 primus.
1193 2024 1368 2076 Porro
1423 2020 1735 2075 facultatem
1779 2018 2005 2083 habere,
2056 2026 2152 2072 aut

2284 2025 2511 2093 ιίζομεν,
2542 2027 2657 2080 ἀλλ’
2688 2029 2765 2091 ῶς
2792 2028 2989 2099 κριτὰς
3026 2028 3149 2082 κατ’
3183 2030 3304 2098 ἔθη,
3340 2029 3446 2084 καὶ
3480 2030 3755 2093 κανόνας,
3790 2027 3881 2080 καὶ

566 2136 678 2173 non
720 2119 924 2172 habere
966 2131 1134 2170 unum
1171 2123 1365 2170 contra
1398 2112 1591 2175 alium,
1633 2127 1741 2166 non
1795 2111 2153 2181 intelligimus

2290 2119 2481 2189 ὁμους.
2522 2120 2586 2175 Ol
2619 2122 2728 2190 γὰρ
2763 2121 3021 2191 πρότεροι
3049 2125 3115 2192 τῇ
3157 2122 3528 2193 ἀξιωματικῇ
3563 2122 3725 2186 τάξει
3755 2137 3877 2189 κρι-

570 2212 875 2285 tyranniee,
908 2223 1089 2278 neque
1139 2207 1222 2263 fas
1274 2216 1354 2262 est
1409 2206 1769 2276 sibimetipsis
1801 2221 1868 2259 ex
1922 2204 2155 2260 libidine

2291 2211 2348 2265 αί
2376 2212 2483 2266 είσι
2515 2214 2625 2266 τῶν
2659 2214 2930 2285 ὑστέρων,
2957 2217 3057 2287 οὐχ
3083 2216 3135 2268 οἱ
3168 2215 3395 2284 ὕστεροι
3419 2215 3537 2267 τῶν
3566 2213 3875 2284 προτέρων,

522 2306 527 2311 ’
570 2319 777 2358 morem
825 2310 1079 2374 gerentes
1109 2316 1204 2356 eos
1247 2300 1342 2371 qui
1376 2300 1539 2355 simul
1573 2314 1698 2354 cum
1733 2299 1841 2354 illis
1892 2297 2157 2352 Ecclesia:

2284 2304 2341 2374 ιὴ
2374 2306 2744 2375 φωραθέντων
2778 2308 2879 2361 οὐκ
2919 2310 3095 2378 ὀρθῶς
3134 2310 3381 2379 φρονεῖν,
3433 2307 3759 2377 φωραθεῖσι
3805 2304 3877 2368 δὲ,

568 2404 831 2467 praesunt,
867 2393 1069 2464 injuria
1099 2391 1336 2457 allicere,
1368 2391 1463 2446 sed
1495 2392 1659 2446 veluti
1687 2389 1933 2463 iudices,
1954 2404 2156 2449 secun-

2284 2399 2526 2467 .γκαλεῖν
2559 2398 2666 2469 χρὴ
2700 2400 2853 2470 παρὰ
2885 2401 2964 2471 τῷ
3016 2402 3306 2470 προέχοντι
3354 2404 3429 2471 τῇ
3486 2399 3671 2464 τάξει,
3713 2397 3745 2467 ἢ
3792 2395 3881 2447 καὶ

571 2493 701 2543 dum
736 2484 1184 2551 consuetudines,
1220 2493 1275 2539 et
1309 2498 1569 2546 canones.
1617 2494 1673 2539 et
1720 2482 1870 2554 leges
1909 2482 2033 2553 jura
2073 2483 2160 2535 di-
2264 2492 2417 2558 παρὰ
2448 2491 2561 2551 10!;
2590 2489 2803 2553 λοιποῖς
2834 2491 3251 2561 πᾶσιν.”Ωσπερ
3290 2490 3410 2560 γὰρ
3436 2491 3490 2543 ot
3516 2488 3737 2559 πρῶτοι
3768 2501 3884 2555 κρι-

570 2596 718 2635 cere.
752 2579 1000 2649 Namque
1027 2578 1119 2647 qui
1148 2577 1343 2632 ordine
1364 2592 1490 2631 cum
1519 2576 1848 2630 auctoritate
1869 2576 2160 2645 conjunclo

570 2675 695 2728 aliis
727 2673 1070 2743 praecedunt,
1115 2670 1572 2739 subsequentium
1605 2668 1823 2741 judices
1863 2679 2013 2733 sunt,
2048 2683 2159 2722 non

570 2760 973 2836 subsequentes
1019 2763 1485 2833 praecedentium,
1522 2778 1647 2816 cum
1720 2760 1960 2815 nondum
2020 2761 2161 2816 male

2266 2582 2357 2634 ταί
2395 2583 2503 2635 εἰσι
2534 2583 2642 2634 τῶν
2673 2582 2940 2652 ὑστέρων,
2966 2582 3110 2636 οὕτω
3135 2585 3235 2635 καὶ
3266 2583 3300 2653 ἡ
3328 2582 3616 2646 καθολικὴ
3646 2578 3882 2644 Ἐκκλησ

2268 2673 2381 2736 σία,
2414 2670 2571 2743 οἶμαι
2628 2673 2687 2727 δὲ
2741 2674 2837 2727 καὶ
2877 2674 3061 2744 πολλῷ
3107 2675 3335 2746 μᾶλλον,
3392 2675 3495 2730 καὶ
3544 2671 3758 2744 κρίνειν
3789 2667 3880 2722 καὶ

2268 2765 2628 2834 κατακρίνειν
2662 2765 2754 2819 τὸν
2786 2766 3105 2835 πρώτιστον
3131 2765 3387 2819 δύναται.

571 2860 777 2913 sentire
834 2857 1167 2928 deprehensi
1243 2864 1415 2919 sunt;
1490 2855 1577 2939 ubi
1631 2870 1759 2909 vero
1827 2855 2158 2923 deprehensi
2202 2854 2437 2922 fuerint,
2509 2860 2655 2929 apud
2726 2876 2853 2917 eum
2890 2862 2985 2930 qui
3027 2860 3219 2917 ordine
3269 2859 3565 2930 praecellit,
3602 2865 3701 2912 aut
3738 2849 3879 2924 apud

573 2956 711 3010 alios
738 2970 931 3008 omnes
971 2951 1269 3007 accusandi
1318 2960 1467 3007 sunt.
1506 2950 1980 3016 Quemadmodum
2047 2952 2195 3005 enim
2241 2960 2551 3012 anteriores
2584 2956 2796 3027 iudices
2859 2966 2989 3013 sunt
3033 2958 3431 3028 posteriorum,
3465 2956 3546 3012 ita
3597 2963 3655 3010 et.
3696 2951 3882 3009 catho-

577 3051 680 3104 lica
717 3046 986 3113 Ecclesia,
1021 3057 1076 3102 et
1103 3048 1308 3118 majore
1339 3047 1485 3115 jure,
1524 3054 1582 3098 ut
1612 3044 1730 3113 ipse
1760 3046 2038 3110 existimo,
2095 3046 2346 3116 judicare
2371 3050 2856 3120 condemnareque
2887 3052 3164 3122 primores
3192 3052 3361 3107 valet.
3436 3071 3480 3106 ι.

652 3139 738 3192 15.
769 3139 925 3201 Quod
962 3153 1092 3191 vero
1121 3136 1191 3191 de
1219 3136 1550 3205 patriarchis
1574 3135 1781 3189 dictum
1810 3146 1914 3204 est,
1941 3136 1995 3192 id
2027 3137 2171 3192 idem
2202 3160 2244 3217 ο

582 3238 638 3282 et
692 3228 759 3280 de
815 3227 1075 3281 Ecclesiis
1125 3227 1335 3285 dictum
1384 3227 1523 3280 volo.
1566 3226 1739 3281 Sicuti
1774 3229 1921 3281 enim
1970 3229 2065 3298 qui
2118 3230 2174 3282 in

588 3320 814 3377 Oriente
851 3330 961 3373 tres
998 3319 1362 3383 antecellunt,
1394 3318 1527 3372 nihil
1564 3328 1757 3374 contra
1784 3318 2178 3375 Constantino-

589 3415 895 3483 politanum
928 3422 1179 3481 possunt,
1210 3412 1284 3465 ita
1319 3414 1483 3465 trium
1526 3412 1744 3466 illarum
1785 3414 2173 3483 eparchiarum

587 3505 836 3576 episwpi
899 3516 954 3559 et
1003 3498 1428 3575 archiepiscopi,
1477 3506 1534 3559 in
1568 3520 1734 3559 unum
1767 3506 1966 3571 coacti,
2010 3506 2177 3575 juste,

592 3608 652 3652 ut
682 3615 803 3653 mea
843 3599 952 3652 fert
988 3598 1285 3663 sententia,
1332 3607 1523 3652 contra
1572 3597 1725 3652 illum
1768 3597 1971 3663 facere,
1997 3597 2044 3651 si
2074 3613 2181 3651 una

590 3707 718 3746 cum
755 3692 866 3744 illis
890 3706 1000 3744 non
1022 3692 1218 3745 coierit
1260 3691 1501 3745 Ecclesia
1529 3690 2139 3758 Constantinopolitana
2167 3706 2181 3742 :

590 3785 739 3854 quod
787 3787 833 3838 si
883 3800 950 3838 ex
989 3799 1054 3837 ea
1093 3799 1353 3838 assensus
1403 3784 1594 3845 fuerit,
1642 3794 1874 3853 possunt
1930 3787 2180 3837 ornnino.

592 3880 660 3933 Et
711 3879 817 3932 hoc
869 3893 979 3930 non
1039 3886 1235 3946 pra-ter
1314 3879 1608 3931 rationem.
1664 3878 1856 3930 Omnis
1910 3876 2182 3945 siquidem

592 3972 862 4037 Ecclesia,
894 3973 1134 4035 illarum,
1172 3970 1418 4039 inquam,
1445 3973 1693 4040 quinque
1721 3972 1987 4023 adversus
2022 3983 2182 4022 suum

596 4075 902 4135 pastorem.
943 4066 987 4117 si
1020 4064 1170 4131 prior
1205 4063 1399 4116 ordine
1450 4077 1561 4116 non
1611 4063 1988 4126 contraiverit,
2035 4069 2187 4129 pote-

597 4166 793 4209 statcm
827 4156 1012 4208 habet.
1058 4154 1121 4207 Et
1150 4156 1315 4208 nrbes
1347 4155 1475 4208 item
1505 4162 1737 4223 possunt
1765 4168 1893 4207 eum
1939 4153 2039 4221 qui
2077 4167 2186 4205 nou

602 4250 904 4300 secundum
955 4246 1099 4313 leges
1145 4253 1200 4298 et
1231 4245 1662 4298 consuetudines
1703 4258 1792 4297 res
1840 4243 2188 4296 administrat

605 4352 787 4403 regem
817 4335 1116 4404 deponere,
1153 4332 1435 4402 aliumque
1491 4334 1612 4387 loco
1672 4332 1819 4387 illius
1870 4333 2182 4401 designare.

606 4427 837 4496 Proprie
861 4427 1066 4480 etenim
1102 4428 1395 4495 imperium
1426 4424 1695 4480 electione
1723 4425 1954 4477 aliorum
1985 4427 2188 4479 consti-

2351 3140 2434 3197 ιε’.
2494 3142 2676 3212 Ὅπερ
2736 3144 2792 3197 δὲ
2845 3145 2975 3214 περὶ
3033 3145 3144 3198 τῶν
3206 3143 3588 3214 πατριαρχῶν
3631 3141 3881 3211 εἴρηται,

2280 3233 2441 3288 τοῦτο
2481 3236 2578 3289 καὶ
2620 3238 2752 3305 περὶ
2786 3235 2894 3287 τῶν
2926 3236 3269 3304 Ἐκκλησιῶν
3326 3235 3604 3305 εἰρῆσθαί
3635 3248 3727 3303 μοι
3763 3227 3881 3300 βού-

2280 3325 2466 3395 λομαι.
2498 3325 2712 3394 Ὠσπερ
2760 3326 2869 3396 γὰρ
2900 3327 2949 3378 οί
2989 3328 3089 3396 τῆς
3139 3325 3316 3393 Ἐᾠας
3349 3327 3702 3395 προέχοντες
3741 3319 3882 3390 τρεῖς

2282 3419 2434 3471 οὐδὲν
2473 3420 2617 3472 κατὰ
2646 3418 2745 3488 τῆς
2780 3419 3203 3473 Κωνσταντίνου
3249 3417 3545 3483 δύνανται,
3586 3415 3732 3469 οὕτω
3765 3409 3877 3463 οὐδὲ

2282 3512 2332 3563 οἱ
2366 3510 2474 3562 τῶν
2506 3510 2678 3581 τριῶν
2731 3509 3013 3580 ἐπαρχιῶν
3044 3509 3269 3563 ἐκείνων
3315 3508 3627 3560 ἐπίσκοποι
3669 3502 3763 3556 καὶ
3791 3498 3875 3567 ἀρ-

2284 3604 2632 3673 χιεπίσκοποι
2688 3602 3064 3669 συνελθόντες,
3100 3584 3350 3665 δικαίως,
3405 3599 3490 3662 ὡς
3543 3594 3724 3666 οἶμαι,
3760 3585 3873 3644 κατ’

2284 3697 2495 3749 ἐκείνου
2524 3695 2808 3766 δυνηθεῖεν
2840 3697 3039 3758 ποιεῖν,
3078 3696 3153 3763 μὴ
3191 3692 3561 3762 συναινούσης
3603 3690 3701 3759 τῆς
3730 3687 3875 3738 κίον’

2289 3790 2789 3853 σταντινουπόλεως
2839 3788 3195 3858 Ἐκκλησίας.
3260 3786 3326 3840 El
3375 3786 3437 3839 δὲ
3508 3783 3620 3839 ἀπὸ
3679 3778 3874 3844 ταύτης

2290 3883 2436 3956 ῥοπὴ
2470 3886 2721 3953 γένηται,
2752 3881 2973 3944 πάντως
3005 3880 3282 3935 δύνανται.
3310 3881 3423 3932 Καὶ
3446 3878 3597 3932 τοῦτ’
3623 3874 3874 3939 εὐλόγωςο

2290 3976 2447 4029 Πᾶσα
2484 3978 2592 4044 γὰρ
2618 3973 2920 4041 Ἐκκλησία
2951 3973 3061 4026 τῶν
3084 3975 3248 4027 πέντε
3279 3971 3427 4040 λέγω
3454 3970 3605 4025 κατά
3634 3965 3731 4021 106
3761 3979 3872 4015 ποι-

2292 4068 2453 4136 μένος
2486 4065 2655 4133 αὐτῆς
2678 4065 2925 4129 δύναται,
2956 4064 3031 4136 μὴ
3063 4062 3448 4132 ἀντιλέγοντος
3480 4061 3577 4115 τοῦ
3614 4054 3872 4128 προτέρου

2288 4158 2353 4225 τῇ
2388 4155 2562 4219 τάξει.
2615 4155 2725 4211 Καὶ
2761 4154 2948 4217 πόλεις
2995 4154 3053 4207 δὲ
3101 4152 3361 4206 δύνανται
3407 4151 3642 4210 δικαίως
3683 4145 3772 4196 τὸν
3802 4142 3872 4209 μὴ

2292 4250 2432 4303 κατὰ
2468 4250 2535 4299 τὰ
2566 4247 2663 4316 ἔθη
2694 4248 2785 4300 καὶ
2817 4247 2944 4308 τοὺς
2975 4246 3175 4316 νόμους
3206 4242 3573 4314 βασιλεύοντα
3613 4233 3869 4292 καθελεῖν,

2293 4344 2383 4395 καὶ
2411 4340 2570 4409 ἄλλον
2598 4338 2712 4393 ἀντ’
2742 4339 2954 4392 ἐκείνου
2999 4336 3302 4407 αἱρεῖσθαι.
3335 4333 3542 4402 Δίρετὴ
3573 4331 3631 4383 δὲ
3669 4319 3871 4409 πᾶσαί]

2293 4406 2499 4499 κυρίώς
2569 4428 2818 4498 βασιλεία
2846 4443 2859 4457 ⁸
2903 4429 2936 4496 ἡ
2981 4406 3090 4496 γὰρ
3143 4424 3287 4477 κατὰ
3329 4423 3584 4493 διαδοχὴν
3632 4406 3873 4484 τυραννί-

609 4522 813 4584 tuitur;
869 4534 1105 4589 namque
1136 4518 1281 4588 quod
1325 4520 1673 4573 successione
1726 4517 2047 4585 acquiritur,
2109 4529 2181 4588 ty-

2297 4525 2389 4587 δος
2430 4524 2580 4575 ἐστὶν
2615 4521 2782 4590 ἁρχὴ,
2838 4520 2982 4573 ὥστε
3018 4518 3110 4571 καὶ
3156 4516 3491 4585 Ἐκκλησίαν
3540 4516 3721 4566 πᾶσαν
3770 4500 3871 4555 τῶν

612 4614 857 4667 rannidis
878 4611 1213 4682 principium
1244 4619 1347 4666 est.
1377 4610 1559 4675 Quare
1588 4618 1645 4663 et
1666 4623 1861 4661 omnes
1891 4608 2181 4674 Ecclesias,

2300 4616 2461 4667 πέντε
2491 4613 2635 4680 λέγω
2663 4614 2757 4666 καὶ
2803 4612 3060 4681 μεγάλων
3114 4610 3257 4663 κατὰ
3302 4607 3399 4662 τοῦ
3427 4609 3687 4677 ποιμένος
3711 4594 3871 4661 αῧτῆς

606 4707 675 4760 de
705 4709 949 4775 quinque
981 4703 1115 4757 mihi
1155 4703 1332 4773 iisque
1380 4702 1593 4770 magnis
1643 4715 1826 4755 sermo
1856 4711 1962 4767 est,
1993 4703 2181 4756 adver-

2296 4704 2558 4759 δύνασθαι
2603 4706 2861 4773 φανερόν.
2896 4703 3061 4757 ’Ὅθεν
3093 4703 3246 4773 δηλοί
3276 4704 3416 4772 μήτε
3447 4705 3577 4762 τοὺς
3604 4698 3865 4805 τεσσαρες
3905 4738 3926 4805 l

608 4816 703 4852 sus
727 4813 887 4851 suum
922 4805 1195 4865 pastorem
1236 4802 1559 4863 potestatem
1598 4794 1803 4848 habere
1842 4794 2181 4848 manifestum

2300 4802 2646 4869 πατριάρχας
2702 4797 2847 4850 κατὰ
2909 4795 3004 4849 106
3056 4796 3261 4849 πάππα
3317 4792 3543 4855 δικαίως
3597 4779 3905 4839 δύνασθαι,

609 4900 716 4944 cst.
752 4890 999 4956 llmcque
1028 4894 1180 4956 patet
1218 4902 1397 4955 neque
1428 4897 1664 4955 quatuor
1694 4886 2035 4956 patriarchas
2048 4888 2181 4957 justt

2304 4893 2443 4962 μήτε
2487 4891 2587 4950 τὰς
2642 4888 2838 4951 λοιπὰς
2875 4890 3149 4958 τέσσαρας
3190 4886 3430 4957 μεγάλας
3477 4885 3572 4935 καὶ
3612 4883 3868 4941 πατριαρ·

613 4986 883 5037 adversus
908 4996 1124 5050 papam,
1165 4995 1345 5049 neque
1387 4981 1624 5048 reliquas
1658 4988 1895 5048 quatuor
1926 4979 2181 5033 Ecclesia:

2300 4983 2462 5052 χικὰς
2495 4980 2831 5049 Ἐκκλησίας
2860 4981 3001 5032 κατὰ
3024 4981 3122 5049 τῆς
3151 4977 3483 5046 Ἐκκλησίας
3504 4975 3603 5042 τῆς
3639 4964 3862 5052 Ῥώμηςέ

617 5091 843 5147 magnas
891 5084 947 5129 et
981 5074 1324 5143 patriarchas
1352 5074 1617 5127 adversus
1652 5074 1956 5127 Ecelesiam
2003 5073 2171 5126 Roma

2301 5049 2483 5144 Ᾰύτὴν
2531 5073 2589 5125 δὲ
2628 5073 2800 5142 μόνην
2853 5073 2955 5139 τὴν
2992 5070 3326 5142 Ἐκκλησίαν
3377 5068 3476 5137 τῆς
3525 5061 3740 5131 Ῥώμης
3784 5049 3865 5148 ’ξαί-

613 5186 741 5224 nam
783 5176 1106 5238 potestatem
1156 5166 1390 5229 habere,
1428 5168 1600 5235 ipsam
1642 5182 1771 5221 vero
1801 5169 1972 5220 solam
2002 5166 2172 5218 ltoma

2304 5169 2445 5220 κατὰ
2494 5166 2604 5218 τῶν
2653 5163 2857 5217 λοιπῶν
2894 5161 3239 5232 Ἐκκλησιῶν
3270 5177 3330 5213 τε
3384 5160 3477 5213 καὶ
3506 5152 3862 5243 πατριαρχωῐι»

617 5278 745 5318 nam
792 5262 1112 5327 Ecelesiam,
1147 5270 1203 5315 et
1244 5260 1300 5313 in
1329 5260 1570 5329 reliquas
1610 5260 1883 5315 Ecelesias
1938 5269 1994 5313 et
2026 5260 2077 5311 in
2114 5275 2179 5326 pa

2305 5263 2400 5313 καὶ
2435 5260 2579 5313 κατὰ
2613 5257 2706 5310 τοῦ
2740 5259 2942 5312 πάππα
2972 5256 3257 5309 δύνασθαι.
3292 5251 3621 5323 Ἐκκλησίαν
3651 5244 3706 5297 δὲ
3746 5236 3864 5329 Ῥὼς·

618 5355 907 5418 triarehas,
977 5362 1035 5407 et
1084 5354 1140 5408 in
1198 5366 1390 5422 papam
1445 5353 1624 5420 ipsum
1668 5353 1895 5407 habere.
1940 5351 2181 5407 Sedenin

2310 5369 2440 5420 μης,
2475 5350 2507 5421 ἢ
2540 5348 2901 5418 Ἀντιοχείας,
2943 5346 2976 5417 ἢ
3009 5344 3305 5400 ὁποιασοῦν
3336 5344 3445 5398 τῶν
3470 5318 3655 5402 πέντε,
3702 5331 3733 5400 ἢ
3778 5318 3861 5377 καὶ

619 5446 917 5501 Ecclesiam
956 5445 1284 5508 Romanam,
1310 5459 1406 5498 seu
1432 5443 1855 5510 Antiochenam,
1885 5458 1983 5497 seu
2009 5458 2174 5512 quam

2306 5438 2603 5508 καθολικὴν
2628 5438 2790 5507 διχῶς
2816 5437 3072 5505 λέγομεν.
3109 5436 3218 5487 Καὶ
3249 5435 3358 5505 γὰρ
3388 5434 3519 5486 ὅταν
3545 5429 3644 5500 μὲν
3664 5422 3736 5483 ὡς
3761 5428 3863 5512 if?"

621 5553 841 5608 cunque
887 5538 1050 5593 aliam
1088 5552 1157 5591 ex
1187 5539 1435 5606 quinque
1484 5546 1578 5589 aut
1621 5537 1784 5589 etiam
1833 5534 2181 5588 universalen

2310 5534 2407 5597 τὰς
2465 5531 2821 5601 κσθίζωμεν,
2882 5530 3007 5594 τοὺς
3060 5527 3154 5581 ὑπ’
3201 5529 3340 5599 αὐτῇ
3398 5521 3671 5598 ἀρχιερεῖς
3718 5509 3860 5605 μόνῗν

620 5630 910 5699 dupliciter
942 5628 1197 5683 dicimus.
1239 5626 1457 5681 Etenim
1484 5641 1609 5680 curn
1655 5636 1711 5680 ut
1761 5624 1976 5696 judiees
2005 5628 2179 5678 constt

2310 5626 2542 5697 νοοῦμεν
2573 5643 2585 5657 ·
2627 5626 2837 5689 τούτοις
2887 5625 2996 5697 γὰρ
3047 5624 3234 5695 μόνοις
3286 5624 3320 5694 ή
3370 5621 3550 5692 ψῆφος
3586 5608 3861 5699 κανονξξιωῖ

627 5724 854 5785 tuimus,
888 5722 1149 5790 praesules
1182 5723 1274 5790 qui
1306 5723 1407 5775 sub
1438 5736 1501 5774 ea
1549 5728 1679 5773 sunt
1714 5717 2091 5772 tantummodo
2124 5716 2180 5769 in

2309 5694 2514 5774 δίδοται
2542 5735 2557 5751 ο
2588 5719 2939 5789 άλλοτρόπως
2967 5694 3059 5772 ’δέ
3082 5719 3291 5780 πάντας
3324 5716 3452 5779 τοις
3498 5714 3555 5766 ἐν
3584 5703 3716 5772 αὐτῇ
3745 5694 3859 5760 Χρι-

629 5815 947 5883 telligimus,
998 5816 1083 5867 his
1133 5814 1404 5883 siquidem
1467 5813 1598 5865 SOIIS
1647 5814 1913 5864 canonice
1959 5813 2201 5866 ferenda:
2315 5812 2589 5875 01ta-.06;.

631 5909 909 5963 sententia:
939 5918 1181 5974 potestas
1223 5906 1363 5958 facta
1391 5913 1494 5968 est,
1530 5902 1636 5956 alio
1669 5916 1799 5957 Vero
1832 5901 1995 5957 modo
2023 5919 2215 5963 omnes
2255 5906 2360 5961 sub
2390 5922 2452 5963 ea
2472 5904 2842 5961 Christianos.
