4098 6420
303 425 406 494 861

307 641 447 696 ἀλλὰ
477 639 613 710 1:96;
646 655 767 691 τινα
800 640 1011 710 πρῶτα,
1041 641 1141 694 οὐκ
1184 641 1298 711 ἔχει
1336 643 1602 714 τοσαύτην
1649 643 1878 712 δύναμιν

308 731 451 783 κατὰ
495 731 604 780 τῶν
646 729 951 799 ἑπομένων,
981 731 1105 783 ὅσον
1151 730 1266 799 ἔχει
1315 731 1375 783 τὸ
1425 732 1611 795 ἁπλῶς
1663 734 1879 803 πρῶτον

309 821 448 873 κατὰ
476 819 586 872 τῶν
615 819 734 889 μετ’
755 821 951 874 ικεῖνο.
988 819 1052 874 ’0
1080 822 1187 890 γὰρ
1223 824 1528 893 στρατηγὸς
1559 825 1615 878 ἓν
1641 841 1750 875 τισι
1781 825 1881 893 μὲν

307 911 531 963 δύναται
555 911 696 966 κατά
724 911 832 964 τῶν
862 911 1160 984 χιλιάρχων
1192 914 1425 984 ζημιοῦν
1449 916 1571 969 καθ’
1604 916 1878 983 ὑπόθεσιν,

311 1003 405 1054 καὶ
446 1002 724 1054 παιδεύειν
747 1004 967 1069 αὐτοὺς,
996 1005 1182 1066 ἁπλῶς
1212 1005 1267 1058 δὲ
1297 1008 1396 1076 τῆς
1425 1008 1731 1077 χιλιαρχίας
1761 1008 1882 1060 οὐδὲ

307 1094 632 1158 ἀδικοῦντας
670 1093 889 1158 ἐξωθεῖν
927 1096 1167 1161 δύναται,
1199 1100 1248 1151 εί
1284 1103 1356 1169 μή
1416 1117 1518 1151 που
1552 1099 1674 1152 κατ’
1705 1099 1882 1172 ἔθοςῆ

309 1185 521 1254 νόμους»
551 1187 584 1253 ὴ
633 1187 742 1240 τῶν
780 1189 1075 1258 χιλιάρχων
1121 1190 1330 1260 αἵρεσις
1367 1191 1560 1262 ἀνήκει
1610 1191 1778 1261 αὐτῷ.
1821 1191 1882 1243 'U

310 1283 420 1352 γάρ
470 1282 743 1352 αἱρεῖσθαι
800 1283 1098 1351 δυνάμενος
1151 1287 1246 1340 καὶ
1293 1285 1576 1355 καθαιρεῖν
1633 1284 1881 1339 δύναται.

322 1375 555 1444 Ὁμοίως
608 1370 704 1428 οὖν
756 1377 847 1429 καὶ
887 1379 915 1428 6
945 1376 1226 1448 χιλίαρχος
1259 1377 1349 1431 τὸν
1374 1377 1771 1446 ἑκατόνταρχον
1829 1378 1884 1429 ἓν

310 1485 422 1518 τισι
457 1467 556 1536 μὲν
589 1467 834 1519 νουθετεῖ
876 1470 970 1519 καὶ
996 1469 1262 1535 παιδεύει,
1297 1469 1392 1522 καὶ
1424 1469 1631 1538 ζημιοῖ,
1663 1469 1882 1533 ἐξωθεῖν

311 1559 370 1610 δὲ
427 1559 525 1626 τῆς
585 1560 1013 1628 ἑκατονταρχίας
1065 1561 1127 1612 οὐ
1190 1560 1435 1615 δύναται.
1497 1561 1564 1613 Ἦ
1615 1561 1722 1631 γάρ
1776 1563 1884 1616 τῶν

312 1650 572 1700 τοιούτων
607 1648 789 1716 κρίσις
819 1665 876 1702 τε
908 1653 1000 1702 καὶ
1036 1651 1282 1716 ἐξέτασις
1312 1651 1390 1722 τῷ
1416 1653 1756 1724 ὑπερέχοντι,
1788 1653 1884 1705 καὶ

391 1743 425 1809 ἡ
464 1740 678 1811 αἵρεσις
726 1742 1064 1807 ἀποδέδοται,
1109 1746 1254 1812 μόνῳ
1301 1745 1514 1813 ἀνήκει.
1560 1746 1780 1807 Πάντως
1827 1743 1884 1794 δὲ

315 1830 464 1898 μόνῳ
495 1829 573 1898 τῷ
615 1830 853 1899 βασιλεῖ,
884 1833 978 1884 καὶ
1016 1825 1060 1898 ᾧ
1089 1834 1296 1895 ἐκεῖνος
1329 1835 1666 1904 ἐπιτρέψειε.
1699 1835 1884 1888 Πάντα

1294 434 1391 494 DE
1436 433 1593 496 UNA
1634 435 1730 494 ET
1773 435 2204 497 CATIIOLICA
2248 423 2634 496 ECCLESIA.

381 553 478 611 ις’.
508 544 721 600 Εξδέναι
749 544 804 598 δὲ
837 547 961 616 χρὴ,
987 546 1066 599 ὅτι
1092 547 1156 602 15v.
1188 548 1262 619 μὴ
1289 550 1472 613 ἁπλῶς
1501 550 1630 604 ὅντα
1661 552 1875 622 πρῶτα,
1911 560 1951 612 Α

3451 431 3554 494 8-52

2061 551 2143 606 16.
2187 551 2485 608 Sciendum
2518 568 2682 621 porro
2715 562 2821 616 est,
2855 567 2917 605 ea
2959 566 3077 620 quae
3102 549 3350 604 absolute
3382 549 3554 618 prima

1983 657 2105 696 non'
2139 652 2287 707 sunt,
2324 643 2418 697 sed
2468 658 2728 712 .respectu
2783 645 3039 709 aliorum,
3076 658 3184 696 non
3221 650 3428 694 tantam
3462 640 3557 692 ha-

1981 737 2110 789 bere
2146 743 2466 804 potestatem
2493 751 2622 805 erga
2657 751 2720 790 ea
2768 751 2887 804 quae
2919 740 3349 804 subsequuntur,
3384 747 3557 801 quan-

1985 836 2090 881 tam
2146 828 2327 893 habet,
2358 828 2504 898 quod
2543 828 2791 883 absolute
2838 828 3074 896 primum
3121 838 3204 881 est
3237 827 3289 879 in
3322 839 3384 877 ea
3436 839 3557 890 qua:

1982 927 2105 989 post
2161 933 2218 972 se
2251 919 2496 972 veniunt.
2535 918 2669 972 Nam
2712 919 2976 974 exercitui
3011 917 3295 987 praefectus
3331 915 3552 969 eliiliars

1982 1011 2136 1076 chos,
2175 1019 2234 1064 ut
2279 1011 2662 1080 supponimus,
2692 1011 3059 1065 condemnare
3081 1011 3421 1076 multarcque
3453 1023 3551 1076 po-

1986 1108 2114 1162 test,
2147 1114 2239 1153 eos
2270 1115 2398 1152 vero
2441 1101 2685 1153 muneris
2735 1100 2882 1153 illius
2937 1100 3151 1168 privare
3173 1140 3186 1162 ,
3217 1097 3346 1152 licet
3377 1096 3428 1150 id
3477 1097 3551 1149 ob

1985 1187 2187 1259 ﬂagitia
2221 1188 2360 1242 facta
2389 1197 2724 1252 mereantur,
2759 1206 2867 1243 non
2905 1199 3102 1258 potest,
3141 1189 3195 1242 ni
3246 1203 3342 1257 pro
3376 1203 3548 1248 more,

1985 1288 2081 1332 aut
2137 1279 2316 1349 legum
2351 1280 2589 1334 'slatulis
2653 1280 2936 1334 chiliarchi
3008 1279 3204 1334 electio
3252 1280 3316 1332 ad
3372 1280 3552 1347 ipsum

1987 1370 2278 1440 pertineat.
2324 1372 2380 1425 In
2417 1373 2576 1441 cujus
2608 1375 2753 1426 enim
2775 1388 2937 1425 manu
2969 1373 3163 1426 electio
3190 1379 3294 1434 εει,
3327 1371 3378 1424 in
3410 1370 3559 1440 ejus-

1986 1463 2108 1515 dem
2150 1472 2234 1516 est
2282 1472 2337 1517 et
2368 1463 2660 1533 depositio.
2714 1464 2835 1518 Pari
2873 1464 3057 1534 itaque
3105 1465 3312 1517 ratione
3343 1473 3397 1516 et
3442 1465 3559 1515 chi-

1984 1545 2240 1606 liarchus'
2273 1556 2651 1610 centurionem
2712 1555 3005 1623 admonet,
3068 1568 3122 1610 et
3181 1559 3444 1626 castigat,
3503 1565 3560 1609 et

1988 1646 2180 1698 tnultat
2209 1665 2220 1700 :
2249 1656 2305 1700 at
2351 1647 2555 1715 pellere
2588 1663 2655 1701 eo
2707 1663 2934 1701 munere
2969 1665 3076 1701 non
3109 1659 3312 1718 potest.
3352 1649 3554 1703 llorum

1985 1736 2259 1804 siquident
2304 1739 2575 1808 judicium
2639 1748 2692 1793 et
2737 1740 3019 1809 inquisitio
3086 1741 3466 1806 eminentiori,
3501 1754 3557 1796 et

1988 1829 2143 1899 cujus
2184 1831 2237 1882 in
2269 1846 2433 1884 manu
2473 1831 2669 1886 electio
2693 1843 2796 1895 εει,
2833 1833 2934 1886 soli
2965 1835 3304 1888 conreditur.
3323 1833 3559 1888 Omnino

311 1922 422 1992 γὰρ
450 1923 676 1974 δύναται
703 1924 731 1974 ό
759 1922 1033 1992 βασιλεὺς,
1065 1925 1166 1977 ὅσα
1205 1928 1236 1996 η
1271 1926 1444 1991 πόλις,
1483 1929 1532 1980 εί
1567 1928 1641 1997 μή
1674 1946 1726 1979 τι
1764 1929 1886 1979 κατ’

1995 1931 2168 1975 autem
2194 1923 2240 1976 is
2270 1923 2434 1976 fuerit
2487 1939 2606 1987 rex,
2641 1925 2724 1978 vel
2754 1925 2839 1978 cui
2895 1925 2984 1979 ille
3029 1926 3394 1980 demandarit.
3426 1927 3557 1980 Nam

311 2016 480 2084 αὐτῆς
512 2014 609 2084 τῆς
653 2015 860 2080 πόλεως
884 2018 1210 2070 διανοεῖσθαι
1241 2020 1541 2088 φωραθείη.
1597 2019 1882 2072 Ἐντεῦθεν

312 2107 489 2176 ἡτῶν
525 2108 779 2176 μεγάλων
832 2109 1037 2179 θρόνων
1094 2110 1220 2176 ἀξία
1275 2112 1368 2163 καὶ
1413 2111 1661 2179 δύναμις,
1711 2112 1884 2180 ὁπόση

310 2200 455 2270 λόγῳ
486 2202 839 2267 γινώσκεται.
886 2201 976 2270 Τῷ
1007 2202 1112 2270 γὰρ
1157 2203 1362 2273 πάππα
1393 2204 1596 2274 πρώτῳ
1637 2204 1750 2256 ὄντι
1788 2205 1884 2270 τῆς

324 2290 650 2359 Ἐκκλησίας
684 2293 862 2347 πάντα
884 2295 1120 2360 ἐφεῖται,
1148 2293 1337 2367 ὥσπερ
1377 2295 1675 2365 βασιλείτὰ
1705 2297 1886 2350 τοιαῦ-

313 2400 416 2437 τα·
447 2385 543 2437 καὶ
584 2385 690 2454 γάρ
732 2387 1014 2456 ἀφορίζειν
1056 2405 1150 2440 και
1199 2390 1484 2456 καθαιρεῖν
1512 2392 1718 2452 πάντας
1748 2390 1886 2442 κατὰ

315 2474 547 2536 κανόνας
601 2474 721 2546 ἦτοι
774 2476 997 2540 δικαίως
1048 2478 1292 2531 δύναται.
1340 2479 1404 2531 Οί
1449 2479 1508 2532 δὲ
1557 2479 1736 2530 λοιποὶ
1765 2496 1887 2532 παι-

311 2568 492 2620 δεύειν
519 2569 619 2638 μὲν
646 2570 739 2626 καὶ
765 2569 998 2638 ζημιοῦν
1028 2570 1084 2622 ἐν
1116 2587 1228 2623 τισι
1262 2571 1381 2634 τοὺς
1413 2571 1530 2640 μετ’
1558 2573 1756 2634 αὐτοὺς
1793 2573 1886 2624 δύ-

313 2674 523 2722 νανται,
552 2657 832 2730 καθαιρεῖν
854 2660 908 2712 δὲ
931 2661 993 2713 οὐ
1033 2660 1316 2725 δύνανται,
1357 2663 1432 2731 μὴ
1463 2661 1880 2731 τυραννοῦντες.

315 2751 392 2803 Οὐ
430 2751 538 2820 γάρ
574 2754 680 2804 είσι
721 2739 904 2823 κριταὶ
939 2755 1166 2810 τούτων.
1211 2753 1270 2806 ’0
1321 2753 1378 2806 δὲ
1426 2755 1656 2817 πάππας
1693 2755 1887 2823 κριτὴς

314 2845 534 2896 πάντων
561 2846 731 2897 ἐστίν.
763 2846 1127 2915 Ὠσπερνγὰρ
1175 2849 1235 2898 τὸ
1281 2847 1380 2916 τῆς
1422 2849 1630 2909 πόλεως
1673 2845 1887 2916 ἀξίωμα

316 2937 427 2990 πᾶν
480 2935 576 2988 καὶ
605 2937 704 3007 τὴν
724 2937 954 3005 δύναμιν
976 2939 1004 2990 6
1027 2938 1264 3007 αἱρεθεὶς
1288 2938 1542 3008 βασιλεὺς
1568 2941 1704 3010 ἔχει,
1745 2939 1888 2993 οὕτω

316 3030 410 3081 καὶ
440 3031 467 3082 6
496 3029 578 3090 είς
603 3028 694 3081 τὸν
727 3029 824 3097 τῆς
865 3028 1080 3099 Ῥώμης
1113 3031 1303 3100 θρόνον
1347 3033 1645 3094 κανονικῶς
1683 3033 1888 3097 άναὸάς

314 3118 376 3171 τὸ
396 3119 494 3186 τῆς
522 3119 764 3188 Ῥώμης,
793 3120 887 3172 καὶ
917 3119 1013 3188 τῆς
1038 3121 1267 3174 καθόλου
1299 3121 1623 3192 Ἐκκλησὶας
1647 3123 1887 3193 ἀξίωμα,

317 3209 413 3261 καὶ
440 3209 671 3279 δύναμιν
697 3212 1096 3280 πνευματικὴν,
1135 3213 1230 3285 καὶ
1274 3214 1434 3283 χάριν
1476 3217 1627 3284 παρὰ
1654 3217 1746 3269 τοῦ
1777 3217 1885 3269 Σω-

1992 2014 2174 2067 omnia
2220 2023 2402 2082 potest
2457 2030 2550 2070 rex
2594 2031 2714 2084 quae
2775 2023 2830 2069 et
2887 2016 3079 2069 civitas
3114 2016 3248 2084 ipsa,
3277 2017 3330 2069 ni
3370 2026 3559 2070 contra

1994 2104 2163 2174 ipsam
2197 2107 2472 2160 civitatem
2515 2106 2722 2175 aliquid
2753 2108 3051 2162 machinari
3095 2109 3558 2178 deprehendatur.

1995 2193 2130 2248 llinc
2163 2209 2480 2265 magnarum
2515 2197 2728 2250 sediutn
2767 2198 3003 2268 dignitas
3031 2209 3087 2252 et
3112 2211 3374 2268 potestas
3413 2217 3563 2269 qna:-

1992 2301 2115 2340 nain
2171 2288 2263 2349 sit,
2321 2303 2426 2343 non
2459 2294 2666 2365 alisque
2736 2294 2946 2347 ratione
2992 2296 3351 2365 dignoscitur.
3404 2299 3561 2368 Papae

1992 2375 2286 2442 siquidem,
2329 2379 2422 2446 qui
2480 2382 2686 2449 primas
2717 2381 2925 2437 obtinet
2988 2384 3040 2437 in
3075 2385 3338 2451 Ecclesia,
3373 2375 3560 2441 omnia

1993 2463 2109 2518 haec
2142 2468 2219 2518 uti
2243 2469 2352 2537 regi
2385 2473 2700 2526 concredita
2742 2481 2908 2537 sunt;
2952 2491 3075 2528 nam
3110 2491 3298 2530 omnes
3331 2493 3362 2532 e
3411 2490 3557 2532 cmtu

1995 2555 2234 2609 ﬁdelium
2269 2564 2885 2634 separare,pellereque
2925 2581 2955 2619 e
3006 2567 3251 2632 sedibus,
3289 2579 3347 2622 tit
3399 2583 3565 2624 cano-

1996 2663 2090 2701 nes
2121 2651 2501 2716 praescribunt,
2536 2655 2754 2724 etjnste
2785 2667 2992 2730 potest.
3047 2660 3263 2727 Reliqui
3297 2663 3562 2732 castigare

1993 2742 2340 2811 multareque
2395 2742 2445 2795 in
2486 2745 2756 2814 aliquibus
2782 2765 2879 2802 eos
2927 2751 3019 2819 qui
3049 2765 3170 2822 post
3198 2769 3256 2806 se
3314 2755 3560 2819 veniunt,

1993 2842 2242 2899 possunt,
2293 2835 2496 2902 pellere
2527 2852 2660 2891 vero
2686 2853 2750 2893 ac
2795 2840 3092 2910 deponere,
3125 2845 3227 2898 nisi
3270 2848 3563 2914 tyrannide

1996 2925 2103 2990 usi,
2131 2940 2237 2978 non
2265 2937 2495 2994 possunt
2523 2945 2538 2983 :
2569 2945 2747 2999 neque
2780 2933 2927 2986 enim
2959 2934 3156 2987 horum
3179 2937 3386 3005 judiees
3412 2949 3560 3006 sunt,

1994 3018 2086 3071 sed
2121 3033 2256 3087 papa
2283 3021 2526 3073 omnium
2546 3021 2713 3090 judex
2741 3033 2842 3078 est.
2873 3024 3045 3079 Veluti
3075 3029 3218 3081 enim
3245 3043 3335 3082 rex
3356 3030 3567 3085 elecms

1995 3112 2375 3166 auctoritatem
2422 3128 2638 3167 onmem
2675 3124 2728 3169 et
2761 3125 3084 3185 potestatem
3119 3121 3358 3177 civitatis
3406 3125 3463 3178 in
3503 3141 3565 3179 se

1997 3205 2246 3270 assumit,
2278 3204 2355 3258 sic
2376 3215 2433 3259 et
2461 3205 2552 3274 qui
2596 3207 2853 3263 thronum
2893 3211 3217 3279 Romanum,
3244 3225 3302 3270 ut
3330 3233 3571 3273 canones

316 3303 481 3372 τῆρος
518 3304 584 3371 τῇ
629 3301 926 3373 Ἐκκλησία
980 3301 1322 3372 δωρηθεῖσαν
1370 3305 1554 3357 πᾶσαν
1603 3306 1888 3375 κέκτηται.

1995 3294 2205 3365 iubent,
2239 3297 2567 3364 ascenderit,
2600 3299 2858 3356 Romana:
2886 3318 2900 3368 ;
2934 3317 2989 3358 et
3016 3305 3284 3361 universae
3311 3307 3570 3366 Ecclesia:

318 3395 392 3448 Τὸ
425 3395 523 3462 μὲν
553 3396 635 3447 ὅτι
679 3393 900 3464 Ῥώμης
951 3395 1383 3465 άρχιεπίσκοπός
1431 3399 1568 3463 ἐστι,
1599 3397 1660 3448 τὸ
1705 3397 1762 3450 δὲ
1812 3398 1893 3450 ὅτι

316 3487 508 3556 ἄκρος,
539 3487 656 3556 ἦτοι
687 3488 785 3557 τῆς
817 3487 1046 3541 καθόλου
1087 3487 1412 3556 Ἐκκλησίας
1457 3491 1772 3558 ἀρχιερεὺς,
1798 3494 1891 3541 καὶ

322 3581 537 3649 πρῶτος
572 3581 632 3633 οὐ
667 3582 734 3650 τῇ
769 3579 1167 3650 ἀπαριθμήσει,
1199 3580 1336 3634 ἀλλὰ
1372 3584 1438 3651 τῇ
1491 3582 1634 3650 ἀξίᾳ.
1676 3583 1749 3632 υὺ
1786 3583 1892 3651 γάρ

321 3670 456 3724 διότι
488 3671 804 3740 ἀριθμεῖται
841 3671 1074 3738 πρῶτος,
1125 3672 1213 3724 διά
1261 3671 1417 3724 τοῦτο
1470 3674 1705 3741 πρῶτος,
1757 3673 1894 3723 ἀλλὰ

302 3761 451 3815 ’διότι
483 3763 698 3831 πρῶτος
728 3766 793 3832 τῇ
823 3765 970 3831 ἀξίᾳ,
997 3763 1086 3814 διὰ
1108 3763 1266 3814 τοῦτο
1295 3764 1390 3816 καὶ
1422 3767 1488 3833 τῇ
1516 3765 1895 3833 ἀπαριθμήσει

321 3859 561 3928 πρῶτος.
584 3859 750 3927 Δῆλον
782 3860 838 3910 δὲ
864 3860 946 3911 ὅτι
976 3859 1036 3910 οὐ
1067 3857 1396 3927 μεταπίπτει
1423 3859 1455 3928 ἡ
1489 3858 1894 3928 ἀπαρίθμησις.

333 3954 401 4008 Ἡ
445 3953 501 4006 δὲ
536 3952 613 4023 μὴ
649 3951 1063 4022 μεταπίπτουσα
1093 3953 1159 4020 τῇ
1194 3950 1305 4001 τῶν
1348 3952 1692 4020 πραγμάτων
1744 3950 1895 4014 τάξει

326 4049 541 4110 πάντως
578 4046 885 4100 ἀκολουθεῖ.
923 4047 1122 4116 Ὀρᾶτε
1184 4046 1350 4097 πόσον
1409 4044 1501 4096 καὶ
1546 4045 1606 4096 τὸ
1662 4043 1753 4097 τοῦ
1795 4044 1896 4113 τῆς

325 4139 972 4201 Κωνσταντινουπόλεως.
1010 4139 1194 4203 ιιάσης
1249 4136 1358 4204 γὰρ
1396 4135 1497 4204 τῆς
1547 4137 1893 4206 οἰκουμένης,

322 4232 398 4293 ὡς
429 4232 626 4294 εἰπεῖν,
658 4229 900 4300 ἐξάρχει,
942 4229 1081 4298 πλὴν
1129 4227 1222 4280 τοῦ
1281 4229 1483 4281 πάππα
1526 4232 1620 4279 καί
1669 4229 1769 4297 τῆς
1801 4231 1898 4279 ὲπ-

329 4323 519 4394 ιρχίας
551 4322 739 4389 αὐτοῦ,
777 4323 847 4384 ab,
885 4317 1024 4374 εἶναι
1058 4322 1218 4374 αὑτὸν
1255 4320 1471 4374 πάντων
1501 4321 1608 4372 τῶν
1635 4321 1730 4389 τῆς
1779 4321 1899 4374 Ἐκ-

325 4417 555 4487 κλησίας
612 4415 939 4486 στρατηγῶν
975 4415 1301 4484 ’στρατηγὸν
1348 4417 1608 4484 ἄριστον,
1677 4414 1896 4484 άμέσω;

327 4514 466 4580 μετά
494 4510 588 4562 τὸν
612 4509 707 4578 τῆς
739 4507 1030 4576 καθολικῆς
1071 4506 1391 4576 Ἐκκλητξας
1425 4506 1650 4574 βασιλέα
1674 4509 1739 4576 τῇ
1769 4507 1898 4576 ἀξίᾳ

324 4603 683 4671 ταττόμενον,
705 4601 798 4653 καὶ
817 4599 1036 4653 πάντων
1057 4599 1162 4651 τῶν
1187 4599 1390 4651 λοιπων
1415 4599 1770 4667 ὑπερέχοντα.
1789 4600 1900 4651 Καὶ

323 4694 517 4763 ὥσπερ
546 4692 698 4744 πᾶσα
735 4693 898 4760 ἀργεῖ
946 4688 1210 4758 βασιλέως
1249 4690 1511 4755 φανέντος
1542 4687 1708 4757 ἁρχὴ,
1755 4687 1899 4740 οὓτω

320 4783 417 4839 τοῦ
450 4786 653 4836 πάππα
686 4787 976 4852 παρόντος,
1009 4781 1042 4848 ἢ
1090 4779 1420 4850 πράττοντός
1450 4796 1526 4840 τι,
1577 4779 1611 4847 ἢ
1650 4781 1900 4847 λέγοντος

322 4876 630 4940 κανονικῶς
689 4877 782 4928 καὶ
830 4874 1076 4939 δικαίως,
1112 4873 1146 4942 ἢ
1179 4872 1556 4939 θεολογοῦντος
1606 4877 1748 4928 κατὰ
1804 4873 1900 4935 τὰς

322 4969 565 5036 Γραφάς,
599 4968 699 5018 καιτ
719 4971 784 5019 τά
812 4965 1221 5034 παραδεδομένα
1259 4966 1385 5034 ἡμῖν
1415 4965 1564 5031 παρὰ
1593 4965 1701 5018 τῶν
1729 4966 1901 5034 ἁγίων

324 5056 610 5130 Πατέρων,
645 5061 876 5129 ἠρεμεῖν
914 5062 1008 5111 καὶ
1051 5060 1265 5128 σιωπᾷν
1299 5059 1377 5110 δεῖ
1410 5062 1536 5121 τοὺς
1575 5061 1822 5125 λοιποὺς,
1850 5061 1900 5112 εί

325 5158 403 5222 μη
432 5169 536 5203 που
566 5153 851 5222 φωραθείη
884 5154 1092 5220 αἱρέσει
1126 5155 1231 5206 τινὶ
1262 5154 1651 5222 κατεχόμενος.
1679 5155 1756 5206 Οὐ
1790 5153 1900 5223 γάρ

322 5249 443 5299 ἐστι
469 5247 699 5308 πάππας
723 5248 751 5298 ὁ
779 5249 837 5301 ὲν
865 5249 1093 5315 αἱρέσει.
1131 5247 1254 5310 Πῶς
1291 5249 1400 5316 γάρ
1432 5252 1458 5299 ὁ
1485 5247 1579 5318 τῆς
1607 5247 1899 5316 ὁμολογίας

321 5336 424 5406 τῆς
453 5336 744 5406 καθολικῆς
790 5337 1116 5406 Ἐκκλησίας
1148 5338 1404 5406 βουλήσει
1439 5339 1732 5404 ὲκπεσὼν;
1763 5338 1899 5389 υὺδὲ

319 5435 432 5498 γάρ
465 5431 494 5482 ὁ
516 5429 658 5481 κατὰ
681 5430 776 5499 τῆς
801 5429 1008 5491 πόλεως
1044 5428 1423 5497 διανοούμενος
1466 5430 1716 5498 βασιλεὺς
1747 5429 1900 5498 βασι-

315 5521 449 5582 λεύς
483 5522 654 5582 ἐστιν,
681 5519 818 5572 ἀλλὰ
845 5518 1140 5589 τύραννος.

400 5785 488 5850 ιζ’.
519 5786 674 5857 Πρὸς
705 5769 920 5852 τούτοις
961 5789 1181 5849 κάκεῖνο
1217 5789 1283 5856 τῇ
1318 5788 1544 5858 τοιαύτῃ
1586 5791 1709 5841 κατ’
1739 5790 1897 5855 ἀξίαν

325 5878 476 5941 τάξει
505 5879 720 5944 ἐπεται,
758 5875 1114 5947 ἀντίστροφον
1164 5893 1282 5942 πως
1310 5877 1370 5932 ὃν
1415 5881 1523 5935 τῶν
1561 5884 1894 5951 εἰρημένων.

1998 3389 2383 3442 auctoritatem
2424 3399 2479 3444 et
2513 3401 2835 3459 potestatem
2881 3395 3222 3464 spiritalem,
3259 3411 3313 3453 et
3342 3402 3572 3470 gratiam

1997 3493 2027 3532 a
2059 3478 2348 3536 Servatore
2379 3482 2633 3538 Ecclesiae
2659 3487 3116 3542 communicatam
3157 3502 3413 3546 cunt-tam
3450 3513 3574 3564 pos-

1997 3570 2142 3625 sidet
2176 3589 2189 3624 a
2226 3585 2337 3625 tum
2373 3573 2520 3641 quod
2545 3574 2822 3631 Romanus
2851 3581 3298 3652 archiepiscopus
3327 3595 3429 3650 est,
3457 3600 3572 3644 tum

1999 3663 2143 3729 quod
2174 3678 2445 3728 summus,
2489 3676 2584 3720 aut
2608 3668 2892 3724 catholica:
2934 3669 3189 3728 Ecclesiae
3219 3677 3486 3744 pontifex,
3515 3691 3574 3735 et

1999 3754 2208 3822 primus
2249 3771 2356 3808 non
2414 3763 2844 3827 enumeratione,
2888 3764 2982 3817 sed
3048 3767 3331 3836 dignitate.
3382 3771 3572 3842 Neque

1998 3846 2145 3900 enim
2171 3850 2316 3916 quod
2345 3852 2556 3920 primus
2579 3865 2921 3920 numeratur,
2955 3857 3078 3912 ideo
3102 3861 3313 3928 primus
3345 3875 3448 3930 est,
3475 3867 3572 3921 sed

1999 3943 2142 4006 quod
2174 3941 2388 4009 primus
2414 3943 2696 4013 dignitate,
2739 3948 2862 4001 ideo
2909 3957 2964 4001 et
3005 3955 3420 4011 enumeratione
3460 3962 3575 4028 pri-

2002 4047 2125 4088 mus
2153 4045 2256 4090 est.
2289 4036 2633 4092 Manifestum
2657 4051 2840 4095 autem
2867 4053 2952 4098 est
2971 4053 3442 4108 enumerationem
3461 4071 3574 4114 non

2002 4128 2400 4198 recidere,quae
2421 4145 2546 4184 vero
2569 4133 2784 4199 recidit,
2811 4151 2995 4190 rerum
3026 4139 3207 4194 ordini
3230 4157 3450 4212 prorsus
3485 4151 3537 4204 in
3555 4180 3572 4190 -

2002 4219 2195 4274 servit.
2215 4221 2804 4298 Considerate-quanta
2855 4240 2941 4285 est
2984 4242 3040 4288 et
3072 4233 3579 4310 Constantinopoli-

2006 4310 2114 4365 tani
2155 4312 2414 4382 dignitas.
2451 4315 2699 4373 Universi
2741 4323 2890 4376 enim
2931 4325 3101 4390 orbis,
3150 4339 3207 4383 ut
3257 4332 3328 4385 ita
3367 4335 3569 4404 dicam,

2002 4402 2212 4471 primas
2246 4417 2350 4472 est,
2390 4422 2560 4462 unum
2597 4417 2643 4466 si
2673 4414 2915 4481 excipias
2943 4433 3137 4489 papam
3163 4431 3216 4476 et
3243 4425 3389 4481 illius
3415 4402 3572 4499 epatr-

2003 4494 2205 4560 ehiam,
2226 4508 2284 4551 ut
2303 4503 2373 4552 sit
2395 4501 2511 4568 ipse
2528 4503 2772 4558 omnium
2792 4507 3044 4563 Ecclesiae
3066 4515 3356 4572 ductorum
3379 4494 3574 4575 dot-tor

2004 4590 2250 4657 Optimus
2273 4593 2586 4649 immediate
2609 4607 2732 4664 post
2762 4604 3088 4657 universalis
3119 4604 3360 4664 Eechsiae
3388 4627 3574 4680 regem

2005 4682 2275 4751 dignitate
2303 4685 2622 4755 collocatus,
2672 4699 2728 4744 et
2759 4706 2951 4749 omnes
2992 4697 3128 4752 alios
3160 4703 3470 4758 antecellat.
3509 4707 3575 4759 Et

2003 4776 2492 4847 quemadmodum,
2525 4800 2648 4838 cum
2709 4801 2799 4838 rex
2839 4801 3142 4857 comparet,
3184 4811 3346 4850 omne
3403 4801 3575 4853 donn-

2003 4869 2157 4922 nium
2191 4881 2388 4939 cessat,
2419 4874 2494 4927 ita
2525 4890 2648 4928 cum
2683 4892 2820 4947 papa
2867 4881 3040 4948 adest,
3078 4895 3172 4939 aut
3198 4889 3405 4958 aliquid
3440 4895 3576 4962 agit,

2003 4961 2092 5015 vel
2127 4963 2261 5017 dicit
2289 4981 2355 5019 ex
2376 4983 2646 5022 canonum
2701 4972 2955 5044 jurisque
3007 4982 3350 5052 praescripto,
3411 4961 3576 5042 aede

2003 5055 2167 5109 rebus
2211 5057 2410 5112 divinis
2460 5061 2736 5130 edisserit,
2784 5081 2949 5121 sacrae
3000 5068 3298 5140 Scriptura:
3335 5078 3582 5146 vestigiis

2001 5158 2052 5200 et
2083 5150 2296 5203 traditis
2336 5154 2497 5208 nobis
2525 5169 2556 5208 a
2588 5160 2793 5212 sanctis
2823 5158 3078 5216 Patribus
3129 5166 3410 5229 insistens,
3450 5173 3578 5224 reli-

2002 5242 2126 5308 quis
2219 5244 2618 5301 ouiescendum
2704 5251 3303 5329 obmutescendumque
3361 5274 3464 5327 est,
3521 5264 3578 5316 ni

2004 5333 2096 5386 ille
2162 5335 2605 5404 deprehendatur
2671 5342 2862 5400 haeresi
2935 5347 3120 5416 aliqua
3193 5367 3574 5422 mancipatus;

2003 5444 2129 5482 nam
2187 5431 2280 5498 qui
2333 5431 2524 5485 haeresi
2582 5432 2744 5500 favet,
2807 5452 2943 5506 papa
2992 5456 3100 5493 non
3142 5452 3244 5496 est.
3286 5444 3578 5508 Quomodo

2000 5522 2170 5588 enim,
2200 5522 2294 5590 qui
2325 5539 2389 5578 ex
2419 5525 2758 5593 professione
2786 5530 3070 5586 catholicae
3100 5532 3357 5588 Ecclesia:
3385 5537 3579 5591 volens

2001 5613 2239 5667 excidit?
2266 5615 2357 5670 Sic
2396 5629 2574 5694 neque
2623 5617 2676 5672 in
2705 5619 2983 5676 civitatem
3021 5625 3252 5681 moliens
3311 5641 3434 5693 rex,
3474 5642 3573 5681 rex

2000 5715 2104 5769 est,
2139 5706 2231 5759 sed
2264 5717 2546 5776 tyrannus.

2075 5797 2159 5849 l7.
2193 5797 2412 5864 Adtiaec,
2439 5799 2572 5854 illud
2616 5817 2832 5874 quoque
2885 5807 3095 5865 ordinis
3141 5813 3445 5869 secundum
3485 5815 3574 5870 di-

2003 5889 2264 5959 gnitatem
2325 5900 2586 5962 tanquam
2639 5899 2921 5966 prOprium
2977 5903 3244 5970 sequitur,
3307 5905 3579 5972 quodaut~
