4098 6440
560 424 669 487 863

1747 418 2078 478 GEORGII
2120 365 2647 478 TRAPEZUNTII

3707 417 3808 482 θοι

564 535 732 589 modo
759 532 922 587 dictis
977 545 1041 585 ex
1083 527 1257 581 altera
1299 535 1452 596 parte
1506 525 1866 595 respondens.
1919 527 2136 582 Etenim

2267 527 2312 579 Ο
2342 528 2450 596 γὰρ
2485 527 2776 597 επόμενος,
2824 523 2916 580 τοῦ
2943 525 3359 596 προηγουμένου
3416 523 3494 594 μὴ
3535 524 3703 589 ὄντος,
3751 543 3814 578 τα

565 629 658 697 qui
691 625 931 680 secundo
971 623 1090 675 loco
1135 628 1285 683 sunt,
1321 619 1388 678 si,
1425 618 1518 687 qui
1555 617 1793 686 primum
1832 617 2140 682 obtinebat,

564 713 848 773 defecerit,
905 711 1054 764 illius
1128 707 1313 760 munia
1373 721 1570 768 curare
1627 720 1791 776 atque
1844 710 2140 772 coniicere,

565 811 742 858 donec
783 804 874 857 ille
904 818 1013 855 non
1038 799 1280 863 ail‘uerit,
1317 807 1524 866 potest;
1565 814 1800 867 namque
1831 799 1874 853 si
1903 815 1998 852 rex
2033 798 2141 852 alio

565 913 624 951 se
667 896 961 964 receperit,
997 893 1080 948 vel
1116 892 1223 945 vita
1281 891 1574 944 defunctus
1615 889 1803 955 fuerit,
1857 891 2142 959 copiarum

566 993 698 1055 dux,
744 991 846 1045 etsi
887 1005 994 1042 non
1051 1003 1148 1057 per
1179 985 1364 1039 omnia
1397 992 1458 1036 ut
1512 997 1629 1046 rex,
1675 982 1768 1035 sed
1797 982 1988 1052 majori
2019 994 2144 1034 cum

565 1083 892 1136 auctoritate
938 1093 1101 1148 quam
1145 1085 1305 1130 antea
1346 1089 1434 1127 res
1483 1072 1868 1138 administrat,
1915 1081 1973 1127 et
2010 1072 2150 1126 duce

567 1177 816 1235 absente,
864 1173 949 1224 vel
1001 1171 1104 1224 hac
1133 1169 1286 1222 brevi
1335 1168 1444 1220 vita
1489 1164 1821 1229 excedente,
1865 1165 1956 1234 qui
2009 1164 2154 1218 inter

567 1245 903 1319 chiliarehos
955 1262 1167 1331 primus
1211 1268 1318 1322 est,
1383 1257 1696 1310 necessario
1760 1255 1827 1309 ad
1873 1255 2152 1309 exercitus

569 1353 942 1426 gubernacula
995 1351 1228 1412 accedit,
1279 1347 1775 1422 etcenturionum
1831 1345 2041 1413 primus
2076 1343 2146 1398 ad

570 1445 999 1499 chiliarchorum
1063 1457 1264 1496 munus
1333 1437 1619 1504 ascendit,
1677 1435 1986 1490 chiliarcho
2037 1434 2148 1489 vita

571 1535 852 1590 defuncto.
882 1533 996 1588 Hoc
1024 1533 1207 1602 itaque
1255 1530 1420 1585 modo
1467 1527 1993 1598 llierosolymitanus
2043 1526 2155 1580 An-

571 1627 882 1681 tiochenam
932 1625 1231 1680 Ecclesiam
1283 1620 1644 1692 gubernabit,
1681 1619 1748 1672 ad
1811 1619 2152 1688 Superiorem

569 1719 738 1772 vitam
769 1717 1113 1771 Antiocheno
1147 1714 1456 1784 patriarcha
1506 1712 1796 1782 migrante,
1861 1725 2153 1780 quousque

569 1809 734 1872 alius,
765 1817 823 1861 ut
857 1821 1096 1861 canones
1143 1805 1478 1867 decernunt,
1513 1801 1581 1855 ad
1632 1801 1818 1856 sedem
1856 1801 2030 1866 illaut,
2063 1815 2154 1855 re-

2253 620 2469 672 ὲκείνου
2546 621 2721 672 ποιεῖν
2765 619 2859 672 καὶ
2910 619 3174 688 πράττειν
3223 619 3472 683 δύναται,
3528 617 3717 688 μέχρις
3761 611 3816 670 οὗ

2251 711 2460 773 ἐκεῖνος
2501 710 2752 767 άπεστιν.
2789 711 3065 774 Βασιλέως
3090 712 3198 778 γὰρ
3234 709 3310 782 μὴ
3333 710 3512 773 ὄντος,
3549 708 3582 778 ἢ
3627 725 3715 760 και
3736 708 3821 760 θα-

2253 803 2460 866 νόντος,
2487 805 2514 857 6
2552 804 2859 872 στρατηγὸς
2885 804 2955 856 τὰ
2982 803 3081 871 τῆς
3115 805 3321 867 πόλεως
3350 804 3414 858 οὐ
3450 805 3590 856 κατὰ
3617 803 3823 855 πάντων

2257 894 2331 956 ὡς
2364 894 2636 962 βασιλεὺς,
2668 896 2806 948 ἀλλὰ
2831 896 2966 963 μετὰ
3002 897 3249 962 μείζονος
3288 895 3543 960 ἔξουσίας
3577 895 3610 963 ἢ
3644 894 3827 964 πρότε-

2261 1001 2355 1054 ρον
2384 986 2599 1042 διοικεῖ.
2627 987 2720 1038 καὶ
2763 986 3071 1056 στρατηγοῦ
3099 987 3350 1049 ἀπόντος,
3383 986 3416 1055 ἢ
3457 987 3552 1038 καὶ
3593 986 3698 1038 ἀπὸ
3735 985 3827 1051 τῆς

2261 1077 2598 1146 προσκαίρου
2631 1076 2778 1145 ζωῆς
2809 1076 3014 1146 ταύτης
3063 1078 3546 1148 ἀποδημήσαντος,
3602 1076 3710 1128 τῶν
3750 1093 3828 1144 χιο

2261 1168 2502 1238 λιάρχων
2530 1170 2557 1221 6
2589 1170 2805 1239 πρῶτος
2842 1171 3046 1232 παντὸς
3093 1171 3190 1224 τοῦ
3241 1170 3480 1241 στρατοῦ
3517 1169 3830 1240 τὴνοάρχὴν

2261 1259 2528 1329 λαμὸάνει
2552 1262 2886 1328 ἀναγκαίως,
2927 1263 3022 1316 καὶ
3059 1264 3086 1316 6
3122 1263 3336 1332 πρῶτος
3367 1263 3478 1316 τῶν
3507 1263 3830 1329 ἑκατοντάρ-

2265 1370 2377 1422 χων
2405 1353 2624 1422 ὁμοίως.
2654 1354 2943 1423 Χιλιαρχεῖ
2968 1354 3076 1424 γὰρ
3105 1353 3360 1417 θανόντος
3403 1353 3502 1407 τοῦ
3533 1353 3827 1424 χιλιάρχου.

2267 1443 2425 1498 Κατὰ
2440 1444 2630 1498 τοῦτον
2657 1443 2751 1498 οὖν
2778 1446 2872 1498 τὸν
2893 1444 3095 1517 τρόπον
3123 1446 3218 1499 καὶ
3246 1445 3689 1516 ὁῚεροσολύμων
3711 1445 3831 1496 διοι-

2264 1536 2423 1606 κήσει
2457 1535 2527 1589 τὰ
2555 1536 2657 1604 τῆς
2691 1537 3009 1606 Ἀντιοχέων
3053 1537 3403 1609 Ἐκκλησίας,
3453 1537 3537 1600 είς
3583 1536 3683 1605 τὴν
3726 1535 3829 1589 ἄνω

2267 1628 2412 1697 ζωὴν
2438 1628 2827 1693 ἐπανελθόντος
2857 1629 2953 1684 τοῦ
2996 1626 3320 1700 Ἀντιοχείας
3350 1628 3718 1699 πατριάρχου,
3748 1627 3833 1696 μέο

2264 1735 2385 1788 χρις
2415 1712 2475 1772 οὗ
2513 1719 2669 1782 ἄλλος
2699 1721 2841 1773 κατὰ
2869 1721 3100 1784 κανόνας
3136 1722 3216 1783 είς
3247 1721 3340 1773 τὸν
3378 1719 3686 1790 χηρεύοντα
3715 1715 3832 1785 θρό-

2266 1829 2355 1864 νον
2415 1812 2649 1882 άναχθῇ.
2699 1813 2809 1866 Καὶ
2841 1814 2870 1866 6
2923 1813 3261 1883 ’Δντιοχείας
3319 1815 3389 1866 τὰ
3446 1811 3546 1864 τοῦ
3588 1809 3829 1873 Ἀλεξαν-

570 1906 725 1953 etore
776 1897 1110 1965 Spoliatam,
1165 1901 1597 1959 promoventur,
1655 1899 1713 1945 et
1777 1890 2154 1946 Antiochenus

2267 1903 2450 1972 5ρέως.
2479 1905 2590 1957 Καὶ
2616 1896 2771 1965 οὗτος
2796 1905 2906 1957 τῶν
2926 1906 3023 1972 τῆς
3051 1902 3688 1963 Κωνσταντινουπόλεως
3717 1904 3830 1952 ἑπι-

572 1986 1024 2048 Alexandrinam,
1070 1992 1127 2037 et
1173 1983 1262 2036 hic
1290 1979 1914 2045 Constantinopolitanze
1965 1980 2152 2035 mode-

576 2090 726 2131 rator
752 2079 877 2140 erit,
908 2077 1036 2128 dum
1068 2076 1228 2130 sedes
1254 2075 1342 2128 illa
1372 2087 1590 2145 pastore
1620 2087 1791 2134 caret.
1824 2077 1914 2132 Sic
1945 2077 2071 2130 item
2098 2075 2151 2128 in

576 2173 897 2240 interregno
949 2170 1207 2223 Romana:
1260 2170 1536 2234 Ecclesia,
1583 2171 1712 2224 dum
1767 2186 1863 2224 rex
1899 2169 2156 2224 Ecclesiae

578 2264 792 2332 legibus
878 2272 1085 2315 natura:
1155 2262 1438 2330 paruerit,
1503 2261 2156 2331 Constantinopolitanus

582 2355 908 2424 patriarcha,
958 2353 1135 2408 donec
1179 2353 1321 2407 alios
1376 2354 1442 2408 ad
1508 2354 1651 2408 illam
1707 2355 1892 2408 sedem
1934 2367 2158 2423 promo-

581 2457 794 2511 scatur,
827 2457 1091 2501 terrarum
1143 2447 1294 2501 orbis
1347 2449 1514 2501 totius
1546 2446 1873 2502 universalis
1898 2445 2159 2500 Ecclesia:

581 2552 794 2601 curam,
849 2540 1217 2608 gubernacula
1265 2548 1322 2592 et
1381 2537 1918 2592 administrationem
1986 2535 2162 2590 susci-

578 2633 692 2702 piet
727 2632 825 2702 (Ι).
857 2632 912 2686 Id
944 2648 976 2687 e
1038 2648 1090 2685 ιιι
1123 2631 1352 2695 ordinis,
1389 2631 1482 2702 qui
1523 2647 1552 2684 a
1584 2631 1851 2701 dignitate
1893 2637 1998 2692 est,
2027 2641 2161 2682 cou-

578 2725 716 2778 tlitio
749 2736 804 2778 et
829 2725 919 2792 jus
950 2724 1054 2780 sibi
1085 2724 1262 2794 poscit
1303 2732 1358 2777 et
1388 2721 1662 2776 vendicat.

657 2821 744 2875 18.
775 2820 883 2875 Sed
917 2833 1043 2872 cum
1090 2818 1197 2872 huc
1227 2816 1463 2871 deducta
1514 2815 1587 2869 sit
1635 2813 1836 2877 oratio,
1875 2828 1985 2868 non
2039 2827 2165 2883 pos.

579 2930 701 2968 sunt
759 2920 961 2966 memet
1012 2909 1322 2971 continere,
1360 2908 1495 2977 quin
1547 2905 1702 2961 triste
1732 2905 1946 2976 ejulans
1983 2913 2041 2960 et
2085 2906 2164 2959 Ia-

582 3015 834 3059 mcntans
864 3001 1120 3072 lacrymis
1153 2999 1397 3068 upplear.
1431 2998 1570 3064 Quis
1628 3001 1774 3053 enim
1833 3009 2046 3052 nostras
2076 3011 2166 3052 ca-

583 3095 862 3150 lamitates
889 3108 995 3145 non
1032 3088 1386 3159 tleplorabit?
1434 3087 1567 3152 Quis
1608 3097 1796 3140 nostra
1840 3085 2164 3148 infortunia,

587 3189 705 3242 sive
737 3196 794 3238 ut
837 3184 1039 3252 aptius,
1081 3181 1269 3234 nescio
1319 3195 1387 3233 an
1434 3178 1664 3246 multum
1698 3185 1910 3246 gratum
1963 3177 2163 3242 dicam,
2196 3226 2238 3282 Ο

587 3287 806 3333 nostras
865 3272 1248 3344 iucogita’ntias
1317 3279 1374 3325 et
1466 3271 1734 3339 supplicia
1790 3269 2061 3324 meditans
2114 3268 2167 3324 in

586 3372 771 3422 ﬂetum
812 3382 918 3420 non
972 3361 1279 3432 irrumpet?
1322 3363 1518 3415 Actum
1569 3361 1682 3430 jatn
1733 3369 1820 3415 est
1848 3361 1914 3415 de
1953 3359 2169 3415 Grieco-

586 3475 710 3514 rum
743 3457 995 3526 imperio.
1031 3453 1142 3509 Res
1177 3453 1434 3508 Ecclesia:
1464 3467 1658 3507 onmes
1697 3452 1917 3520 penitus
1950 3449 2170 3505 occide-

587 3561 736 3618 runt,
773 3549 916 3620 quod
967 3561 1067 3601 nos
1098 3547 1285 3600 tandiu
1333 3545 1388 3598 itt
1437 3545 1732 3598 schismate
1795 3543 2167 3613 perstitimus.

584 3645 722 3712 Quis
772 3651 928 3713 poeta
981 3642 1096 3695 [nec
1150 3639 1354 3708 tragice
1411 3635 1732 3691 enarrabit?
1794 3637 1926 3702 Quis
1986 3645 2171 3690 orator

586 3731 1083 3791 commetnorabit‘l
1111 3731 1244 3795 Quis
1277 3731 1483 3798 scripto
1529 3739 1607 3782 tot
1638 3743 1703 3783 ac
1744 3737 1924 3782 tantos
1953 3737 2172 3781 nostros

585 3829 773 3898 lapsus
861 3833 1026 3893 atque
1095 3835 1315 3876 errores
1407 3821 1641 3889 posteris
1709 3817 2172 3873 commendabit?

585 3918 926 3987 Quandoque
957 3915 1103 3970 enim
1139 3924 1364 3982 propter
1386 3921 1609 3982 peccata
1640 3911 1829 3981 populi
1861 3909 2168 3964 afﬂictioni-

588 4011 693 4066 bus
724 4009 1001 4064 deduntur
1038 4005 1204 4060 etiam
1258 4004 1545 4072 pra-sides,
1575 4003 1705 4056 licet
1742 4011 1800 4056 et
1835 4001 1940 4056 lide
1977 4011 2032 4055 et
2062 4002 2172 4056 vita

586 4101 932 4157 divinitatem
993 4097 1402 4166 quodammodo
1453 4095 1747 4148 videantur
1781 4096 2042 4146 assecuti.
2095 4095 2168 4148 En

586 4193 735 4247 enim
780 4186 1430 4255 Constantinopolitanus
1482 4183 1815 4250 patriarcha,
1869 4199 2023 4239 mens
2059 4185 2175 4238 evi-

586 4284 782 4354 gilans,
835 4295 934 4350 pro
982 4278 1159 4333 salute
1192 4277 1373 4347 gregis
1405 4275 1637 4328 nimium
1669 4273 1974 4335 sollicitus,
2018 4289 2174 4329 sacer

588 4389 824 4443 vereque
869 4372 1190 4440 Gregorius,
1237 4378 1454 4424 etcum
1493 4383 1601 4422 uno
1647 4366 1764 4421 solo
1822 4376 2009 4420 nostro
2058 4382 2174 4420 aevo

591 4468 874 4523 confessor
901 4473 960 4520 et
983 4473 1207 4534 martyr,
1235 4471 1290 4516 et
1329 4461 1540 4526 exsilia,
1572 4470 1628 4514 et
1663 4459 1716 4512 in
1755 4459 1820 4514 iis
1861 4459 2173 4528 ingruentes

589 4561 974 4618 calamitates,
1038 4571 1137 4626 pro
1191 4571 1297 4609 una
1355 4554 1556 4608 unione
1609 4551 1978 4606 Ecclesiarum
2035 4552 2173 4605 laetis

591 4653 790 4708 animis
823 4651 1162 4720 amplexans,
1205 4648 1390 4701 Romae
1431 4645 1598 4716 degit,
1642 4659 1749 4697 non
1785 4643 1862 4697 ttti
1892 4643 2168 4698 secundus

666 4808 739 4876 (I)
773 4805 918 4860 Nova
954 4806 1062 4857 lia'c
1116 4804 1346 4857 auctoris
1391 4803 1597 4870 opinio,
1631 4812 1678 4853 et
1714 4801 1858 4876 omni
1915 4802 2168 4853 memoria

591 4870 858 4939 "inunita,
893 4891 1166 4943 nunquam
1199 4883 1274 4924 est
1309 4888 1405 4924 usu
1453 4882 1680 4940 recepta.
1732 4870 1848 4924 lmo
1887 4886 2171 4943 argumen-

593 4960 728 5007 tum,
777 4963 878 5015 quo
916 4941 1284 5013 comprobare
1338 4943 1544 5015 nititur,
1595 4958 1698 4994 non
1751 4941 2074 5015 incommode
2112 4943 2167 4993 in

593 5009 831 5070 eumdem
885 5009 1070 5082 ipsum
1106 5012 1490 5079 retorquebitnr
1537 5016 1631 5066 hoc
1667 5011 1818 5064 modo
1843 5027 1861 5064 :
1901 5009 2025 5082 Ideo
2075 5027 2170 5077 pa-

595 5088 844 5142 triarcha
873 5081 1492 5151 Constaminopolitanus
1515 5121 1530 5143 ,
1589 5082 1750 5151 totius
1785 5081 2032 5132 Ecclesia,
2075 5082 2168 5133 de-

595 5161 776 5228 functo
799 5153 1037 5228 Romano
1072 5149 1338 5228 pontiﬁce,
1360 5152 1479 5228 licet
1499 5154 1650 5228 intra
1685 5149 1834 5228 illum
1863 5151 1951 5228 sit,
1983 5151 2172 5219 guber-

596 5223 793 5281 nacula
845 5225 1113 5290 suscipiet,
1160 5223 1296 5292 quod
1354 5223 1622 5292 inferioris
1671 5227 1868 5290 gradus
1914 5223 2168 5284 homines,

595 5299 846 5366 defuncto
903 5291 1184 5364 superiori,
1220 5295 1274 5345 in
1324 5293 1466 5366 illius
1499 5291 1669 5366 locum
1724 5306 1859 5366 sese
1885 5291 2118 5366 inferunt
2151 5305 2169 5343 :

593 5360 674 5420 εἰς’
715 5369 850 5419 inter
882 5360 1214 5434 patriarcst
1242 5363 1477 5416 omnium
1537 5363 1750 5434 inﬁmus
1795 5360 2173 5434 Hierosolyms-

597 5447 774 5499 ianus,
812 5432 1085 5488 demortuo
1139 5435 1484 5496 Antiocheno,
1546 5432 1923 5486 Antiochenam
1983 5433 2171 5484 Eccle-

595 5509 733 5560 sium
800 5507 1082 5575 gubernat,
1129 5514 1176 5557 et
1232 5505 1582 5575 Antioclienus
1632 5501 2070 5575 Alexandrinam,
2121 5509 2170 5553 et

587 5572 991 5636 Alexandrinus
1046 5572 1714 5642 Constantinopolitanoin,
1767 5572 1856 5642 setl
1901 5587 2168 5638 nunquam

598 5649 652 5698 in
673 5645 856 5705 simili,
888 5659 1050 5712 neque
1086 5643 1599 5712 llierosolymitanus
1648 5641 2044 5712 Antiochenam,
2079 5656 2172 5690 ne-

600 5730 699 5780 que
730 5708 1078 5764 Antiochénus
1116 5708 1551 5772 Alexandrinam,
1583 5727 1747 5779 neque
1777 5708 2170 5762 Alexandrinus

605 5782 1248 5842 ConstantinOpolitanam
1277 5782 1606 5847 gubernavit.
1647 5786 1785 5847 largo
1818 5782 1981 5842 multo
2003 5784 2171 5830 minus

608 5850 1222 5913 Catulanlinopolitunus
1265 5852 1577 5914 Romanam,
1612 5860 1656 5899 et
1694 5847 2042 5900 uniuersalem
2077 5847 2176 5897 Ec-

2257 1995 2490 2065 λήψεται
2526 1996 2900 2066 πραγμάτων,
2923 1995 3019 2048 τοῦ
3045 1995 3239 2065 θρόνου
3261 1995 3478 2049 ἐκείνου
3505 1994 3742 2064 ποιμένα
3763 1989 3829 2059 μὴ

2258 2087 2495 2157 ἔχοντος.
2538 2087 2650 2156 Τῆς
2681 2077 2737 2139 δὲ
2780 2085 3071 2157 Ῥωμαίων
3106 2085 3440 2155 Ἐκκλησίας
3472 2083 3825 2154 χηρευούσης.

2259 2181 2351 2234 τοῦ
2384 2180 2649 2251 βασιλέως
2695 2179 2794 2249 τῆς
2829 2178 3159 2248 Ἑκκλησίας
3191 2179 3267 2246 τῷ
3301 2180 3400 2246 τῆς
3437 2177 3659 2246 φύσεως
3689 2173 3829 2242 νόμῳ

2258 2273 2663 2337 δουλεύσαντος,
2717 2273 2744 2323 6
2785 2269 3430 2331 Κωνσταναινουπόλεως
3466 2266 3826 2335 πατριάρχηεν

2264 2364 2456 2434 μέχρις
2499 2361 2560 2414 οὗ
2603 2363 2682 2424 εἶς
2712 2361 2806 2414 τὸν
2830 2365 2927 2428 τῆς
2971 2359 3194 2428 Ῥώμης
3223 2358 3414 2429 θρόνον
3442 2358 3602 2420 ἄλλος
3626 2355 3826 2424 ἀναχθῇ

2259 2455 2356 2521 τῆς
2385 2453 2616 2505 καθόλου
2651 2451 2750 2519 τῆς
2794 2449 3124 2520 οἰκουμένης
3169 2449 3502 2520 Ἐκκλησίας
3532 2452 3632 2518 τὴν
3671 2462 3827 2517 φρον-

2261 2545 2403 2608 τίδα,
2434 2544 2534 2615 τὴν
2566 2542 2924 2613 κυόέρνησιν,
2951 2542 3049 2612 τὴν
3072 2540 3346 2609 διοίκησιν
3385 2540 3644 2610 λήψεται.
3671 2537 3829 2592 Τοῦτο

2262 2638 2370 2709 γὰρ
2390 2639 2418 2690 6
2438 2639 2537 2708 τῆς
2559 2635 2939 2706 ἀξιωματικῆς
2958 2634 3163 2701 τάξεως
3187 2633 3389 2703 θεσμὸς
3435 2635 3536 2688 καὶ
3553 2634 3615 2688 τὸ
3637 2633 3830 2686 δίκαιον

2263 2732 2504 2784 ἀπαιτεῖ.

2337 2819 2431 2890 ιη’.
2469 2819 2611 2874 Ἀλλ’
2643 2818 2882 2874 ἐνταῦθα
2917 2818 3013 2873 τοῦ
3043 2818 3206 2886 λόγου
3246 2819 3571 2890 γενόμενος,
3602 2815 3663 2870 οὐ
3687 2814 3830 2867 δύνει-

2270 2929 2368 2982 μαι
2393 2911 2647 2981 κατέχειν
2674 2912 2935 2981 ἐμαυτὸν,
2963 2911 3102 2964 ἀλλὰ
3128 2913 3352 2982 θερμοῖς
3376 2913 3614 2981 δάκρυσι
3641 2907 3829 2961 κλαίων

2267 3007 2362 3059 καὶ
2401 3005 2728 3074 ὀδυρόμενος
2755 3004 3195 3074 καταϐρέχομαι.
3224 3005 3320 3066 Τίς
3347 3005 3460 3075 γὰρ
3488 3005 3550 3056 οὐ
3587 3001 3830 3071 θρηνήσει

2267 3097 2364 3159 τὰς
2392 3097 2668 3168 ἡμετέρας
2717 3096 3003 3165 συμφοράς
3032 3111 3048 3162 ;
3081 3095 3173 3157 Ti;
3204 3097 3302 3148 οὐκ
3343 3091 3684 3157 ὲπιστενάξει
3724 3089 3832 3150 ταῖς

2269 3188 2564 3258 ἡμετέραις
2590 3187 2909 3257 δυστυχίαις
2935 3226 2951 3252 ,
2985 3185 3018 3255 ἢ
3053 3186 3276 3256 μᾶλλον,
3309 3186 3344 3257 ἢ
3372 3186 3451 3257 μὴ
3486 3183 3739 3257 φορτικὸν
3761 3180 3832 3232 εἰ·

2272 3281 2417 3341 πεῖν,
2447 3281 2564 3341 ταῖς
2595 3278 2895 3348 ἡμετέραις
2925 3278 3132 3341 ἀνοίαις
3172 3295 3230 3330 τε
3268 3279 3363 3332 καὶ
3385 3277 3718 3350 τιμωρίαις;
3743 3270 3830 3326 Οτ-

2270 3389 2423 3442 χεται
2468 3371 2535 3424 τὰ
2571 3369 2667 3440 τῆς
2696 3369 2975 3440 βασιλείας
3022 3370 3294 3440 Γραικῶν.
3338 3371 3616 3426 Ἀπόλωλε
3644 3371 3712 3422 τὰ
3743 3365 3830 3431 τῆς

2282 3462 2612 3532 Ἐκκλησίας
2661 3461 2848 3524 ἁπλῶς
2898 3461 3096 3528 πάντα,
3146 3462 3236 3516 διὰ
3268 3462 3332 3515 τὸ
3373 3464 3652 3533 ἐπιμεῖναι
3697 3456 3832 3527 ἡμᾶς

2270 3555 2442 3608 πολὺν
2470 3553 2663 3625 χρόνον
2693 3552 2771 3623 τῷ
2801 3555 3084 3622 σχίσματι.
3121 3554 3215 3616 Τίς
3252 3555 3481 3627 ποιητὴς
3507 3548 3832 3624 ἐκτραγῳδή-

2273 3663 2356 3698 σει
2388 3645 2599 3711 ταῦτας
2649 3644 2745 3706 Ti;
2792 3647 2979 3716 ῥήτωρ
3015 3645 3376 3716 διηγήσεταις
3413 3648 3512 3710 Τίς
3554 3645 3829 3716 γράμμασι

2271 3741 2385 3799 τοῖς
2441 3735 2668 3805 ὕστερον
2721 3736 2789 3788 τὰ
2835 3736 3060 3791 τοιαῦτα
3113 3737 3210 3792 καὶ
3253 3738 3492 3792 τοσαῦτα
3532 3736 3831 3804 πταίσματα

2271 3826 2367 3878 καὶ
2405 3825 2671 3894 πτώματα
2699 3825 2860 3894 ἡμῶν
2892 3825 3208 3894 παραδώσει
3233 3843 3250 3894 ;
3281 3828 3382 3881 Διὰ
3411 3828 3522 3899 γὰρ
3547 3827 3639 3888 τάς
3666 3825 3832 3891 ἁμαρ·

2273 3920 2393 3982 τίας
2429 3917 2523 3970 τοῦ
2555 3915 2687 3970 λαοῦ
2735 3919 3035 3986 πάσχουσιν
3066 3919 3214 3973 ἐστιν
3241 3919 3330 3973 ὅτε
3363 3922 3459 3976 καὶ
3488 3920 3538 3973 oi
3575 3909 3832 3988 προεστῶ-

2272 4025 2385 4072 τες,
2421 4007 2522 4060 κᾶν
2557 4007 2687 4060 θεῖοι
2727 3999 2863 4060 ὦσιν
2897 4007 3091 4078 ἄνδρες
3132 4007 3225 4061 καὶ
3257 4009 3357 4081 τὴν
3385 4011 3574 4065 πίστιν
3615 4005 3706 4060 καὶ
3751 4001 3830 4055 τὸν

2276 4099 2411 4170 βίον.
2457 4101 2588 4153 Ἰδοὺ
2640 4103 2747 4172 γὰρ
2788 4103 2817 4153 6
2873 4101 2972 4170 τῆς
3032 4101 3654 4162 Κωνσταντινουπόλεως
3703 4094 3831 4152 Θετος

2277 4192 2647 4262 πατριάρχης,
2691 4193 2720 4244 6
2747 4191 3019 4262 γρήγορος
3049 4192 3194 4257 νοῦς,
3225 4193 3253 4244 6
3291 4193 3436 4264 ὑπὲρ
3477 4193 3574 4262 τῆς
3600 4186 3690 4242 τοῦ
3717 4199 3827 4236 ποια

2279 4284 2434 4354 μνίου
2478 4284 2752 4355 σωτηρίας
2801 4282 3112 4354 γρηγορῶν,
3144 4286 3172 4337 6
3213 4283 3538 4356 φερώνυμος
3571 4283 3658 4336 καὶ
3700 4274 3828 4346 ἱερὸς

2276 4378 2601 4448 Γρηγόριος,
2637 4380 2664 4430 6
2697 4377 2816 4449 μεθ’
2855 4379 2974 4442 ἐνὸς
3006 4381 3172 4448 μόνου
3200 4379 3284 4447 ἐφ’
3318 4380 3477 4449 ἡμῶν
3513 4368 3826 4450 ὁμολογητής

2277 4485 2337 4519 τε
2369 4467 2463 4521 καὶ
2496 4467 2728 4536 μάρτυς,
2755 4469 2782 4518 6
2825 4467 2926 4534 τὴν
2958 4466 3174 4535 ὲξορίαν
3207 4467 3302 4520 καὶ
3336 4469 3437 4530 τάς
3469 4469 3526 4519 ὲν
3568 4467 3630 4535 τῇ
3662 4457 3828 4527 ἐξορίᾳ

2204 4584 2250 4642 D
2277 4557 2567 4627 δυστυχίας
2600 4557 2740 4626 ὑπὲρ
2763 4559 2862 4625 τῆς
2892 4557 3002 4609 τῶν
3035 4557 3374 4627 Ἐκκλησιῶν
3407 4557 3647 4615 ἑνώσεως
3668 4551 3827 4604 631:1-

2276 4652 2532 4721 σάμενος,
2581 4651 2640 4702 ὲν
2681 4648 2874 4722 Ῥώμῃ
2904 4650 3102 4716 διάγει,
3138 4651 3235 4721 οὐχ
3290 4652 3366 4714 ὡς
3416 4652 3662 4718 δεύτερος
3707 4636 3828 4711 μετὰ

2271 4805 2506 4876 ειεεὶαῄηι,
2549 4807 2700 4874 cujus
2722 4806 3032 4874 gubernatio
3055 4814 3102 4858 et
3136 4807 3367 4876 regimen
3409 4817 3483 4859 est
3509 4801 3749 4876 superior.
3782 4799 3823 4844 Ν

2273 4871 2870 4940 επεείίειιιιονιιιιίέίίιιηι
2894 4878 3146 4944 dignitas,
3172 4871 3218 4929 et
3247 4885 3395 4928 extra
3420 4871 3822 4945 patriarrltqrtfin

2273 4947 2547 4998 ambitum.
2591 4931 2758 4999 Cra-ci
2809 4931 3033 5014 episcopi
3075 4931 3236 4998 etiam
3268 4931 3504 5000 vacantis
3553 4945 3619 4997 ad
3665 4931 3821 5014 Eccle-

2272 5019 2407 5085 siam
2451 5025 2724 5068 vacantem
2775 5011 3078 5077 transitum,
3135 5021 3327 5084 absque
3377 5017 3582 5085 synodi,
3630 5011 3820 5085 ejl'f‘ll‘f

2275 5084 2722 5152 plenre,consensu
2756 5087 2967 5138 omnino
3011 5079 3285 5153 prohibent
3309 5094 3358 5137 et
3389 5079 3663 5153 damnaui.
3689 5079 3819 5153 liwf

2276 5145 2374 5206 non
2417 5171 2610 5207 vacans
2643 5156 2694 5224 in
2727 5145 3021 5218 vacantem,
3067 5155 3308 5223 illiusque
3353 5145 3743 5224 praestantioris!

2276 5224 2584 5276 universalis
2638 5223 2888 5276 Ecclesia:
2938 5216 3151 5276 asSensn
3214 5216 3324 5277 sese
3353 5216 3494 5290 )uste
3523 5232 3568 5274 et
3615 5216 3815 5284 legitimv’

2275 5297 2587 5346 intromittel
2617 5295 2640 5345 ?
2676 5295 2869 5356 Quodsi
2922 5293 3267 5362 Trapezuntio
3321 5311 3383 5346 ea
3432 5311 3570 5346 mens
3612 5294 3700 5344 est.
3729 5294 3815 5362 Pa,‘

2277 5365 2563 5416 lriurc/tam
2593 5344 3262 5432 Coustantinopolitanum,
3291 5381 3405 5416 cum
3442 5364 3693 5417 Romanus
3717 5344 3816 5432 nul-

2276 5435 2356 5486 lus
2411 5442 2484 5485 est
2515 5476 2528 5498 ,
2565 5451 2597 5485 α
2643 5434 2796 5496 plena
2846 5422 3042 5502 syriouo
3075 5475 3088 5496 ,
3120 5439 3201 5485 cui
3252 5422 3307 5486 id
3371 5450 3496 5502 opus
3553 5422 3830 5502 ἱιιειιηξίιέζι,

2273 5491 2526 5562 electum,
2547 5491 2672 5572 jure
2735 5506 2788 5555 in
2839 5491 3272 5557 llbntanilorum
3319 5491 3518 5564 vocari,
3577 5505 3621 5549 cl
3672 5491 3813 5572 ξίθῃίδ

2276 5564 2564 5625 Ιίοιιιοιιιιδ⁷
2599 5586 2906 5635 accesserit,
2967 5575 3208 5626 [σαυτὴν
3266 5572 3572 5626 universalis
3618 5564 3815 5635 τηιιηιιεί·

2273 5647 2584 5695 strationem
2641 5621 2926 5696 exercerev.’
2961 5645 3012 5694 ul
3056 5660 3172 5695 vero
3225 5660 3318 5706 suo
3364 5621 3814 5706 (.oustnntirtopf’llf

2277 5722 2402 5763 tam
2443 5713 2572 5765 nihil
2593 5713 2811 5780 confert,
2840 5730 2956 5765 cum
2997 5713 3209 5781 quilibet
3249 5699 3322 5766 sic
3375 5717 3428 5765 in
3481 5709 3622 5765 illaut
3667 5698 3812 5781 δεξάςζνξ

2279 5792 2511 5842 rocutus,
2565 5766 2747 5836 eade'm
2795 5766 2914 5847 qua:
2955 5766 3022 5837 et,
3056 5783 3661 5854 (Jonslantinopolitanus
3687 5766 3812 5838 Ῑ³⁴³¹⁶

2278 5860 2509 5917 peraget.
