4098 6436
332 448 440 513 865

1324 433 1424 494 DE
1468 432 1624 493 UNA
1667 431 1759 490 ET
1800 425 2230 490 CATHOLICA
2269 425 2662 488 ECCLESIA.

3490 425 3600 490 866

326 562 420 614 τὸν
447 556 684 613 πάππαν
716 553 900 624 ἄρχων
922 551 1020 622 τῆς
1059 548 1410 619 Ἐκκλησίας.
1454 545 1615 613 Ῐιὶλλὰ
1641 545 1694 599 τί
1725 545 1864 610 λέξω
1895 562 1908 611 ;

2047 551 2142 597 ιοει
2173 543 2489 614 pontiilcem
2521 542 2772 597 Ecclesia-
2807 551 3000 598 tcnens
3033 543 3299 600 habenas.
3334 542 3442 600 Sed
3474 547 3606 614 quid

328 649 554 720 Σιωπᾷν
599 646 824 714 ἄμεινον
852 645 920 697 τε
955 641 1203 710 ἑπόμενα
1232 639 1384 710 παρὰ
1422 636 1582 705 λόγον
1634 636 1786 700 ὄντα,
1819 635 1916 686 καὶ

331 743 424 797 τοῦ
459 737 673 812 μακροῦ
705 739 1000 808 σχίσματος
1038 736 1132 788 καὶ
1171 733 1272 802 τῆς
1307 731 1751 800 ἀπονενοημένης
1803 728 1915 797 ἕρε-

330 834 419 892 δος
452 832 609 898 ἡμῶν
632 829 782 892 ἄξια.
819 829 929 881 Κάὶ
952 827 1040 879 διὰ
1071 823 1227 878 τοῦτο
1256 823 1418 878 πάλιν
1451 823 1514 875 οὑ
1551 819 1702 890 παρὰ
1733 819 1912 886 λόγον,

331 923 361 974 6
406 921 528 991 μεθ’
566 922 687 983 ἑνὸς
739 919 902 989 μόνου
958 918 1020 970 τό
1049 933 1114 983 γε
1143 914 1240 968 νῦν
1268 909 1409 967 εἶναι
1437 912 1654 982 ἀληθῶς
1692 910 1918 980 ψάλλειν

338 1015 477 1086 μετᾶ
507 1012 604 1066 τοῦ
637 995 878 1082 μελῳδοῦ
912 1011 1007 1062 καὶ
1035 1008 1319 1079 προφήτου
1364 1005 1530 1057 Δαυῖδ
1579 1004 1878 1072 δυνάμενος
1900 1017 1914 1030 ·

347 1104 764 1173 Ἐξελεξάμην
820 1098 1360 1169 παραρῤιπτεῖσθαι
1407 1096 1477 1149 ἐν
1508 1093 1586 1160 τῷ
1626 1095 1770 1156 οἴκῳ
1812 1091 1920 1146 τοῦ

338 1198 489 1253 Θεοῦ
542 1213 665 1266 μου
715 1193 981 1263 μᾶλλον,
1013 1192 1050 1260 ἢ
1078 1190 1271 1246 οἰκεῖν
1306 1206 1385 1258 με
1416 1189 1487 1241 ἐν
1523 1185 1923 1254 σκηνώμασιν

336 1285 727 1358 ἁμαρτωλῶν.
757 1282 895 1340 Μεθ’
928 1283 1046 1346 ἑνὸς
1080 1282 1137 1336 δὲ
1181 1276 1336 1334 εἷπον
1368 1279 1552 1348 μόνου,
1589 1276 1724 1328 διότι
1758 1274 1852 1328 καὶ
1896 1274 1924 1325 6

337 1379 418 1448 τῷ
449 1377 550 1448 βίῳ
575 1377 949 1446 ἀνεπίληπτος
979 1372 1076 1426 καὶ
1099 1371 1392 1442 ἄμεμπτος
1417 1368 1511 1420 καὶ
1539 1365 1618 1436 τῷ
1645 1364 1788 1433 λόγῳ
1825 1378 1924 1414 πο-

339 1472 458 1536 λὺς,
494 1470 590 1523 καὶ
635 1470 799 1538 σοφία
839 1469 900 1521 οὐ
941 1469 1008 1538 τῇ
1039 1465 1145 1530 ἔξω
1187 1465 1348 1533 μόνον
1377 1460 1600 1531 ὑψηλὸς,
1637 1457 1776 1511 ἀλλά
1830 1457 1926 1508 καὶ

345 1565 416 1631 τῇ
465 1561 590 1615 καθ’
657 1562 807 1630 ἡμᾶς
856 1559 1002 1629 ἱερὸς
1045 1558 1073 1610 6
1108 1555 1356 1617 Ῥουσίας
1405 1553 1544 1615 θεῖος
1592 1547 1924 1620 καρδινὰλις,

343 1655 486 1706 αὑτὰ
515 1651 689 1706 ταῦτα
743 1650 970 1704 δύναται
1015 1649 1198 1716 λέγειν
1230 1645 1471 1717 ἀληθῶς.
1510 1640 1947 1709 Πλουσιωτάτης-

346 1745 454 1813 γὰρ
491 1741 882 1813 μητροπόλεως
933 1739 1073 1812 ὑπὲρ
1111 1738 1212 1808 τῆς
1241 1736 1490 1798 ὲνώσεως
1540 1733 1653 1787 τῶν
1697 1731 1928 1801 Ἐκκλη-

349 1837 482 1888 σιῶν
511 1834 916 1904 κατεφρόνησε,
949 1832 1047 1885 καὶ
1080 1832 1146 1901 τῇ
1192 1828 1416 1899 πατρίδι
1451 1825 1594 1880 κατὰ
1617 1824 1678 1878 τὸ
1702 1822 1930 1876 δυνατὸν

2022 635 2138 704 ipse
2176 644 2440 705 praeterea
2469 635 2788 704 proferam?
2839 634 3034 690 Melius
3073 645 3159 690 est
3210 637 3605 704 subsequentia

2020 728 2244 782 silentio
2297 728 2596 792 involvere,
2627 742 2748 796 qua:
2791 736 2992 796 praeter
3040 727 3314 782 rationem
3343 737 3494 793 sunt,
3552 739 3610 783 et

2019 820 2164 889 longi
2200 819 2530 885 schismatis,
2564 832 2620 874 et
2642 820 2782 874 male
2808 820 2930 875 sani
2969 820 3144 875 nostri
3175 819 3389 874 dissidii
3422 819 3611 890 digna.

2023 912 2433 982 Proptereaque
2464 927 2658 967 rursus
2689 928 2797 966 non
2825 920 3020 982 praeter
3048 913 3314 967 rationem
3347 920 3451 978 est,
3475 927 3604 966 cum

2024 1017 2136 1056 uno
2161 1003 2360 1056 soloin
2403 1004 2690 1072 praesentia
2735 1019 2859 1059 vere
2899 1019 3099 1060 canere
3130 1021 3255 1060 eum
3310 1005 3526 1059 melodo
3555 1012 3615 1059 et

2023 1093 2291 1162 propheta
2337 1093 2579 1150 Daviale:
2617 1095 2768 1165 Elogi
2807 1097 3041 1167 abjectus
3090 1112 3198 1150 esse
3241 1097 3294 1149 in
3327 1096 3480 1149 domo
3517 1093 3616 1148 Dei

2029 1187 2149 1248 mei,
2182 1189 2352 1255 magis
2382 1203 2543 1256 quant
2570 1187 2808 1241 habitare
2846 1189 2902 1240 in
2957 1188 3319 1242 tabernaculis
3369 1195 3617 1256 peccato-

2028 1293 2146 1329 rum
2168 1278 2206 1330 ‘.
2239 1277 2353 1330 Dixi
2385 1293 2514 1331 vero
2538 1295 2658 1332 cum
2702 1295 2807 1332 uno
2852 1279 2987 1343 εοίο,
3023 1279 3168 1348 quod
3190 1288 3246 1333 et
3284 1280 3390 1334 vita
3441 1281 3621 1334 incul-

2027 1378 2174 1438 pata,
2212 1378 2376 1438 atque
2432 1371 2776 1436 intaminata,
2833 1385 2890 1427 et
2926 1373 3201 1427 sermonis
3233 1372 3618 1436 doctissimus,

2027 1471 2085 1516 et
2112 1464 2382 1531 sapientia
2406 1479 2515 1518 non
2539 1473 2761 1518 externa
2794 1467 2978 1530 modo,
3013 1465 3109 1521 sed
3152 1473 3206 1520 et
3246 1473 3434 1520 nostra
3481 1479 3623 1534 prae-

2029 1552 2374 1611 clarissimus
2412 1572 2565 1612 sacer
2596 1556 2916 1614 Russiensis
2945 1573 3010 1614 ac
3043 1559 3264 1613 divinus
3293 1557 3612 1621 cardinalis,

2030 1644 2148 1700 haec
2177 1645 2367 1701 eadem
2418 1663 2545 1704 vere
2597 1649 2714 1718 ipse
2749 1650 3209 1719 pronuntiaverit.
3246 1651 3355 1705 Pro
3404 1648 3632 1703 unione.

2035 1737 2310 1809 siquidem
2343 1740 2718 1796 Ecclesiarum
2744 1741 3072 1797 ditissimam
3103 1743 3408 1798 Ecclesiam
3438 1742 3620 1795 ﬂocci-

2034 1832 2186 1902 !eeit,
2220 1844 2276 1889 et
2304 1836 2494 1905 patriae
2519 1852 2618 1905 pro
2655 1837 2861 1892 viribus
2882 1838 3012 1892 dum
3034 1837 3238 1892 auxilia
3257 1838 3612 1907 procumbat,

349 1925 616 1996 βοηθῆσαι
641 1923 948 1985 σπουδάσας
980 1922 1380 1976 ἐκινδύνευσεν.
1417 1918 1698 1988 ’Δσμένως
1729 1917 1788 1969 tv
1809 1913 1932 1968 τού-

2047 1926 2234 1995 capitis
2275 1928 2582 1996 periculum
2629 1929 2785 1984 adiit.
2819 1929 2874 1984 ιη
2912 1930 2997 1984 his
3035 1931 3214 1984 libens
3268 1945 3450 1984 moras
3485 1929 3620 1983 mihi

345 2034 462 2080 τοις
512 2015 796 2085 διατρίϐω,
846 2014 1063 2085 βλέπων
1125 2014 1184 2067 τὸ
1238 2009 1720 2080 καταδεὸλημένον
1766 2008 1925 2075 γένος

346 2109 508 2179 ἡμῶν
551 2109 667 2170 τοῖς
713 2106 1104 2177 κατορθώμασι
1157 2103 1269 2157 τῶν
1297 2103 1392 2157 δύο
1427 2102 1632 2155 τούτων
1668 2098 1925 2168 μεγάλων

348 2197 560 2268 ἀνδρῶν
592 2197 1103 2267 ἑπικουφιζὸμενον.
1133 2189 1258 2251 Οἷον
1314 2193 1426 2264 γάρ
1471 2193 1588 2245 ἐστι
1630 2191 1691 2244 τὸ
1721 2189 1928 2243 τούτων

347 2291 554 2362 ἔργον,
586 2291 730 2361 Πόση
772 2292 804 2362 ὴ
847 2289 1263 2359 μεγαλοψυχία;
1303 2289 1336 2358 ὴ
1381 2285 1656 2356 φιλόξενία
1693 2283 1771 2346 ὡς
1813 2283 1930 2337 δια-

349 2384 578 2454 ϐόητοςς
620 2385 826 2448 Πάντες
860 2382 1258 2449 θαυμάζουσιν,
1294 2383 1378 2434 ὅτι
1404 2381 1606 2450 πτωχοὶ
1638 2378 1812 2441 ὄντες.
1836 2377 1933 2431 καὶ

355 2477 569 2546 μεγάλα
598 2475 698 2528 οὑκ
723 2475 935 2546 ἔχοντες
962 2474 1260 2545 βενεφίκια,
1297 2471 1496 2544 μᾶλλον
1537 2471 1594 2524 δὲ
1626 2470 1780 2523 οὐδὲν
1809 2469 1838 2521 ὃ
1867 2464 1933 2535 γε

359 2569 657 2639 ἱερώτατος
701 2567 1074 2639 πατριάρχης,
1107 2567 1253 2636 ὅμως
1291 2565 1499 2626 πάντας
1531 2561 1938 2632 ὑπερϐάλλουσι

353 2661 474 2722 ταῖς
512 2658 930 2730 ἐλεημοσύναις.
970 2656 1114 2712 Ἀλλ’
1147 2657 1242 2709 ἐπὶ
1269 2655 1331 2709 τδ
1361 2654 1724 2726 προκείμενον
1757 2654 1933 2705 ἐπαν-

353 2751 495 2805 έλοω
501 2768 622 2820 μεν.

429 2938 515 2992 ιθ¹.
547 2929 715 3000 Οὗτος
749 2935 842 2990 οὑν
871 2938 900 2990 6
926 2936 1169 2998 τοιοῦτος
1197 2933 1299 3003 τῆς
1330 2930 1590 3002 ἀληθείας
1619 2927 1878 2998 ἀθλητὴς,
1908 2929 1936 2980 6

359 3029 552 3092 στῦλος
597 3030 697 3100 τῆς
733 3030 1088 3099 Ἐκκλησίας,
1135 3030 1163 3082 6
1211 3027 1362 3093 ἄξιος
1417 3022 1941 3080 Κωνσταντινουπό-

358 3126 515 3187 λεως,
551 3123 612 3176 οὑ
642 3125 740 3192 τῆς
764 3123 880 3186 νῦν,
919 3121 1055 3175 ἀλλὰ
1085 3121 1180 3190 τῆς
1219 3119 1388 3172 πάλαι
1414 3115 1782 3186 πατριάρχης,
1813 3107 1858 3181 ᾧ
1902 3113 1936 3181 ἡ

361 3219 555 3287 Κρήτη
582 3215 804 3284 ἀμέσως
861 3214 1168 3278 ὑπόκειται,
1201 3211 1410 3281 γράφει
1465 3210 1596 3278 ἡμῖν
1656 3206 1783 3276 περὶ
1831 3203 1942 3256 τῶν

360 3308 642 3374 τοιούτων,
669 3307 976 3378 ὰναθέματι
1010 3303 1332 3358 ὑποϐάλλων
1360 3302 1570 3382 πάντας
1598 3300 1724 3362 τοὶς
1753 3297 1828 3368 μὴ
1853 3313 1951 3366 φυ-

364 3404 656 3464 λάττοντας
684 3401 776 3454 τὸν
800 3401 927 3470 ὅρον
952 3399 1051 3468 τῆς
1079 3399 1137 3450 tv
1163 3394 1470 3466 Φλωρεντίᾳ
1491 3392 1640 3454 Θείας
1666 3391 1830 3460 ἁγίας
1856 3389 1952 3442 καὶ

363 3495 750 3562 οἰκουμενικῆς
784 3490 1027 3554 συνόδου,
1059 3493 1117 3542 tv
1157 3482 1192 3562 ᾗ
1241 3487 1367 3556 περὶ
1409 3483 1782 3554 τετρακοσίων
1826 3498 1950 3533 συν-

365 3585 764 3657 αθροισθέντων
801 3583 1080 3654 Πατέρων,
1099 3581 1232 3652 περὶ
1252 3578 1515 3634 διακόσιοι
1545 3573 1685 3646 ἦσαν
1711 3577 1761 3628 οἱ
1798 3574 1955 3628 Ἀνα-

369 3678 593 3745 τολικοὶ,
640 3677 738 3730 καὶ
779 3675 920 3747 πλὴν
969 3672 1161 3744 τριῶν,
1197 3671 1402 3742 μᾶλλον
1444 3672 1502 3725 δὲ
1543 3670 1683 3742 πλὴν
1710 3669 1826 3730 ἑνὸς
1858 3667 1952 3720 τοῦ

385 3772 629 3840 Ἑφέσου,
667 3771 717 3822 οἱ
757 3768 866 3838 γὰρ
897 3767 1076 3820 λοιποὶ
1115 3763 1209 3819 δύο
1241 3763 1365 3818 οὐδὲ
1395 3763 1658 3834 ὀνόματος
1702 3761 1954 3830 ὲγένοντρ

369 3866 528 3930 ἄξιοι,
562 3864 763 3924 πάντες
789 3862 891 3930 μιᾷ
915 3859 1100 3930 βουλῇ,
1140 3859 1238 3928 μιᾷ
1270 3857 1488 3928 γνώμῃ,
1519 3858 1618 3927 μιᾷ
1652 3854 1800 3925 ψυχῇ
1825 3856 1954 3922 ὁμο-

369 3956 686 4025 νοὴταντες,
718 3952 1201 4022 ὁμοφωνήσαντες,
1221 3950 1318 4003 καὶ
1342 3952 1410 4019 τῇ
1444 3947 1553 4002 τῶν
1585 3947 1752 4000 παλαι
1783 3946 1956 3999 Πατέ-

373 4065 482 4118 ρων
514 4051 610 4098 καὶ
652 4043 992 4100 διδασκάλων
1051 4042 1152 4111 τῆς
1221 4039 1551 4110 Ἐκκλησξας
1605 4037 1952 4108 διδασκαλίᾳ,

376 4139 578 4210 μᾶλλον
597 4137 654 4190 δὲ
676 4137 752 4207 τῷ
773 4133 1086 4204 Εὑαγγελίῳ
1109 4133 1596 4203 ἀκολουθήσαντες,
1623 4129 1952 4200 ὑπέγραψαν

373 4234 451 4304 τῷ
478 4231 788 4286 συντεθέντι
815 4228 945 4299 παρ’
972 4226 1154 4280 αὐτῶν
1180 4225 1313 4295 ὅρῳ,
1344 4225 1402 4277 tv
1429 4217 1474 4290 ᾧ
1505 4222 1600 4276 δύο
1626 4224 1694 4276 τὰ
1719 4223 1955 4294 μέγιστα

374 4328 714 4398 περιέχεται,
768 4323 850 4375 ὅτι
890 4337 949 4374 τε
989 4320 1050 4372 τὸ
1100 4317 1325 4387 Πνεῦμα
1359 4316 1422 4370 τὸ
1460 4315 1616 4385 ἅγιον
1645 4317 1710 4368 ἐκ
1743 4315 1956 4384 Harpe;

375 4422 471 4473 καὶ
509 4417 638 4470 Υἱοῦ
671 4412 1057 4484 ἐκπορεύεται,
1109 4413 1204 4463 καὶ
1236 4410 1319 4463 ὃτι
1364 4409 1584 4480 πρῶτος
1626 4406 1736 4460 τῶν
1769 4408 1956 4478 ἀρχιε-

379 4513 519 4583 ρέων
550 4510 770 4564 πάντων
815 4507 843 4560 6
875 4505 1115 4575 Ῥώμης.
1143 4503 1248 4557 Τοῦ
1293 4502 1350 4558 δὲ
1379 4501 1601 4572 πρώτου
1647 4502 1730 4555 δεῖ
1763 4501 1955 4568 μνείαν

1976 3263 2022 3324 G

2037 2031 2189 2080 creo,
2220 2019 2570 2088 conspiciens
2597 2020 2866 2091 deiectam
2911 2035 3158 2082 nosuam
3208 2023 3488 2076 nationem
3523 2022 3624 2074 bo-

2043 2119 2166 2158 rum
2207 2104 2447 2160 dttorum
2481 2124 2804 2179 magnorum
2836 2111 3080 2166 virorum
3111 2112 3450 2166 facinoribus
3492 2114 3625 2168 sub-

2040 2194 2297 2252 levatam.
2325 2198 2514 2264 Qualis
2545 2201 2690 2255 enim
2737 2212 2821 2258 est
2859 2203 3055 2256 horum
3087 2205 3383 2272 Operatio“!
3416 2214 3624 2274 quanta

2043 2288 2463 2345 muniﬁcentia?
2506 2301 2565 2345 ut
2608 2305 2691 2347 est
2729 2308 2919 2349 eorum
2981 2294 3124 2363 apud
3175 2309 3368 2350 omnes
3413 2297 3624 2352 [antosa

2045 2379 2430 2450 hospitalitas?
2473 2383 2727 2439 Omnium
2794 2386 2848 2440 in
2902 2385 3264 2441 admiratione
3317 2396 3423 2450 est,
3476 2389 3623 2458 quod

2045 2487 2171 2528 cum
2211 2474 2394 2543 parvis
2420 2476 2531 2529 sint
2558 2475 2756 2544 Opibus
2784 2491 2849 2530 ac
2879 2477 3227 2532 facultatibus
3257 2479 3492 2548 prtediti,
3523 2493 3627 2535 nec

2046 2564 2314 2621 beneﬁcia
2356 2568 2536 2637 ampla
2575 2567 2900 2634 obtineant,
2937 2569 3048 2624 imo
3085 2570 3296 2623 nullum
3339 2571 3627 2625 sanctissi-

2048 2672 2173 2712 mus
2219 2659 2555 2729 patriarcha,
2599 2661 2654 2714 in
2698 2661 2990 2728 erogandis
3043 2671 3223 2716 tamen
3259 2663 3661 2734 eleemosyuis-

2051 2752 2342 2807 universos
2391 2761 2670 2821 superant.
2716 2751 2825 2807 Sed
2875 2753 3020 2808 unde
3059 2769 3278 2822 egressa
3329 2764 3416 2810 est
3451 2757 3630 2811 oratio

2051 2845 2262 2900 redeat.

2129 2935 2214 2989 l9.
2248 2933 2344 2988 Hic
2382 2936 2566 3004 itaque
2598 2943 2780 2990 tantus
2813 2936 3061 2991 veritatis
3111 2939 3338 3002 athleta,
3373 2939 3632 2993 Ecclesia!

2055 3027 2333 3093 columna,
2389 3028 2536 3083 sedis
2593 3029 3241 3098 Constantinopolitame,
3308 3046 3419 3085 non
3483 3032 3632 3087 illius

2054 3134 2178 3190 quae
2203 3135 2350 3174 nunc
2380 3129 2485 3186 est,
2505 3117 2600 3174 sed
2628 3121 2891 3189 antiquae,
2913 3120 3274 3190 dignissimus
3293 3122 3628 3192 patriarcha,

2053 3213 2142 3266 cui
2176 3211 2338 3268 Creta
2391 3213 2709 3268 immediate
2749 3213 2996 3282 subjecta
3029 3221 3136 3279 est,
3185 3218 3252 3269 de
3283 3214 3437 3271 hisce
3477 3217 3636 3270 vobis

2055 3307 2271 3372 scribit,
2309 3306 2658 3360 anathemate
2693 3304 2897 3360 feriens
2954 3314 3186 3361 cunctos
3220 3307 3313 3377 qui
3350 3318 3550 3363 sanctae
3580 3321 3638 3363 et

2055 3397 2414 3453 mcumenica:
2466 3396 2798 3452 Florentinze
2862 3396 3060 3466 synodi
3091 3397 3469 3455 deﬁnitionem
3526 3417 3638 3456 non

2053 3498 2380 3558 acceptant,
2452 3488 2508 3542 in
2557 3503 2666 3557 qua
2717 3503 2857 3554 perte
2913 3487 3172 3545 Patribus
3216 3493 3638 3563 quadringentis

2054 3581 2262 3635 coactis
2310 3580 2425 3635 fere
2474 3579 2700 3635 ducenti
2756 3591 2918 3636 erant
2976 3580 3308 3648 Orientales,
3350 3593 3406 3639 ct
3457 3586 3638 3640 tribus

2056 3674 2325 3740 exceptis,
2356 3687 2455 3728 seu
2495 3672 2683 3743 potius
2723 3688 2836 3727 uno
2870 3672 3004 3728 'solo
3052 3672 3316 3744 Ephesio,
3352 3691 3477 3730 nam
3524 3677 3638 3731 duo

2055 3767 2146 3820 alii
2182 3780 2362 3836 neque
2395 3765 2671 3821 nominari
2691 3765 2841 3836 digni
2875 3765 3052 3822 habiti
3090 3777 3238 3834 sont,
3269 3783 3464 3824 omnes
3514 3771 3639 3824 unis

2056 3858 2277 3926 animis,
2336 3874 2444 3914 una
2483 3868 2690 3924 mente,
2737 3872 2958 3928 unaque
2987 3857 3272 3913 voluntate
3306 3859 3635 3920 concordes.

2055 3963 2112 4009 et
2142 3951 2496 4022 antiquorum
2558 3951 2784 4006 Patrum
2833 3960 3000 4022 atque
3047 3951 3337 4006 doctorum
3369 3953 3637 4007 Ecclesia:

2056 4044 2322 4100 doctrina:
2387 4042 2744 4108 conformes,
2815 4044 3066 4112 quinimo
3129 4044 3484 4113 Evangelium
3551 4060 3640 4099 se-

2057 4145 2316 4207 quentes,
2344 4133 2665 4204 compositte
2692 4133 2761 4187 ab
2805 4132 3002 4188 iisdem
3049 4132 3357 4187 deﬁnitioni
3395 4133 3641 4188 subscri-

2058 4238 2309 4298 pserunt,
2337 4228 2392 4281 in
2442 4241 2550 4296 qua
2588 4226 2700 4280 duo
2746 4225 3028 4298 potissima
3057 4227 3458 4293 continentur;
3509 4227 3644 4281 alte-

2058 4336 2182 4376 rum
2203 4330 2308 4386 est,
2342 4319 2612 4391 Spiritum
2643 4327 2894 4375 sanctum
2924 4334 2992 4374 ex
3036 4319 3197 4373 Patre
3231 4328 3285 4374 et
3329 4319 3468 4374 Filio
3515 4336 3644 4389 pro—

2058 4411 2575 4477 cedere;alterum,
2611 4410 2848 4480 primum
2894 4409 3141 4463 omnium
3190 4410 3482 4478 pra-sulum
3529 4407 3643 4463 Ro-

2063 4517 2286 4557 manum
2315 4515 2457 4557 esse.
2489 4499 2697 4556 Prioris
2721 4514 2854 4555 vero
2885 4514 2916 4554 a
2953 4499 3354 4568 posterioribus
3383 4515 3644 4571 comme-

379 4603 648 4657 ποιεῖσθαι
681 4603 806 4666 τοὺς
834 4599 1086 4668 ὕστερον.
1129 4599 1224 4650 Δεῖ
1247 4596 1356 4667 ἄρα
1399 4595 1540 4649 κατὰ
1574 4596 1667 4648 τδν
1698 4595 1822 4666 ὅρον
1854 4609 1943 4663 p.5-

2062 4594 2297 4650 moratio
2355 4593 2609 4649 facienda
2661 4600 2768 4648 est.
2827 4592 3009 4659 Quare
3089 4592 3253 4662 hujus
3303 4592 3646 4648 deﬁnitionis

379 4697 709 4764 γαλοφώνως
735 4708 795 4746 τε
829 4692 923 4746 καὶ
951 4689 1272 4761 ἐξαιρέτως,
1293 4687 1437 4742 οὑτω
1469 4688 1581 4758 γὰρ
1604 4686 1699 4741 τοῦ
1734 4685 1956 4756 πρώτου

379 4788 460 4840 δεῖ
509 4783 892 4855 μνημονεύειν,
936 4783 1157 4852 μνήμην
1192 4780 1287 4833 τοῦ
1338 4779 1544 4832 πάππα
1594 4777 1871 4832 ποιεῖσθαι
1901 4777 1960 4830 tv

379 4883 499 4940 ταῖς
533 4878 706 4938 θείαις
739 4875 1135 4945 εὐχαριστίαις.
1178 4872 1398 4942 Ἐπειδὴ
1423 4870 1517 4924 οὖν
1553 4871 1581 4922 6
1619 4870 1720 4940 μὲν
1753 4870 1963 4922 θειότα-

380 4987 474 5034 τος
507 4969 855 5038 πατριάρχης
887 4963 1110 5036 μακρὰν
1133 4963 1230 5033 τῆς
1270 4963 1600 5031 Ἐκκλησίας
1627 4960 1838 5028 ἐξωθεῖ,
1865 4961 1962 5014 καὶ

385 5062 524 5130 μετὰ
553 5059 662 5109 τῶν
686 5055 984 5128 αἱρετικῶν
1011 5055 1195 5108 τάττει
1219 5069 1234 5084 ο
1265 5053 1423 5106 τοῦτο
1451 5053 1561 5121 γὰρ
1589 5052 1740 5123 δηλοῖ
1759 5053 1820 5106 τὺ
1841 5051 1963 5115 ἔθος

383 5153 451 5222 τῇ
495 5146 794 5217 Ἐκκλησία
826 5146 918 5199 διὰ
947 5144 1041 5198 τοῦ
1071 5144 1415 5213 ἀναθέματος
1451 5143 1579 5207 τοὺς
1618 5142 1695 5213 μὴ
1737 5140 1966 5212 τηροῦν-

382 5259 480 5304 τας
509 5242 600 5295 τὸν
624 5242 769 5310 ὅρον,
794 5242 888 5292 καὶ
911 5238 1031 5291 λίαν
1059 5237 1314 5298 δικαίωςο
1339 5237 1540 5298 πάντες
1561 5234 1694 5306 γὰρ,
1719 5235 1891 5305 δηλοῖ,
1915 5235 1964 5285 oi

389 5334 465 5404 μὴ
497 5333 858 5400 φυλάττοντες
892 5329 1000 5382 τῶν
1036 5327 1341 5382 καθολικῶν
1381 5329 1617 5380 συνόδων
1651 5328 1776 5389 τοὺς
1805 5329 1965 5396 ὅρους

387 5425 465 5492 τῷ
489 5423 792 5492 ἁναθέματι
824 5420 1212 5492 παραδίδονται
1237 5433 1250 5449 ⁸
1295 5423 1323 5473 6
1355 5420 1411 5472 δὲ
1445 5422 1564 5473 πάπ
1577 5436 1678 5481 πας
1701 5418 1762 5470 τὸ
1789 5435 1968 5488 κορω-

389 5517 482 5571 θὲν
508 5520 575 5586 τῇ
606 5515 826 5584 συνόδῳ,
856 5515 977 5585 ῆτοι
1009 5513 1072 5566 τὸ
1123 5515 1188 5566 ἐκ
1243 5513 1452 5582 [ἰατρὸς
1505 5512 1600 5565 καὶ
1643 5509 1772 5563 Υἱοῦ
1806 5511 1970 5596 tngo-

392 5608 649 5681 ρεὺεσθαι
681 5608 742 5660 τὺ
773 5607 1002 5675 Πνεῦμα
1045 5607 1103 5658 τὸ
1141 5603 1318 5673 ἅγιον,
1348 5605 1618 5671 ἐκφωνεῖν
1647 5591 1967 5670 διορέςεται,

393 5702 488 5756 καὶ
508 5702 665 5774 ὑμεῖς
713 5700 811 5771 οὑχ
841 5695 1184 5752 ὑπακούσετε
1206 5713 1222 5764 ;
1266 5698 1360 5750 καὶ
1382 5695 1508 5749 οὕτε
1536 5696 1624 5750 τὸν
1647 5695 1740 5749 τοῦ
1771 5697 1971 5751 πάππα

503 5861 522 5892 ί
559 5859 708 5918 Psal.
745 5873 974 5925 Lxxxm,
1018 5856 1106 5911 ll.

483 5963 488 5968 Α
764 5981 1040 6043 ΡΑτιιοι.
1081 5983 1203 6062 Gn,
1243 5975 1457 6039 CLXI.

2061 4686 2287 4743 decreto
2343 4686 2453 4741 alta
2482 4701 2635 4755 voce,
2686 4694 2744 4741 et
2801 4685 3084 4756 signanter
3131 4685 3188 4738 in
3217 4683 3421 4740 divinis
3452 4685 3648 4738 oiliciis

2063 4797 2215 4852 pap:e
2255 4779 2709 4836 commemoratio
2759 4777 2980 4848 publice
3013 4776 3321 4831 insonanda
3346 4785 3450 4832 est.
3505 4775 3647 4831 Cum

2062 4888 2195 4942 ergo
2245 4872 2628 4929 divinissimus
2682 4869 2999 4942 patriarcha
3064 4869 3226 4940 longe
3281 4869 3350 4924 ab
3397 4871 3645 4926 Ecclesia

2065 4965 2233 5034 pellat
2266 4975 2322 5023 et
2365 4980 2471 5019 una
2503 4979 2628 5019 cum
2662 4962 2939 5018 haereticis
2965 4961 3310 5018 collocet:id
3337 4963 3484 5016 enim
3511 4977 3644 5016 usus

2066 5059 2324 5113 Ecclesiae
2352 5056 2620 5120 obtinuit,
2661 5069 2786 5111 cum
2827 5054 3188 5120 anathemati,
3224 5056 3316 5125 qui
3354 5069 3463 5113 non
3529 5069 3644 5109 scr-

2066 5132 2201 5205 vant
2247 5149 2650 5213 deﬁnitionem,
2689 5148 3086 5219 subjiciuntur,
3141 5155 3197 5200 et
3241 5148 3365 5216 jure
3414 5147 3648 5210 merito;

2071 5265 2195 5304 nam
2231 5262 2424 5303 omnes
2459 5245 2798 5317 generalium
2849 5245 3185 5316 synodorum
3226 5242 3651 5299 deﬁnitionibus

2070 5355 2178 5394 non
2209 5337 2554 5402 obcdientes,
2583 5333 2920 5390 anathemati
2965 5331 3260 5386 traduntur
3281 5347 3310 5398 ;’
3338 5347 3479 5402 papa
3519 5347 3652 5386 vero

2071 5432 2358 5487 decretum
2392 5427 2638 5495 concilii,
2676 5428 2792 5482 sive
2816 5426 3080 5496 Spiritum
3115 5434 3362 5479 sanctum
3394 5440 3460 5480 ex
3490 5425 3653 5479 Patre

2029 5579 2038 5584 _
2074 5525 2322 5593 Filioque
2347 5521 2670 5593 procedere,
2719 5535 2857 5575 voce
2899 5520 3372 5590 pronuntiandum
3408 5521 3654 5581 mandet,

2073 5629 2130 5673 et
2157 5633 2254 5672 vos
2287 5633 2394 5672 non
2419 5614 2910 5670 obsecundabitis?
2947 5614 3016 5669 Et
3052 5629 3231 5684 neque
3277 5629 3432 5684 papa:
3478 5612 3656 5682 jussa,

2076 5727 2256 5782 neque
2310 5710 2638 5793 paqiarchm
2691 5717 2962 5780 praecepta
3025 5705 3657 5774 extimescetis?1\'equo

3219 5975 3296 6041 28
