  <div class='ocr_page' id='page_1' title='image "/cluster/home/n/w/nwhite01/storage/ocr_20150623/161/coo.31924054870666/523.png"; bbox 0 0 4098 6430; ppageno 0'>
   <div class='ocr_carea' id='block_1_1' title="bbox 488 406 594 475">
    <p class='ocr_par' dir='ltr' id='par_1_1' title="bbox 488 406 594 475">
     <span class='ocr_line' id='line_1_1' title="bbox 488 406 594 475; baseline 0 -1"><span class='ocrx_word' id='word_1_1' title='bbox 488 406 594 475; x_wconf 79' lang='lat'><strong>867</strong></span> 
     </span>
    </p>
   </div>
   <div class='ocr_carea' id='block_1_2' title="bbox 1682 398 2590 466">
    <p class='ocr_par' dir='ltr' id='par_1_2' title="bbox 1682 398 2590 466">
     <span class='ocr_line' id='line_1_2' title="bbox 1682 398 2590 466; baseline -0.008 -3"><span class='ocrx_word' id='word_1_2' title='bbox 1682 403 2023 466; x_wconf 69' lang='lat' dir='ltr'><strong>GEORGII</strong></span> <span class='ocrx_word' id='word_1_3' title='bbox 2064 398 2590 465; x_wconf 79' lang='lat' dir='ltr'><strong>TRAPEZUNTll</strong></span> 
     </span>
    </p>
   </div>
   <div class='ocr_carea' id='block_1_3' title="bbox 3677 393 3786 460">
    <p class='ocr_par' dir='ltr' id='par_1_3' title="bbox 3677 393 3786 460">
     <span class='ocr_line' id='line_1_3' title="bbox 3677 393 3786 460; baseline 0 0"><span class='ocrx_word' id='word_1_4' title='bbox 3677 393 3786 460; x_wconf 74' lang='lat'><strong>868</strong></span> 
     </span>
    </p>
   </div>
   <div class='ocr_carea' id='block_1_4' title="bbox 494 509 2108 604">
    <p class='ocr_par' dir='ltr' id='par_1_4' title="bbox 494 519 2084 604">
     <span class='ocr_line' id='line_1_4' title="bbox 494 519 2084 604; baseline -0.007 -19"><span class='ocrx_word' id='word_1_5' title='bbox 494 527 691 604; x_wconf 80' lang='lat' dir='ltr'><strong>synodi</strong></span> <span class='ocrx_word' id='word_1_6' title='bbox 723 525 1098 583; x_wconf 83' lang='lat' dir='ltr'><strong>deﬁnitionem</strong></span> <span class='ocrx_word' id='word_1_7' title='bbox 1142 521 1514 578; x_wconf 87' lang='lat' dir='ltr'><strong>verebimini?</strong></span> <span class='ocrx_word' id='word_1_8' title='bbox 1549 519 1616 575; x_wconf 83' lang='lat' dir='ltr'><strong>Et</strong></span> <span class='ocrx_word' id='word_1_9' title='bbox 1650 535 1904 590; x_wconf 68' lang='lat' dir='ltr'><strong>quaenam</strong></span> <span class='ocrx_word' id='word_1_10' title='bbox 1927 520 2084 575; x_wconf 83' lang='lat' dir='ltr'><strong>vobis</strong></span> 
     </span>
    </p>
   </div>
   <div class='ocr_carea' id='block_1_5' title="bbox 2191 509 3783 604">
    <p class='ocr_par' dir='ltr' id='par_1_5' title="bbox 2191 509 3783 590">
     <span class='ocr_line' id='line_1_5' title="bbox 2191 509 3783 590; baseline -0.006 -17"><span class='ocrx_word' id='word_1_11' title='bbox 2191 518 2436 590; x_wconf 72' lang='grc' dir='ltr'><strong>ὁρισμὸν,</strong></span> <span class='ocrx_word' id='word_1_12' title='bbox 2471 517 2598 570; x_wconf 72' lang='grc' dir='ltr'><strong>οὔτε</strong></span> <span class='ocrx_word' id='word_1_13' title='bbox 2626 513 2724 585; x_wconf 76' lang='grc' dir='ltr'><strong>τὴν</strong></span> <span class='ocrx_word' id='word_1_14' title='bbox 2757 513 2852 568; x_wconf 71' lang='grc' dir='ltr'><strong>τοῦ</strong></span> <span class='ocrx_word' id='word_1_15' title='bbox 2899 511 3246 584; x_wconf 76' lang='grc' dir='ltr'><strong>πατριάρχου</strong></span> <span class='ocrx_word' id='word_1_16' title='bbox 3279 509 3506 582; x_wconf 79' lang='grc' dir='ltr'><strong>ἐντολὴν</strong></span> <span class='ocrx_word' id='word_1_17' title='bbox 3538 509 3783 582; x_wconf 74' lang='grc' dir='ltr'><strong>φοϐηθή-</strong></span> 
     </span>
    </p>
   </div>
   <div class='ocr_carea' id='block_1_6' title="bbox 494 611 2074 693">
    <p class='ocr_par' dir='ltr' id='par_1_6' title="bbox 494 611 2074 693">
     <span class='ocr_line' id='line_1_6' title="bbox 494 611 2074 693; baseline -0.009 -15"><span class='ocrx_word' id='word_1_18' title='bbox 494 622 641 693; x_wconf 84' lang='lat' dir='ltr'><strong>apud</strong></span> <span class='ocrx_word' id='word_1_19' title='bbox 677 618 1028 676; x_wconf 91' lang='lat' dir='ltr'><strong>tremendum</strong></span> <span class='ocrx_word' id='word_1_20' title='bbox 1063 615 1271 674; x_wconf 88' lang='lat' dir='ltr'><strong>Christi</strong></span> <span class='ocrx_word' id='word_1_21' title='bbox 1323 612 1544 669; x_wconf 86' lang='lat' dir='ltr'><strong>tribinal</strong></span> <span class='ocrx_word' id='word_1_22' title='bbox 1593 611 1882 681; x_wconf 89' lang='lat' dir='ltr'><strong>responsio</strong></span> <span class='ocrx_word' id='word_1_23' title='bbox 1937 625 2074 682; x_wconf 78' lang='lat' dir='ltr'><strong>sup-</strong></span> 
     </span>
    </p>
   </div>
   <div class='ocr_carea' id='block_1_7' title="bbox 490 716 686 787">
    <p class='ocr_par' dir='ltr' id='par_1_7' title="bbox 490 716 686 787">
     <span class='ocr_line' id='line_1_7' title="bbox 490 716 686 787; baseline -0.02 -14"><span class='ocrx_word' id='word_1_24' title='bbox 490 725 640 787; x_wconf 91' lang='lat' dir='ltr'><strong>petet</strong></span> <span class='ocrx_word' id='word_1_25' title='bbox 662 716 686 769; x_wconf 86' lang='lat'><strong>?</strong></span> 
     </span>
    </p>
   </div>
   <div class='ocr_carea' id='block_1_8' title="bbox 561 888 2076 950">
    <p class='ocr_par' dir='ltr' id='par_1_8' title="bbox 561 888 2076 950">
     <span class='ocr_line' id='line_1_8' title="bbox 561 888 2076 950; baseline -0.007 0"><span class='ocrx_word' id='word_1_26' title='bbox 561 895 654 950; x_wconf 67' lang='grc' dir='ltr'><strong>ΞΟ.</strong></span> <span class='ocrx_word' id='word_1_27' title='bbox 689 894 760 949; x_wconf 91' lang='grc' dir='ltr'><strong>Ει</strong></span> <span class='ocrx_word' id='word_1_28' title='bbox 803 907 931 948; x_wconf 89' lang='lat' dir='ltr'><strong>reor</strong></span> <span class='ocrx_word' id='word_1_29' title='bbox 970 889 1185 946; x_wconf 86' lang='lat' dir='ltr'><strong>nullum</strong></span> <span class='ocrx_word' id='word_1_30' title='bbox 1236 903 1301 944; x_wconf 82' lang='lat' dir='ltr'><strong>ex</strong></span> <span class='ocrx_word' id='word_1_31' title='bbox 1352 888 1512 943; x_wconf 82' lang='lat' dir='ltr'><strong>vobis</strong></span> <span class='ocrx_word' id='word_1_32' title='bbox 1563 902 1830 942; x_wconf 85' lang='lat' dir='ltr'><strong>ausurum</strong></span> <span class='ocrx_word' id='word_1_33' title='bbox 1881 895 2076 941; x_wconf 86' lang='lat' dir='ltr'><strong>contra</strong></span> 
     </span>
    </p>
   </div>
   <div class='ocr_carea' id='block_1_9' title="bbox 491 978 2076 1059">
    <p class='ocr_par' dir='ltr' id='par_1_9' title="bbox 491 978 2076 1059">
     <span class='ocr_line' id='line_1_9' title="bbox 491 978 2076 1059; baseline -0.008 -16"><span class='ocrx_word' id='word_1_34' title='bbox 491 1000 797 1059; x_wconf 87' lang='lat' dir='ltr'><strong>opponere,</strong></span> <span class='ocrx_word' id='word_1_35' title='bbox 836 983 986 1040; x_wconf 85' lang='lat' dir='ltr'><strong>aliud</strong></span> <span class='ocrx_word' id='word_1_36' title='bbox 1020 996 1240 1054; x_wconf 88' lang='lat' dir='ltr'><strong>papam,</strong></span> <span class='ocrx_word' id='word_1_37' title='bbox 1275 979 1427 1036; x_wconf 80' lang='lat' dir='ltr'><strong>aliud</strong></span> <span class='ocrx_word' id='word_1_38' title='bbox 1473 979 1843 1050; x_wconf 82' lang='lat' dir='ltr'><strong>patriarcham</strong></span> <span class='ocrx_word' id='word_1_39' title='bbox 1879 978 2076 1048; x_wconf 56' lang='lat' dir='ltr'><strong>praeci-</strong></span> 
     </span>
    </p>
   </div>
   <div class='ocr_carea' id='block_1_10' title="bbox 493 1062 2073 1150">
    <p class='ocr_par' dir='ltr' id='par_1_10' title="bbox 493 1062 2073 1150">
     <span class='ocr_line' id='line_1_10' title="bbox 493 1062 2073 1150; baseline -0.008 -15"><span class='ocrx_word' id='word_1_40' title='bbox 493 1096 646 1150; x_wconf 90' lang='lat' dir='ltr'><strong>pere.</strong></span> <span class='ocrx_word' id='word_1_41' title='bbox 705 1079 865 1133; x_wconf 88' lang='lat' dir='ltr'><strong>llunc</strong></span> <span class='ocrx_word' id='word_1_42' title='bbox 918 1062 1195 1145; x_wconf 77' lang='lat' dir='ltr'><strong>siquidem</strong></span> <span class='ocrx_word' id='word_1_43' title='bbox 1269 1071 1649 1128; x_wconf 85' lang='lat' dir='ltr'><strong>deﬁnitionem</strong></span> <span class='ocrx_word' id='word_1_44' title='bbox 1705 1070 2073 1135; x_wconf 83' lang='lat' dir='ltr'><strong>servandam;</strong></span> 
     </span>
    </p>
   </div>
   <div class='ocr_carea' id='block_1_11' title="bbox 493 1164 2082 1239">
    <p class='ocr_par' dir='ltr' id='par_1_11' title="bbox 493 1164 2082 1239">
     <span class='ocr_line' id='line_1_11' title="bbox 493 1164 2082 1239; baseline -0.006 -11"><span class='ocrx_word' id='word_1_45' title='bbox 493 1175 672 1239; x_wconf 89' lang='lat' dir='ltr'><strong>illum,</strong></span> <span class='ocrx_word' id='word_1_46' title='bbox 691 1179 749 1228; x_wconf 92' lang='lat' dir='ltr'><strong>ct</strong></span> <span class='ocrx_word' id='word_1_47' title='bbox 766 1185 833 1225; x_wconf 73' lang='lat' dir='ltr'><strong>ex</strong></span> <span class='ocrx_word' id='word_1_48' title='bbox 861 1169 1004 1224; x_wconf 87' lang='lat' dir='ltr'><strong>Filio</strong></span> <span class='ocrx_word' id='word_1_49' title='bbox 1027 1167 1298 1239; x_wconf 88' lang='lat' dir='ltr'><strong>Spiritum</strong></span> <span class='ocrx_word' id='word_1_50' title='bbox 1323 1174 1570 1222; x_wconf 87' lang='lat' dir='ltr'><strong>sanctum</strong></span> <span class='ocrx_word' id='word_1_51' title='bbox 1598 1164 1920 1237; x_wconf 85' lang='lat' dir='ltr'><strong>procedere,</strong></span> <span class='ocrx_word' id='word_1_52' title='bbox 1947 1178 2082 1218; x_wconf 89' lang='lat' dir='ltr'><strong>voce</strong></span> 
     </span>
    </p>
   </div>
   <div class='ocr_carea' id='block_1_12' title="bbox 493 1258 2075 1334">
    <p class='ocr_par' dir='ltr' id='par_1_12' title="bbox 493 1258 2075 1334">
     <span class='ocr_line' id='line_1_12' title="bbox 493 1258 2075 1334; baseline -0.004 -15"><span class='ocrx_word' id='word_1_53' title='bbox 493 1264 898 1319; x_wconf 89' lang='lat' dir='ltr'><strong>enuntiandum</strong></span> <span class='ocrx_word' id='word_1_54' title='bbox 918 1276 1039 1317; x_wconf 89' lang='lat' dir='ltr'><strong>esse</strong></span> <span class='ocrx_word' id='word_1_55' title='bbox 1070 1260 1354 1316; x_wconf 87' lang='lat' dir='ltr'><strong>mandare.</strong></span> <span class='ocrx_word' id='word_1_56' title='bbox 1380 1259 1506 1314; x_wconf 75' lang='lat' dir='ltr'><strong>llzee</strong></span> <span class='ocrx_word' id='word_1_57' title='bbox 1537 1258 1772 1334; x_wconf 76' lang='lat' dir='ltr'><strong>fortasse</strong></span> <span class='ocrx_word' id='word_1_58' title='bbox 1803 1259 2075 1328; x_wconf 84' lang='lat' dir='ltr'><strong>quispiam</strong></span> 
     </span>
    </p>
   </div>
   <div class='ocr_carea' id='block_1_13' title="bbox 436 1350 2077 1420">
    <p class='ocr_par' dir='ltr' id='par_1_13' title="bbox 436 1350 2077 1420">
     <span class='ocr_line' id='line_1_13' title="bbox 436 1350 2077 1420; baseline -0.006 -6"><span class='ocrx_word' id='word_1_59' title='bbox 436 1404 448 1414; x_wconf 94' lang='lat'><strong>.</strong></span> <span class='ocrx_word' id='word_1_60' title='bbox 493 1355 700 1411; x_wconf 79' lang='lat' dir='ltr'><strong>dixerit</strong></span> <span class='ocrx_word' id='word_1_61' title='bbox 760 1353 902 1408; x_wconf 87' lang='lat' dir='ltr'><strong>male</strong></span> <span class='ocrx_word' id='word_1_62' title='bbox 941 1352 1211 1417; x_wconf 82' lang='lat' dir='ltr'><strong>sentiens,</strong></span> <span class='ocrx_word' id='word_1_63' title='bbox 1253 1367 1362 1406; x_wconf 91' lang='lat' dir='ltr'><strong>non</strong></span> <span class='ocrx_word' id='word_1_64' title='bbox 1409 1350 1603 1406; x_wconf 86' lang='lat' dir='ltr'><strong>eadem</strong></span> <span class='ocrx_word' id='word_1_65' title='bbox 1663 1366 1810 1416; x_wconf 86' lang='lat' dir='ltr'><strong>esse,</strong></span> <span class='ocrx_word' id='word_1_66' title='bbox 1855 1350 2077 1420; x_wconf 86' lang='lat' dir='ltr'><strong>planum</strong></span> 
     </span>
    </p>
   </div>
   <div class='ocr_carea' id='block_1_14' title="bbox 493 1441 2076 1513">
    <p class='ocr_par' dir='ltr' id='par_1_14' title="bbox 493 1441 2076 1513">
     <span class='ocr_line' id='line_1_14' title="bbox 493 1441 2076 1513; baseline -0.004 -11"><span class='ocrx_word' id='word_1_67' title='bbox 493 1463 630 1502; x_wconf 84' lang='lat' dir='ltr'><strong>vero</strong></span> <span class='ocrx_word' id='word_1_68' title='bbox 656 1455 742 1502; x_wconf 90' lang='lat' dir='ltr'><strong>est</strong></span> <span class='ocrx_word' id='word_1_69' title='bbox 770 1445 966 1501; x_wconf 89' lang='lat' dir='ltr'><strong>eadem</strong></span> <span class='ocrx_word' id='word_1_70' title='bbox 995 1459 1146 1500; x_wconf 89' lang='lat' dir='ltr'><strong>esse.</strong></span> <span class='ocrx_word' id='word_1_71' title='bbox 1180 1441 1429 1513; x_wconf 84' lang='lat' dir='ltr'><strong>Namque</strong></span> <span class='ocrx_word' id='word_1_72' title='bbox 1463 1441 1715 1498; x_wconf 90' lang='lat' dir='ltr'><strong>deﬁnitio</strong></span> <span class='ocrx_word' id='word_1_73' title='bbox 1736 1442 2076 1497; x_wconf 89' lang='lat' dir='ltr'><strong>credendum</strong></span> 
     </span>
    </p>
   </div>
   <div class='ocr_carea' id='block_1_15' title="bbox 498 1533 2078 1605">
    <p class='ocr_par' dir='ltr' id='par_1_15' title="bbox 498 1533 2078 1605">
     <span class='ocr_line' id='line_1_15' title="bbox 498 1533 2078 1605; baseline -0.002 -13"><span class='ocrx_word' id='word_1_74' title='bbox 498 1553 621 1593; x_wconf 89' lang='lat' dir='ltr'><strong>esse</strong></span> <span class='ocrx_word' id='word_1_75' title='bbox 645 1536 999 1600; x_wconf 85' lang='lat' dir='ltr'><strong>determinat,</strong></span> <span class='ocrx_word' id='word_1_76' title='bbox 1033 1535 1300 1605; x_wconf 88' lang='lat' dir='ltr'><strong>Spiritum</strong></span> <span class='ocrx_word' id='word_1_77' title='bbox 1349 1543 1600 1590; x_wconf 90' lang='lat' dir='ltr'><strong>sanctum</strong></span> <span class='ocrx_word' id='word_1_78' title='bbox 1642 1551 1709 1590; x_wconf 83' lang='lat' dir='ltr'><strong>ex</strong></span> <span class='ocrx_word' id='word_1_79' title='bbox 1735 1533 1877 1589; x_wconf 83' lang='lat' dir='ltr'><strong>Filio</strong></span> <span class='ocrx_word' id='word_1_80' title='bbox 1933 1549 2078 1600; x_wconf 90' lang='lat' dir='ltr'><strong>csse,</strong></span> 
     </span>
    </p>
   </div>
   <div class='ocr_carea' id='block_1_16' title="bbox 496 1626 2081 1698">
    <p class='ocr_par' dir='ltr' id='par_1_16' title="bbox 496 1626 2081 1698">
     <span class='ocr_line' id='line_1_16' title="bbox 496 1626 2081 1698; baseline -0.005 -10"><span class='ocrx_word' id='word_1_81' title='bbox 496 1628 877 1688; x_wconf 73' lang='lat' dir='ltr'><strong>sanctissimus</strong></span> <span class='ocrx_word' id='word_1_82' title='bbox 904 1636 1087 1683; x_wconf 91' lang='lat' dir='ltr'><strong>autem</strong></span> <span class='ocrx_word' id='word_1_83' title='bbox 1136 1642 1274 1698; x_wconf 87' lang='lat' dir='ltr'><strong>papa</strong></span> <span class='ocrx_word' id='word_1_84' title='bbox 1301 1626 1588 1690; x_wconf 83' lang='lat' dir='ltr'><strong>Callixtus,</strong></span> <span class='ocrx_word' id='word_1_85' title='bbox 1641 1626 1747 1682; x_wconf 91' lang='lat' dir='ltr'><strong>hoc</strong></span> <span class='ocrx_word' id='word_1_86' title='bbox 1777 1627 1922 1682; x_wconf 91' lang='lat' dir='ltr'><strong>idem</strong></span> <span class='ocrx_word' id='word_1_87' title='bbox 1948 1641 2081 1680; x_wconf 83' lang='lat' dir='ltr'><strong>voce</strong></span> 
     </span>
    </p>
   </div>
   <div class='ocr_carea' id='block_1_17' title="bbox 499 1717 2088 1790">
    <p class='ocr_par' dir='ltr' id='par_1_17' title="bbox 499 1717 2088 1790">
     <span class='ocr_line' id='line_1_17' title="bbox 499 1717 2088 1790; baseline -0.003 -14"><span class='ocrx_word' id='word_1_88' title='bbox 499 1721 976 1790; x_wconf 87' lang='lat' dir='ltr'><strong>pronuntiandum</strong></span> <span class='ocrx_word' id='word_1_89' title='bbox 1028 1719 1283 1789; x_wconf 86' lang='lat' dir='ltr'><strong>imponit.</strong></span> <span class='ocrx_word' id='word_1_90' title='bbox 1303 1717 1435 1784; x_wconf 75' lang='lat' dir='ltr'><strong>Qua:</strong></span> <span class='ocrx_word' id='word_1_91' title='bbox 1461 1733 1593 1788; x_wconf 87' lang='lat' dir='ltr'><strong>ergo</strong></span> <span class='ocrx_word' id='word_1_92' title='bbox 1621 1717 1930 1773; x_wconf 76' lang='lat' dir='ltr'><strong>differentia</strong></span> <span class='ocrx_word' id='word_1_93' title='bbox 1962 1718 2088 1773; x_wconf 83' lang='lat' dir='ltr'><strong>cst?</strong></span> 
     </span>
    </p>
   </div>
   <div class='ocr_carea' id='block_1_18' title="bbox 495 1810 2082 1886">
    <p class='ocr_par' dir='ltr' id='par_1_18' title="bbox 495 1810 2082 1886">
     <span class='ocr_line' id='line_1_18' title="bbox 495 1810 2082 1886; baseline -0.004 -14"><span class='ocrx_word' id='word_1_94' title='bbox 495 1815 595 1872; x_wconf 81' lang='lat' dir='ltr'><strong>Vel</strong></span> <span class='ocrx_word' id='word_1_95' title='bbox 619 1829 728 1886; x_wconf 86' lang='lat' dir='ltr'><strong>quo</strong></span> <span class='ocrx_word' id='word_1_96' title='bbox 758 1821 920 1884; x_wconf 88' lang='lat' dir='ltr'><strong>pacto</strong></span> <span class='ocrx_word' id='word_1_97' title='bbox 941 1826 1170 1867; x_wconf 89' lang='lat' dir='ltr'><strong>necesse</strong></span> <span class='ocrx_word' id='word_1_98' title='bbox 1197 1827 1307 1866; x_wconf 87' lang='lat' dir='ltr'><strong>non</strong></span> <span class='ocrx_word' id='word_1_99' title='bbox 1339 1820 1446 1876; x_wconf 90' lang='lat' dir='ltr'><strong>est,</strong></span> <span class='ocrx_word' id='word_1_100' title='bbox 1474 1820 1533 1864; x_wconf 88' lang='lat' dir='ltr'><strong>ut</strong></span> <span class='ocrx_word' id='word_1_101' title='bbox 1562 1810 1710 1880; x_wconf 86' lang='lat' dir='ltr'><strong>quod</strong></span> <span class='ocrx_word' id='word_1_102' title='bbox 1733 1811 1857 1881; x_wconf 85' lang='lat' dir='ltr'><strong>quis</strong></span> <span class='ocrx_word' id='word_1_103' title='bbox 1879 1811 2082 1878; x_wconf 89' lang='lat' dir='ltr'><strong>credit,</strong></span> 
     </span>
    </p>
   </div>
   <div class='ocr_carea' id='block_1_19' title="bbox 2203 602 3823 678">
    <p class='ocr_par' dir='ltr' id='par_1_19' title="bbox 2203 602 3823 678">
     <span class='ocr_line' id='line_1_19' title="bbox 2203 602 3823 678; baseline -0.006 -12"><span class='ocrx_word' id='word_1_104' title='bbox 2203 611 2370 666; x_wconf 80' lang='grc' dir='ltr'><strong>σεσθε</strong></span> <span class='ocrx_word' id='word_1_105' title='bbox 2404 627 2419 678; x_wconf 86' lang='grc'><strong>;</strong></span> <span class='ocrx_word' id='word_1_106' title='bbox 2455 608 2581 663; x_wconf 75' lang='grc' dir='ltr'><strong>οὔτε</strong></span> <span class='ocrx_word' id='word_1_107' title='bbox 2636 609 2730 662; x_wconf 68' lang='grc' dir='ltr'><strong>τὸν</strong></span> <span class='ocrx_word' id='word_1_108' title='bbox 2787 608 2890 678; x_wconf 83' lang='grc' dir='ltr'><strong>τῆς</strong></span> <span class='ocrx_word' id='word_1_109' title='bbox 2939 606 3159 661; x_wconf 73' lang='grc' dir='ltr'><strong>συνόδου</strong></span> <span class='ocrx_word' id='word_1_110' title='bbox 3197 608 3323 677; x_wconf 79' lang='grc' dir='ltr'><strong>ὅρον</strong></span> <span class='ocrx_word' id='word_1_111' title='bbox 3363 604 3744 678; x_wconf 80' lang='grc' dir='ltr'><strong>αίδεσθήσεσοε</strong></span> <span class='ocrx_word' id='word_1_112' title='bbox 3765 623 3783 674; x_wconf 86' lang='grc'><strong>;</strong></span> <span class='ocrx_word' id='word_1_113' title='bbox 3812 602 3823 612; x_wconf 81' lang='grc'><em>”</em></span> 
     </span>
    </p>
   </div>
   <div class='ocr_carea' id='block_1_20' title="bbox 2198 696 3785 775">
    <p class='ocr_par' dir='ltr' id='par_1_20' title="bbox 2198 696 3785 775">
     <span class='ocr_line' id='line_1_20' title="bbox 2198 696 3785 775; baseline -0.007 -13"><span class='ocrx_word' id='word_1_114' title='bbox 2198 708 2310 762; x_wconf 80' lang='grc' dir='ltr'><strong>Καὶ</strong></span> <span class='ocrx_word' id='word_1_115' title='bbox 2339 707 2468 759; x_wconf 86' lang='grc' dir='ltr'><strong>ποια</strong></span> <span class='ocrx_word' id='word_1_116' title='bbox 2501 705 2635 775; x_wconf 83' lang='grc' dir='ltr'><strong>ἡμῖν</strong></span> <span class='ocrx_word' id='word_1_117' title='bbox 2659 701 2813 756; x_wconf 74' lang='grc' dir='ltr'><strong>ἔσται</strong></span> <span class='ocrx_word' id='word_1_118' title='bbox 2853 699 3120 770; x_wconf 78' lang='grc' dir='ltr'><strong>ἀπολογία</strong></span> <span class='ocrx_word' id='word_1_119' title='bbox 3151 699 3304 772; x_wconf 67' lang='grc' dir='ltr'><strong>παρὰ</strong></span> <span class='ocrx_word' id='word_1_120' title='bbox 3337 698 3399 752; x_wconf 76' lang='grc' dir='ltr'><strong>τὸ</strong></span> <span class='ocrx_word' id='word_1_121' title='bbox 3429 696 3662 770; x_wconf 71' lang='grc' dir='ltr'><strong>φοϐερὸν</strong></span> <span class='ocrx_word' id='word_1_122' title='bbox 3687 697 3785 752; x_wconf 78' lang='grc' dir='ltr'><strong>τοῦ</strong></span> 
     </span>
    </p>
   </div>
   <div class='ocr_carea' id='block_1_21' title="bbox 2195 797 2664 870">
    <p class='ocr_par' dir='ltr' id='par_1_21' title="bbox 2195 797 2664 870">
     <span class='ocr_line' id='line_1_21' title="bbox 2195 797 2664 870; baseline -0.004 -18"><span class='ocrx_word' id='word_1_123' title='bbox 2195 797 2438 870; x_wconf 75' lang='grc' dir='ltr'><strong>Χριστοῦ</strong></span> <span class='ocrx_word' id='word_1_124' title='bbox 2471 797 2623 868; x_wconf 79' lang='grc' dir='ltr'><strong>βῆμα</strong></span> <span class='ocrx_word' id='word_1_125' title='bbox 2648 814 2664 863; x_wconf 73' lang='grc'><strong>,</strong></span> 
     </span>
    </p>
   </div>
   <div class='ocr_carea' id='block_1_22' title="bbox 2268 882 3778 960">
    <p class='ocr_par' dir='ltr' id='par_1_22' title="bbox 2268 882 3778 960">
     <span class='ocr_line' id='line_1_22' title="bbox 2268 882 3778 960; baseline -0.007 -16"><span class='ocrx_word' id='word_1_126' title='bbox 2268 888 2340 946; x_wconf 83' lang='grc' dir='ltr'><strong>κ’.</strong></span> <span class='ocrx_word' id='word_1_127' title='bbox 2381 887 2548 960; x_wconf 77' lang='grc' dir='ltr'><strong>Οἶμαι</strong></span> <span class='ocrx_word' id='word_1_128' title='bbox 2589 888 2668 951; x_wconf 84' lang='grc' dir='ltr'><strong>δὲ,</strong></span> <span class='ocrx_word' id='word_1_129' title='bbox 2704 888 2787 943; x_wconf 84' lang='grc' dir='ltr'><strong>ὅτι</strong></span> <span class='ocrx_word' id='word_1_130' title='bbox 2833 888 2896 942; x_wconf 86' lang='grc' dir='ltr'>οὐ</span> <span class='ocrx_word' id='word_1_131' title='bbox 2941 887 3208 958; x_wconf 74' lang='grc' dir='ltr'><strong>τολμήσει</strong></span> <span class='ocrx_word' id='word_1_132' title='bbox 3252 902 3337 948; x_wconf 91' lang='grc' dir='ltr'><strong>τις</strong></span> <span class='ocrx_word' id='word_1_133' title='bbox 3383 882 3778 952; x_wconf 73' lang='grc' dir='ltr'><strong>ἀνθυποφέρειι</strong></span> 
     </span>
    </p>
   </div>
   <div class='ocr_carea' id='block_1_23' title="bbox 2197 975 3789 1045">
    <p class='ocr_par' dir='ltr' id='par_1_23' title="bbox 2197 975 3789 1045">
     <span class='ocr_line' id='line_1_23' title="bbox 2197 975 3789 1045; baseline -0.006 -8"><span class='ocrx_word' id='word_1_134' title='bbox 2197 983 2326 1037; x_wconf 78' lang='grc' dir='ltr'><strong>ἄλλο</strong></span> <span class='ocrx_word' id='word_1_135' title='bbox 2347 983 2438 1034; x_wconf 74' lang='grc' dir='ltr'><strong>τὸν</strong></span> <span class='ocrx_word' id='word_1_136' title='bbox 2465 982 2700 1034; x_wconf 81' lang='grc' dir='ltr'><strong>πάππαν</strong></span> <span class='ocrx_word' id='word_1_137' title='bbox 2730 979 3064 1043; x_wconf 76' lang='grc' dir='ltr'><strong>ἐπιτάττειν,</strong></span> <span class='ocrx_word' id='word_1_138' title='bbox 3097 978 3189 1031; x_wconf 71' lang='grc' dir='ltr'><strong>καὶ</strong></span> <span class='ocrx_word' id='word_1_139' title='bbox 3221 976 3351 1030; x_wconf 79' lang='grc' dir='ltr'><strong>ἄλλο</strong></span> <span class='ocrx_word' id='word_1_140' title='bbox 3378 975 3474 1030; x_wconf 70' lang='grc' dir='ltr'><strong>τὸν</strong></span> <span class='ocrx_word' id='word_1_141' title='bbox 3510 976 3789 1045; x_wconf 74' lang='grc' dir='ltr'><strong>πατριάρ-</strong></span> 
     </span>
    </p>
   </div>
   <div class='ocr_carea' id='block_1_24' title="bbox 2197 1067 3785 1146">
    <p class='ocr_par' dir='ltr' id='par_1_24' title="bbox 2197 1067 3785 1146">
     <span class='ocr_line' id='line_1_24' title="bbox 2197 1067 3785 1146; baseline -0.005 -18"><span class='ocrx_word' id='word_1_142' title='bbox 2197 1094 2302 1146; x_wconf 85' lang='grc' dir='ltr'><strong>χην</strong></span> <span class='ocrx_word' id='word_1_143' title='bbox 2331 1075 2724 1144; x_wconf 78' lang='grc' dir='ltr'><strong>προστάττειν.</strong></span> <span class='ocrx_word' id='word_1_144' title='bbox 2767 1073 2874 1126; x_wconf 77' lang='grc' dir='ltr'><strong>Τὸν</strong></span> <span class='ocrx_word' id='word_1_145' title='bbox 2919 1072 3015 1141; x_wconf 85' lang='grc' dir='ltr'><strong>μὲν</strong></span> <span class='ocrx_word' id='word_1_146' title='bbox 3047 1071 3156 1141; x_wconf 83' lang='grc' dir='ltr'><strong>γὰρ</strong></span> <span class='ocrx_word' id='word_1_147' title='bbox 3187 1071 3280 1122; x_wconf 74' lang='grc' dir='ltr'><strong>τὸν</strong></span> <span class='ocrx_word' id='word_1_148' title='bbox 3310 1069 3439 1138; x_wconf 86' lang='grc' dir='ltr'><strong>ὅρον</strong></span> <span class='ocrx_word' id='word_1_149' title='bbox 3470 1067 3785 1137; x_wconf 82' lang='grc' dir='ltr'><strong>φυλάττειν,</strong></span> 
     </span>
    </p>
   </div>
   <div class='ocr_carea' id='block_1_25' title="bbox 2197 1159 3791 1235">
    <p class='ocr_par' dir='ltr' id='par_1_25' title="bbox 2197 1159 3791 1235">
     <span class='ocr_line' id='line_1_25' title="bbox 2197 1159 3791 1235; baseline -0.006 -12"><span class='ocrx_word' id='word_1_150' title='bbox 2197 1171 2292 1223; x_wconf 73' lang='grc' dir='ltr'><strong>τὸν</strong></span> <span class='ocrx_word' id='word_1_151' title='bbox 2317 1168 2376 1222; x_wconf 85' lang='grc' dir='ltr'><strong>δὲ</strong></span> <span class='ocrx_word' id='word_1_152' title='bbox 2397 1168 2455 1222; x_wconf 84' lang='grc' dir='ltr'><strong>τὸ</strong></span> <span class='ocrx_word' id='word_1_153' title='bbox 2481 1168 2546 1220; x_wconf 80' lang='grc' dir='ltr'><strong>ὲκ</strong></span> <span class='ocrx_word' id='word_1_154' title='bbox 2577 1166 2672 1220; x_wconf 76' lang='grc' dir='ltr'><strong>τοῦ</strong></span> <span class='ocrx_word' id='word_1_155' title='bbox 2701 1166 2835 1220; x_wconf 78' lang='grc' dir='ltr'><strong>Υίοῦ</strong></span> <span class='ocrx_word' id='word_1_156' title='bbox 2867 1162 3265 1235; x_wconf 76' lang='grc' dir='ltr'><strong>ἐκπορεύεσθαι</strong></span> <span class='ocrx_word' id='word_1_157' title='bbox 3290 1162 3352 1216; x_wconf 81' lang='grc' dir='ltr'><strong>τὸ</strong></span> <span class='ocrx_word' id='word_1_158' title='bbox 3375 1162 3534 1230; x_wconf 74' lang='grc' dir='ltr'><strong>ἅγιον</strong></span> <span class='ocrx_word' id='word_1_159' title='bbox 3562 1159 3791 1230; x_wconf 80' lang='grc' dir='ltr'><strong>Πνεῦμα</strong></span> 
     </span>
    </p>
   </div>
   <div class='ocr_carea' id='block_1_26' title="bbox 2198 1255 3792 1331">
    <p class='ocr_par' dir='ltr' id='par_1_26' title="bbox 2198 1255 3792 1331">
     <span class='ocr_line' id='line_1_26' title="bbox 2198 1255 3792 1331; baseline -0.005 -16"><span class='ocrx_word' id='word_1_160' title='bbox 2198 1262 2472 1331; x_wconf 78' lang='grc' dir='ltr'><strong>ἐκφωνεῖν</strong></span> <span class='ocrx_word' id='word_1_161' title='bbox 2507 1258 2816 1328; x_wconf 77' lang='grc' dir='ltr'><strong>βούλεσθαι.</strong></span> <span class='ocrx_word' id='word_1_162' title='bbox 2855 1258 3043 1312; x_wconf 74' lang='grc' dir='ltr'><strong>Ταῦτα</strong></span> <span class='ocrx_word' id='word_1_163' title='bbox 3080 1257 3125 1312; x_wconf 82' lang='grc' dir='ltr'><strong>δ’</strong></span> <span class='ocrx_word' id='word_1_164' title='bbox 3163 1257 3296 1320; x_wconf 79' lang='grc' dir='ltr'><strong>ῐσως</strong></span> <span class='ocrx_word' id='word_1_165' title='bbox 3330 1255 3529 1326; x_wconf 73' lang='grc' dir='ltr'><strong>φήσειέ</strong></span> <span class='ocrx_word' id='word_1_166' title='bbox 3569 1271 3654 1317; x_wconf 89' lang='grc' dir='ltr'><strong>τις</strong></span> <span class='ocrx_word' id='word_1_167' title='bbox 3685 1259 3792 1308; x_wconf 85' lang='grc' dir='ltr'>οὐκ</span> 
     </span>
    </p>
   </div>
   <div class='ocr_carea' id='block_1_27' title="bbox 2202 1348 3792 1422">
    <p class='ocr_par' dir='ltr' id='par_1_27' title="bbox 2202 1348 3792 1422">
     <span class='ocr_line' id='line_1_27' title="bbox 2202 1348 3792 1422; baseline -0.004 -15"><span class='ocrx_word' id='word_1_168' title='bbox 2202 1351 2342 1407; x_wconf 78' lang='grc' dir='ltr'><strong>εἶναι</strong></span> <span class='ocrx_word' id='word_1_169' title='bbox 2374 1354 2546 1406; x_wconf 82' lang='grc' dir='ltr'><strong>ταύτὰ</strong></span> <span class='ocrx_word' id='word_1_170' title='bbox 2589 1352 2775 1415; x_wconf 82' lang='grc' dir='ltr'><strong>κακῶς</strong></span> <span class='ocrx_word' id='word_1_171' title='bbox 2811 1350 3045 1422; x_wconf 83' lang='grc' dir='ltr'><strong>φρονῶν.</strong></span> <span class='ocrx_word' id='word_1_172' title='bbox 3073 1349 3315 1418; x_wconf 65' lang='grc' dir='ltr'><strong>Φανερὸν</strong></span> <span class='ocrx_word' id='word_1_173' title='bbox 3345 1348 3454 1416; x_wconf 83' lang='grc' dir='ltr'><strong>γὰρ</strong></span> <span class='ocrx_word' id='word_1_174' title='bbox 3500 1348 3582 1400; x_wconf 86' lang='grc' dir='ltr'><strong>ὅτι</strong></span> <span class='ocrx_word' id='word_1_175' title='bbox 3612 1349 3792 1401; x_wconf 85' lang='grc' dir='ltr'><strong>ταυτά</strong></span> 
     </span>
    </p>
   </div>
   <div class='ocr_carea' id='block_1_28' title="bbox 2198 1435 3790 1514">
    <p class='ocr_par' dir='ltr' id='par_1_28' title="bbox 2198 1435 3790 1514">
     <span class='ocr_line' id='line_1_28' title="bbox 2198 1435 3790 1514; baseline -0.009 -15"><span class='ocrx_word' id='word_1_176' title='bbox 2198 1447 2368 1499; x_wconf 78' lang='grc' dir='ltr'><strong>ἐστιν.</strong></span> <span class='ocrx_word' id='word_1_177' title='bbox 2412 1443 2469 1497; x_wconf 86' lang='lat' dir='ltr'><strong>&#39;U</strong></span> <span class='ocrx_word' id='word_1_178' title='bbox 2502 1444 2602 1514; x_wconf 81' lang='grc' dir='ltr'><strong>μὲν</strong></span> <span class='ocrx_word' id='word_1_179' title='bbox 2633 1444 2740 1511; x_wconf 75' lang='grc' dir='ltr'><strong>γὰρ</strong></span> <span class='ocrx_word' id='word_1_180' title='bbox 2771 1443 2895 1512; x_wconf 85' lang='grc' dir='ltr'><strong>ὄρος</strong></span> <span class='ocrx_word' id='word_1_181' title='bbox 2920 1439 3200 1494; x_wconf 83' lang='grc' dir='ltr'><strong>πιστεύειν</strong></span> <span class='ocrx_word' id='word_1_182' title='bbox 3231 1436 3552 1508; x_wconf 76' lang='grc' dir='ltr'><strong>διορίζεται,</strong></span> <span class='ocrx_word' id='word_1_183' title='bbox 3581 1437 3662 1488; x_wconf 81' lang='grc' dir='ltr'><strong>ὁτι</strong></span> <span class='ocrx_word' id='word_1_184' title='bbox 3691 1435 3790 1488; x_wconf 70' lang='grc' dir='ltr'><strong>καὶ</strong></span> 
     </span>
    </p>
   </div>
   <div class='ocr_carea' id='block_1_29' title="bbox 2199 1527 3789 1603">
    <p class='ocr_par' dir='ltr' id='par_1_29' title="bbox 2199 1527 3789 1603">
     <span class='ocr_line' id='line_1_29' title="bbox 2199 1527 3789 1603; baseline -0.008 -11"><span class='ocrx_word' id='word_1_185' title='bbox 2199 1540 2264 1592; x_wconf 76' lang='grc' dir='ltr'><strong>ἐκ</strong></span> <span class='ocrx_word' id='word_1_186' title='bbox 2291 1537 2383 1592; x_wconf 79' lang='grc' dir='ltr'><strong>τοῦ</strong></span> <span class='ocrx_word' id='word_1_187' title='bbox 2427 1537 2560 1590; x_wconf 83' lang='grc' dir='ltr'>Υἱοῦ</span> <span class='ocrx_word' id='word_1_188' title='bbox 2593 1537 2652 1589; x_wconf 84' lang='grc' dir='ltr'><strong>τὸ</strong></span> <span class='ocrx_word' id='word_1_189' title='bbox 2682 1537 2837 1602; x_wconf 73' lang='grc' dir='ltr'><strong>ἅγιον</strong></span> <span class='ocrx_word' id='word_1_190' title='bbox 2868 1532 3117 1603; x_wconf 77' lang='grc' dir='ltr'><strong>Πνεῦμα,</strong></span> <span class='ocrx_word' id='word_1_191' title='bbox 3151 1531 3179 1583; x_wconf 81' lang='grc' dir='ltr'>ὁ</span> <span class='ocrx_word' id='word_1_192' title='bbox 3204 1529 3260 1584; x_wconf 84' lang='grc' dir='ltr'><strong>δὲ</strong></span> <span class='ocrx_word' id='word_1_193' title='bbox 3292 1527 3600 1598; x_wconf 78' lang='grc' dir='ltr'><strong>ἀγιὼτατος</strong></span> <span class='ocrx_word' id='word_1_194' title='bbox 3635 1527 3789 1581; x_wconf 78' lang='grc' dir='ltr'><strong>πάπ-</strong></span> 
     </span>
    </p>
   </div>
   <div class='ocr_carea' id='block_1_30' title="bbox 2171 1620 3789 1693">
    <p class='ocr_par' dir='ltr' id='par_1_30' title="bbox 2171 1620 3789 1693">
     <span class='ocr_line' id='line_1_30' title="bbox 2171 1620 3789 1693; baseline -0.008 -10"><span class='ocrx_word' id='word_1_195' title='bbox 2171 1647 2310 1692; x_wconf 78' lang='grc' dir='ltr'><strong>·τιας</strong></span> <span class='ocrx_word' id='word_1_196' title='bbox 2349 1629 2652 1691; x_wconf 70' lang='grc' dir='ltr'><strong>Κάλλιστος</strong></span> <span class='ocrx_word' id='word_1_197' title='bbox 2681 1626 2830 1681; x_wconf 72' lang='grc' dir='ltr'><strong>τοῦτ’</strong></span> <span class='ocrx_word' id='word_1_198' title='bbox 2862 1625 2994 1678; x_wconf 74' lang='grc' dir='ltr'><strong>αὐτὸ</strong></span> <span class='ocrx_word' id='word_1_199' title='bbox 3027 1624 3292 1693; x_wconf 74' lang='grc' dir='ltr'><strong>ὲκφωνεῖν</strong></span> <span class='ocrx_word' id='word_1_200' title='bbox 3325 1620 3789 1693; x_wconf 84' lang='grc' dir='ltr'><strong>παρακελεύεται.</strong></span> 
     </span>
    </p>
   </div>
   <div class='ocr_carea' id='block_1_31' title="bbox 2200 1704 3791 1794">
    <p class='ocr_par' dir='ltr' id='par_1_31' title="bbox 2200 1704 3791 1794">
     <span class='ocr_line' id='line_1_31' title="bbox 2200 1704 3791 1794; baseline -0.008 -16"><span class='ocrx_word' id='word_1_201' title='bbox 2200 1725 2297 1788; x_wconf 88' lang='grc' dir='ltr'><strong>Τίς</strong></span> <span class='ocrx_word' id='word_1_202' title='bbox 2325 1717 2418 1777; x_wconf 83' lang='grc' dir='ltr'><strong>οὖν</strong></span> <span class='ocrx_word' id='word_1_203' title='bbox 2453 1725 2487 1794; x_wconf 79' lang='grc' dir='ltr'><strong>ἠ</strong></span> <span class='ocrx_word' id='word_1_204' title='bbox 2521 1722 2791 1792; x_wconf 71' lang='grc' dir='ltr'><strong>διαφορά;</strong></span> <span class='ocrx_word' id='word_1_205' title='bbox 2822 1721 2893 1773; x_wconf 87' lang='grc' dir='ltr'><em>Ἢ</em></span> <span class='ocrx_word' id='word_1_206' title='bbox 2917 1720 3033 1783; x_wconf 86' lang='grc' dir='ltr'><strong>πῶς</strong></span> <span class='ocrx_word' id='word_1_207' title='bbox 3063 1704 3408 1785; x_wconf 70' lang='grc' dir='ltr'><strong>ούκανάγκη</strong></span> <span class='ocrx_word' id='word_1_208' title='bbox 3435 1715 3726 1783; x_wconf 74' lang='grc' dir='ltr'><strong>ἑκφωνεῖν,</strong></span> <span class='ocrx_word' id='word_1_209' title='bbox 3761 1713 3791 1765; x_wconf 85' lang='grc' dir='ltr'><strong>ὃ</strong></span> 
     </span>
    </p>
   </div>
   <div class='ocr_carea' id='block_1_32' title="bbox 2197 1808 3792 1884">
    <p class='ocr_par' dir='ltr' id='par_1_32' title="bbox 2197 1808 3792 1884">
     <span class='ocr_line' id='line_1_32' title="bbox 2197 1808 3792 1884; baseline -0.009 -10"><span class='ocrx_word' id='word_1_210' title='bbox 2197 1836 2281 1882; x_wconf 88' lang='grc' dir='ltr'><strong>τις</strong></span> <span class='ocrx_word' id='word_1_211' title='bbox 2313 1808 2564 1872; x_wconf 76' lang='grc' dir='ltr'><strong>πιστεύει</strong></span> <span class='ocrx_word' id='word_1_212' title='bbox 2585 1834 2600 1884; x_wconf 87' lang='grc'><strong>;</strong></span> <span class='ocrx_word' id='word_1_213' title='bbox 2641 1815 2866 1884; x_wconf 78' lang='grc' dir='ltr'><strong>Καρδίᾳ</strong></span> <span class='ocrx_word' id='word_1_214' title='bbox 2895 1813 3008 1882; x_wconf 79' lang='grc' dir='ltr'><strong>μὲν</strong></span> <span class='ocrx_word' id='word_1_215' title='bbox 3039 1811 3172 1882; x_wconf 74' lang='grc' dir='ltr'><strong>γὰρ,</strong></span> <span class='ocrx_word' id='word_1_216' title='bbox 3213 1811 3348 1881; x_wconf 73' lang='grc' dir='ltr'><strong>φησὶ</strong></span> <span class='ocrx_word' id='word_1_217' title='bbox 3385 1808 3617 1872; x_wconf 75' lang='grc' dir='ltr'><strong>Παῦλος,</strong></span> <span class='ocrx_word' id='word_1_218' title='bbox 3641 1810 3668 1861; x_wconf 83' lang='grc' dir='ltr'>ὁ</span> <span class='ocrx_word' id='word_1_219' title='bbox 3706 1808 3792 1870; x_wconf 83' lang='grc' dir='ltr'><strong>εἰς</strong></span> 
     </span>
    </p>
   </div>
   <div class='ocr_carea' id='block_1_33' title="bbox 506 1883 2108 1982">
    <p class='ocr_par' dir='ltr' id='par_1_33' title="bbox 506 1883 2084 1976">
     <span class='ocr_line' id='line_1_33' title="bbox 506 1883 2084 1976; baseline -0.001 -16"><span class='ocrx_word' id='word_1_220' title='bbox 506 1883 838 1962; x_wconf 42' lang='lat' dir='ltr'><strong>voce—etiam</strong></span> <span class='ocrx_word' id='word_1_221' title='bbox 866 1906 1141 1976; x_wconf 80' lang='lat' dir='ltr'><strong>exprimat</strong></span> <span class='ocrx_word' id='word_1_222' title='bbox 1170 1904 1192 1958; x_wconf 86' lang='lat'><strong>?</strong></span> <span class='ocrx_word' id='word_1_223' title='bbox 1222 1903 1396 1958; x_wconf 83' lang='lat' dir='ltr'><strong>Corde</strong></span> <span class='ocrx_word' id='word_1_224' title='bbox 1425 1903 1586 1967; x_wconf 81' lang='lat' dir='ltr'><strong>enim,</strong></span> <span class='ocrx_word' id='word_1_225' title='bbox 1627 1904 1808 1973; x_wconf 89' lang='lat' dir='ltr'><strong>inquit</strong></span> <span class='ocrx_word' id='word_1_226' title='bbox 1859 1904 2084 1971; x_wconf 89' lang='lat' dir='ltr'><strong>Paulus,</strong></span> 
     </span>
    </p>
   </div>
   <div class='ocr_carea' id='block_1_34' title="bbox 2191 1883 3787 1982">
    <p class='ocr_par' dir='ltr' id='par_1_34' title="bbox 2191 1883 3787 1982">
     <span class='ocr_line' id='line_1_34' title="bbox 2191 1883 3787 1982; baseline -0.009 -16"><span class='ocrx_word' id='word_1_227' title='bbox 2191 1913 2373 1982; x_wconf 76' lang='grc' dir='ltr'><strong>τρίτον</strong></span> <span class='ocrx_word' id='word_1_228' title='bbox 2414 1911 2646 1981; x_wconf 83' lang='grc' dir='ltr'><strong>οὐρανὸν</strong></span> <span class='ocrx_word' id='word_1_229' title='bbox 2676 1909 2905 1972; x_wconf 76' lang='grc' dir='ltr'><strong>ἀναϐὰς,</strong></span> <span class='ocrx_word' id='word_1_230' title='bbox 2934 1909 2962 1960; x_wconf 87' lang='grc' dir='ltr'>ὁ</span> <span class='ocrx_word' id='word_1_231' title='bbox 2991 1906 3232 1967; x_wconf 86' lang='grc' dir='ltr'><strong>ἀκούσας</strong></span> <span class='ocrx_word' id='word_1_232' title='bbox 3273 1905 3492 1974; x_wconf 71' lang='grc' dir='ltr'><strong>ἄρρητα</strong></span> <span class='ocrx_word' id='word_1_233' title='bbox 3537 1903 3787 1972; x_wconf 82' lang='grc' dir='ltr'><strong>ῥήματα,</strong></span> 
     </span>
    </p>
   </div>
   <div class='ocr_carea' id='block_1_35' title="bbox 499 1995 2090 2066">
    <p class='ocr_par' dir='ltr' id='par_1_35' title="bbox 499 1995 2090 2066">
     <span class='ocr_line' id='line_1_35' title="bbox 499 1995 2090 2066; baseline 0 -16"><span class='ocrx_word' id='word_1_234' title='bbox 499 1997 596 2066; x_wconf 90' lang='lat' dir='ltr'><strong>qui</strong></span> <span class='ocrx_word' id='word_1_235' title='bbox 623 1996 679 2050; x_wconf 90' lang='lat' dir='ltr'><strong>in</strong></span> <span class='ocrx_word' id='word_1_236' title='bbox 716 1995 938 2051; x_wconf 89' lang='lat' dir='ltr'><strong>tertium</strong></span> <span class='ocrx_word' id='word_1_237' title='bbox 967 1995 1170 2050; x_wconf 72' lang='lat' dir='ltr'><strong>cmlum</strong></span> <span class='ocrx_word' id='word_1_238' title='bbox 1209 1995 1492 2061; x_wconf 85' lang='lat' dir='ltr'><strong>ascendit,</strong></span> <span class='ocrx_word' id='word_1_239' title='bbox 1522 1995 1617 2065; x_wconf 91' lang='lat' dir='ltr'><strong>qui</strong></span> <span class='ocrx_word' id='word_1_240' title='bbox 1651 1995 1829 2049; x_wconf 84' lang='lat' dir='ltr'><strong>audiit</strong></span> <span class='ocrx_word' id='word_1_241' title='bbox 1870 1995 2090 2052; x_wconf 81' lang='lat' dir='ltr'><strong>inenar-</strong></span> 
     </span>
    </p>
   </div>
   <div class='ocr_carea' id='block_1_36' title="bbox 501 2087 2089 2158">
    <p class='ocr_par' dir='ltr' id='par_1_36' title="bbox 501 2087 2089 2158">
     <span class='ocr_line' id='line_1_36' title="bbox 501 2087 2089 2158; baseline 0.001 -17"><span class='ocrx_word' id='word_1_242' title='bbox 501 2089 699 2143; x_wconf 85' lang='lat' dir='ltr'><strong>rabilia</strong></span> <span class='ocrx_word' id='word_1_243' title='bbox 724 2089 911 2156; x_wconf 87' lang='lat' dir='ltr'><strong>verba,</strong></span> <span class='ocrx_word' id='word_1_244' title='bbox 943 2102 1066 2158; x_wconf 72' lang='lat' dir='ltr'><strong>quae</strong></span> <span class='ocrx_word' id='word_1_245' title='bbox 1099 2102 1208 2142; x_wconf 90' lang='lat' dir='ltr'><strong>non</strong></span> <span class='ocrx_word' id='word_1_246' title='bbox 1254 2087 1385 2142; x_wconf 86' lang='lat' dir='ltr'><strong>licet</strong></span> <span class='ocrx_word' id='word_1_247' title='bbox 1439 2089 1651 2143; x_wconf 85' lang='lat' dir='ltr'><strong>homini</strong></span> <span class='ocrx_word' id='word_1_248' title='bbox 1699 2087 1874 2157; x_wconf 79' lang='lat' dir='ltr'><strong>loqui,</strong></span> <span class='ocrx_word' id='word_1_249' title='bbox 1915 2099 2089 2142; x_wconf 81' lang='lat' dir='ltr'><strong>terra-</strong></span> 
     </span>
    </p>
   </div>
   <div class='ocr_carea' id='block_1_37' title="bbox 501 2179 2084 2251">
    <p class='ocr_par' dir='ltr' id='par_1_37' title="bbox 501 2179 2084 2251">
     <span class='ocr_line' id='line_1_37' title="bbox 501 2179 2084 2251; baseline 0.001 -17"><span class='ocrx_word' id='word_1_250' title='bbox 501 2196 622 2234; x_wconf 89' lang='lat' dir='ltr'><strong>rum</strong></span> <span class='ocrx_word' id='word_1_251' title='bbox 645 2179 796 2235; x_wconf 88' lang='lat' dir='ltr'><strong>orbis</strong></span> <span class='ocrx_word' id='word_1_252' title='bbox 825 2179 1109 2251; x_wconf 81' lang='lat' dir='ltr'><strong>magister,</strong></span> <span class='ocrx_word' id='word_1_253' title='bbox 1131 2179 1370 2250; x_wconf 85' lang='lat' dir='ltr'><strong>Spiritus</strong></span> <span class='ocrx_word' id='word_1_254' title='bbox 1395 2179 1626 2250; x_wconf 81' lang='lat' dir='ltr'><strong>gladius,</strong></span> <span class='ocrx_word' id='word_1_255' title='bbox 1647 2196 1742 2234; x_wconf 89' lang='lat' dir='ltr'><strong>vas</strong></span> <span class='ocrx_word' id='word_1_256' title='bbox 1763 2181 2084 2249; x_wconf 63' lang='lat' dir='ltr'><strong>electionis;</strong></span> 
     </span>
    </p>
   </div>
   <div class='ocr_carea' id='block_1_38' title="bbox 501 2271 2088 2344">
    <p class='ocr_par' dir='ltr' id='par_1_38' title="bbox 501 2271 2088 2344">
     <span class='ocr_line' id='line_1_38' title="bbox 501 2271 2088 2344; baseline -0.001 -16"><span class='ocrx_word' id='word_1_257' title='bbox 501 2271 696 2338; x_wconf 83' lang='lat' dir='ltr'><strong>Corde,</strong></span> <span class='ocrx_word' id='word_1_258' title='bbox 761 2273 976 2340; x_wconf 85' lang='lat' dir='ltr'><strong>inquit,</strong></span> <span class='ocrx_word' id='word_1_259' title='bbox 1007 2273 1246 2326; x_wconf 80' lang='lat' dir='ltr'><strong>creditur</strong></span> <span class='ocrx_word' id='word_1_260' title='bbox 1299 2273 1370 2326; x_wconf 79' lang='lat' dir='ltr'><strong>ad</strong></span> <span class='ocrx_word' id='word_1_261' title='bbox 1417 2273 1690 2344; x_wconf 75' lang='lat' dir='ltr'><strong>justitiam</strong></span> <span class='ocrx_word' id='word_1_262' title='bbox 1716 2315 1731 2339; x_wconf 93' lang='lat'><strong>,</strong></span> <span class='ocrx_word' id='word_1_263' title='bbox 1767 2288 1870 2326; x_wconf 70' lang='lat' dir='ltr'><strong>ore</strong></span> <span class='ocrx_word' id='word_1_264' title='bbox 1902 2284 2088 2327; x_wconf 80' lang='lat' dir='ltr'><strong>autem</strong></span> 
     </span>
    </p>
   </div>
   <div class='ocr_carea' id='block_1_39' title="bbox 499 2362 2087 2436">
    <p class='ocr_par' dir='ltr' id='par_1_39' title="bbox 499 2362 2087 2436">
     <span class='ocr_line' id='line_1_39' title="bbox 499 2362 2087 2436; baseline 0.002 -18"><span class='ocrx_word' id='word_1_265' title='bbox 499 2365 761 2436; x_wconf 74' lang='lat' dir='ltr'><strong>confessio</strong></span> <span class='ocrx_word' id='word_1_266' title='bbox 804 2363 867 2433; x_wconf 81' lang='lat' dir='ltr'><strong>ﬁt</strong></span> <span class='ocrx_word' id='word_1_267' title='bbox 915 2365 986 2419; x_wconf 84' lang='lat' dir='ltr'><strong>ad</strong></span> <span class='ocrx_word' id='word_1_268' title='bbox 1035 2364 1334 2420; x_wconf 74' lang='lat' dir='ltr'><strong>salutem‘.</strong></span> <span class='ocrx_word' id='word_1_269' title='bbox 1388 2363 1455 2420; x_wconf 84' lang='lat' dir='ltr'><strong>Et</strong></span> <span class='ocrx_word' id='word_1_270' title='bbox 1501 2362 1790 2432; x_wconf 85' lang='lat' dir='ltr'><strong>Christus,</strong></span> <span class='ocrx_word' id='word_1_271' title='bbox 1841 2380 1940 2421; x_wconf 77' lang='lat' dir='ltr'><strong>eos</strong></span> <span class='ocrx_word' id='word_1_272' title='bbox 1992 2366 2087 2436; x_wconf 88' lang='lat' dir='ltr'><strong>qui</strong></span> 
     </span>
    </p>
   </div>
   <div class='ocr_carea' id='block_1_40' title="bbox 500 2455 2087 2532">
    <p class='ocr_par' dir='ltr' id='par_1_40' title="bbox 500 2455 2087 2532">
     <span class='ocr_line' id='line_1_40' title="bbox 500 2455 2087 2532; baseline -0.001 -20"><span class='ocrx_word' id='word_1_273' title='bbox 500 2458 834 2514; x_wconf 87' lang='lat' dir='ltr'><strong>conﬁtentur</strong></span> <span class='ocrx_word' id='word_1_274' title='bbox 869 2456 1049 2527; x_wconf 85' lang='lat' dir='ltr'><strong>ipsum</strong></span> <span class='ocrx_word' id='word_1_275' title='bbox 1080 2470 1266 2511; x_wconf 90' lang='lat' dir='ltr'><strong>coram</strong></span> <span class='ocrx_word' id='word_1_276' title='bbox 1315 2455 1659 2523; x_wconf 87' lang='lat' dir='ltr'><strong>hominibus,</strong></span> <span class='ocrx_word' id='word_1_277' title='bbox 1703 2457 2087 2532; x_wconf 83' lang='lat' dir='ltr'><strong>confessurum</strong></span> 
     </span>
    </p>
   </div>
   <div class='ocr_carea' id='block_1_41' title="bbox 499 2547 2086 2618">
    <p class='ocr_par' dir='ltr' id='par_1_41' title="bbox 499 2547 2086 2618">
     <span class='ocr_line' id='line_1_41' title="bbox 499 2547 2086 2618; baseline 0.003 -16"><span class='ocrx_word' id='word_1_278' title='bbox 499 2565 560 2604; x_wconf 84' lang='lat' dir='ltr'><strong>se</strong></span> <span class='ocrx_word' id='word_1_279' title='bbox 585 2564 771 2604; x_wconf 83' lang='lat' dir='ltr'><strong>coram</strong></span> <span class='ocrx_word' id='word_1_280' title='bbox 799 2548 960 2603; x_wconf 84' lang='lat' dir='ltr'><strong>Patre</strong></span> <span class='ocrx_word' id='word_1_281' title='bbox 991 2548 1286 2618; x_wconf 86' lang='lat' dir='ltr'><strong>promittit.</strong></span> <span class='ocrx_word' id='word_1_282' title='bbox 1308 2547 1401 2605; x_wconf 85' lang='lat' dir='ltr'><strong>Est</strong></span> <span class='ocrx_word' id='word_1_283' title='bbox 1421 2565 1554 2605; x_wconf 89' lang='lat' dir='ltr'><strong>vero</strong></span> <span class='ocrx_word' id='word_1_284' title='bbox 1576 2552 1785 2606; x_wconf 88' lang='lat' dir='ltr'><strong>veritas</strong></span> <span class='ocrx_word' id='word_1_285' title='bbox 1809 2549 2086 2607; x_wconf 85' lang='lat' dir='ltr'><strong>Christus.</strong></span> 
     </span>
    </p>
   </div>
   <div class='ocr_carea' id='block_1_42' title="bbox 499 2641 2088 2713">
    <p class='ocr_par' dir='ltr' id='par_1_42' title="bbox 499 2641 2088 2713">
     <span class='ocr_line' id='line_1_42' title="bbox 499 2641 2088 2713; baseline 0.003 -17"><span class='ocrx_word' id='word_1_286' title='bbox 499 2643 604 2708; x_wconf 81' lang='lat' dir='ltr'><strong>Qui</strong></span> <span class='ocrx_word' id='word_1_287' title='bbox 666 2641 834 2713; x_wconf 85' lang='lat' dir='ltr'><strong>igitur</strong></span> <span class='ocrx_word' id='word_1_288' title='bbox 880 2642 1171 2697; x_wconf 79' lang='lat' dir='ltr'><strong>veritatem</strong></span> <span class='ocrx_word' id='word_1_289' title='bbox 1224 2657 1333 2697; x_wconf 88' lang='lat' dir='ltr'><strong>non</strong></span> <span class='ocrx_word' id='word_1_290' title='bbox 1367 2641 1665 2699; x_wconf 87' lang='lat' dir='ltr'><strong>conﬁtetur</strong></span> <span class='ocrx_word' id='word_1_291' title='bbox 1710 2643 1767 2699; x_wconf 92' lang='lat' dir='ltr'><strong>in</strong></span> <span class='ocrx_word' id='word_1_292' title='bbox 1803 2645 2088 2712; x_wconf 87' lang='lat' dir='ltr'><strong>omnibus,</strong></span> 
     </span>
    </p>
   </div>
   <div class='ocr_carea' id='block_1_43' title="bbox 501 2733 2088 2808">
    <p class='ocr_par' dir='ltr' id='par_1_43' title="bbox 501 2733 2088 2808">
     <span class='ocr_line' id='line_1_43' title="bbox 501 2733 2088 2808; baseline 0.004 -20"><span class='ocrx_word' id='word_1_293' title='bbox 501 2733 597 2790; x_wconf 74' lang='lat' dir='ltr'><strong>sed</strong></span> <span class='ocrx_word' id='word_1_294' title='bbox 633 2735 984 2804; x_wconf 89' lang='lat' dir='ltr'><strong>potissimum</strong></span> <span class='ocrx_word' id='word_1_295' title='bbox 1015 2734 1068 2788; x_wconf 89' lang='lat' dir='ltr'><strong>in</strong></span> <span class='ocrx_word' id='word_1_296' title='bbox 1105 2733 1369 2790; x_wconf 83' lang='lat' dir='ltr'><strong>Ecclesiae</strong></span> <span class='ocrx_word' id='word_1_297' title='bbox 1394 2735 1766 2808; x_wconf 78' lang='lat' dir='ltr'><strong>dogmatibus,</strong></span> <span class='ocrx_word' id='word_1_298' title='bbox 1793 2739 2088 2795; x_wconf 80' lang='lat' dir='ltr'><strong>Christum</strong></span> 
     </span>
    </p>
   </div>
   <div class='ocr_carea' id='block_1_44' title="bbox 503 2825 2092 2896">
    <p class='ocr_par' dir='ltr' id='par_1_44' title="bbox 503 2825 2092 2896">
     <span class='ocr_line' id='line_1_44' title="bbox 503 2825 2092 2896; baseline 0.006 -18"><span class='ocrx_word' id='word_1_299' title='bbox 503 2829 682 2896; x_wconf 86' lang='lat' dir='ltr'><strong>ipsum</strong></span> <span class='ocrx_word' id='word_1_300' title='bbox 737 2841 849 2880; x_wconf 87' lang='lat' dir='ltr'><strong>non</strong></span> <span class='ocrx_word' id='word_1_301' title='bbox 906 2826 1238 2894; x_wconf 86' lang='lat' dir='ltr'><strong>conﬁtetur;</strong></span> <span class='ocrx_word' id='word_1_302' title='bbox 1275 2825 1370 2896; x_wconf 92' lang='lat' dir='ltr'><strong>qui</strong></span> <span class='ocrx_word' id='word_1_303' title='bbox 1423 2838 1608 2884; x_wconf 88' lang='lat' dir='ltr'><strong>autem</strong></span> <span class='ocrx_word' id='word_1_304' title='bbox 1655 2828 1939 2887; x_wconf 87' lang='lat' dir='ltr'><strong>Christum</strong></span> <span class='ocrx_word' id='word_1_305' title='bbox 1977 2849 2092 2887; x_wconf 84' lang='lat' dir='ltr'><strong>non</strong></span> 
     </span>
    </p>
   </div>
   <div class='ocr_carea' id='block_1_45' title="bbox 499 2916 2090 2990">
    <p class='ocr_par' dir='ltr' id='par_1_45' title="bbox 499 2916 2090 2990">
     <span class='ocr_line' id='line_1_45' title="bbox 499 2916 2090 2990; baseline 0.002 -18"><span class='ocrx_word' id='word_1_306' title='bbox 499 2918 827 2984; x_wconf 79' lang='lat' dir='ltr'><strong>conﬁtetur,</strong></span> <span class='ocrx_word' id='word_1_307' title='bbox 861 2916 1146 2973; x_wconf 83' lang='lat' dir='ltr'><strong>Christum</strong></span> <span class='ocrx_word' id='word_1_308' title='bbox 1199 2931 1501 2988; x_wconf 78' lang='lat' dir='ltr'><strong>pernegat;</strong></span> <span class='ocrx_word' id='word_1_309' title='bbox 1562 2927 1621 2974; x_wconf 85' lang='lat' dir='ltr'><strong>et</strong></span> <span class='ocrx_word' id='word_1_310' title='bbox 1671 2921 1765 2990; x_wconf 89' lang='lat' dir='ltr'><strong>qui</strong></span> <span class='ocrx_word' id='word_1_311' title='bbox 1809 2921 2090 2978; x_wconf 86' lang='lat' dir='ltr'><strong>Christum</strong></span> 
     </span>
    </p>
   </div>
   <div class='ocr_carea' id='block_1_46' title="bbox 501 3009 2092 3085">
    <p class='ocr_par' dir='ltr' id='par_1_46' title="bbox 501 3009 2092 3085">
     <span class='ocr_line' id='line_1_46' title="bbox 501 3009 2092 3085; baseline 0.004 -22"><span class='ocrx_word' id='word_1_312' title='bbox 501 3019 786 3080; x_wconf 77' lang='lat' dir='ltr'><strong>pernegat,</strong></span> <span class='ocrx_word' id='word_1_313' title='bbox 810 3024 1040 3080; x_wconf 80' lang='lat' dir='ltr'><strong>regnum</strong></span> <span class='ocrx_word' id='word_1_314' title='bbox 1071 3009 1341 3064; x_wconf 70' lang='lat' dir='ltr'><strong>cmlorum</strong></span> <span class='ocrx_word' id='word_1_315' title='bbox 1370 3025 1478 3064; x_wconf 90' lang='lat' dir='ltr'><strong>non</strong></span> <span class='ocrx_word' id='word_1_316' title='bbox 1503 3010 1797 3068; x_wconf 89' lang='lat' dir='ltr'><strong>obtinebit.</strong></span> <span class='ocrx_word' id='word_1_317' title='bbox 1833 3015 2092 3085; x_wconf 70' lang='lat' dir='ltr'><strong>Propter-</strong></span> 
     </span>
    </p>
   </div>
   <div class='ocr_carea' id='block_1_47' title="bbox 501 3101 2094 3172">
    <p class='ocr_par' dir='ltr' id='par_1_47' title="bbox 501 3101 2094 3172">
     <span class='ocr_line' id='line_1_47' title="bbox 501 3101 2094 3172; baseline 0.004 -16"><span class='ocrx_word' id='word_1_318' title='bbox 501 3117 568 3156; x_wconf 89' lang='lat' dir='ltr'><strong>ea</strong></span> <span class='ocrx_word' id='word_1_319' title='bbox 620 3101 904 3156; x_wconf 85' lang='lat' dir='ltr'><strong>sucvimus</strong></span> <span class='ocrx_word' id='word_1_320' title='bbox 959 3116 1176 3169; x_wconf 87' lang='lat' dir='ltr'><strong>omnes,</strong></span> <span class='ocrx_word' id='word_1_321' title='bbox 1206 3103 1558 3172; x_wconf 29' lang='lat' dir='ltr'><strong>cumg&#39;ipsum</strong></span> <span class='ocrx_word' id='word_1_322' title='bbox 1608 3103 1892 3162; x_wconf 87' lang='lat' dir='ltr'><strong>Christum</strong></span> <span class='ocrx_word' id='word_1_323' title='bbox 1940 3109 2094 3164; x_wconf 79' lang='lat' dir='ltr'><strong>inter</strong></span> 
     </span>
    </p>
   </div>
   <div class='ocr_carea' id='block_1_48' title="bbox 501 3194 2093 3268">
    <p class='ocr_par' dir='ltr' id='par_1_48' title="bbox 501 3194 2093 3268">
     <span class='ocr_line' id='line_1_48' title="bbox 501 3194 2093 3268; baseline 0.004 -20"><span class='ocrx_word' id='word_1_324' title='bbox 501 3195 689 3249; x_wconf 82' lang='lat' dir='ltr'><strong>divina</strong></span> <span class='ocrx_word' id='word_1_325' title='bbox 729 3195 1022 3249; x_wconf 88' lang='lat' dir='ltr'><strong>missarum</strong></span> <span class='ocrx_word' id='word_1_326' title='bbox 1081 3194 1372 3261; x_wconf 87' lang='lat' dir='ltr'><strong>solemnia,</strong></span> <span class='ocrx_word' id='word_1_327' title='bbox 1417 3206 1476 3251; x_wconf 92' lang='lat' dir='ltr'><strong>et</strong></span> <span class='ocrx_word' id='word_1_328' title='bbox 1518 3198 1774 3268; x_wconf 85' lang='lat' dir='ltr'><strong>mysteria</strong></span> <span class='ocrx_word' id='word_1_329' title='bbox 1817 3199 2093 3265; x_wconf 85' lang='lat' dir='ltr'><strong>videmus,</strong></span> 
     </span>
    </p>
   </div>
   <div class='ocr_carea' id='block_1_49' title="bbox 439 3285 2090 3360">
    <p class='ocr_par' dir='ltr' id='par_1_49' title="bbox 439 3285 2090 3360">
     <span class='ocr_line' id='line_1_49' title="bbox 439 3285 2090 3360; baseline 0.004 -20"><span class='ocrx_word' id='word_1_330' title='bbox 439 3327 442 3330; x_wconf 72' lang='lat'><strong>.</strong></span> <span class='ocrx_word' id='word_1_331' title='bbox 504 3302 615 3341; x_wconf 86' lang='lat' dir='ltr'><strong>non</strong></span> <span class='ocrx_word' id='word_1_332' title='bbox 677 3286 893 3354; x_wconf 83' lang='lat' dir='ltr'><strong>Credo,</strong></span> <span class='ocrx_word' id='word_1_333' title='bbox 950 3285 1202 3355; x_wconf 85' lang='lat' dir='ltr'><strong>Domine,</strong></span> <span class='ocrx_word' id='word_1_334' title='bbox 1259 3287 1437 3342; x_wconf 88' lang='lat' dir='ltr'><strong>solum</strong></span> <span class='ocrx_word' id='word_1_335' title='bbox 1470 3289 1680 3357; x_wconf 89' lang='lat' dir='ltr'><strong>dicere,</strong></span> <span class='ocrx_word' id='word_1_336' title='bbox 1736 3290 1862 3356; x_wconf 88' lang='lat' dir='ltr'><strong>sed,</strong></span> <span class='ocrx_word' id='word_1_337' title='bbox 1895 3293 2090 3360; x_wconf 83' lang='lat' dir='ltr'><strong>Credo,</strong></span> 
     </span>
    </p>
   </div>
   <div class='ocr_carea' id='block_1_50' title="bbox 505 3379 2091 3457">
    <p class='ocr_par' dir='ltr' id='par_1_50' title="bbox 505 3379 2091 3457">
     <span class='ocr_line' id='line_1_50' title="bbox 505 3379 2091 3457; baseline 0.006 -24"><span class='ocrx_word' id='word_1_338' title='bbox 505 3381 760 3444; x_wconf 82' lang='lat' dir='ltr'><strong>Domine,</strong></span> <span class='ocrx_word' id='word_1_339' title='bbox 820 3389 870 3434; x_wconf 89' lang='lat' dir='ltr'><strong>et</strong></span> <span class='ocrx_word' id='word_1_340' title='bbox 926 3379 1206 3449; x_wconf 80' lang='lat' dir='ltr'><strong>conﬁteor.</strong></span> <span class='ocrx_word' id='word_1_341' title='bbox 1274 3379 1440 3436; x_wconf 87' lang='lat' dir='ltr'><strong>Fides</strong></span> <span class='ocrx_word' id='word_1_342' title='bbox 1492 3383 1664 3450; x_wconf 89' lang='lat' dir='ltr'><strong>enim,</strong></span> <span class='ocrx_word' id='word_1_343' title='bbox 1730 3399 1893 3454; x_wconf 92' lang='lat' dir='ltr'><strong>quam</strong></span> <span class='ocrx_word' id='word_1_344' title='bbox 1965 3389 2091 3457; x_wconf 85' lang='lat' dir='ltr'><strong>qui-</strong></span> 
     </span>
    </p>
   </div>
   <div class='ocr_carea' id='block_1_51' title="bbox 503 3473 2090 3552">
    <p class='ocr_par' dir='ltr' id='par_1_51' title="bbox 503 3473 2090 3552">
     <span class='ocr_line' id='line_1_51' title="bbox 503 3473 2090 3552; baseline 0.006 -24"><span class='ocrx_word' id='word_1_345' title='bbox 503 3475 678 3544; x_wconf 85' lang='lat' dir='ltr'><strong>spiam</strong></span> <span class='ocrx_word' id='word_1_346' title='bbox 731 3488 842 3529; x_wconf 90' lang='lat' dir='ltr'><strong>non</strong></span> <span class='ocrx_word' id='word_1_347' title='bbox 903 3473 1224 3542; x_wconf 89' lang='lat' dir='ltr'><strong>conﬁtetur,</strong></span> <span class='ocrx_word' id='word_1_348' title='bbox 1281 3474 1418 3530; x_wconf 89' lang='lat' dir='ltr'><strong>ﬁdes</strong></span> <span class='ocrx_word' id='word_1_349' title='bbox 1457 3491 1568 3532; x_wconf 92' lang='lat' dir='ltr'><strong>non</strong></span> <span class='ocrx_word' id='word_1_350' title='bbox 1617 3487 1722 3546; x_wconf 82' lang='lat' dir='ltr'><strong>est,</strong></span> <span class='ocrx_word' id='word_1_351' title='bbox 1757 3479 1851 3534; x_wconf 91' lang='lat' dir='ltr'><strong>sed</strong></span> <span class='ocrx_word' id='word_1_352' title='bbox 1887 3483 2090 3552; x_wconf 87' lang='lat' dir='ltr'><strong>aptius,</strong></span> 
     </span>
    </p>
   </div>
   <div class='ocr_carea' id='block_1_52' title="bbox 503 3566 2090 3650">
    <p class='ocr_par' dir='ltr' id='par_1_52' title="bbox 503 3566 2090 3650">
     <span class='ocr_line' id='line_1_52' title="bbox 503 3566 2090 3650; baseline 0.006 -29"><span class='ocrx_word' id='word_1_353' title='bbox 503 3569 707 3622; x_wconf 81' lang='lat' dir='ltr'><strong>dixerit</strong></span> <span class='ocrx_word' id='word_1_354' title='bbox 760 3567 926 3634; x_wconf 86' lang='lat' dir='ltr'><strong>alius,</strong></span> <span class='ocrx_word' id='word_1_355' title='bbox 989 3566 1163 3633; x_wconf 80' lang='lat' dir='ltr'><strong>fraus,</strong></span> <span class='ocrx_word' id='word_1_356' title='bbox 1215 3567 1374 3638; x_wconf 87' lang='lat' dir='ltr'><strong>prius</strong></span> <span class='ocrx_word' id='word_1_357' title='bbox 1411 3568 1467 3623; x_wconf 88' lang='lat' dir='ltr'><strong>in</strong></span> <span class='ocrx_word' id='word_1_358' title='bbox 1519 3584 1577 3625; x_wconf 91' lang='lat' dir='ltr'><strong>se</strong></span> <span class='ocrx_word' id='word_1_359' title='bbox 1630 3575 2090 3650; x_wconf 31' lang='lat' dir='ltr'><strong>errorc‘hausto,</strong></span> 
     </span>
    </p>
   </div>
   <div class='ocr_carea' id='block_1_53' title="bbox 504 3657 2084 3733">
    <p class='ocr_par' dir='ltr' id='par_1_53' title="bbox 504 3657 2084 3733">
     <span class='ocr_line' id='line_1_53' title="bbox 504 3657 2084 3733; baseline 0.003 -19"><span class='ocrx_word' id='word_1_360' title='bbox 504 3662 642 3715; x_wconf 89' lang='lat' dir='ltr'><strong>alios</strong></span> <span class='ocrx_word' id='word_1_361' title='bbox 672 3661 728 3716; x_wconf 92' lang='lat' dir='ltr'><strong>in</strong></span> <span class='ocrx_word' id='word_1_362' title='bbox 745 3673 990 3715; x_wconf 89' lang='lat' dir='ltr'><strong>errorem</strong></span> <span class='ocrx_word' id='word_1_363' title='bbox 1039 3657 1340 3730; x_wconf 71' lang='lat' dir='ltr'><strong>adducens.</strong></span> <span class='ocrx_word' id='word_1_364' title='bbox 1375 3657 1514 3715; x_wconf 90' lang='lat' dir='ltr'><strong>llinc</strong></span> <span class='ocrx_word' id='word_1_365' title='bbox 1550 3661 1684 3717; x_wconf 89' lang='lat' dir='ltr'><strong>satis</strong></span> <span class='ocrx_word' id='word_1_366' title='bbox 1725 3672 1898 3733; x_wconf 89' lang='lat' dir='ltr'><strong>patet,</strong></span> <span class='ocrx_word' id='word_1_367' title='bbox 1932 3679 2084 3731; x_wconf 89' lang='lat' dir='ltr'><strong>eum,</strong></span> 
     </span>
    </p>
   </div>
   <div class='ocr_carea' id='block_1_54' title="bbox 501 3752 2088 3826">
    <p class='ocr_par' dir='ltr' id='par_1_54' title="bbox 501 3752 2088 3826">
     <span class='ocr_line' id='line_1_54' title="bbox 501 3752 2088 3826; baseline 0.002 -18"><span class='ocrx_word' id='word_1_368' title='bbox 501 3753 598 3825; x_wconf 87' lang='lat' dir='ltr'><strong>qui</strong></span> <span class='ocrx_word' id='word_1_369' title='bbox 649 3752 818 3810; x_wconf 78' lang='lat' dir='ltr'><strong>corde</strong></span> <span class='ocrx_word' id='word_1_370' title='bbox 859 3752 1058 3819; x_wconf 89' lang='lat' dir='ltr'><strong>credit,</strong></span> <span class='ocrx_word' id='word_1_371' title='bbox 1113 3761 1172 3807; x_wconf 91' lang='lat' dir='ltr'><strong>et</strong></span> <span class='ocrx_word' id='word_1_372' title='bbox 1213 3766 1312 3807; x_wconf 91' lang='lat' dir='ltr'><strong>ore</strong></span> <span class='ocrx_word' id='word_1_373' title='bbox 1359 3766 1470 3806; x_wconf 89' lang='lat' dir='ltr'><strong>non</strong></span> <span class='ocrx_word' id='word_1_374' title='bbox 1509 3753 1808 3810; x_wconf 87' lang='lat' dir='ltr'><strong>conﬁtetur</strong></span> <span class='ocrx_word' id='word_1_375' title='bbox 1836 3754 1889 3810; x_wconf 89' lang='lat' dir='ltr'><strong>id</strong></span> <span class='ocrx_word' id='word_1_376' title='bbox 1937 3756 2088 3826; x_wconf 91' lang='lat' dir='ltr'><strong>quod</strong></span> 
     </span>
    </p>
   </div>
   <div class='ocr_carea' id='block_1_55' title="bbox 503 3846 2090 3919">
    <p class='ocr_par' dir='ltr' id='par_1_55' title="bbox 503 3846 2090 3919">
     <span class='ocr_line' id='line_1_55' title="bbox 503 3846 2090 3919; baseline 0.002 -16"><span class='ocrx_word' id='word_1_377' title='bbox 503 3850 702 3913; x_wconf 82' lang='lat' dir='ltr'><strong>credit,</strong></span> <span class='ocrx_word' id='word_1_378' title='bbox 760 3861 1045 3917; x_wconf 87' lang='lat' dir='ltr'><strong>nunquam</strong></span> <span class='ocrx_word' id='word_1_379' title='bbox 1100 3846 1335 3901; x_wconf 90' lang='lat' dir='ltr'><strong>salutem</strong></span> <span class='ocrx_word' id='word_1_380' title='bbox 1395 3858 1877 3916; x_wconf 83' lang='lat' dir='ltr'><strong>consecuturum,</strong></span> <span class='ocrx_word' id='word_1_381' title='bbox 1929 3850 2090 3919; x_wconf 87' lang='lat' dir='ltr'><strong>cujus</strong></span> 
     </span>
    </p>
   </div>
   <div class='ocr_carea' id='block_1_56' title="bbox 504 3936 2086 4008">
    <p class='ocr_par' dir='ltr' id='par_1_56' title="bbox 504 3936 2086 4008">
     <span class='ocr_line' id='line_1_56' title="bbox 504 3936 2086 4008; baseline 0.003 -14"><span class='ocrx_word' id='word_1_382' title='bbox 504 3941 750 3996; x_wconf 75' lang='lat' dir='ltr'><strong>hreredes</strong></span> <span class='ocrx_word' id='word_1_383' title='bbox 788 3955 890 3996; x_wconf 92' lang='lat' dir='ltr'><strong>nos</strong></span> <span class='ocrx_word' id='word_1_384' title='bbox 916 3954 1040 3995; x_wconf 88' lang='lat' dir='ltr'><strong>esse</strong></span> <span class='ocrx_word' id='word_1_385' title='bbox 1080 3938 1174 3994; x_wconf 83' lang='lat' dir='ltr'><strong>ﬁat</strong></span> <span class='ocrx_word' id='word_1_386' title='bbox 1215 3936 1391 4008; x_wconf 81' lang='lat' dir='ltr'><strong>gratia</strong></span> <span class='ocrx_word' id='word_1_387' title='bbox 1447 3938 1665 3994; x_wconf 90' lang='lat' dir='ltr'><strong>Domini</strong></span> <span class='ocrx_word' id='word_1_388' title='bbox 1717 3941 1891 3998; x_wconf 88' lang='lat' dir='ltr'><strong>nostri</strong></span> <span class='ocrx_word' id='word_1_389' title='bbox 1955 3942 2086 3999; x_wconf 85' lang='lat' dir='ltr'><strong>Jesu</strong></span> 
     </span>
    </p>
   </div>
   <div class='ocr_carea' id='block_1_57' title="bbox 503 4032 948 4089">
    <p class='ocr_par' dir='ltr' id='par_1_57' title="bbox 503 4032 948 4089">
     <span class='ocr_line' id='line_1_57' title="bbox 503 4032 948 4089; baseline 0.004 -4"><span class='ocrx_word' id='word_1_390' title='bbox 503 4032 726 4089; x_wconf 86' lang='lat' dir='ltr'><strong>Christi.</strong></span> <span class='ocrx_word' id='word_1_391' title='bbox 755 4034 948 4088; x_wconf 80' lang='lat' dir='ltr'><strong>Amen.</strong></span> 
     </span>
    </p>
   </div>
   <div class='ocr_carea' id='block_1_58' title="bbox 584 4148 1013 4217">
    <p class='ocr_par' dir='ltr' id='par_1_58' title="bbox 584 4148 1013 4217">
     <span class='ocr_line' id='line_1_58' title="bbox 584 4148 1013 4217; baseline 0.002 -14"><span class='ocrx_word' id='word_1_392' title='bbox 584 4153 597 4182; x_wconf 80' lang='grc'>³</span> <span class='ocrx_word' id='word_1_393' title='bbox 636 4151 794 4206; x_wconf 80' lang='lat' dir='ltr'><strong>ltom.</strong></span> <span class='ocrx_word' id='word_1_394' title='bbox 829 4165 888 4217; x_wconf 76' lang='grc' dir='ltr'><strong>ι,</strong></span> <span class='ocrx_word' id='word_1_395' title='bbox 925 4148 1013 4204; x_wconf 80' lang='grc'><strong>10.</strong></span> 
     </span>
    </p>
   </div>
   <div class='ocr_carea' id='block_1_59' title="bbox 2189 1995 3787 2069">
    <p class='ocr_par' dir='ltr' id='par_1_59' title="bbox 2189 1995 3787 2069">
     <span class='ocr_line' id='line_1_59' title="bbox 2189 1995 3787 2069; baseline -0.007 -12"><span class='ocrx_word' id='word_1_396' title='bbox 2189 2003 2226 2057; x_wconf 78' lang='grc' dir='ltr'>ἃ</span> <span class='ocrx_word' id='word_1_397' title='bbox 2257 2003 2359 2056; x_wconf 82' lang='grc' dir='ltr'><strong>οὐκ</strong></span> <span class='ocrx_word' id='word_1_398' title='bbox 2389 2001 2513 2066; x_wconf 75' lang='grc' dir='ltr'><strong>ἐξὸν</strong></span> <span class='ocrx_word' id='word_1_399' title='bbox 2547 1999 2828 2069; x_wconf 80' lang='grc' dir='ltr'>ἀνθρώπῳ</span> <span class='ocrx_word' id='word_1_400' title='bbox 2867 1997 3124 2068; x_wconf 80' lang='grc' dir='ltr'><strong>λαλῆσαι,</strong></span> <span class='ocrx_word' id='word_1_401' title='bbox 3151 1998 3179 2050; x_wconf 85' lang='grc' dir='ltr'><strong>ό</strong></span> <span class='ocrx_word' id='word_1_402' title='bbox 3211 1996 3312 2062; x_wconf 79' lang='grc' dir='ltr'><strong>τῆς</strong></span> <span class='ocrx_word' id='word_1_403' title='bbox 3342 1996 3672 2065; x_wconf 76' lang='grc' dir='ltr'><strong>οἰκουμένης</strong></span> <span class='ocrx_word' id='word_1_404' title='bbox 3702 1995 3787 2047; x_wconf 73' lang='grc' dir='ltr'><strong>δι-</strong></span> 
     </span>
    </p>
   </div>
   <div class='ocr_carea' id='block_1_60' title="bbox 2189 2087 3781 2164">
    <p class='ocr_par' dir='ltr' id='par_1_60' title="bbox 2189 2087 3781 2164">
     <span class='ocr_line' id='line_1_60' title="bbox 2189 2087 3781 2164; baseline -0.007 -12"><span class='ocrx_word' id='word_1_405' title='bbox 2189 2095 2482 2158; x_wconf 70' lang='grc' dir='ltr'><strong>δάσκαλος,</strong></span> <span class='ocrx_word' id='word_1_406' title='bbox 2504 2096 2546 2164; x_wconf 60' lang='grc' dir='ltr'><strong>’ἡ</strong></span> <span class='ocrx_word' id='word_1_407' title='bbox 2579 2092 2674 2146; x_wconf 80' lang='grc' dir='ltr'><strong>τοῦ</strong></span> <span class='ocrx_word' id='word_1_408' title='bbox 2709 2091 3030 2161; x_wconf 88' lang='grc' dir='ltr'><strong>Πνεύματος</strong></span> <span class='ocrx_word' id='word_1_409' title='bbox 3057 2091 3324 2161; x_wconf 80' lang='grc' dir='ltr'><strong>μάχαιρα,</strong></span> <span class='ocrx_word' id='word_1_410' title='bbox 3354 2089 3412 2142; x_wconf 84' lang='grc' dir='ltr'><strong>τὸ</strong></span> <span class='ocrx_word' id='word_1_411' title='bbox 3449 2087 3644 2148; x_wconf 81' lang='grc' dir='ltr'><strong>σκεῦος</strong></span> <span class='ocrx_word' id='word_1_412' title='bbox 3677 2089 3781 2156; x_wconf 75' lang='grc' dir='ltr'><strong>τῆς</strong></span> 
     </span>
    </p>
   </div>
   <div class='ocr_carea' id='block_1_61' title="bbox 2190 2181 3778 2258">
    <p class='ocr_par' dir='ltr' id='par_1_61' title="bbox 2190 2181 3778 2258">
     <span class='ocr_line' id='line_1_61' title="bbox 2190 2181 3778 2258; baseline -0.006 -14"><span class='ocrx_word' id='word_1_413' title='bbox 2190 2185 2727 2258; x_wconf 70' lang='grc' dir='ltr'><strong>ἐκλογῆς,·Καρὸἰᾳ,</strong></span> <span class='ocrx_word' id='word_1_414' title='bbox 2759 2184 2914 2255; x_wconf 70' lang='grc' dir='ltr'><strong>φησι,</strong></span> <span class='ocrx_word' id='word_1_415' title='bbox 2955 2184 3306 2238; x_wconf 79' lang='grc' dir='ltr'><strong>πιστεύεται</strong></span> <span class='ocrx_word' id='word_1_416' title='bbox 3341 2184 3436 2248; x_wconf 78' lang='grc' dir='ltr'><strong>είς</strong></span> <span class='ocrx_word' id='word_1_417' title='bbox 3467 2181 3778 2235; x_wconf 81' lang='grc' dir='ltr'><strong>δικαιοσύ-</strong></span> 
     </span>
    </p>
   </div>
   <div class='ocr_carea' id='block_1_62' title="bbox 2189 2272 3782 2351">
    <p class='ocr_par' dir='ltr' id='par_1_62' title="bbox 2189 2272 3782 2351">
     <span class='ocr_line' id='line_1_62' title="bbox 2189 2272 3782 2351; baseline -0.008 -14"><span class='ocrx_word' id='word_1_418' title='bbox 2189 2299 2329 2351; x_wconf 83' lang='grc' dir='ltr'><strong>νην,</strong></span> <span class='ocrx_word' id='word_1_419' title='bbox 2360 2281 2614 2350; x_wconf 78' lang='grc' dir='ltr'><strong>στόματι</strong></span> <span class='ocrx_word' id='word_1_420' title='bbox 2647 2278 2716 2332; x_wconf 87' lang='grc' dir='ltr'><strong>δὲ</strong></span> <span class='ocrx_word' id='word_1_421' title='bbox 2748 2276 3125 2346; x_wconf 71' lang='grc' dir='ltr'><strong>ὁμολογεῖται</strong></span> <span class='ocrx_word' id='word_1_422' title='bbox 3141 2278 3242 2342; x_wconf 67' lang='grc' dir='ltr'><strong>εις</strong></span> <span class='ocrx_word' id='word_1_423' title='bbox 3261 2277 3600 2341; x_wconf 75' lang='grc' dir='ltr'><strong>σωτηρίαν.</strong></span> <span class='ocrx_word' id='word_1_424' title='bbox 3637 2274 3696 2326; x_wconf 91' lang='lat'><strong>&#39;0</strong></span> <span class='ocrx_word' id='word_1_425' title='bbox 3726 2272 3782 2324; x_wconf 77' lang='grc' dir='ltr'><strong>δὲ</strong></span> 
     </span>
    </p>
   </div>
   <div class='ocr_carea' id='block_1_63' title="bbox 2191 2366 3781 2446">
    <p class='ocr_par' dir='ltr' id='par_1_63' title="bbox 2191 2366 3781 2446">
     <span class='ocr_line' id='line_1_63' title="bbox 2191 2366 3781 2446; baseline -0.008 -16"><span class='ocrx_word' id='word_1_426' title='bbox 2191 2375 2432 2446; x_wconf 59' lang='grc' dir='ltr'><strong>Χριστὸς</strong></span> <span class='ocrx_word' id='word_1_427' title='bbox 2475 2373 2602 2436; x_wconf 83' lang='grc' dir='ltr'><strong>τοὺς</strong></span> <span class='ocrx_word' id='word_1_428' title='bbox 2633 2369 3037 2440; x_wconf 73' lang='grc' dir='ltr'><strong>ὁμολογοῦντας</strong></span> <span class='ocrx_word' id='word_1_429' title='bbox 3065 2368 3378 2439; x_wconf 73' lang='grc' dir='ltr'><strong>ἔμπροσθεν</strong></span> <span class='ocrx_word' id='word_1_430' title='bbox 3411 2367 3522 2421; x_wconf 82' lang='grc' dir='ltr'><strong>τῶν</strong></span> <span class='ocrx_word' id='word_1_431' title='bbox 3564 2366 3781 2434; x_wconf 77' lang='grc' dir='ltr'><strong>ἀνθρώ-</strong></span> 
     </span>
    </p>
   </div>
   <div class='ocr_carea' id='block_1_64' title="bbox 2194 2459 3782 2534">
    <p class='ocr_par' dir='ltr' id='par_1_64' title="bbox 2194 2459 3782 2534">
     <span class='ocr_line' id='line_1_64' title="bbox 2194 2459 3782 2534; baseline -0.006 -12"><span class='ocrx_word' id='word_1_432' title='bbox 2194 2487 2314 2524; x_wconf 87' lang='grc' dir='ltr'><strong>πων</strong></span> <span class='ocrx_word' id='word_1_433' title='bbox 2349 2467 2540 2531; x_wconf 78' lang='grc' dir='ltr'><strong>αὐτὸν,</strong></span> <span class='ocrx_word' id='word_1_434' title='bbox 2568 2465 2793 2525; x_wconf 81' lang='grc' dir='ltr'><strong>τούτους</strong></span> <span class='ocrx_word' id='word_1_435' title='bbox 2820 2463 3182 2534; x_wconf 80' lang='grc' dir='ltr'><strong>ὁμολογήσειν</strong></span> <span class='ocrx_word' id='word_1_436' title='bbox 3212 2459 3524 2532; x_wconf 77' lang='grc' dir='ltr'><strong>ἔμπροσθεν</strong></span> <span class='ocrx_word' id='word_1_437' title='bbox 3552 2459 3650 2513; x_wconf 76' lang='grc' dir='ltr'><strong>τοῦ</strong></span> <span class='ocrx_word' id='word_1_438' title='bbox 3675 2460 3782 2512; x_wconf 85' lang='grc' dir='ltr'><strong>Πα-</strong></span> 
     </span>
    </p>
   </div>
   <div class='ocr_carea' id='block_1_65' title="bbox 2190 2550 3782 2630">
    <p class='ocr_par' dir='ltr' id='par_1_65' title="bbox 2190 2550 3782 2630">
     <span class='ocr_line' id='line_1_65' title="bbox 2190 2550 3782 2630; baseline -0.007 -16"><span class='ocrx_word' id='word_1_439' title='bbox 2190 2561 2320 2630; x_wconf 80' lang='grc' dir='ltr'><strong>τρὸς</strong></span> <span class='ocrx_word' id='word_1_440' title='bbox 2356 2557 2784 2628; x_wconf 76' lang='grc' dir='ltr'><strong>ἐπαγγέλλεται.</strong></span> <span class='ocrx_word' id='word_1_441' title='bbox 2820 2555 2978 2608; x_wconf 83' lang='grc' dir='ltr'><strong>Ἔστι</strong></span> <span class='ocrx_word' id='word_1_442' title='bbox 3011 2551 3068 2606; x_wconf 67' lang='grc' dir='ltr'><strong>δὲ</strong></span> <span class='ocrx_word' id='word_1_443' title='bbox 3098 2552 3336 2623; x_wconf 76' lang='grc' dir='ltr'><strong>Χριστὸς</strong></span> <span class='ocrx_word' id='word_1_444' title='bbox 3369 2553 3403 2622; x_wconf 81' lang='grc' dir='ltr'>ὴ</span> <span class='ocrx_word' id='word_1_445' title='bbox 3426 2551 3678 2621; x_wconf 78' lang='grc' dir='ltr'><strong>ἀλήθεια.</strong></span> <span class='ocrx_word' id='word_1_446' title='bbox 3721 2550 3782 2603; x_wconf 87' lang='grc' dir='ltr'>Ὀ</span> 
     </span>
    </p>
   </div>
   <div class='ocr_carea' id='block_1_66' title="bbox 2192 2643 3782 2723">
    <p class='ocr_par' dir='ltr' id='par_1_66' title="bbox 2192 2643 3782 2723">
     <span class='ocr_line' id='line_1_66' title="bbox 2192 2643 3782 2723; baseline -0.007 -16"><span class='ocrx_word' id='word_1_447' title='bbox 2192 2653 2327 2723; x_wconf 79' lang='grc' dir='ltr'><strong>γοῦν</strong></span> <span class='ocrx_word' id='word_1_448' title='bbox 2363 2653 2438 2723; x_wconf 82' lang='grc' dir='ltr'><strong>μὴ</strong></span> <span class='ocrx_word' id='word_1_449' title='bbox 2472 2651 2754 2722; x_wconf 84' lang='grc' dir='ltr'><strong>ὁμολογῶν</strong></span> <span class='ocrx_word' id='word_1_450' title='bbox 2781 2649 2878 2719; x_wconf 83' lang='grc' dir='ltr'><strong>τὴν</strong></span> <span class='ocrx_word' id='word_1_451' title='bbox 2910 2646 3176 2718; x_wconf 78' lang='grc' dir='ltr'><strong>ἀλήθειαν</strong></span> <span class='ocrx_word' id='word_1_452' title='bbox 3203 2646 3263 2698; x_wconf 69' lang='grc' dir='ltr'><strong>ἐν</strong></span> <span class='ocrx_word' id='word_1_453' title='bbox 3292 2646 3425 2698; x_wconf 80' lang='grc' dir='ltr'><strong>πᾶσι</strong></span> <span class='ocrx_word' id='word_1_454' title='bbox 3465 2643 3587 2714; x_wconf 81' lang='grc' dir='ltr'><strong>μὲν,</strong></span> <span class='ocrx_word' id='word_1_455' title='bbox 3626 2643 3782 2712; x_wconf 76' lang='grc' dir='ltr'><strong>μάλι-</strong></span> 
     </span>
    </p>
   </div>
   <div class='ocr_carea' id='block_1_67' title="bbox 2194 2735 3783 2810">
    <p class='ocr_par' dir='ltr' id='par_1_67' title="bbox 2194 2735 3783 2810">
     <span class='ocr_line' id='line_1_67' title="bbox 2194 2735 3783 2810; baseline -0.008 -11"><span class='ocrx_word' id='word_1_456' title='bbox 2194 2762 2295 2798; x_wconf 88' lang='grc' dir='ltr'><strong>στα</strong></span> <span class='ocrx_word' id='word_1_457' title='bbox 2323 2745 2381 2798; x_wconf 77' lang='grc' dir='ltr'><strong>δὲ</strong></span> <span class='ocrx_word' id='word_1_458' title='bbox 2421 2746 2480 2796; x_wconf 82' lang='grc' dir='ltr'><strong>ὲν</strong></span> <span class='ocrx_word' id='word_1_459' title='bbox 2523 2745 2636 2804; x_wconf 86' lang='grc' dir='ltr'><strong>τοῖς</strong></span> <span class='ocrx_word' id='word_1_460' title='bbox 2665 2740 2766 2810; x_wconf 84' lang='grc' dir='ltr'><strong>τῆς</strong></span> <span class='ocrx_word' id='word_1_461' title='bbox 2808 2739 3141 2808; x_wconf 82' lang='grc' dir='ltr'><strong>Ἐκκλησίας</strong></span> <span class='ocrx_word' id='word_1_462' title='bbox 3166 2737 3458 2808; x_wconf 77' lang='grc' dir='ltr'><strong>δόγμασιν,</strong></span> <span class='ocrx_word' id='word_1_463' title='bbox 3497 2735 3662 2790; x_wconf 80' lang='grc' dir='ltr'><strong>αὐτὸν</strong></span> <span class='ocrx_word' id='word_1_464' title='bbox 3689 2736 3783 2787; x_wconf 81' lang='grc' dir='ltr'><strong>τὸν</strong></span> 
     </span>
    </p>
   </div>
   <div class='ocr_carea' id='block_1_68' title="bbox 2193 2827 3785 2909">
    <p class='ocr_par' dir='ltr' id='par_1_68' title="bbox 2193 2827 3785 2909">
     <span class='ocr_line' id='line_1_68' title="bbox 2193 2827 3785 2909; baseline -0.008 -17"><span class='ocrx_word' id='word_1_465' title='bbox 2193 2837 2432 2909; x_wconf 83' lang='grc' dir='ltr'><strong>Χριστὸν</strong></span> <span class='ocrx_word' id='word_1_466' title='bbox 2463 2836 2562 2905; x_wconf 82' lang='grc' dir='ltr'><strong>οὐχ</strong></span> <span class='ocrx_word' id='word_1_467' title='bbox 2594 2833 2854 2906; x_wconf 79' lang='grc' dir='ltr'><strong>ὁμολογεῖ</strong></span> <span class='ocrx_word' id='word_1_468' title='bbox 2878 2849 2893 2867; x_wconf 77' lang='grc' dir='ltr'><strong>ο</strong></span> <span class='ocrx_word' id='word_1_469' title='bbox 2925 2835 2954 2886; x_wconf 86' lang='grc' dir='ltr'>ὁ</span> <span class='ocrx_word' id='word_1_470' title='bbox 2985 2833 3044 2886; x_wconf 77' lang='grc' dir='ltr'><strong>δὲ</strong></span> <span class='ocrx_word' id='word_1_471' title='bbox 3084 2832 3159 2902; x_wconf 82' lang='grc' dir='ltr'><strong>μὴ</strong></span> <span class='ocrx_word' id='word_1_472' title='bbox 3203 2829 3485 2900; x_wconf 82' lang='grc' dir='ltr'><strong>ὁμολογῶν</strong></span> <span class='ocrx_word' id='word_1_473' title='bbox 3517 2827 3609 2881; x_wconf 80' lang='grc' dir='ltr'><strong>τὸν</strong></span> <span class='ocrx_word' id='word_1_474' title='bbox 3649 2827 3785 2896; x_wconf 78' lang='grc' dir='ltr'><strong>Χρι-</strong></span> 
     </span>
    </p>
   </div>
   <div class='ocr_carea' id='block_1_69' title="bbox 2195 2918 3786 2998">
    <p class='ocr_par' dir='ltr' id='par_1_69' title="bbox 2195 2918 3786 2998">
     <span class='ocr_line' id='line_1_69' title="bbox 2195 2918 3786 2998; baseline -0.008 -14"><span class='ocrx_word' id='word_1_475' title='bbox 2195 2931 2320 2984; x_wconf 76' lang='grc' dir='ltr'><strong>στὸν</strong></span> <span class='ocrx_word' id='word_1_476' title='bbox 2343 2931 2593 2998; x_wconf 83' lang='grc' dir='ltr'><strong>ἀρνεῖται</strong></span> <span class='ocrx_word' id='word_1_477' title='bbox 2617 2928 2709 2981; x_wconf 82' lang='grc' dir='ltr'><strong>τὸν</strong></span> <span class='ocrx_word' id='word_1_478' title='bbox 2738 2926 2976 2997; x_wconf 87' lang='grc' dir='ltr'><strong>Χριστόν</strong></span> <span class='ocrx_word' id='word_1_479' title='bbox 2995 2941 3010 2956; x_wconf 78' lang='lat'>&#39;</span> <span class='ocrx_word' id='word_1_480' title='bbox 3036 2926 3064 2978; x_wconf 87' lang='grc' dir='ltr'>ὁ</span> <span class='ocrx_word' id='word_1_481' title='bbox 3091 2923 3149 2977; x_wconf 72' lang='grc' dir='ltr'><strong>δὲ</strong></span> <span class='ocrx_word' id='word_1_482' title='bbox 3178 2921 3519 2994; x_wconf 80' lang='grc' dir='ltr'>ἀρνούμενος</span> <span class='ocrx_word' id='word_1_483' title='bbox 3539 2922 3630 2974; x_wconf 77' lang='grc' dir='ltr'><strong>τὸν</strong></span> <span class='ocrx_word' id='word_1_484' title='bbox 3650 2918 3786 2989; x_wconf 79' lang='grc' dir='ltr'><strong>Χρι-</strong></span> 
     </span>
    </p>
   </div>
   <div class='ocr_carea' id='block_1_70' title="bbox 2197 3009 3787 3091">
    <p class='ocr_par' dir='ltr' id='par_1_70' title="bbox 2197 3009 3787 3091">
     <span class='ocr_line' id='line_1_70' title="bbox 2197 3009 3787 3091; baseline -0.008 -15"><span class='ocrx_word' id='word_1_485' title='bbox 2197 3022 2322 3076; x_wconf 81' lang='grc' dir='ltr'><strong>στὸν</strong></span> <span class='ocrx_word' id='word_1_486' title='bbox 2355 3020 2640 3091; x_wconf 84' lang='grc' dir='ltr'><strong>βασιλείαν</strong></span> <span class='ocrx_word' id='word_1_487' title='bbox 2663 3019 2913 3090; x_wconf 81' lang='grc' dir='ltr'><strong>οὐρανῶν</strong></span> <span class='ocrx_word' id='word_1_488' title='bbox 2943 3017 3004 3071; x_wconf 88' lang='grc' dir='ltr'>οὐ</span> <span class='ocrx_word' id='word_1_489' title='bbox 3032 3017 3462 3088; x_wconf 83' lang='grc' dir='ltr'><strong>κληρονομήσει.</strong></span> <span class='ocrx_word' id='word_1_490' title='bbox 3491 3014 3592 3066; x_wconf 80' lang='grc' dir='ltr'><strong>Διὰ</strong></span> <span class='ocrx_word' id='word_1_491' title='bbox 3621 3009 3787 3065; x_wconf 81' lang='grc' dir='ltr'><strong>τοῦτο</strong></span> 
     </span>
    </p>
   </div>
   <div class='ocr_carea' id='block_1_71' title="bbox 2195 3104 3785 3184">
    <p class='ocr_par' dir='ltr' id='par_1_71' title="bbox 2195 3104 3785 3184">
     <span class='ocr_line' id='line_1_71' title="bbox 2195 3104 3785 3184; baseline -0.007 -17"><span class='ocrx_word' id='word_1_492' title='bbox 2195 3113 2468 3184; x_wconf 80' lang='grc' dir='ltr'><strong>εἰώθαμεν</strong></span> <span class='ocrx_word' id='word_1_493' title='bbox 2517 3113 2743 3177; x_wconf 79' lang='grc' dir='ltr'><strong>πάντες,</strong></span> <span class='ocrx_word' id='word_1_494' title='bbox 2779 3112 2916 3164; x_wconf 87' lang='grc' dir='ltr'><strong>ὃταν</strong></span> <span class='ocrx_word' id='word_1_495' title='bbox 2949 3109 3116 3164; x_wconf 80' lang='grc' dir='ltr'><strong>αὐτὸν</strong></span> <span class='ocrx_word' id='word_1_496' title='bbox 3165 3107 3258 3162; x_wconf 76' lang='grc' dir='ltr'><strong>τὸν</strong></span> <span class='ocrx_word' id='word_1_497' title='bbox 3303 3106 3540 3179; x_wconf 79' lang='grc' dir='ltr'><strong>Χριστὸν</strong></span> <span class='ocrx_word' id='word_1_498' title='bbox 3582 3105 3640 3158; x_wconf 75' lang='grc' dir='ltr'><strong>ἐν</strong></span> <span class='ocrx_word' id='word_1_499' title='bbox 3670 3104 3785 3168; x_wconf 84' lang='grc' dir='ltr'><strong>τοῖς</strong></span> 
     </span>
    </p>
   </div>
   <div class='ocr_carea' id='block_1_72' title="bbox 2121 3198 3791 3289">
    <p class='ocr_par' dir='ltr' id='par_1_72' title="bbox 2121 3198 3791 3289">
     <span class='ocr_line' id='line_1_72' title="bbox 2121 3198 3791 3289; baseline -0.007 -27"><span class='ocrx_word' id='word_1_500' title='bbox 2121 3230 2166 3289; x_wconf 73' lang='lat' dir='ltr'><strong>C</strong></span> <span class='ocrx_word' id='word_1_501' title='bbox 2199 3207 2368 3270; x_wconf 84' lang='grc' dir='ltr'><strong>Θείοις</strong></span> <span class='ocrx_word' id='word_1_502' title='bbox 2393 3210 2495 3274; x_wconf 72' lang='grc' dir='ltr'><strong>τῆς</strong></span> <span class='ocrx_word' id='word_1_503' title='bbox 2524 3205 2880 3276; x_wconf 74' lang='grc' dir='ltr'><strong>εὐχαριστίας</strong></span> <span class='ocrx_word' id='word_1_504' title='bbox 2916 3201 3240 3273; x_wconf 77' lang='grc' dir='ltr'><strong>μυστηρίοις</strong></span> <span class='ocrx_word' id='word_1_505' title='bbox 3275 3199 3516 3270; x_wconf 79' lang='grc' dir='ltr'><strong>ὁρῶμεν,</strong></span> <span class='ocrx_word' id='word_1_506' title='bbox 3558 3198 3642 3262; x_wconf 82' lang='grc' dir='ltr'><strong>ού,</strong></span> <span class='ocrx_word' id='word_1_507' title='bbox 3683 3199 3791 3250; x_wconf 85' lang='grc' dir='ltr'><strong>Πι-</strong></span> 
     </span>
    </p>
   </div>
   <div class='ocr_carea' id='block_1_73' title="bbox 2194 3291 3788 3366">
    <p class='ocr_par' dir='ltr' id='par_1_73' title="bbox 2194 3291 3788 3366">
     <span class='ocr_line' id='line_1_73' title="bbox 2194 3291 3788 3366; baseline -0.007 -11"><span class='ocrx_word' id='word_1_508' title='bbox 2194 3300 2411 3364; x_wconf 81' lang='grc' dir='ltr'><strong>στεύω,</strong></span> <span class='ocrx_word' id='word_1_509' title='bbox 2429 3299 2634 3366; x_wconf 82' lang='grc' dir='ltr'><strong>Κύριε,</strong></span> <span class='ocrx_word' id='word_1_510' title='bbox 2656 3297 2841 3366; x_wconf 79' lang='grc' dir='ltr'><strong>λέγειν</strong></span> <span class='ocrx_word' id='word_1_511' title='bbox 2865 3297 3054 3365; x_wconf 85' lang='grc' dir='ltr'><strong>μόνον,</strong></span> <span class='ocrx_word' id='word_1_512' title='bbox 3079 3293 3237 3358; x_wconf 78' lang='grc' dir='ltr'><strong>ἀλλὰ,</strong></span> <span class='ocrx_word' id='word_1_513' title='bbox 3267 3292 3561 3360; x_wconf 80' lang='grc' dir='ltr'><strong>Πιστεύω,</strong></span> <span class='ocrx_word' id='word_1_514' title='bbox 3579 3291 3788 3361; x_wconf 80' lang='grc' dir='ltr'><strong>Κύριε,</strong></span> 
     </span>
    </p>
   </div>
   <div class='ocr_carea' id='block_1_74' title="bbox 2191 3383 3787 3463">
    <p class='ocr_par' dir='ltr' id='par_1_74' title="bbox 2191 3383 3787 3463">
     <span class='ocr_line' id='line_1_74' title="bbox 2191 3383 3787 3463; baseline -0.008 -14"><span class='ocrx_word' id='word_1_515' title='bbox 2191 3394 2293 3450; x_wconf 76' lang='grc' dir='ltr'><strong>καὶ</strong></span> <span class='ocrx_word' id='word_1_516' title='bbox 2330 3389 2622 3463; x_wconf 74' lang='grc' dir='ltr'><strong>ὁμολογῶ.</strong></span> <span class='ocrx_word' id='word_1_517' title='bbox 2665 3391 2732 3444; x_wconf 86' lang='grc' dir='ltr'><strong>Ἦ</strong></span> <span class='ocrx_word' id='word_1_518' title='bbox 2767 3389 2876 3459; x_wconf 82' lang='grc' dir='ltr'><strong>γὰρ</strong></span> <span class='ocrx_word' id='word_1_519' title='bbox 2907 3390 2983 3459; x_wconf 81' lang='grc' dir='ltr'><strong>μὴ</strong></span> <span class='ocrx_word' id='word_1_520' title='bbox 3012 3385 3424 3458; x_wconf 80' lang='grc' dir='ltr'><strong>ὁμολογουμένη</strong></span> <span class='ocrx_word' id='word_1_521' title='bbox 3451 3384 3641 3448; x_wconf 78' lang='grc' dir='ltr'><strong>πίστις</strong></span> <span class='ocrx_word' id='word_1_522' title='bbox 3679 3383 3787 3438; x_wconf 77' lang='grc' dir='ltr'>οὐκ</span> 
     </span>
    </p>
   </div>
   <div class='ocr_carea' id='block_1_75' title="bbox 2191 3476 3787 3550">
    <p class='ocr_par' dir='ltr' id='par_1_75' title="bbox 2191 3476 3787 3550">
     <span class='ocr_line' id='line_1_75' title="bbox 2191 3476 3787 3550; baseline -0.008 -8"><span class='ocrx_word' id='word_1_523' title='bbox 2191 3489 2308 3542; x_wconf 78' lang='grc' dir='ltr'><strong>ἐστι</strong></span> <span class='ocrx_word' id='word_1_524' title='bbox 2338 3488 2546 3550; x_wconf 80' lang='grc' dir='ltr'><strong>πίστις,</strong></span> <span class='ocrx_word' id='word_1_525' title='bbox 2579 3484 2716 3539; x_wconf 83' lang='grc' dir='ltr'><strong>ἀλλὰ</strong></span> <span class='ocrx_word' id='word_1_526' title='bbox 2764 3483 2939 3546; x_wconf 83' lang='grc' dir='ltr'><strong>δόλος,</strong></span> <span class='ocrx_word' id='word_1_527' title='bbox 2972 3481 3118 3534; x_wconf 80' lang='grc' dir='ltr'><strong>εἴποι</strong></span> <span class='ocrx_word' id='word_1_528' title='bbox 3168 3497 3254 3547; x_wconf 88' lang='grc' dir='ltr'><strong>τις</strong></span> <span class='ocrx_word' id='word_1_529' title='bbox 3287 3477 3378 3545; x_wconf 74' lang='grc' dir='ltr'><strong>ἂν,</strong></span> <span class='ocrx_word' id='word_1_530' title='bbox 3414 3479 3510 3534; x_wconf 78' lang='grc' dir='ltr'><strong>καὶ</strong></span> <span class='ocrx_word' id='word_1_531' title='bbox 3561 3476 3787 3531; x_wconf 83' lang='grc' dir='ltr'><strong>πλανῶν</strong></span> 
     </span>
    </p>
   </div>
   <div class='ocr_carea' id='block_1_76' title="bbox 2191 3569 3783 3648">
    <p class='ocr_par' dir='ltr' id='par_1_76' title="bbox 2191 3569 3783 3648">
     <span class='ocr_line' id='line_1_76' title="bbox 2191 3569 3783 3648; baseline -0.01 -11"><span class='ocrx_word' id='word_1_532' title='bbox 2191 3582 2287 3637; x_wconf 70' lang='grc' dir='ltr'><strong>καὶ</strong></span> <span class='ocrx_word' id='word_1_533' title='bbox 2317 3579 2698 3648; x_wconf 85' lang='grc' dir='ltr'><strong>πλανώμενος.</strong></span> <span class='ocrx_word' id='word_1_534' title='bbox 2735 3575 2901 3629; x_wconf 81' lang='grc' dir='ltr'><strong>Ὅθεν</strong></span> <span class='ocrx_word' id='word_1_535' title='bbox 2933 3575 3112 3645; x_wconf 85' lang='grc' dir='ltr'><strong>δῆλον,</strong></span> <span class='ocrx_word' id='word_1_536' title='bbox 3142 3573 3224 3628; x_wconf 84' lang='grc' dir='ltr'><strong>δτι</strong></span> <span class='ocrx_word' id='word_1_537' title='bbox 3269 3574 3297 3625; x_wconf 82' lang='grc' dir='ltr'><strong>ό</strong></span> <span class='ocrx_word' id='word_1_538' title='bbox 3325 3574 3392 3642; x_wconf 81' lang='grc' dir='ltr'><strong>τῇ</strong></span> <span class='ocrx_word' id='word_1_539' title='bbox 3431 3569 3632 3642; x_wconf 80' lang='grc' dir='ltr'><strong>καρδίᾳ</strong></span> <span class='ocrx_word' id='word_1_540' title='bbox 3680 3569 3783 3639; x_wconf 76' lang='grc' dir='ltr'><strong>μὲν</strong></span> 
     </span>
    </p>
   </div>
   <div class='ocr_carea' id='block_1_77' title="bbox 2192 3661 3786 3740">
    <p class='ocr_par' dir='ltr' id='par_1_77' title="bbox 2192 3661 3786 3740">
     <span class='ocr_line' id='line_1_77' title="bbox 2192 3661 3786 3740; baseline -0.006 -14"><span class='ocrx_word' id='word_1_541' title='bbox 2192 3671 2490 3735; x_wconf 84' lang='grc' dir='ltr'><strong>πιστεύων,</strong></span> <span class='ocrx_word' id='word_1_542' title='bbox 2515 3669 2594 3740; x_wconf 85' lang='grc' dir='ltr'><strong>τῷ</strong></span> <span class='ocrx_word' id='word_1_543' title='bbox 2623 3668 2858 3740; x_wconf 88' lang='grc' dir='ltr'><strong>στόματι</strong></span> <span class='ocrx_word' id='word_1_544' title='bbox 2903 3665 2962 3719; x_wconf 80' lang='grc' dir='ltr'><strong>δὲ</strong></span> <span class='ocrx_word' id='word_1_545' title='bbox 3008 3665 3083 3736; x_wconf 85' lang='grc' dir='ltr'><strong>μὴ</strong></span> <span class='ocrx_word' id='word_1_546' title='bbox 3116 3663 3421 3735; x_wconf 83' lang='grc' dir='ltr'><strong>ὁμολογῶν,</strong></span> <span class='ocrx_word' id='word_1_547' title='bbox 3447 3661 3476 3716; x_wconf 81' lang='grc' dir='ltr'><strong>ὃ</strong></span> <span class='ocrx_word' id='word_1_548' title='bbox 3507 3662 3786 3729; x_wconf 80' lang='grc' dir='ltr'><strong>πιστεύει,</strong></span> 
     </span>
    </p>
   </div>
   <div class='ocr_carea' id='block_1_78' title="bbox 2191 3753 3787 3832">
    <p class='ocr_par' dir='ltr' id='par_1_78' title="bbox 2191 3753 3787 3832">
     <span class='ocr_line' id='line_1_78' title="bbox 2191 3753 3787 3832; baseline -0.008 -12"><span class='ocrx_word' id='word_1_549' title='bbox 2191 3766 2293 3821; x_wconf 87' lang='grc' dir='ltr'>ούκ</span> <span class='ocrx_word' id='word_1_550' title='bbox 2330 3762 2651 3830; x_wconf 80' lang='grc' dir='ltr'><strong>ὲπιτὰξεται</strong></span> <span class='ocrx_word' id='word_1_551' title='bbox 2671 3761 2770 3832; x_wconf 86' lang='grc' dir='ltr'><strong>τῆς</strong></span> <span class='ocrx_word' id='word_1_552' title='bbox 2800 3759 3101 3829; x_wconf 83' lang='grc' dir='ltr'><strong>σωτηρίας,</strong></span> <span class='ocrx_word' id='word_1_553' title='bbox 3135 3753 3206 3829; x_wconf 83' lang='grc' dir='ltr'><strong>ἦς</strong></span> <span class='ocrx_word' id='word_1_554' title='bbox 3236 3755 3610 3828; x_wconf 82' lang='grc' dir='ltr'><strong>κληρονόμους</strong></span> <span class='ocrx_word' id='word_1_555' title='bbox 3629 3756 3787 3824; x_wconf 82' lang='grc' dir='ltr'><strong>τενέ-</strong></span> 
     </span>
    </p>
   </div>
   <div class='ocr_carea' id='block_1_79' title="bbox 2196 3845 3786 3924">
    <p class='ocr_par' dir='ltr' id='par_1_79' title="bbox 2196 3845 3786 3924">
     <span class='ocr_line' id='line_1_79' title="bbox 2196 3845 3786 3924; baseline -0.006 -13"><span class='ocrx_word' id='word_1_556' title='bbox 2196 3857 2323 3911; x_wconf 82' lang='grc' dir='ltr'><strong>σθαι</strong></span> <span class='ocrx_word' id='word_1_557' title='bbox 2358 3856 2566 3918; x_wconf 84' lang='grc' dir='ltr'><strong>πάντας</strong></span> <span class='ocrx_word' id='word_1_558' title='bbox 2601 3855 2751 3924; x_wconf 79' lang='grc' dir='ltr'><strong>ἡμᾶς</strong></span> <span class='ocrx_word' id='word_1_559' title='bbox 2777 3851 2990 3920; x_wconf 75' lang='grc' dir='ltr'><strong>γίνοιτο</strong></span> <span class='ocrx_word' id='word_1_560' title='bbox 3017 3852 3202 3922; x_wconf 78' lang='grc' dir='ltr'><strong>χάριτι</strong></span> <span class='ocrx_word' id='word_1_561' title='bbox 3247 3845 3345 3904; x_wconf 80' lang='grc' dir='ltr'><strong>τοῦ</strong></span> <span class='ocrx_word' id='word_1_562' title='bbox 3373 3846 3582 3920; x_wconf 83' lang='grc' dir='ltr'><strong>Κυρίου</strong></span> <span class='ocrx_word' id='word_1_563' title='bbox 3621 3845 3786 3919; x_wconf 77' lang='grc' dir='ltr'><strong>ἡμῶν</strong></span> 
     </span>
    </p>
   </div>
   <div class='ocr_carea' id='block_1_80' title="bbox 2207 3943 2931 4018">
    <p class='ocr_par' dir='ltr' id='par_1_80' title="bbox 2207 3943 2931 4018">
     <span class='ocr_line' id='line_1_80' title="bbox 2207 3943 2931 4018; baseline -0.003 -17"><span class='ocrx_word' id='word_1_564' title='bbox 2207 3945 2386 4017; x_wconf 75' lang='grc' dir='ltr'><strong>Ἰησοῦ</strong></span> <span class='ocrx_word' id='word_1_565' title='bbox 2419 3943 2683 4018; x_wconf 77' lang='grc' dir='ltr'><strong>Χριστοῦ.</strong></span> <span class='ocrx_word' id='word_1_566' title='bbox 2735 3944 2931 4015; x_wconf 82' lang='grc' dir='ltr'><strong>Ἀμήν.</strong></span> 
     </span>
    </p>
   </div>
   <div class='ocr_carea' id='block_1_81' title="bbox 1303 4475 2965 4621">
    <p class='ocr_par' dir='ltr' id='par_1_81' title="bbox 1303 4475 2965 4621">
     <span class='ocr_line' id='line_1_81' title="bbox 1303 4475 2965 4621; baseline 0.001 -27"><span class='ocrx_word' id='word_1_567' title='bbox 1303 4477 1894 4596; x_wconf 82' lang='lat' dir='ltr'><strong>GEORGII</strong></span> <span class='ocrx_word' id='word_1_568' title='bbox 1983 4475 2965 4621; x_wconf 77' lang='lat' dir='ltr'><strong>TBAPEZUN&#39;l‘ll</strong></span> 
     </span>
    </p>
   </div>
   <div class='ocr_carea' id='block_1_82' title="bbox 1083 4666 3191 4767">
    <p class='ocr_par' dir='ltr' id='par_1_82' title="bbox 1083 4666 3191 4767">
     <span class='ocr_line' id='line_1_82' title="bbox 1083 4666 3191 4767; baseline -0.001 -1"><span class='ocrx_word' id='word_1_569' title='bbox 1083 4704 1163 4766; x_wconf 82' lang='lat' dir='ltr'><strong>1N</strong></span> <span class='ocrx_word' id='word_1_570' title='bbox 1234 4666 2172 4767; x_wconf 38' lang='lat' dir='ltr'><strong>EXPOSITIONEM&#39;ILLIUS</strong></span> <span class='ocrx_word' id='word_1_571' title='bbox 2241 4697 2554 4760; x_wconf 82' lang='lat' dir='ltr'><strong>TEXTUS</strong></span> <span class='ocrx_word' id='word_1_572' title='bbox 2615 4699 3058 4764; x_wconf 80' lang='lat' dir='ltr'><strong>EVANGELII-</strong></span> <span class='ocrx_word' id='word_1_573' title='bbox 3097 4703 3127 4738; x_wconf 76' lang='lat'>&quot;</span> <span class='ocrx_word' id='word_1_574' title='bbox 3177 4721 3191 4764; x_wconf 92' lang='lat'>:</span> 
     </span>
    </p>
   </div>
   <div class='ocr_carea' id='block_1_83' title="bbox 1506 4837 2754 4932">
    <p class='ocr_par' dir='ltr' id='par_1_83' title="bbox 1506 4837 2754 4932">
     <span class='ocr_line' id='line_1_83' title="bbox 1506 4837 2754 4932; baseline -0.007 -6"><span class='ocrx_word' id='word_1_575' title='bbox 1506 4837 1654 4927; x_wconf 36' lang='lat' dir='ltr'><strong>’src</strong></span> <span class='ocrx_word' id='word_1_576' title='bbox 1706 4859 1912 4928; x_wconf 79' lang='grc' dir='ltr'><strong>γοιο</strong></span> <span class='ocrx_word' id='word_1_577' title='bbox 1942 4859 2133 4922; x_wconf 84' lang='lat' dir='ltr'><strong>EUM</strong></span> <span class='ocrx_word' id='word_1_578' title='bbox 2163 4857 2554 4932; x_wconf 82' lang='lat' dir='ltr'><strong>MANERE,</strong></span> <span class='ocrx_word' id='word_1_579' title='bbox 2587 4858 2754 4918; x_wconf 89' lang='lat' dir='ltr'><strong>ETC.</strong></span> 
     </span>
    </p>
   </div>
   <div class='ocr_carea' id='block_1_84' title="bbox 908 5003 3372 5088">
    <p class='ocr_par' dir='ltr' id='par_1_84' title="bbox 908 5003 3372 5088">
     <span class='ocr_line' id='line_1_84' title="bbox 908 5003 3372 5088; baseline -0.001 -14"><span class='ocrx_word' id='word_1_580' title='bbox 908 5015 1007 5077; x_wconf 83' lang='lat' dir='ltr'><strong>ET</strong></span> <span class='ocrx_word' id='word_1_581' title='bbox 1051 5013 1265 5088; x_wconf 88' lang='lat' dir='ltr'><strong>QUOD</strong></span> <span class='ocrx_word' id='word_1_582' title='bbox 1316 5014 1379 5074; x_wconf 92' lang='lat' dir='ltr'><strong>S.</strong></span> <span class='ocrx_word' id='word_1_583' title='bbox 1425 5011 1781 5076; x_wconf 82' lang='lat' dir='ltr'><strong>JOANNES</strong></span> <span class='ocrx_word' id='word_1_584' title='bbox 1835 5004 2396 5070; x_wconf 80' lang='lat' dir='ltr'><strong>EVANGELISTA</strong></span> <span class='ocrx_word' id='word_1_585' title='bbox 2439 5003 2778 5067; x_wconf 86' lang='lat' dir='ltr'><strong>NONDUM</strong></span> <span class='ocrx_word' id='word_1_586' title='bbox 2819 5008 2942 5070; x_wconf 81' lang='lat' dir='ltr'><strong>SIT</strong></span> <span class='ocrx_word' id='word_1_587' title='bbox 2987 5010 3372 5076; x_wconf 83' lang='lat' dir='ltr'><strong>MORTUUS</strong></span> 
     </span>
    </p>
   </div>
   <div class='ocr_carea' id='block_1_85' title="bbox 1529 5149 2749 5200">
    <p class='ocr_par' dir='ltr' id='par_1_85' title="bbox 1529 5149 2749 5200">
     <span class='ocr_line' id='line_1_85' title="bbox 1529 5149 2749 5200; baseline -0.004 0"><span class='ocrx_word' id='word_1_588' title='bbox 1529 5156 1612 5199; x_wconf 75' lang='grc' dir='ltr'><strong>Αι)</strong></span> <span class='ocrx_word' id='word_1_589' title='bbox 1642 5153 1882 5200; x_wconf 71' lang='lat' dir='ltr'><strong>SIXTUM</strong></span> <span class='ocrx_word' id='word_1_590' title='bbox 1910 5152 1976 5196; x_wconf 78' lang='lat' dir='ltr'><strong>IV</strong></span> <span class='ocrx_word' id='word_1_591' title='bbox 2019 5149 2394 5196; x_wconf 73' lang='lat' dir='ltr'><strong>PONTIFICEM</strong></span> <span class='ocrx_word' id='word_1_592' title='bbox 2424 5149 2749 5195; x_wconf 73' lang='lat' dir='ltr'><strong>MAXIMUM.</strong></span> 
     </span>
    </p>
   </div>
   <div class='ocr_carea' id='block_1_86' title="bbox 1063 5247 3310 5337">
    <p class='ocr_par' dir='ltr' id='par_1_86' title="bbox 1063 5247 3310 5337">
     <span class='ocr_line' id='line_1_86' title="bbox 1063 5247 3310 5337; baseline -0.002 -13"><span class='ocrx_word' id='word_1_593' title='bbox 1063 5273 1405 5337; x_wconf 68' lang='lat' dir='ltr'><strong>(Monumenta</strong></span> <span class='ocrx_word' id='word_1_594' title='bbox 1437 5269 1530 5320; x_wconf 91' lang='lat' dir='ltr'><strong>SS.</strong></span> <span class='ocrx_word' id='word_1_595' title='bbox 1576 5267 1776 5318; x_wconf 84' lang='lat' dir='ltr'><strong>Patrum</strong></span> <span class='ocrx_word' id='word_1_596' title='bbox 1801 5261 2287 5324; x_wconf 74' lang='lat' dir='ltr'><strong>ortbodoxograpba.</strong></span> <span class='ocrx_word' id='word_1_597' title='bbox 2316 5261 2527 5312; x_wconf 82' lang='lat' dir='ltr'><strong>Basileae</strong></span> <span class='ocrx_word' id='word_1_598' title='bbox 2571 5261 2712 5311; x_wconf 80' lang='grc'><strong>1559.</strong></span> <span class='ocrx_word' id='word_1_599' title='bbox 2739 5261 2827 5313; x_wconf 77' lang='lat' dir='ltr'><strong>tot.</strong></span> <span class='ocrx_word' id='word_1_600' title='bbox 2859 5263 3033 5315; x_wconf 80' lang='lat' dir='ltr'><strong>Latine</strong></span> <span class='ocrx_word' id='word_1_601' title='bbox 3073 5247 3310 5331; x_wconf 85' lang='lat' dir='ltr'><strong>tantum.)</strong></span> 
     </span>
    </p>
   </div>
   <div class='ocr_carea' id='block_1_87' title="bbox 564 5512 2096 5593">
    <p class='ocr_par' dir='ltr' id='par_1_87' title="bbox 564 5512 2096 5593">
     <span class='ocr_line' id='line_1_87' title="bbox 564 5512 2096 5593; baseline -0.007 -14"><span class='ocrx_word' id='word_1_602' title='bbox 564 5524 772 5593; x_wconf 82' lang='lat' dir='ltr'><strong>Nuper,</strong></span> <span class='ocrx_word' id='word_1_603' title='bbox 808 5519 1153 5577; x_wconf 86' lang='lat' dir='ltr'><strong>sanctissime</strong></span> <span class='ocrx_word' id='word_1_604' title='bbox 1197 5519 1377 5583; x_wconf 87' lang='lat' dir='ltr'><strong>Pater,</strong></span> <span class='ocrx_word' id='word_1_605' title='bbox 1410 5531 1534 5572; x_wconf 89' lang='lat' dir='ltr'><strong>eum</strong></span> <span class='ocrx_word' id='word_1_606' title='bbox 1575 5530 1696 5571; x_wconf 87' lang='lat' dir='ltr'><strong>eam</strong></span> <span class='ocrx_word' id='word_1_607' title='bbox 1757 5512 2096 5584; x_wconf 87' lang='lat' dir='ltr'><strong>particulam.</strong></span> 
     </span>
    </p>
   </div>
   <div class='ocr_carea' id='block_1_88' title="bbox 495 5605 2078 5686">
    <p class='ocr_par' dir='ltr' id='par_1_88' title="bbox 495 5605 2078 5686">
     <span class='ocr_line' id='line_1_88' title="bbox 495 5605 2078 5686; baseline -0.008 -14"><span class='ocrx_word' id='word_1_608' title='bbox 495 5615 776 5686; x_wconf 76' lang='lat' dir='ltr'><strong>Evangelii</strong></span> <span class='ocrx_word' id='word_1_609' title='bbox 802 5613 1038 5669; x_wconf 83' lang='lat' dir='ltr'><strong>Joannis</strong></span> <span class='ocrx_word' id='word_1_610' title='bbox 1070 5614 1334 5683; x_wconf 76' lang='lat' dir='ltr'><strong>legerem,</strong></span> <span class='ocrx_word' id='word_1_611' title='bbox 1367 5625 1476 5680; x_wconf 90' lang='lat' dir='ltr'><strong>qua</strong></span> <span class='ocrx_word' id='word_1_612' title='bbox 1512 5608 1710 5664; x_wconf 83' lang='lat' dir='ltr'><strong>Petrus</strong></span> <span class='ocrx_word' id='word_1_613' title='bbox 1747 5606 1845 5661; x_wconf 90' lang='lat' dir='ltr'><strong>Dei</strong></span> <span class='ocrx_word' id='word_1_614' title='bbox 1876 5605 2078 5662; x_wconf 87' lang='lat' dir='ltr'><strong>Filium</strong></span> 
     </span>
    </p>
   </div>
   <div class='ocr_carea' id='block_1_89' title="bbox 463 5700 2080 5774">
    <p class='ocr_par' dir='ltr' id='par_1_89' title="bbox 463 5700 2080 5774">
     <span class='ocr_line' id='line_1_89' title="bbox 463 5700 2080 5774; baseline -0.006 -12"><span class='ocrx_word' id='word_1_615' title='bbox 463 5709 564 5762; x_wconf 80' lang='lat' dir='ltr'><strong>‘dc</strong></span> <span class='ocrx_word' id='word_1_616' title='bbox 616 5708 710 5761; x_wconf 92' lang='lat' dir='ltr'><strong>illo</strong></span> <span class='ocrx_word' id='word_1_617' title='bbox 761 5705 1125 5774; x_wconf 84' lang='lat' dir='ltr'><strong>interrogavit</strong></span> <span class='ocrx_word' id='word_1_618' title='bbox 1177 5704 1418 5758; x_wconf 86' lang='lat' dir='ltr'><strong>dicens:</strong></span> <span class='ocrx_word' id='word_1_619' title='bbox 1457 5700 1731 5772; x_wconf 40' lang='lat' dir='ltr'><strong>Domine”</strong></span> <span class='ocrx_word' id='word_1_620' title='bbox 1758 5700 1841 5753; x_wconf 82' lang='lat' dir='ltr'><strong>hic</strong></span> <span class='ocrx_word' id='word_1_621' title='bbox 1899 5707 2080 5753; x_wconf 85' lang='lat' dir='ltr'><strong>autem</strong></span> 
     </span>
    </p>
   </div>
   <div class='ocr_carea' id='block_1_90' title="bbox 493 5794 2078 5866">
    <p class='ocr_par' dir='ltr' id='par_1_90' title="bbox 493 5794 2078 5866">
     <span class='ocr_line' id='line_1_90' title="bbox 493 5794 2078 5866; baseline -0.002 -18"><span class='ocrx_word' id='word_1_622' title='bbox 493 5799 620 5866; x_wconf 79' lang='lat' dir='ltr'><strong>quid</strong></span> <span class='ocrx_word' id='word_1_623' title='bbox 639 5799 663 5849; x_wconf 73' lang='grc'><em>2</em></span> <span class='ocrx_word' id='word_1_624' title='bbox 685 5795 1005 5864; x_wconf 86' lang='lat' dir='ltr'><strong>audivitque</strong></span> <span class='ocrx_word' id='word_1_625' title='bbox 1030 5813 1045 5850; x_wconf 91' lang='lat'><strong>:</strong></span> <span class='ocrx_word' id='word_1_626' title='bbox 1067 5794 1125 5849; x_wconf 89' lang='lat' dir='ltr'><strong>Si</strong></span> <span class='ocrx_word' id='word_1_627' title='bbox 1143 5809 1265 5848; x_wconf 87' lang='lat' dir='ltr'><strong>eum</strong></span> <span class='ocrx_word' id='word_1_628' title='bbox 1287 5795 1402 5847; x_wconf 75' lang='lat' dir='ltr'><strong>volo</strong></span> <span class='ocrx_word' id='word_1_629' title='bbox 1421 5808 1644 5854; x_wconf 85' lang='lat' dir='ltr'><strong>manere</strong></span> <span class='ocrx_word' id='word_1_630' title='bbox 1663 5795 1828 5846; x_wconf 82' lang='lat' dir='ltr'><strong>donec</strong></span> <span class='ocrx_word' id='word_1_631' title='bbox 1848 5795 2078 5859; x_wconf 83' lang='lat' dir='ltr'><strong>veniam,</strong></span> 
     </span>
    </p>
   </div>
   <div class='ocr_carea' id='block_1_91' title="bbox 2179 5514 3774 5589">
    <p class='ocr_par' dir='ltr' id='par_1_91' title="bbox 2179 5514 3774 5589">
     <span class='ocr_line' id='line_1_91' title="bbox 2179 5514 3774 5589; baseline 0.007 -21"><span class='ocrx_word' id='word_1_632' title='bbox 2179 5515 2318 5583; x_wconf 73' lang='lat' dir='ltr'><strong>quid</strong></span> <span class='ocrx_word' id='word_1_633' title='bbox 2343 5515 2412 5568; x_wconf 88' lang='lat' dir='ltr'><strong>ad</strong></span> <span class='ocrx_word' id='word_1_634' title='bbox 2436 5523 2483 5568; x_wconf 83' lang='lat' dir='ltr'><strong>te</strong></span> <span class='ocrx_word' id='word_1_635' title='bbox 2504 5514 2529 5567; x_wconf 86' lang='lat'><strong><em>?</em></strong></span> <span class='ocrx_word' id='word_1_636' title='bbox 2549 5515 2787 5585; x_wconf 90' lang='lat' dir='ltr'><strong>primum</strong></span> <span class='ocrx_word' id='word_1_637' title='bbox 2808 5519 3191 5584; x_wconf 85' lang='lat' dir='ltr'><strong>occurrerunt,</strong></span> <span class='ocrx_word' id='word_1_638' title='bbox 3221 5535 3344 5589; x_wconf 68' lang='lat' dir='ltr'><strong>quae</strong></span> <span class='ocrx_word' id='word_1_639' title='bbox 3373 5520 3508 5577; x_wconf 86' lang='lat' dir='ltr'><strong>alias</strong></span> <span class='ocrx_word' id='word_1_640' title='bbox 3530 5521 3597 5578; x_wconf 92' lang='lat' dir='ltr'><strong>de</strong></span> <span class='ocrx_word' id='word_1_641' title='bbox 3623 5524 3699 5578; x_wconf 79' lang='lat' dir='ltr'><strong>sic</strong></span> <span class='ocrx_word' id='word_1_642' title='bbox 3719 5535 3774 5579; x_wconf 90' lang='lat' dir='ltr'><strong>ct</strong></span> 
     </span>
    </p>
   </div>
   <div class='ocr_carea' id='block_1_92' title="bbox 2190 5607 3776 5677">
    <p class='ocr_par' dir='ltr' id='par_1_92' title="bbox 2190 5607 3776 5677">
     <span class='ocr_line' id='line_1_92' title="bbox 2190 5607 3776 5677; baseline 0.006 -15"><span class='ocrx_word' id='word_1_643' title='bbox 2190 5608 2260 5662; x_wconf 89' lang='lat' dir='ltr'><strong>de</strong></span> <span class='ocrx_word' id='word_1_644' title='bbox 2307 5608 2354 5661; x_wconf 79' lang='lat' dir='ltr'><strong>si</strong></span> <span class='ocrx_word' id='word_1_645' title='bbox 2407 5607 2673 5677; x_wconf 87' lang='lat' dir='ltr'><strong>particula</strong></span> <span class='ocrx_word' id='word_1_646' title='bbox 2726 5608 2969 5664; x_wconf 88' lang='lat' dir='ltr'><strong>disserui</strong></span> <span class='ocrx_word' id='word_1_647' title='bbox 3007 5627 3020 5665; x_wconf 92' lang='lat'><strong>:</strong></span> <span class='ocrx_word' id='word_1_648' title='bbox 3065 5611 3270 5668; x_wconf 87' lang='lat' dir='ltr'><strong>deinde</strong></span> <span class='ocrx_word' id='word_1_649' title='bbox 3301 5622 3487 5669; x_wconf 91' lang='lat' dir='ltr'><strong>utrum</strong></span> <span class='ocrx_word' id='word_1_650' title='bbox 3525 5627 3776 5671; x_wconf 84' lang='lat' dir='ltr'><strong>mortuus</strong></span> 
     </span>
    </p>
   </div>
   <div class='ocr_carea' id='block_1_93' title="bbox 2188 5700 3767 5780">
    <p class='ocr_par' dir='ltr' id='par_1_93' title="bbox 2188 5700 3767 5780">
     <span class='ocr_line' id='line_1_93' title="bbox 2188 5700 3767 5780; baseline 0.006 -26"><span class='ocrx_word' id='word_1_651' title='bbox 2188 5701 2261 5755; x_wconf 91' lang='lat' dir='ltr'><strong>sit</strong></span> <span class='ocrx_word' id='word_1_652' title='bbox 2307 5715 2376 5756; x_wconf 89' lang='lat' dir='ltr'><strong>an</strong></span> <span class='ocrx_word' id='word_1_653' title='bbox 2424 5700 2607 5756; x_wconf 87' lang='lat' dir='ltr'><strong>adhuc</strong></span> <span class='ocrx_word' id='word_1_654' title='bbox 2647 5701 2798 5756; x_wconf 86' lang='lat' dir='ltr'><strong>vivat</strong></span> <span class='ocrx_word' id='word_1_655' title='bbox 2827 5701 3087 5759; x_wconf 83' lang='lat' dir='ltr'><strong>Tonitrui</strong></span> <span class='ocrx_word' id='word_1_656' title='bbox 3121 5704 3287 5772; x_wconf 90' lang='lat' dir='ltr'><strong>ﬁlius,</strong></span> <span class='ocrx_word' id='word_1_657' title='bbox 3322 5708 3466 5778; x_wconf 73' lang='grc' dir='ltr'><strong>οωρί</strong></span> <span class='ocrx_word' id='word_1_658' title='bbox 3503 5709 3767 5780; x_wconf 88' lang='lat' dir='ltr'><strong>cogitare.</strong></span> 
     </span>
    </p>
   </div>
   <div class='ocr_carea' id='block_1_94' title="bbox 2189 5790 3770 5864">
    <p class='ocr_par' dir='ltr' id='par_1_94' title="bbox 2189 5790 3770 5864">
     <span class='ocr_line' id='line_1_94' title="bbox 2189 5790 3770 5864; baseline 0.008 -19"><span class='ocrx_word' id='word_1_659' title='bbox 2189 5790 2325 5846; x_wconf 79' lang='lat' dir='ltr'><strong>Nam</strong></span> <span class='ocrx_word' id='word_1_660' title='bbox 2375 5792 2478 5846; x_wconf 86' lang='lat' dir='ltr'><strong>etsi</strong></span> <span class='ocrx_word' id='word_1_661' title='bbox 2513 5793 2790 5848; x_wconf 87' lang='lat' dir='ltr'><strong>utrumvis</strong></span> <span class='ocrx_word' id='word_1_662' title='bbox 2837 5795 2963 5864; x_wconf 85' lang='lat' dir='ltr'><strong>quis</strong></span> <span class='ocrx_word' id='word_1_663' title='bbox 3011 5795 3234 5864; x_wconf 82' lang='lat' dir='ltr'><strong>dixerit,</strong></span> <span class='ocrx_word' id='word_1_664' title='bbox 3271 5814 3301 5855; x_wconf 85' lang='lat' dir='ltr'><strong>a</strong></span> <span class='ocrx_word' id='word_1_665' title='bbox 3350 5801 3476 5858; x_wconf 82' lang='lat' dir='ltr'><strong>sinu</strong></span> <span class='ocrx_word' id='word_1_666' title='bbox 3514 5802 3770 5860; x_wconf 74' lang='lat' dir='ltr'><strong>Ecclesia:</strong></span> 
     </span>
    </p>
   </div>
   <div class='ocr_carea' id='block_1_95' title="bbox 561 5879 3222 5982">
    <p class='ocr_par' dir='ltr' id='par_1_95' title="bbox 561 5879 3222 5982">
     <span class='ocr_line' id='line_1_95' title="bbox 561 5879 3222 5982; baseline 0.003 -25"><span class='ocrx_word' id='word_1_667' title='bbox 561 5911 576 5975; x_wconf 62' lang='grc' dir='ltr'><strong>ξ</strong></span> <span class='ocrx_word' id='word_1_668' title='bbox 610 5905 1149 5979; x_wconf 72' lang='lat' dir='ltr'><strong>Georgiocontradtxit</strong></span> <span class='ocrx_word' id='word_1_669' title='bbox 1182 5903 1442 5982; x_wconf 77' lang='lat' dir='ltr'><strong>cardinalis</strong></span> <span class='ocrx_word' id='word_1_670' title='bbox 1481 5905 1738 5958; x_wconf 86' lang='lat' dir='ltr'><strong>Bessarion</strong></span> <span class='ocrx_word' id='word_1_671' title='bbox 1760 5906 1897 5959; x_wconf 78' lang='lat' dir='ltr'><strong>hunc</strong></span> <span class='ocrx_word' id='word_1_672' title='bbox 1918 5879 2147 5959; x_wconf 76' lang='lat' dir='ltr'><strong>eumdem</strong></span> <span class='ocrx_word' id='word_1_673' title='bbox 2170 5908 2332 5958; x_wconf 88' lang='lat' dir='ltr'><strong>locum</strong></span> <span class='ocrx_word' id='word_1_674' title='bbox 2371 5919 2646 5969; x_wconf 78' lang='lat' dir='ltr'><strong>exponens.</strong></span> <span class='ocrx_word' id='word_1_675' title='bbox 2674 5907 2796 5966; x_wconf 77' lang='lat' dir='ltr'><strong>Vide</strong></span> <span class='ocrx_word' id='word_1_676' title='bbox 2819 5911 3088 5978; x_wconf 84' lang='lat' dir='ltr'><strong>supra_eol.</strong></span> <span class='ocrx_word' id='word_1_677' title='bbox 3113 5911 3222 5966; x_wconf 74' lang='grc'><strong>623.</strong></span> 
     </span>
    </p>
   </div>
  </div>
