4098 6406
418 403 531 470 869

1198 403 1280 464 IN
1328 403 1593 478 ILLUD,
1642 415 1659 449 ι
1700 402 1814 464 SIC
1856 399 2054 464 veLo
2097 372 2266 464 EUM
2307 400 2656 477 MANERE,
2700 413 2716 448 ι
2763 401 2922 463 ETC.

3595 407 3710 469 £70

427 540 534 579 non
577 521 820 578 recedat.
856 520 974 577 Non
1016 521 1164 576 enim
1197 519 1282 575 vel
1313 529 1495 574 morte
1531 520 1614 573 vel
1651 519 1758 573 vita
1785 519 2015 574 Joannis
2046 540 2087 594 Α
2120 518 2352 587 poribus
2389 519 2744 573 miseratione
2771 519 2956 574 divina
2988 526 3157 581 tenet,
3186 529 3372 591 posset
3405 522 3702 578 ostendere

427 616 558 671 salvi
588 613 716 668 facti
754 628 966 677 sumus,
999 628 1098 669 nec
1127 611 1364 666 alterum
1402 618 1593 680 aperte
1627 610 1706 664 sic
1736 611 1788 663 in
1831 610 2010 663 Evan-

425 709 566 778 gelio
613 707 819 761 dicitur
854 716 915 760 ut
953 707 1188 760 alterum
1225 702 1452 758 credere
1498 703 1656 756 nefas
1690 703 1782 756 sit.
1835 702 2011 756 llabet

427 809 604 853 tamen
663 797 1017 867 investigatio
1067 796 1145 850 rei
1197 795 1366 866 hujus
1403 809 1512 847 non
1553 809 1744 863 parum
1796 791 2011 846 fructus

426 892 469 946 si
519 906 627 944 non
671 890 1028 944 contentione
1078 888 1361 952 vincendi,
1414 886 1507 941 sed
1546 885 1793 940 veritatis
1823 899 2011 938 amore

431 981 752 1050 inquiritur.
780 979 922 1034 Cum
953 979 1101 1032 enim
1139 975 1459 1046 investigari
1493 986 1643 1028 recte
1691 989 1799 1027 non
1843 974 2012 1042 possit

429 1073 535 1128 nisi
588 1089 685 1142 per
737 1071 1116 1142 Evangelium,
1171 1083 1312 1138 Opus
1360 1079 1469 1133 est,
1508 1069 1641 1120 dum
1689 1065 2010 1135 qua-rimus,

432 1166 711 1236 Evangelii
743 1166 912 1219 verba
937 1164 1138 1233 saepius
1169 1172 1441 1232 repetere.
1469 1161 1522 1215 ld
1559 1176 1666 1215 non
1693 1161 1869 1214 solum
1895 1159 2014 1212 ani-

433 1271 578 1309 mum
599 1256 668 1308 ab
691 1255 815 1308 aliis
836 1253 1263 1323 cogitationibus
1288 1250 1582 1314 abstrahit,
1604 1251 1697 1306 sed
1725 1259 1782 1304 et
1802 1250 1870 1303 ad
1896 1250 2014 1317 api-

390 1343 394 1346 ’
433 1364 551 1403 cem
591 1349 766 1416 ipsum
793 1357 1109 1401 sanctarum
1139 1345 1454 1399 litterarutn
1484 1343 1732 1410 impellit.
1765 1342 2012 1404 Accedit,

434 1439 615 1508 utqui
656 1439 769 1492 haec
819 1437 1064 1492 faciliora
1099 1446 1156 1491 et
1205 1439 1265 1490 in
1311 1437 1514 1506 quibus
1561 1451 1670 1489 non
1724 1449 2017 1504 possumus

437 1548 563 1588 cum
613 1543 818 1586 aeterna
861 1531 1111 1601 pernicie
1161 1531 1327 1584 animi
1376 1544 1586 1592 errare,
1624 1537 1927 1589 scrutatur,
1973 1529 2018 1582 is

435 1626 834 1679 cxcrritatione
888 1623 998 1693 jam
1067 1624 1269 1694 ingenii
1327 1623 1499 1691 gradu
1558 1623 1684 1677 hinc
1743 1622 1889 1676 facto
1953 1623 2018 1675 ad

437 1720 630 1772 altiora
662 1718 911 1773 securior
955 1718 1125 1786 possit
1155 1718 1548 1772 conscendere.

511 1809 622 1864 lloc
664 1819 846 1862 autem
873 1818 928 1864 et
960 1809 1062 1877 ipsi
1100 1809 1332 1862 salutem
1370 1809 1664 1861 allaturum
1699 1815 1858 1861 estet
1885 1806 2020 1861 alios

2118 610 2171 664 id
2208 626 2275 665 ex
2323 627 2470 665 nunc
2518 619 2714 680 sponte
2751 605 2975 680 totoque
3003 613 3208 677 animo,
3246 629 3468 680 revoco,
3519 615 3703 686 ejicio,

2119 718 2338 772 respuo,
2382 713 2437 756 et
2492 705 2636 757 sicut
2671 719 2776 758 non
2836 705 3039 758 dictum
3092 704 3282 759 haberi
3334 707 3602 776 supplico.
3649 707 3705 762 ld

2116 797 2281 847 modo
2317 795 2408 848 hic
2457 796 2690 860 dictum,
2737 796 2891 865 quasi
2934 796 3140 851 dictum
3192 797 3246 851 in
3281 799 3538 852 omnibus
3569 813 3708 852 esse
3795 836 3802 842 ν

2116 887 2281 940 velim
2318 903 2439 956 qua:
2468 897 2562 941 ant
2593 888 2780 942 Graece
2805 896 2899 941 aut
2929 887 3121 943 Latine
3149 889 3299 960 attigi
3328 899 3386 943 ut
3416 891 3706 959 attingam.

2117 977 2174 1031 ln
2193 978 2375 1031 animo
2393 979 2540 1032 enim
2557 990 2668 1040 est,
2696 979 2796 1034 nisi
2818 980 2900 1032 vel
2929 991 3184 1035 senectus
3212 983 3597 1046 retardaret-it,
3618 982 3705 1036 vel

2115 1069 2400 1137 :egrotatio
2424 1069 2758 1138 impedierit,
2791 1071 2874 1124 vel
2905 1073 3153 1124 tenuium
3196 1072 3538 1125 fortunarum
3565 1087 3705 1127 con-

2117 1159 2256 1214 ditio
2292 1160 2654 1223 revocaverit,
2685 1161 2984 1215 nonnullos
3019 1163 3316 1230 Scriptura:
3350 1163 3498 1218 locos
3542 1175 3707 1232 prout

2118 1251 2262 1306 Deus
2301 1252 2565 1322 aspirabit
2612 1265 2872 1332 tractare.
2927 1254 3032 1307 Sed
3084 1255 3222 1308 alios
3277 1254 3501 1322 quidem
3551 1255 3705 1318 alias,

2119 1359 2270 1397 nunc
2299 1355 2479 1398 autem
2517 1345 2689 1415 ipsius
2729 1345 2958 1400 Joannis
2992 1345 3060 1399 de
3101 1361 3210 1414 quo
3251 1345 3456 1399 dicturi
3491 1361 3707 1411 sumus,

2122 1435 2524 1490 intercessione
2573 1436 2723 1500 freti,
2777 1437 3261 1506 quaestiunculam,
3306 1455 3421 1506 quae
3456 1453 3484 1491 a
3525 1438 3709 1492 verbis

2124 1528 2407 1597 Evangelii
2431 1529 2698 1598 originem
2735 1529 2951 1583 trahere
2979 1531 3217 1594 videtur,
3246 1529 3508 1592 dilucide,
3534 1546 3711 1599 quan-

2127 1628 2240 1672 tum
2281 1617 2427 1672 Deus
2457 1619 2769 1682 donaverit,
2806 1631 3038 1674 tractare
3079 1622 3423 1674 conabimur.

2196 1709 2407 1781 Saepius
2456 1723 2576 1781 post
2632 1717 3096 1768 resurrectionem
3150 1714 3388 1768 diversis
3442 1715 3710 1769 Dominus

2125 1803 2303 1858 modis
2335 1806 2590 1874 apparuit
2629 1806 2939 1876 discipulis,
2986 1816 3043 1861 et
3093 1808 3292 1877 smpius
3325 1824 3450 1864 cum
3482 1809 3615 1878 ipsis
3653 1819 3711 1863 et

440 1903 504 1954 ad
544 1918 822 1956 sacrarum
853 1901 1162 1956 litterarum
1195 1901 1378 1955 studia
1411 1903 1610 1970 poterit
1644 1914 2014 1955 commovere.
2054 1901 2096 1958 Β
2125 1896 2363 1951 contedit
2410 1906 2465 1952 et
2501 1899 2656 1959 bibit,
2685 1898 2826 1953 latus
2855 1915 3077 1968 quoque
3123 1910 3179 1955 et
3218 1917 3410 1956 manus
3436 1913 3489 1955 et
3517 1901 3708 1970 pedes,

443 1994 712 2053 Primum,
744 1994 1001 2062 quoniam
1054 1993 1098 2049 si
1148 1994 1274 2062 quis
1307 1992 1524 2046 divinas
1568 1992 1781 2046 litteras
1825 1992 2027 2045 crebro

433 2093 491 2139 et
523 2100 647 2138 cum
699 2084 802 2139 fide
833 2085 1062 2148 lectitat,
1096 2085 1223 2139 huic
1272 2085 1358 2139 via
1393 2084 1584 2138 salutis
1614 2084 1666 2137 in
1708 2084 1824 2137 dies
1856 2083 2028 2152 magis

448 2176 738 2248 magisque
795 2177 1087 2248 aperitur;
1145 2177 1405 2239 alterum,
1467 2175 1597 2244 quia
1666 2174 1795 2228 licet
1846 2174 2027 2226 omnia

439 2269 732 2322 doctorum
791 2268 1050 2322 Ecclesia:
1105 2266 1413 2337 diligentia,
1471 2267 1576 2320 hoc
1631 2274 1739 2330 est,
1791 2264 2030 2333 Spiritus

439 2360 615 2416 sancti
655 2360 830 2434 gratia
864 2359 1010 2413 unde
1043 2359 1226 2412 omnia
1257 2358 1397 2412 dona
1439 2357 1722 2427 profluunt
1763 2358 1897 2411 satis
1930 2371 2030 2425 pa-

443 2462 618 2517 teant,
649 2461 828 2505 tamen
867 2459 922 2505 et
952 2466 1093 2505 nova
1127 2464 1358 2519 quaeque
1391 2448 1670 2503 delectant
1696 2456 1753 2501 et
1782 2447 2029 2516 legentes

439 2547 506 2600 ad
538 2545 980 2616 frequentiorem
1011 2542 1129 2614 ipsa
1154 2543 1399 2597 novitate
1433 2541 1682 2595 alliciunt
1710 2541 2026 2593 lectionem.

438 2635 646 2692 Crebra
678 2645 861 2689 autem
925 2634 1120 2687 harum
1155 2647 1342 2688 rerum
1387 2631 1552 2686 lectio
1590 2631 1898 2684 animorum
1947 2637 2031 2681 est

441 2729 600 2783 cibus
644 2741 752 2796 quo
797 2725 1063 2780 adversus
1098 2724 1414 2794 voluptates
1451 2722 1877 2776 corroboramur
1902 2734 2028 2773 car-

441 2818 554 2873 nis.
588 2818 742 2872 Adde
776 2815 924 2886 quod
974 2815 1207 2885 abyssus
1247 2829 1348 2868 nec
1377 2811 1611 2882 simplex
1657 2813 1752 2866 sed
1803 2810 2027 2880 duplex,

441 2914 627 2969 divina
655 2911 941 2981 Scriptura
969 2920 1076 2973 est,
1106 2908 1150 2961 si
1180 2906 1269 2961 cui
1319 2905 1496 2975 placet
1540 2903 1676 2958 illud
1729 2903 2030 2958 Psalmistte

443 3009 514 3065 ad
583 3017 741 3062 vetus
795 2989 1192 3072 nonnunquam
1266 2998 1518 3054 conferre
1587 2997 2025 3062 Testamentum,

444 3103 590 3175 quod
624 3099 940 3156 Creatorem
979 3091 1382 3165 magnitudine,
1431 3088 1790 3143 multitudine
1839 3088 2030 3142 altitu-

446 3195 688 3263 dineque
715 3205 900 3246 rerum
927 3185 1350 3242 admirationem
1376 3182 1716 3252 compulsus,
1743 3179 2024 3236 exclama-

2131 2004 2240 2044 nou
2270 1990 2448 2046 oculis
2491 1992 2690 2059 solum,
2719 2009 2910 2047 verum
2954 1995 3122 2049 etiam
3161 1995 3329 2049 tactui
3386 1996 3606 2062 obtulit,
3652 2007 3713 2051 ut

2133 2082 2376 2152 undique
2433 2085 2687 2140 eumdem
2722 2085 2959 2155 seipsum
3000 2102 3121 2142 esse
3166 2088 3582 2143 dmmonstraret
3615 2089 3712 2157 qui

2129 2185 2469 2242 surrexerat,
2499 2178 2593 2246 qui
2623 2178 2924 2234 crucifixus
2955 2179 3157 2246 fuerat,
3199 2181 3404 2251 quique
3431 2192 3556 2237 ante
3587 2199 3714 2253 pas-

2129 2267 2337 2324 sionem
2370 2285 2492 2324 cttm
2519 2271 2626 2324 illis
2655 2271 3108 2328 conversabatur.
3141 2274 3368 2329 Demum
3404 2277 3709 2332 secundum

2129 2362 2358 2417 Joannis
2394 2361 2746 2432 Evangelium
2778 2366 3034 2433 apparuit
3067 2364 3231 2422 Jesus
3268 2368 3322 2422 in
3372 2369 3560 2424 littore
3601 2372 3714 2426 illis

2130 2454 2495 2523 piscantibus,
2529 2455 2999 2527 interrogavitque
3031 2460 3075 2516 si
3111 2460 3417 2530 quidquam
3452 2464 3710 2532 pulmen-

2135 2545 2259 2599 tarii
2285 2547 2569 2602 baberent.
2597 2548 2810 2615 Quibus
2834 2551 3163 2620 negantibus
3185 2553 3355 2623 jussit
3387 2554 3442 2608 in
3465 2554 3712 2610 dextram

2132 2636 2336 2707 navigii
2374 2648 2586 2709 partem
2630 2651 2745 2696 rete
2792 2648 3128 2708 immittere;
3161 2661 3272 2716 quo
3313 2647 3456 2702 facto
3489 2662 3712 2705 centum

2131 2741 2187 2786 ct
2220 2733 2622 2804 quinquaginta
2668 2743 2780 2789 tres
2823 2751 3050 2805 magnos
3105 2739 3296 2806 piscati
3349 2740 3526 2810 pisces
3558 2754 3714 2796 sunt.

2133 2824 2529 2894 Quodquidem
2557 2825 2622 2880 ad
2651 2824 2889 2880 futuram
2914 2838 3232 2883 sanctorum
3261 2833 3500 2901 quietem
3530 2850 3714 2889 saera-

2132 2913 2446 2968 tnentaliter
2502 2915 2822 2984 pertinere,
2877 2918 3233 2988 perspicuum
3293 2931 3396 2976 est.
3456 2924 3592 2978 Nam
3659 2937 3718 2981 et

2132 3006 2453 3076 magnitudo
2487 3017 2544 3061 et
2585 3008 2884 3063 multitudo
2926 3021 2982 3065 et
3017 3027 3284 3068 numerus
3326 3017 3555 3083 piscium
3595 3034 3716 3073 (ιε-γη

2134 3106 2223 3151 tus
2255 3107 2311 3152 et
2345 3098 2541 3153 tractio
2575 3113 2766 3153 eorum
2799 3114 2897 3170 per
2933 3101 3132 3160 ﬂuctus
3163 3107 3349 3173 maris,
3397 3112 3614 3164 tandem
3648 3117 3717 3165 ad

2136 3188 2325 3244 littora
2373 3191 2568 3258 tutior,
2616 3200 2674 3247 et
2717 3192 3086 3250 ducentorum
3130 3213 3160 3251 a
3192 3199 3375 3254 littore
3402 3202 3714 3258 cubitorum

448 3289 562 3343 vit:
592 3249 878 3356 iAbyssus
893 3282 1154 3352 abyssum
1181 3278 1403 3334 invocat
1420 3276 1488 3330 ad
1517 3288 1707 3330 vocem
1734 3280 2034 3328 cataracta-
2061 3249 2104 3308 θ
2138 3281 2397 3342 distantia
2430 3292 2486 3336 et
2530 3282 2585 3336 in
2619 3282 2875 3339 dextrum
2910 3289 3043 3341 retis
3069 3288 3335 3345 demissio
3369 3303 3426 3347 et
3458 3304 3720 3362 septena-

448 3398 570 3436 rum
591 3389 831 3434 tuarum.
858 3394 876 3428 ι
903 3375 1117 3431 Veteris
1132 3372 1280 3426 enim
1307 3366 1645 3424 Testamenti
1673 3381 1773 3437 per
1797 3366 2032 3436 gratiam

453 3473 756 3531 Salvatoris
817 3469 1015 3539 abysso
1058 3465 1351 3536 patefacta,
1399 3471 1458 3516 et
1499 3461 1622 3514 velo
1672 3459 1860 3528 templi
1899 3459 2033 3528 (quo

449 3566 883 3640 prohibebantur
913 3560 1181 3615 interiora
1215 3556 1554 3626 prospicere)
1596 3566 1694 3621 per
1722 3565 1878 3604 suam
1912 3564 2035 3619 pas-

456 3665 664 3718 sionem
698 3659 890 3719 scisso,
931 3651 1188 3706 invocata
1219 3647 1417 3702 elIudit
1445 3659 1505 3700 se
1533 3643 1661 3697 novi
1693 3641 2030 3698 Testamenti

455 3756 703 3826 abyssus,
735 3758 793 3804 et
834 3745 1096 3801 excitavit
1126 3755 1316 3795 vocem
1368 3745 1768 3792 cataractarum
1813 3732 1932 3799 Dei,
1978 3731 2033 3786 id

454 3852 542 3898 est
563 3837 1047 3908 evangelistarum,
1084 3828 1464 3900 apostolorum
1495 3827 1894 3894 doctorumque
1918 3839 2036 3878 om-

449 3935 604 3989 nium
639 3928 918 3985 Ecclesiae.
960 3924 1016 3979 Si
1043 3937 1175 3993 ergo
1201 3921 1504 3990 Scriptura:
1533 3917 1771 3973 altitudo
1801 3917 2034 3989 abyssus

449 4036 534 4084 est
567 4037 784 4095 magna,
831 4033 1112 4088 nunquam
1147 4014 1386 4069 deerunt
1420 4025 1548 4066 cum
1594 4010 1714 4065 zelo
1746 4009 1906 4064 nobis
1940 4023 2034 4064 ve-

449 4125 670 4180 ritatem
728 4117 1062 4174 rimantibus
1113 4129 1237 4186 quae
1283 4127 1412 4168 cum
1457 4111 1697 4166 utilitate
1749 4107 2033 4166 communi

460 4214 895 4274 eonscribamus.
929 4209 1113 4279 .Cujus
1154 4207 1236 4262 rei
1273 4219 1563 4260 excessum
1603 4217 1667 4257 ac
1702 4199 2036 4273 magnitudi-

455 4327 583 4366 nem
628 4304 983 4376 Evangelium
1021 4298 1369 4372 signiﬁcasse
1390 4296 1643 4363 videtur,
1679 4294 1776 4348 ubi
1809 4293 2036 4357 dicitur,

455 4404 569 4459 Nec
600 4400 862 4454 mundum
899 4393 1123 4465 quidem
1161 4392 1360 4462 ipsum,
1396 4390 1440 4444 si
1465 4388 1682 4459 singula
1715 4403 1838 4456 qua:
1869 4387 2036 4442 Jesus

452 4495 586 4550 fecit
611 4491 1123 4549 conscriberentur,
1147 4483 1327 4538 videri
1358 4491 1674 4552 capturum.
1707 4479 1789 4533 Ad
1825 4479 2035 4534 sancti-

2137 3375 2255 3428 rius
2278 3374 2682 3443 discipulorum
2709 3390 2996 3445 numerus,
3022 3378 3138 3434 haec
3166 3383 3350 3437 omnia
3382 3401 3488 3438 non
3514 3389 3722 3457 absque

2136 3483 2336 3536 magno
2367 3467 2628 3538 mysterio
2680 3467 2976 3540 diligenter
3024 3484 3322 3529 narrantur
3367 3487 3424 3531 et
3479 3479 3720 3535 futuram

2140 3558 2536 3627 triumphantis
2585 3560 2845 3617 Ecclesiae
2875 3578 3001 3617 cum
3045 3564 3278 3641 Domino
3325 3569 3494 3624 vitam
3528 3587 3720 3642 aperte

2138 3650 2450 3722 significare
2483 3651 2760 3708 videntur.
2795 3655 2928 3710 Erat
2964 3654 3020 3710 id
3066 3670 3216 3713 certe
3252 3674 3412 3714 suum
3443 3662 3594 3718 illius
3620 3669 3716 3734 qui

2137 3744 2261 3814 plus
2311 3744 2434 3798 aliis
2465 3745 2756 3800 amabatur
2805 3762 2836 3801 a
2881 3746 3106 3804 Christo
3142 3751 3238 3821 qui
3273 3751 3326 3805 in
3369 3751 3718 3814 Dominicqu

2137 3845 2332 3908 peetus
2376 3837 2628 3892 incubuit
2667 3849 2726 3894 et
2770 3839 2901 3896 inde
2931 3840 3114 3896 hausit
3167 3843 3596 3913 profundissima
3629 3864 3725 3903 sa~

2138 3939 2418 3986 cramenta
2461 3931 2550 3985 cui
2583 3931 2808 3987 Matrem
2843 3933 2996 3989 orbis
3027 3933 3306 3992 dominam
3353 3937 3472 4008 ipse
3536 3937 3724 3997 Domi-

2139 4040 2246 4080 nus
2286 4025 2528 4080 moriens
2555 4025 2989 4094 commendavit,
3023 4035 3082 4080 ut
3115 4028 3579 4098 quemadmodum
3613 4035 3726 4088 ini-

2141 4117 2278 4173 tium
2310 4115 2589 4188 Evangelii
2617 4116 2702 4172 sui
2736 4120 2790 4173 in
2824 4129 3031 4174 aeterna
3060 4122 3418 4189 generatione
3467 4125 3591 4181 Filii
3625 4127 3724 4183 Dei

2139 4209 2389 4266 fundavit
2420 4211 2594 4265 instar
2624 4211 2851 4265 tonitrui
2895 4213 3138 4267 clamans
3171 4230 3185 4268 :
3221 4213 3286 4268 In
3318 4217 3579 4291 principio
3610 4235 3730 4274 erat

2149 4300 2398 4367 Verbum,
2424 4310 2474 4356 et
2509 4301 2737 4357 Verbum
2781 4311 2898 4357 erat
2927 4307 3069 4374 apud
3120 4305 3308 4374 Deum,
3342 4318 3393 4362 et
3434 4312 3571 4365 Deus
3601 4324 3725 4369 erat

2141 4393 2366 4450 Verbum
2397 4395 2518 4450 :sic
2559 4395 2801 4450 culmina
2837 4412 2936 4466 per
2965 4397 3210 4452 futuram
3246 4412 3563 4459 sanetorum
3596 4407 3724 4462 vitae

2141 4485 2430 4557 mysticam
2471 4485 2780 4541 orationem
2809 4488 3141 4556 imponeret,
3174 4490 3242 4544 ad
3271 4507 3436 4563 quam
3467 4504 3524 4548 ut
3551 4496 3725 4549 tutius

453 4597 618 4643 tatem
668 4592 852 4638 autem
896 4589 1044 4633 tuam
1081 4584 1137 4630 et
1185 4590 1306 4644 quae
1357 4589 1504 4628 nunc
1547 4575 1600 4627 in
1634 4575 1736 4628 hac
1787 4571 2034 4642 perfacili
2071 4591 2112 4646 ι)
2143 4577 2282 4631 mari
2313 4565 2515 4648 iactati
2561 4586 2620 4633 et
2673 4580 2860 4642 undis,
2919 4581 3093 4634 sancti
3137 4583 3426 4650 pervenire
3476 4596 3722 4655 possent.

451 4677 778 4749 qua’stione,
823 4671 1028 4726 auxilio
1068 4669 1188 4740 ejus
1225 4667 1384 4738 cujus
1420 4675 1474 4721 tu
1514 4667 1569 4719 in
1603 4664 1764 4720 terris
1793 4663 2032 4718 vicarius

455 4789 540 4837 es,
563 4779 621 4826 et
642 4775 830 4839 postea
859 4778 980 4833 quae
1025 4759 1378 4824 dictabimus,
1416 4756 1611 4811 merito
1637 4754 1904 4811 mittenda
1935 4770 2036 4824 pu-

449 4867 691 4923 tavimus
725 4879 739 4917 :
781 4875 851 4916 ne
882 4859 1013 4913 dum
1055 4855 1311 4911 volumus
1353 4862 1408 4908 et
1451 4852 1612 4907 nobis
1639 4859 1694 4906 et
1745 4851 1866 4905 aliis
1904 4864 2034 4919 pro-

452 4961 637 5022 desse,
691 4955 747 5009 in
799 4955 1056 5022 laqueum
1087 4947 1424 5003 dilabantur.
1467 4945 1524 4998 Id
1569 4943 1717 4998 enim
1760 4950 1818 4997 et
1851 4940 2037 4996 fuitet

454 5061 537 5108 est
588 5059 645 5105 et
683 5047 868 5102 divina
912 5049 1186 5114 praesente
1243 5039 1413 5110 gratia
1462 5036 1570 5092 erit
1622 5049 1842 5105 semper
1897 5032 2034 5086 mihi

459 5145 689 5200 insitutn
733 5149 790 5194 et
834 5135 1197 5208 propositum,
1240 5135 1478 5186 mortem
1529 5138 1719 5198 Optare
1764 5128 1946 5198 potius
1981 5135 2040 5181 ct

458 5237 670 5293 exitu-tn
710 5231 875 5300 hujus
923 5227 1071 5294 vitae,
1116 5240 1282 5296 quam
1320 5221 1554 5292 aliquid,
1588 5235 1701 5274 non
1743 5221 1870 5276 dico
1902 5218 2040 5274 scri-

455 5315 593 5386 bere
611 5333 705 5380 aut
729 5325 940 5386 dicere,
975 5320 1069 5376 sed
1098 5335 1167 5373 ne
1195 5317 1438 5386 cogitare
1469 5312 1714 5383 quidem,
1737 5311 1881 5382 quod
1908 5325 2040 5380 apo-

456 5420 662 5478 stolieae
691 5407 960 5474 doctrinzie
989 5426 1054 5467 ac
1083 5410 1346 5466 Ecclesia:
1369 5407 1488 5473 Dei,
1513 5406 1671 5477 cujus
1693 5413 1752 5460 tu
1780 5405 2040 5475 princeps

455 5529 538 5578 cs,
577 5523 887 5582 repugnare
935 5505 1212 5560 videatur.
1253 5499 1434 5567 Quare
1472 5499 1516 5554 si
1546 5500 1687 5554 forte
1715 5513 1907 5568 parum
1941 5498 2041 5553 ad-

456 5603 750 5666 v'ertendo,
800 5596 1008 5668 aliquid
1057 5593 1395 5665 huiusmodi,
1431 5599 1527 5646 aut
1569 5592 1731 5646 etiam
1767 5605 1835 5645 ex
1882 5589 2038 5659 igno-

451 5698 654 5763 rantia,
711 5691 1059 5768 scripserim,
1098 5686 1356 5751 dixerint,
1389 5683 1772 5756 cogitaverim,
1835 5692 1932 5740 aut
1981 5682 2041 5738 in

451 5791 700 5865 futurum
738 5785 1038 5856 scripsero,
1075 5783 1288 5849 dixero,
1323 5783 1661 5852 cogitavero,
1694 5776 1844 5848 quod
1879 5790 2042 5832 aures

451 5881 764 5938 sanctitatis
797 5891 904 5934 tu;e
934 5893 1056 5950 quae
1089 5877 1242 5949 regni
1275 5875 1540 5933 emlorum
1565 5872 1746 5931 claves
1780 5872 1868 5929 his
1895 5881 2037 5930 tem-

2093 4666 2332 4752 .Petrus
2384 4676 2568 4723 autem
2613 4670 2834 4738 quando
2881 4671 2983 4743 ipsi
3030 4673 3212 4728 claves
3265 4676 3420 4744 regni
3457 4678 3723 4733 caelorum

2137 4759 2539 4816 commendatae
2587 4759 2851 4827 fuerunt,
2917 4762 3179 4818 Ecclesiae
3231 4765 3402 4820 totius
3469 4766 3726 4837 princeps

2137 4853 2493 4919 constitutus,
2541 4855 2786 4924 apertius
2827 4863 2958 4910 tunc
3005 4857 3092 4912 vel
3127 4859 3438 4913 restituitur
3470 4861 3550 4914 vel
3595 4874 3728 4914 can-

2139 4944 2408 5000 firmatur.
2447 4945 2585 5002 Nam
2637 4962 2709 5003 ne
2743 4945 2884 5002 forte
2927 4948 3150 5019 aliquis,
3207 4952 3466 5020 quoniam
3505 4962 3586 5007 ter
3620 4953 3727 5007 Du-

2139 5039 2351 5092 rninum
2380 5047 2694 5113 negaverat,
2745 5039 2998 5096 amisisse
3040 5043 3219 5112 ipsum
3264 5039 3530 5097 Ecclesiae
3571 5045 3728 5113 prin-

2141 5133 2382 5200 cipatum
2439 5139 2681 5202 putaret,
2745 5139 2829 5187 ter
2878 5133 3254 5204 interrogatur
3311 5151 3380 5190 an
3430 5137 3724 5192 Dominum

2143 5233 2389 5287 amaret,
2421 5222 2516 5292 qui
2549 5223 2722 5278 multo
2751 5223 3076 5294 prudentior
3097 5225 3210 5295 jam
3237 5233 3405 5295 atque
3436 5227 3727 5281 sublimior

2142 5315 2316 5385 gratia
2365 5313 2685 5380 Salvetoris,
2721 5330 2832 5369 non
2873 5313 3100 5370 eﬂ'ertur
3149 5319 3602 5387 praesumptione,
3656 5335 3726 5373 ne

2145 5423 2368 5464 rursum
2419 5408 2713 5478 negatione
2758 5419 3225 5477 prosterneretur,
3256 5425 3326 5464 ne
3375 5410 3636 5482 lacrymis
3673 5422 3732 5466 et

2143 5517 2332 5558 amaro
2356 5501 2486 5556 ﬂetu
2522 5503 2723 5556 iterum
2756 5501 2858 5555 sibi
2888 5500 2955 5555 ad
2987 5501 3410 5571 propellendum
3447 5504 3728 5575 piaculum

2143 5611 2283 5665 Opus
2317 5603 2484 5661 esset,
2521 5595 2616 5650 sed
2661 5593 2750 5666 pia
2787 5595 3136 5650 confessione
3187 5611 3375 5652 amare
3415 5597 3638 5667 quidem
3666 5613 3729 5652 se

2145 5689 2311 5742 tertio
2337 5687 2642 5757 respondit,
2664 5687 2758 5744 sed
2795 5687 2927 5757 quid
2963 5697 3195 5753 amaret,
3231 5689 3414 5759 ipsum
3450 5689 3594 5744 scire
3631 5693 3730 5752 ait,

2143 5780 2233 5834 cui
2263 5779 2396 5833 nihil
2437 5789 2619 5850 potest
2644 5794 2767 5835 esse
2792 5781 3102 5836 occultum.
3135 5779 3229 5838 Sic
3272 5780 3541 5837 Dominus
3575 5791 3732 5840 terna

2146 5873 2601 5946 interrogatione,
2637 5883 2902 5945 ternaque
2929 5873 3076 5930 Petri
3107 5875 3454 5932 confessione
3485 5866 3731 5942 amandi,
