4098 6420
503 387 601 454 δτι

1709 387 2027 449 GEORGII
2072 387 2588 452 TRAPEZUNTII

3652 393 3752 460 872

508 514 666 561 terne
695 503 911 560 curavit
970 503 1278 576 negationis
1307 503 1504 560 vulnus
1551 503 1720 575 quod,
1778 504 1906 560 lletn
1945 503 2089 559 Petri
2120 509 2171 568 Α
2200 505 2469 561 lirmando
2521 519 2780 576 expresse
2832 505 3095 561 dixerunt
3147 497 3209 561 ut
3253 521 3414 564 nemo
3468 507 3754 581 ambigeret

510 603 764 653 sanatum
798 594 864 649 ad
897 594 1210 651 cicatricem
1257 610 1435 666 usque
1473 595 1822 666 productum,
1854 594 2080 649 creden-

508 690 636 744 dum
683 696 788 743 est.
840 686 999 742 Tunc
1043 687 1191 742 enim
1249 687 1698 759 interrogationis
1737 688 1890 741 illius
1922 689 1973 741 vi
2024 696 2084 742 et

504 779 869 836 confessionis
890 779 1098 834 virtute
1136 779 1474 845 humillimis,
1514 779 1827 835 cicatricem
1860 793 2084 849 quoque

506 872 678 942 ipsam
725 869 990 925 abolitam
1039 876 1202 925 nemo
1248 870 1544 937 dubitavit,
1580 886 1645 927 ac
1698 871 1821 927 ideo
1863 880 1948 926 ter
1978 871 2084 925 sibi

507 970 567 1015 ut
594 977 729 1017 sano
761 962 873 1033 jam
903 969 962 1015 et
996 961 1283 1018 humiliter
1313 973 1502 1033 aperte
1529 963 1952 1018 commendatur
1984 960 2085 1016 Ec-

501 1056 692 1121 clesia,
734 1066 791 1110 ut
822 1063 1008 1125 pascat
1039 1069 1173 1110 oves
1211 1070 1492 1126 agnosque
1521 1054 1763 1121 Domini,
1787 1069 1909 1124 quae
1936 1069 2086 1109 com-

507 1168 537 1199 ιι
559 1147 785 1204 endatio
818 1146 1112 1203 militantis
1132 1147 1396 1203 Ecclesiae
1422 1146 1585 1201 Petro
1613 1154 1746 1201 tunc
1771 1144 1936 1211 facta,
1960 1159 2086 1200 suc—

503 1240 829 1296 eessoribus
859 1239 1037 1295 etiam
1087 1224 1209 1295 suis
1257 1238 1401 1293 facta
1446 1240 1820 1308 cognoscitur.
1854 1236 2087 1308 Oportet

504 1331 680 1398 enim,
709 1331 855 1387 sicut
887 1344 1019 1385 oves
1043 1330 1279 1400 agnique
1309 1339 1545 1396 veteres,
1584 1329 1840 1385 videlicet
1872 1330 1925 1384 in
1957 1328 2084 1396 fide,

504 1431 671 1493 atque
703 1421 928 1487 novelli,
983 1420 1051 1475 ad
1096 1420 1241 1475 diem
1293 1434 1469 1491 usque
1499 1420 1770 1476 adventus
1819 1420 1873 1475 in
1912 1419 2084 1491 gloria

510 1515 726 1571 Domini
779 1528 877 1584 per
927 1512 1338 1570 successionem
1388 1513 1638 1568 duraturi
1684 1522 1836 1578 sunt,
1889 1512 2082 1567 eodem

509 1608 698 1678 utique
749 1606 912 1661 modo
966 1604 1125 1659 illum
1168 1619 1494 1674 permanere
1539 1604 1626 1660 cui
1678 1603 2084 1660 commendatio

504 1700 644 1755 facta
677 1706 782 1754 est.
818 1696 1125 1754 Universali
1158 1712 1290 1765 ergo
1322 1696 1580 1752 Ecclesia:
1609 1696 1773 1751 Petro
1800 1696 2084 1767 prOposito

504 1794 773 1848 decenter
826 1806 978 1846 mors
1010 1805 1233 1861 quoque
1290 1789 1394 1844 sibi
1450 1789 1791 1860 prxdicitur,
1840 1798 1901 1843 ut
1954 1789 2087 1843 hinc

2192 613 2311 651 eam
2346 611 2569 668 quoque
2618 597 2860 654 Graecam
2908 598 3242 668 particulam
3276 616 3382 656 non
3410 599 3568 656 aliter
3601 616 3753 672 quam

2190 686 2516 744 aﬂirmative
2547 688 2623 743 ibi
2668 687 2902 758 positam
2931 702 3074 743 esse.
3121 673 3228 744 Sed
3264 690 3331 746 de
3362 690 3565 759 duplici
3613 700 3755 761 pote-

2189 789 2330 835 state
2360 781 2406 834 si
2438 780 2753 850 particulae,
2783 780 2948 835 latius
2978 780 3142 837 nobis
3171 780 3227 836 in
3254 783 3378 838 ali's
3419 782 3623 839 dictum
3680 793 3758 838 est

2189 881 2245 927 et
2274 872 2439 943 vulgo
2468 880 2638 942 patet.
2673 872 2807 939 Quis
2837 873 2985 929 enim
3008 887 3117 927 non
3148 873 3373 938 viderit,
3406 874 3557 929 aliud
3594 875 3756 945 signi-

2190 964 2343 1019 ficari
2398 980 2522 1020 cum
2564 965 2804 1030 dicitur,
2861 964 2922 1021 Si
2958 982 3082 1020 amo
3137 973 3209 1030 te,
3256 981 3358 1019 non
3386 965 3606 1020 detraho
3636 967 3756 1030 tibi;

2188 1056 2337 1112 aliud
2372 1074 2386 1112 :
2413 1055 2472 1112 Si
2501 1074 2743 1112 amarem
2771 1066 2838 1121 te,
2867 1074 2972 1111 non
2996 1058 3329 1111 detraherent
3355 1057 3493 1111 tibi?
3521 1056 3755 1112 Alterum

2187 1153 2337 1206 enim
2367 1159 2424 1205 et
2455 1149 2959 1216 ampremallirmat
2986 1163 3042 1205 et
3069 1166 3179 1204 non
3213 1149 3543 1205 detrahendi
3571 1149 3759 1204 volun-

2189 1249 2357 1297 tatem
2379 1239 2690 1304 confirmat.
2713 1241 2948 1297 alterum
2970 1257 3004 1297 e
3024 1240 3251 1312 regione
3271 1256 3520 1296 amorem
3545 1241 3758 1313 quidem

2188 1333 2274 1388 vel
2306 1333 2619 1405 suspendit,
2651 1332 3000 1404 dubiumque
3029 1332 3181 1396 facit,
3201 1332 3289 1388 vel
3322 1332 3548 1403 penitus
3579 1341 3757 1402 negat,

2187 1433 2509 1494 quantoque
2535 1422 2735 1496 (amor)
2772 1424 2947 1495 major
2979 1430 3238 1492 negatur,
3263 1430 3417 1479 tanto
3441 1422 3759 1477 detrahendi

2188 1515 2439 1570 voluntas
2493 1514 2783 1570 asscritur.
2819 1514 2993 1569 Item:
3029 1512 3090 1569 Si
3135 1528 3215 1567 me
3259 1514 3519 1578 audisset,
3567 1512 3760 1566 doctior

2185 1616 2317 1662 esset
2345 1624 2365 1663 :
2396 1607 2711 1674 significant
2743 1606 2890 1663 enim
2919 1621 3028 1660 non
3071 1620 3194 1660 esse
3220 1604 3466 1672 doctum,
3498 1621 3621 1660 cum
3656 1620 3759 1659 non

2185 1700 2447 1756 audierit.
2477 1699 2682 1755 Contra
2710 1717 2725 1755 :
2756 1696 2815 1754 Si
2847 1697 3041 1753 multos
3079 1698 3259 1753 audivi
3289 1698 3489 1764 doctos,
3522 1697 3568 1750 si
3602 1694 3762 1749 multa

2189 1794 2309 1863 legi,
2332 1792 2379 1847 si
2402 1792 2573 1846 multa
2598 1791 2813 1863 scripsi,
2839 1806 2940 1846 cur
2965 1807 3045 1845 me
3070 1790 3380 1861 imperitum
3415 1799 3570 1853 putas
3593 1789 3618 1842 ?
3648 1786 3759 1842 Non

511 1887 680 1942 vitam
733 1885 901 1941 etiam
952 1883 1168 1939 Domini
1222 1883 1638 1953 exprimendam
1696 1897 1798 1952 pro
1850 1881 2084 1948 viribus,
2119 1865 2160 1921 Β
2187 1890 2275 1938 est
2304 1896 2444 1952 opus
2493 1882 2651 1953 plura
2683 1882 2871 1938 dicere
2905 1881 2975 1937 de
3015 1894 3076 1936 re
3109 1879 3570 1950 inanifcsta,-qua
3615 1878 3759 1950 pleni

506 1980 721 2036 duabus
766 1979 1009 2035 disceret
1059 1977 1390 2044 rationibus,
1443 1978 1703 2046 quoniam
1755 1975 2088 2033 universalis

507 2080 694 2143 pastor
727 2078 784 2126 et
813 2070 1056 2125 vicarius
1083 2067 1290 2124 Christi
1332 2068 1646 2138 prxcipuus
1675 2067 1780 2122 fuit
1811 2069 2085 2124 constitu-

506 2172 600 2220 tus
628 2171 684 2217 et
714 2161 976 2233 quoniam
1007 2158 1191 2214 crucis
1224 2158 1477 2229 patibulo
1512 2157 1687 2213 Deum
1726 2166 1851 2212 erat
1879 2157 2088 2228 gloriﬁ-

505 2266 756 2321 caturus,
785 2269 1024 2325 quorum
1074 2252 1308 2308 alterum
1352 2251 1589 2306 trahitur
1617 2266 1682 2307 ex
1720 2251 1915 2307 altero.
1948 2249 2086 2307 Nam

506 2351 551 2404 si
576 2364 683 2403 non
710 2358 793 2402 est
823 2360 1016 2401 servus
1037 2343 1261 2399 domino
1288 2343 1483 2413 major,
1526 2351 1745 2414 oportet
1773 2343 1985 2413 patroni
2008 2344 2085 2399 la-

506 2442 671 2496 bores
701 2440 958 2496 clientem
988 2434 1199 2490 subire.
1234 2434 1303 2490 Et
1349 2434 1445 2505 qui
1485 2434 1705 2490 labores
1739 2434 1947 2490 domini
1988 2450 2085 2490 su-

506 2531 607 2586 mit
646 2524 752 2593 sui,
790 2530 836 2585 is
884 2513 1116 2584 mortem
1167 2543 1275 2583 non
1314 2525 1480 2581 debet
1527 2525 1763 2581 similem
1791 2541 2082 2592 recusare;

512 2640 687 2695 quare
719 2624 850 2677 vita:
880 2635 1100 2694 quoque
1133 2621 1301 2695 totius
1333 2619 1573 2673 imitatio.
1604 2632 1706 2688 pro
1741 2618 1950 2674 viribus
1988 2633 2087 2674 ne-

505 2717 748 2774 ccssaria
796 2727 878 2772 est
935 2732 1060 2787 qua:
1113 2689 1327 2785 liq‘uido
1359 2712 1644 2782 Evangelii
1682 2712 1867 2767 verbis
1899 2712 2086 2783 expri-

505 2812 696 2865 mitur.
759 2808 896 2864 Natn
954 2815 1130 2862 morte
1195 2805 1379 2861 crucis
1435 2803 1759 2858 extensione
1820 2818 2083 2858 manuum

504 2901 611 2957 sub
639 2900 818 2956 oculis
848 2899 993 2957 Petri
1034 2898 1235 2968 posita,
1272 2896 1458 2951 statim
1493 2896 1542 2950 ei
1577 2895 1804 2964 dicitur,
1839 2895 2084 2965 Sequere

506 3008 617 3060 me,
648 2992 703 3047 id
733 3000 840 3054 est,
898 2990 1005 3057 Qui
1055 2998 1232 3043 morte
1272 3002 1358 3042 me
1398 2997 1692 3043 secuturus
1731 3002 1814 3055 es,
1858 2987 2084 3058 vestigia

505 3098 729 3155 quoque
764 3083 990 3139 vivendi
1024 3081 1077 3136 in
1108 3095 1172 3135 ea
1212 3080 1487 3150 sequeris.

576 3174 773 3231 Petrus
805 3173 973 3244 igitur
1009 3172 1304 3227 Dominum
1333 3170 1692 3241 sequebatur,
1718 3168 1963 3240 dumque
1993 3184 2082 3226 se-
2108 3211 2150 3267 ο

504 3272 799 3334 queretur,
828 3259 968 3316 vidit
997 3261 1265 3316 Joannem
1301 3260 1372 3329 (is
1401 3260 1551 3315 enim
1586 3258 1888 3329 discipulus
1914 3274 2079 3329 quem

502 3355 770 3426 diligebat
808 3350 992 3424 Jesus)
1046 3360 1390 3422 sequentem.
1424 3350 1491 3406 Et
1524 3350 1850 3406 curiositate
1880 3349 2085 3406 mentis

506 3447 781 3512 humanm,
802 3459 913 3515 qua
944 3446 1118 3515 magis
1152 3443 1329 3498 aliena
1356 3457 1520 3513 quam
1548 3451 1740 3500 nostra
1760 3443 2082 3513 quszrimus,

504 3536 741 3594 nimium
771 3545 1083 3594 commotus
1108 3539 1239 3609 (non
1282 3539 1431 3592 enim
1474 3543 1594 3592 erat
1639 3534 1825 3592 adhuc
1858 3535 2085 3590 omnino

503 3633 831 3705 perfectus),
860 3629 1074 3686 audeta
1104 3627 1336 3685 Domino
1355 3637 1566 3700 petere,
1594 3643 1701 3700 qua
1725 3638 1903 3684 morte
1919 3627 2083 3683 Joan-

500 3742 604 3783 nes
640 3731 986 3789 moreretur,
1036 3721 1228 3778 dicens
1257 3736 1272 3775 :
1304 3720 1566 3788 Domine,
1597 3721 1679 3775 hic
1710 3728 1890 3775 autem
1916 3720 2087 3791 quid?

503 3816 767 3873 Dominus
795 3823 982 3871 autem
1025 3821 1083 3870 ει
1128 3811 1271 3868 hanc
1298 3812 1681 3868 curiositatem
1728 3811 2085 3882 reprehendit

502 3927 607 3968 nec
642 3909 978 3967 moriturum
1017 3906 1284 3964 Joannem
1319 3896 1497 3977 usque
1541 3905 1612 3961 ad
1657 3905 1869 3961 exitum
1917 3904 2084 3977 hujus

502 4004 687 4060 saeculi
718 4002 804 4074 (ut
834 4017 939 4074 ego
973 3998 1240 4072 arbitror)
1272 3999 1544 4065 ostendit,
1592 3997 1827 4054 dicens:
1861 3995 1922 4052 Si
1964 4013 2084 4052 eum

501 4091 618 4148 volo
644 4106 861 4146 manere
886 4090 1054 4145 donec
1085 4090 1294 4144 veniam
1316 4127 1335 4156 ,
1361 4087 1488 4160 quid
1529 4087 1599 4143 ad
1629 4097 1678 4142 te
1698 4087 1724 4141 ?
1769 4085 1910 4143 Hinc
1934 4102 2084 4158 quie-

511 4184 791 4239 mtiuncula
827 4183 1080 4239 nascitur
1107 4197 1185 4248 ,τε
1223 4182 1423 4248 facilis,
1454 4181 1722 4236 varietate
1757 4179 2082 4250 opinionum

437 4330 442 4335 .
500 4275 757 4331 dtllieilts.
787 4273 923 4328 Nam
954 4273 1115 4329 multi
1155 4273 1269 4345 jam
1324 4281 1608 4327 mortuum
1653 4286 1777 4328 esse
1816 4272 2082 4328 Joannem

503 4368 884 4432 contendunt,
936 4366 1189 4424 nonnulli
1235 4366 1501 4421 extremis
1552 4366 1894 4436 temporibus
1956 4380 2084 4421 eum

505 4460 697 4517 Enoch
732 4469 791 4517 et
816 4458 937 4516 Elia
965 4460 1296 4515 moriturum
1324 4457 1648 4530 opinantur.
1681 4457 1841 4525 Quod
1869 4473 1971 4514 nos
1996 4473 2084 4515 se-

2193 1981 2323 2028 sunt
2350 1971 2522 2041 libri,
2558 1972 2723 2044 plena
2754 1973 3067 2044 priscorum
3121 1973 3423 2028 volumina.
3473 1972 3602 2026 Ἐάν
3634 1985 3763 2041 quo-

2189 2082 2298 2138 que
2327 2065 2515 2122 Graeca
2540 2066 2898 2137 conjunctio,
2946 2064 3170 2121 easdem
3221 2064 3395 2120 habet
3443 2071 3759 2134 potestates.

2189 2159 2371 2215 Testis
2426 2167 2510 2213 est
2561 2158 2922 2225 Priscianus,
2974 2157 3465 2228 grammaticorum
3518 2155 3760 2211 omnium

2188 2247 2711 2315 excellentissimus,
2736 2263 2836 2303 nec
2865 2249 3048 2305 minus
3077 2248 3131 2303 in
3154 2246 3358 2303 Graecis
3379 2261 3549 2316 quam
3582 2244 3639 2300 in
3667 2242 3765 2298 La-

2191 2343 2320 2397 tinis
2350 2341 2554 2398 litteris
2585 2341 2819 2410 peritus,
2874 2339 3079 2410 quippe
3120 2338 3217 2406 qui
3263 2337 3491 2395 Gmeus
3545 2338 3761 2393 natione

2187 2435 2309 2499 fuit.
2346 2435 2471 2490 Fuit
2500 2434 2647 2490 enim
2671 2448 2739 2488 ex
2768 2432 3041 2498 Caesarea,
3077 2431 3549 2503 Cappadocensis,
3578 2445 3679 2487 nec
3707 2428 3759 2483 in

2188 2527 2340 2583 Italia
2364 2568 2379 2594 ,
2411 2525 2508 2582 sed
2545 2526 2780 2582 Athenis
2806 2532 2863 2581 et
2897 2522 3086 2580 Graece
3116 2523 3315 2581 didicit
3361 2534 3418 2581 et
3450 2522 3666 2580 Latine.
3713 2521 3760 2578 is

2187 2619 2242 2675 in
2274 2618 2435 2675 libris
2467 2618 2544 2671 De
2577 2619 2984 2684 constructione,
3015 2616 3108 2671 ubi
3138 2615 3206 2672 de
3233 2616 3610 2689 subjungendi
3648 2630 3762 2671 mo-

2186 2712 2281 2777 do,
2310 2720 2367 2767 et
2405 2712 2473 2766 de
2508 2710 2783 2780 particula
2811 2710 2879 2776 si,
2917 2708 3139 2765 easdem
3188 2709 3414 2764 omnino
3450 2709 3530 2766 ait
3562 2709 3761 2765 habere

2188 2803 2361 2873 ipsam
2414 2803 2562 2857 vires
2610 2792 2747 2871 quas
2790 2799 3127 2867 Eav,Gr:eca,
3180 2800 3346 2871 idque
3392 2809 3509 2857 tam
3558 2799 3762 2856 Latinis

2187 2911 2350 2966 quam
2388 2895 2594 2955 Graecis
2624 2894 2868 2949 ostendit
2903 2894 3191 2965 exemplis.
3235 2893 3344 2951 Sed
3369 2910 3557 2950 sermo
3595 2894 3758 2951 etiam

2188 2989 2305 3058 ipse
2328 2987 2553 3044 Graecus
2580 2986 2937 3057 perspicuum
2979 2988 3032 3041 id
3063 2987 3214 3053 iacit,
3239 2987 3379 3043 adeo
3408 2997 3473 3043 ut
3498 2984 3762 3056 exemplis

2186 3095 2327 3150 opus
2365 3095 2472 3134 non
2525 3078 2618 3135 sit.
2684 3079 2909 3135 Dicatur
2962 3078 3127 3133 alicui
3170 3092 3366 3134 carnes
3403 3078 3498 3134 die
3542 3075 3758 3135 Sabbati

2187 3170 2498 3229 comedenti
2523 3189 2538 3226 :
2561 3170 2762 3227 Carnes
2791 3179 2848 3225 tu
2875 3171 3105 3227 comedis
3128 3172 3187 3226 in
3209 3170 3445 3227 Sabbato
3474 3172 3501 3226 7
3541 3185 3762 3240 respon-

2187 3267 2335 3332 deat,
2382 3263 2508 3318 Ἐὰν
2568 3264 2751 3334 φάγω,
2783 3265 2839 3317 τι
2869 3263 3005 3336 πρὸς
3036 3265 3133 3331 σέ;
3186 3264 3239 3320 id
3271 3271 3376 3330 est,
3417 3261 3479 3321 Si
3528 3265 3757 3328 contecto,

2186 3360 2314 3431 quid
2344 3359 2414 3414 ad
2448 3358 2538 3413 te?
2571 3359 2726 3413 Patet
2757 3358 2888 3427 quia
2934 3355 3228 3414 comedere
3258 3358 3484 3414 asserit.
3509 3356 3669 3426 Quod
3714 3356 3760 3412 si

2186 3454 2418 3515 diceret,
2480 3449 2539 3514 Si
2573 3450 2922 3515 comederem,
2961 3449 3087 3521 quid
3116 3450 3186 3504 ad
3230 3448 3330 3505 te?
3381 3465 3496 3506 non
3543 3450 3762 3507 omnino

2185 3545 2478 3600 coniedere
2504 3544 2854 3610 concederet,
2881 3543 2978 3599 sed
3010 3543 3173 3613 quasi
3213 3543 3469 3614 negando
3502 3545 3607 3601 sub
3633 3558 3762 3598 con—

2186 3635 2398 3692 ditione
2431 3643 2687 3705 poneret.
2721 3635 2838 3690 Hoc
2870 3635 2924 3689 in
2955 3633 3145 3690 ϐιωεο
3177 3648 3433 3690 sermone
3454 3650 3569 3691 non
3586 3643 3761 3705 potest

2186 3727 2404 3799 liquido
2434 3728 2665 3799 percipi.
2694 3725 2803 3784 Sed
2825 3728 2963 3784 latet
2986 3727 3148 3792 adeo,
3182 3737 3245 3785 ut
3275 3726 3574 3799 peritiores
3599 3729 3758 3784 etiam

2187 3820 2355 3892 hujus
2390 3821 2567 3875 aetatis
2593 3819 2788 3891 fugiat,
2814 3821 2922 3876 nisi
2956 3820 3170 3877 Latina:
3214 3821 3418 3893 linguae
3450 3823 3759 3895 proprieta-

2188 3921 2271 3969 tes
2300 3912 2665 3982 inspexerint.
2695 3910 2866 3984 Cujus
2902 3914 2982 3969 rei
3012 3929 3180 3970 causa
3211 3915 3608 3991 est,‘quoniam
3634 3914 3763 3970 suh-
3838 3980 3841 3981 γ

2181 4002 2434 4072 jicientia
2470 4002 2642 4059 verba
2676 4003 2887 4063 minuta
2922 4003 3160 4074 quadam
3204 4003 3482 4060 scribendi
3516 4004 3587 4060 ab
3623 4002 3759 4059 indi-

2187 4095 2446 4152 cantibus
2503 4094 2815 4151 differentia
2876 4095 3324 4167 distinguuntur.
3381 4094 3571 4153 Prima
3615 4095 3758 4152 enim

2185 4188 2477 4260 prasentis
2511 4188 2762 4244 indicans
2816 4203 3056 4260 persona
3088 4199 3147 4244 et
3193 4204 3333 4245 voce
3381 4198 3440 4246 et
3484 4192 3760 4262 scriptura

2185 4284 2376 4337 eadem
2408 4287 2495 4336 est
2534 4295 2661 4337 cum
2709 4279 3103 4352 subjungendi.
3139 4280 3296 4337 Sicut
3345 4282 3403 4337 in
3456 4283 3758 4353 proposito,

2196 4369 2327 4426 Volo
2358 4386 2478 4426 eum
2527 4385 2763 4438 manere,
2800 4369 2941 4424 θέλω
2972 4370 3136 4447 «om
3190 4372 3414 4440 μένειν,
3457 4372 3592 4427 illud
3625 4372 3759 4424 θέλω

2187 4472 2371 4536 potest
2409 4471 2468 4518 et
2511 4464 2629 4517 volo
2687 4472 2746 4518 et
2794 4461 2984 4517 vellem
3019 4461 3127 4518 dici
3163 4462 3381 4519 Latine.
3431 4464 3541 4519 Sed
3581 4463 3758 4518 vellem

500 4562 762 4631 quentes.
796 4561 990 4623 aperte
1017 4550 1399 4615 ostendemus,
1432 4549 1487 4604 id
1519 4550 1699 4617 ipsum
1730 4556 1788 4604 et
1813 4564 1912 4620 per
1935 4549 2086 4606 hunc
2116 4550 2160 4609 D
2191 4555 2344 4609 nullo
2387 4562 2550 4625 pacto
2586 4553 2870 4619 convenit,
2915 4552 3146 4608 omnino
3180 4555 3329 4609 enim
3360 4570 3389 4609 a
3424 4562 3591 4610 rebus
3633 4554 3757 4607 alic-

505 4644 788 4716 Evangelii
814 4645 999 4701 locum
1034 4642 1360 4713 significari,
1383 4649 1440 4696 et
1468 4641 1591 4696 aliis
1619 4640 1926 4695 rationibus
1956 4655 2087 4696 con-

507 4739 715 4794 lirmari
751 4751 808 4795 et
862 4750 978 4795 tum
1021 4737 1197 4809 ipsius
1226 4735 1457 4792 Joannis
1486 4737 1542 4789 in
1590 4734 1917 4806 Apocalypsi
1970 4743 2084 4790 tum

506 4833 782 4903 Evangelii
819 4831 1156 4887 auctoritate
1193 4844 1260 4885 ac
1311 4828 1627 4884 testimonio
1681 4826 2085 4900 signiﬁcantius

505 4924 902 4995 comprobari,
944 4930 1111 4993 atque
1140 4921 1279 4978 adeo
1314 4921 1681 4977 demonstrari
1714 4938 1729 4975 :
1766 4919 1830 4975 Si
1860 4921 2083 4991 (inquit)

503 5033 623 5071 eum
657 5014 770 5069 volo
793 5030 1004 5070 manere
1026 5015 1189 5068 donec
1214 5014 1420 5068 veniam
1443 5051 1457 5078 ,
1482 5015 1612 5083 quid
1643 5013 1713 5066 ad
1734 5012 1828 5066 te?
1869 5011 2083 5077 Graec,

503 5110 550 5162 si
586 5107 817 5162 verbum
845 5106 915 5162 de
946 5106 1115 5161 verbo
1159 5105 1487 5175 exprimitur
1511 5145 1527 5171 ,
1562 5119 1674 5160 non
1704 5102 1792 5160 Sic
1821 5120 1942 5158 eum
1968 5104 2083 5159 colo

505 5214 722 5255 manere
745 5239 760 5267 ,
815 5198 934 5262 sed,
975 5194 1032 5252 Si
1088 5213 1206 5251 eum
1242 5197 1359 5251 volo
1410 5202 1649 5262 manere,
1681 5194 1946 5265 scriptttm
1978 5205 2083 5250 est.

505 5291 715 5348 Verum
759 5291 1048 5362 quoniam,
1098 5290 1248 5344 sicut
1295 5288 1569 5359 particula
1599 5289 1645 5343 si
1669 5287 1814 5358 apud
1849 5301 1972 5355 nos,
2005 5289 2087 5344 sic

505 5382 649 5453 apud
683 5380 903 5437 Graecos
942 5380 1243 5436 indicativo
1284 5377 1510 5450 quidem
1555 5377 1725 5433 verbo
1769 5377 2084 5448 conjuncta,

515 5472 844 5530 amrmative
874 5472 1111 5544 capitur,
1145 5470 1500 5542 subjunctivo
1533 5479 1716 5525 autem
1763 5467 2086 5540 suspensive

509 5565 967 5636 dubitativeque,
1009 5563 1258 5634 jungitur
1282 5572 1465 5617 autem
1514 5560 1607 5616 hic
1652 5558 1971 5625 indicativo,
2003 5556 2085 5612 id-

507 5657 656 5712 circo
688 5672 798 5712 non
819 5658 866 5713 si
895 5656 991 5712 sed
1016 5658 1092 5710 sic
1114 5654 1309 5712 Patres
1336 5653 1685 5725 interpretati
1707 5660 1858 5719 sunt,
1879 5665 1950 5706 ne
1979 5650 2086 5706 sci-

506 5746 639 5800 licet
663 5749 708 5799 si
758 5747 1031 5815 particula
1062 5746 1273 5803 Latinae
1300 5746 1611 5816 Graecarque
1654 5742 1855 5815 lingua:
1881 5742 2086 5802 sciolos

512 5843 740 5905 prepter
765 5835 1040 5905 duplicem
1077 5845 1407 5905 potestatem
1436 5836 1702 5890 turbaret.
1731 5831 1818 5889 Sic
1839 5850 1970 5893 vero
2000 5834 2084 5892 ai-

2192 4660 2349 4700 nutn.
2380 4643 2563 4710 Quare
2606 4656 2709 4696 nec
2742 4643 2886 4697 ullus
2921 4656 3164 4712 unquam
3209 4641 3265 4696 id
3296 4642 3584 4712 cogitavit.
3613 4640 3758 4708 Quas

2188 4735 2261 4789 ob
2310 4750 2399 4789 res
2447 4742 2505 4787 et
2539 4730 2869 4787 auctoritate
2916 4731 3142 4787 illorum
3175 4733 3271 4804 qui
3314 4723 3680 4788 traduxerunt
3702 4740 3755 4783 et.

2189 4824 2594 4881 consuetudine
2622 4823 2925 4878 multorum
2957 4826 3309 4894 saeculorum,
3332 4837 3388 4881 et
3413 4826 3586 4897 ipsius
3613 4824 3756 4880 Grae—

2188 4918 2237 4973 ci
2265 4917 2544 4973 sermonis
2579 4917 2938 4985 preprietate,
2972 4928 3028 4973 et
3068 4917 3332 4988 quoniam
3365 4933 3456 4973 res
3489 4920 3605 4989 ipsa
3651 4915 3758 4970 dis-

2185 5008 2439 5083 junctiva
2472 5007 2759 5062 dubitandi
2795 5022 2985 5064 vocem
3022 5026 3135 5065 non
3190 5009 3402 5080 patitur
3430 5048 3446 5075 ,
3485 5011 3758 5065 allirmans

2192 5096 2454 5152 Dominus
2478 5097 2616 5151 dixit
2641 5113 2654 5150 :
2679 5095 2765 5151 Ita
2799 5098 2914 5153 volo
2937 5115 3056 5154 eum
3082 5116 3319 5167 manere,
3344 5101 3506 5156 donec
3529 5102 3755 5165 veniam,

2188 5190 2316 5260 quid
2347 5189 2416 5243 ad
2450 5188 2549 5242 te?
2584 5188 2691 5244 Sed
2722 5189 2870 5255 dicet
2903 5191 3143 5248 fortasse
3176 5192 3456 5265 quispiam
3484 5196 3754 5269 neminem

2192 5295 2434 5351 unquam
2468 5296 2665 5337 ausum
2702 5283 3080 5340 fuissealiter
3102 5300 3268 5357 quam
3302 5286 3630 5342 afﬁrmative
3658 5284 3760 5337 Dc-

2189 5371 2388 5428 niinica
2417 5372 2532 5429 lucc
2564 5374 2733 5430 verba
2773 5375 3167 5447 interpretari;
3201 5374 3301 5434 sed
3332 5377 3512 5433 Donec
3554 5376 3754 5431 veniam

2188 5477 2297 5519 non
2322 5473 2633 5521 extremum
2658 5464 2811 5522 illum
2835 5466 3149 5538 significare
3173 5470 3474 5526 adventum
3502 5466 3751 5525 Domini:

2188 5571 2347 5627 posse
2389 5573 2627 5631 namque
2677 5560 2976 5617 adventum
3018 5560 3241 5618 Domini
3295 5562 3558 5634 appellari
3590 5561 3751 5616 etiam

2185 5666 2311 5707 cum
2343 5665 2453 5723 quo
2488 5653 2870 5724 unusquisque
2909 5664 3139 5711 vocatus
3164 5697 3180 5725 ,
3220 5665 3433 5712 natura:
3466 5653 3754 5716 concedit;

2187 5752 2248 5799 ut
2269 5743 2411 5798 velle
2433 5741 2705 5800 Joannem
2740 5745 2821 5800 sic
2847 5745 3032 5803 vivere
3061 5757 3275 5804 asserat
3301 5787 3318 5817 ,
3349 5746 3527 5804 donec
3554 5744 3752 5808 veniat.

2186 5835 2243 5891 id
2274 5844 2361 5893 est
2391 5833 2568 5893 donec
2614 5835 2793 5907 ipsum
2824 5852 2924 5909 per
2965 5847 3205 5898 mortem
3233 5839 3307 5898 ad
3332 5853 3391 5899 se
3422 5835 3655 5897 vocarit.
