4098 6454
358 461 364 467 ’
435 476 541 540 873

1216 476 1294 538 ΙΝ
1339 475 1601 552 ILLUD,
1653 492 1670 526 ε
1710 479 1826 540 SIC
1865 479 2062 541 VOLO
2103 478 2268 539 EUM
2310 478 2652 551 MANERE,
2697 493 2714 526 ι
2762 479 2925 538 ETC.

3601 477 3708 539 874

507 583 622 640 Hac
662 581 938 640 sententia
967 581 1167 648 divisa,
1199 584 1438 652 primum
1488 595 1710 641 constat
1743 587 2012 642 Joannem
2046 593 2091 647 Α
2127 587 2482 642 Pentecostes
2523 587 2764 644 adventu
2803 587 3072 642 Paracleti
3111 588 3176 642 ad
3211 587 3610 657 perfectionem
3649 593 3704 644 in

434 681 616 756 vivere
645 678 824 734 donec
859 677 1091 744 veniat,
1143 680 1434 734 Dominum
1487 680 1712 734 dixisse.
1764 681 2010 735 Alterum

431 787 566 843 ergo
601 781 921 841 quaeratur,
955 787 1024 826 an
1059 771 1216 837 illud,
1252 771 1427 826 Donec
1455 773 1688 833 veniam,
1721 770 1882 826 finem
1915 785 2015 825 sat-

431 869 536 922 culi
567 867 734 936 hujus
767 863 1065 932 significet,
1108 864 1194 918 vel
1232 863 1530 918 terminum
1567 863 1786 918 vivendi
1821 863 1876 916 in
1909 863 2014 918 hoc

430 959 628 1016 saecqu
659 965 948 1012 monstret.
973 956 1130 1022 Quod
1159 964 1336 1018 certe,
1361 955 1406 1008 si
1438 955 1562 1024 quis
1587 955 1854 1020 attendat,
1883 971 2014 1024 pro-

431 1054 514 1106 cul
549 1067 578 1106 a
632 1065 766 1104 vero
799 1065 920 1104 esse
965 1049 1266 1104 videbitur.
1311 1048 1457 1102 Nihil
1505 1047 1651 1101 enim
1686 1046 1832 1102 aliud
1878 1047 2014 1103 dicit

429 1146 522 1213 qui
557 1145 630 1200 ita
668 1143 823 1208 dicit,
853 1143 962 1197 nisi
995 1151 1054 1196 ut
1081 1143 1295 1212 planius
1321 1153 1375 1198 et
1401 1142 1505 1196 sub
1536 1142 1712 1196 oculis
1743 1151 2012 1212 ponatur,

433 1236 564 1290 Volo
604 1250 730 1289 eum
769 1233 959 1287 vivere
989 1231 1170 1287 donec
1215 1232 1516 1296 moriatur;
1555 1231 1654 1287 sed
1708 1232 2010 1288 absurdum

431 1343 528 1396 per
563 1325 804 1394 seipsutu
835 1333 1008 1378 totum
1039 1323 1204 1377 fuerit
1229 1325 1278 1377 si
1305 1339 1551 1379 connexa
1582 1325 1705 1378 talis
1735 1325 2010 1394 expositio

431 1421 616 1476 fuerit:
645 1421 1022 1478 Connectatur
1053 1424 1220 1493 igitur
1247 1433 1302 1478 et
1335 1423 1552 1477 dicatur
1587 1441 1600 1478 :
1633 1425 1722 1480 Sic
1744 1441 1862 1478 eum
1897 1423 2010 1478 t'olo

429 1533 649 1571 manere
688 1517 854 1570 donec
885 1517 1096 1570 veniam
1125 1556 1144 1582 ,
1182 1517 1312 1585 quid
1368 1517 1440 1570 ad
1482 1527 1530 1570 te
1555 1519 1582 1572 γ
1621 1518 1672 1572 id
1723 1529 1828 1582 ρει,
1876 1519 2009 1573 Volo

429 1625 553 1664 eum
587 1609 772 1664 vivere
831 1611 1004 1664 donec
1043 1610 1350 1674 moriatur,
1383 1609 1514 1680 quid
1549 1610 1614 1664 ad
1676 1609 1768 1666 te?
1820 1612 2007 1666 Dicant

429 1713 618 1770 aperte
649 1701 794 1769 quod
831 1704 990 1756 modo
1018 1703 1074 1756 in
1103 1713 1346 1758 mentem
1381 1704 1596 1759 incidit.
1624 1705 1798 1759 llomo
1833 1715 2006 1768 certe,

431 1809 540 1847 non
564 1793 690 1847 dico
713 1795 908 1850 doetus
934 1805 988 1849 et
1017 1797 1224 1865 gravis,
1245 1795 1339 1850 sed
1371 1795 1727 1850 mediocriter
1751 1795 2006 1851 eruditus

430 1899 494 1938 ac
531 1885 704 1938 levior
729 1925 744 1949 ,
799 1887 844 1940 si
887 1886 1011 1941 data
1043 1887 1150 1941 sibi
1199 1899 1470 1958 potes’ate
1505 1889 1746 1943 hominis
1776 1889 2012 1958 alicujus

431 1978 578 2038 vitae,
631 1985 798 2046 atque
833 1979 1209 2048 interrogatus
1255 1981 1336 2034 sic
1371 1981 1745 2050 respondeat,
1823 1994 2014 2048 parum

429 2067 892 2124 animadvertisse
939 2070 1223 2138 putabitur
1257 2089 1270 2124 :
1307 2075 1586 2142 quomodo
1621 2075 1790 2144 igitur
1841 2076 2010 2129 Deum

430 2174 528 2213 ore
567 2175 671 2215 suo
714 2161 794 2216 sic
825 2162 1072 2216 locutum
1110 2163 1382 2234 quiSpiam
1411 2165 1755 2222 crediderit?
1781 2167 1886 2222 Sed
1915 2185 2012 2222 cu-

429 2251 717 2315 riositatis.
751 2253 1002 2324 inquiet,
1037 2272 1270 2327 arguere
1310 2258 1639 2330 discipulum
1689 2261 1882 2316 voluit.
1923 2261 2015 2316 Sic

431 2345 695 2410 arbitror,
758 2355 813 2401 et
855 2347 1085 2420 Cyrillo,
1120 2349 1240 2404 viro
1267 2349 1518 2406 doctrina
1549 2353 1851 2422 praecipuo,
1887 2367 2014 2408 san-

433 2438 624 2492 ctitate
660 2455 878 2510 magno,
925 2441 1220 2510 prudentia
1253 2455 1306 2499 et
1339 2437 1658 2515 efoquentia
1687 2448 1862 2518 gravi,
1904 2449 2014 2502 hoc

433 2530 612 2600 ipsum
659 2532 936 2602 placuisse
985 2535 1241 2608 legimus,
1269 2549 1326 2594 et
1367 2540 1524 2602 illud,
1550 2542 1678 2610 quid
1723 2541 1794 2596 ad
1833 2543 1926 2597 te?
1959 2545 2012 2598 id

431 2633 624 2693 aperte
661 2627 924 2682 ostendit.
961 2627 1068 2684 Sed
1104 2631 1158 2683 in
1191 2632 1654 2700 reprehendendo
1705 2633 1866 2690 Petro
1921 2651 2001 2692 sa-

432 2727 775 2771 cramentum
803 2717 970 2773 etiam
999 2720 1134 2774 illud
1174 2723 1388 2784 aperire
1413 2723 1614 2786 voluit,
1635 2739 1745 2780 non
1775 2728 2012 2782 moritu-

435 2821 558 2860 rum
616 2807 886 2864 Joannem
939 2827 1116 2882 usque
1164 2813 1236 2868 ad
1288 2823 1534 2868 extrema
1585 2816 1769 2870 saeculi
1823 2817 2010 2890 hujus.

431 2897 568 2952 Nam
603 2899 648 2954 si
681 2903 1020 2959 curiositatis
1055 2904 1232 2978 ipsum
1267 2921 1498 2975 arguere
1531 2909 1878 2963 solummodo
1919 2927 2014 2964 vo-

431 2989 622 3045 luisset
646 3033 660 3058 ,
699 2994 831 3049 illud
881 2995 1160 3063 ultimum,
1191 2999 1318 3068 quid
1345 3001 1412 3053 ad
1445 3007 1514 3066 te,
1547 3001 1656 3067 vei,
1687 3001 1799 3056 Cur
1832 3004 2012 3058 aliena

435 3085 661 3149 quteris,
693 3083 920 3147 dixisse.
952 3087 1087 3142 satis
1112 3105 1392 3159 superque
1423 3102 1565 3157 erat,
1593 3094 1735 3148 sicut
1756 3095 2014 3152 omnibus

433 3171 598 3226 simul
652 3177 1069 3243 quaerentibus,
1120 3179 1166 3233 si
1206 3193 1274 3234 eo
1323 3197 1469 3236 anno
1525 3183 1822 3238 rcstiturus
1867 3197 2014 3240 esset

437 3279 670 3333 regnum
712 3263 924 3330 lsraeli,
965 3269 1251 3338 respondit
1279 3271 1561 3326 lenissime
1589 3288 1829 3344 arguens
1855 3293 1867 3328 :
1895 3275 2014 3329 Non

433 3365 508 3409 est
533 3365 766 3410 vestrum
793 3374 1102 3428 cognoscere
1157 3371 1392 3430 tempora
1426 3363 1506 3417 vel
1539 3375 1826 3418 momenta.
1861 3365 2016 3421 Nunc
2041 3362 2086 3384 "

436 3457 620 3502 autem
651 3463 761 3502 non
811 3450 990 3518 arguit
1024 3453 1358 3507 solum'cum
1397 3454 1776 3510 vehementius
1819 3457 2016 3510 intule-

437 3541 526 3604 rit,
564 3543 690 3612 qm‘d
731 3544 802 3596 ad
833 3543 928 3596 te?
963 3559 1153 3598 verum
1183 3547 1346 3600 etiam
1383 3545 1450 3601 ad
1487 3547 1648 3602 finem
1681 3564 1852 3618 usque
1893 3549 2018 3604 vita:

437 3635 600 3706 hujus
645 3637 924 3691 vieturum
977 3639 1246 3694 Joannem
1291 3644 1529 3696 asseruit
1578 3641 1770 3698 dicens
1817 3659 1832 3696 :
1879 3641 2016 3698 Volo

438 3743 562 3781 cum
607 3745 829 3784 manere
865 3730 1044 3786 donec
1103 3734 1340 3788 veniam.
1395 3734 1472 3788 ita
1521 3745 1576 3788 ct
1641 3735 2014 3790 conditionem

439 3821 560 3874 \ita:
603 3820 831 3876 Joannis
864 3823 1084 3891 aperuit
1115 3833 1170 3878 et
1215 3824 1599 3880 curiositatem
1649 3827 1794 3881 Petri
1829 3827 2016 3881 redar—

435 3915 574 3981 gu't.
617 3915 798 3968 Exivit
830 3923 1006 3970 autem
1059 3933 1232 3971 sermo
1270 3919 1370 3972 iste
1417 3919 1473 3972 in
1532 3919 1816 3988 discipulos
1877 3920 2018 3990 quod

435 4007 736 4078 discipulus
765 4009 858 4063 ille
891 4027 1000 4063 non
1031 4011 1278 4067 moritur.
1321 4011 1506 4068 Exivit
1537 4029 1718 4068 sermo
1749 4013 1817 4068 ad
1851 4014 2020 4070 disci-

437 4101 618 4169 pulos.
657 4102 700 4155 A
745 4117 858 4172 quo
907 4103 1116 4157 exivit?
1157 4118 1258 4173 per
1313 4119 1476 4174 quem
1512 4105 1814 4176 dissipatus
1872 4105 2016 4160 fuit?

436 4194 560 4262 quis
589 4193 875 4264 discipulis
905 4195 1170 4252 omnibus
1209 4197 1566 4266 praedicavit?
1589 4197 1706 4252 Duo
1750 4207 1898 4254 certe
1925 4215 2016 4254 so-

437 4285 550 4340 lum
586 4300 896 4341 sermonem
931 4288 1076 4342 hunc
1105 4287 1323 4342 Domini
1355 4289 1693 4353 audierunt,
1741 4290 1939 4344 Petrus
1963 4299 2017 4344 et

435 4377 695 4444 Joannes,
726 4377 942 4432 caeteris
975 4379 1271 4433 Dominum
1303 4395 1368 4433 ea
1409 4379 1723 4450 replicasse,
1757 4395 1880 4448 quae
1918 4380 2017 4434 Pe-

436 4482 554 4526 trus
584 4483 639 4527 et
679 4471 920 4528 Joannes
950 4475 1219 4529 secretius
1258 4483 1607 4545 acceperant,
1647 4475 1872 4528 minimc
1896 4491 2018 4531 crc-

436 4565 678 4618 dendum
723 4575 831 4619 est.
881 4565 1125 4620 Joannes
1156 4574 1338 4620 autem
1370 4604 1386 4630 ,
1439 4574 1497 4620 et
1549 4565 1864 4636 virginitate
1901 4575 2014 4619 tum

2129 679 2230 734 hac
2263 679 2371 734 vita
2407 680 2656 735 ultimam
2707 681 2940 750 apostoli
2993 691 3385 752 pervenerunt,
3422 690 3602 736 tamen
3642 697 3708 736 eo

2126 769 2236 836 die,
2267 787 2379 841 quo
2412 771 2530 828 haec
2557 781 2677 828 acta
2727 771 2956 828 fuerunt
2987 773 3161 828 multo
3191 773 3548 828 subiimiores
3588 791 3709 826 om-

2128 862 2294 918 nibus
2338 865 2758 920 successoribus
2811 865 2930 920 suis
2981 865 3172 920 i'uissc.
3237 867 3402 922 Fides
3452 867 3600 920 enim
3651 867 3704 920 in

2125 955 2406 1011 Christum
2444 957 2772 1012 crucifixum
2807 966 2863 1014 et
2893 973 2922 1012 e
2955 959 3190 1013 mortuis
3217 959 3568 1020 suscitatum,
3605 973 3704 1012 sua

2125 1049 2300 1118 gratia
2331 1059 2387 1103 et
2421 1049 2674 1105 doctrina
2709 1049 3012 1105 Salvatoris
3044 1050 3367 1104 confirmata
3394 1051 3698 1121 plurimum

2125 1157 2222 1196 eos
2252 1141 2504 1196 elevabat
2540 1143 2594 1196 in
2627 1143 2767 1197 dies.
2805 1141 2931 1196 Fuit
2963 1151 3144 1196 autem
3173 1142 3294 1196 dies
3322 1143 3433 1204 ille,
3462 1159 3573 1212 quo
3601 1144 3706 1196 Do-

2129 1233 2313 1286 minus
2353 1233 2467 1287 htec
2496 1235 2730 1312 peregit,
2773 1234 2972 1287 tertius
2999 1234 3362 1303 apparitionis
3405 1251 3514 1286 suae
3569 1234 3703 1286 Nam

2125 1325 2228 1380 etsi
2255 1327 2454 1395 Saepius
2487 1341 2545 1380 se
2580 1333 2687 1379 tam
2725 1326 3056 1380 mulieribus
3097 1341 3259 1396 quam
3293 1326 3428 1380 viris
3473 1327 3706 1380 manib-

2125 1415 2314 1484 stavit,
2347 1427 2403 1472 et
2430 1417 2592 1484 aliter
2621 1417 2746 1472 aliis
2789 1418 2955 1472 modo
2984 1417 3258 1487 pluribus,
3291 1419 3452 1471 modo
3487 1419 3706 1485 paucio-

2125 1511 2302 1574 ribus,
2345 1521 2526 1565 tamen
2563 1509 2730 1564 tertio
2763 1509 3004 1564 dicimus
3039 1509 3130 1564 die
3163 1525 3311 1564 nunc
3359 1510 3704 1580 apparuisse,

2122 1603 2383 1674 quoniam
2421 1603 2600 1658 tribus
2655 1604 2898 1658 maxime
2931 1602 3129 1658 diebus
3161 1603 3445 1672 apertius,
3481 1619 3708 1674 expres—

2122 1697 2265 1762 sius,
2301 1696 2692 1751 miraculosius
2720 1695 2980 1766 apparuit
3015 1697 3251 1766 primum
3285 1697 3337 1750 in
3376 1697 3496 1766 ipso
3524 1713 3710 1752 resur-

2119 1787 2383 1844 rectionis
2412 1789 2520 1853 die,
2573 1789 2776 1844 deinde
2831 1790 2884 1843 in
2939 1799 3136 1844 octavo
3173 1804 3204 1843 a
3251 1790 3702 1850 resurrectione;
3741 1842 3743 1844 .

2127 1881 2377 1946 tertium,
2407 1881 2630 1950 quando
2677 1883 2905 1937 Petrum
2943 1882 3190 1950 praefecit
3221 1881 3511 1945 Ecclesiae,
3545 1898 3608 1936 ac
3639 1883 3706 1936 de

2051 1955 2088 2008 δ
2121 1975 2352 2031 Joannis
2375 1983 2554 2030 morte
2585 1975 2990 2046 pronuntiavit,
3019 1975 3131 2030 duo
3164 1985 3512 2030 sacramenta
3541 1975 3706 2029 disci-

2123 2070 2266 2140 pulis
2299 2071 2673 2141 patefaciens;
2717 2071 2812 2126 sed
2857 2071 3002 2140 quod
3036 2069 3308 2139 sequitur,
3359 2069 3541 2123 forsan
3594 2070 3704 2122 alio

2125 2163 2403 2218 trahitur?
2434 2163 2814 2232 Nequaquam.
2837 2162 2982 2230 Quid
3005 2161 3156 2217 enim
3187 2161 3476 2232 sequitur?
3507 2160 3569 2214 Et
3601 2176 3704 2212 non

2122 2256 2253 2310 dixit
2287 2255 2334 2308 ei
2362 2253 2541 2318 Jesus,
2575 2254 2728 2320 Quod
2761 2271 2866 2310 non
2903 2255 3152 2322 moritur,
3189 2255 3302 2320 sed,
3336 2252 3421 2308 Sic
3446 2270 3562 2307 eum
3589 2253 3705 2306 volo

2123 2361 2356 2414 manere,
2392 2349 2556 2401 donec
2585 2349 2818 2414 veniam,
2853 2347 2978 2415 quid
3005 2347 3076 2400 ad
3107 2349 3204 2403 te?
3249 2346 3474 2402 Putabit
3507 2345 3707 2414 aliquis

2123 2441 2286 2506 forte,
2311 2441 2608 2520 perspicuo
2641 2439 2730 2494 hic
2759 2439 3155 2512 evangelistam
3189 2437 3300 2494 illis
3325 2436 3705 2492 contraditere

2099 2533 2217 2603 'qui
2264 2533 2610 2588 arbitrentur
2643 2547 2753 2587 non
2807 2531 3138 2586 moriturum
3189 2530 3370 2596 ipsum
3431 2543 3604 2600 usque
3636 2529 3703 2580 ad

2124 2625 2286 2679 tinem
2315 2625 2499 2682 δευουιί
2533 2623 2719 2696 hujus,
2751 2639 2881 2680 cum
2917 2623 3124 2679 scribat
3157 2638 3172 2676 :
3201 2621 3321 2678 Non
3355 2621 3488 2674 dixit
3529 2621 3576 2673 ei
3613 2620 3698 2672 Jc-

2119 2734 2209 2772 tttu
2237 2717 2378 2788 quod
2425 2735 2530 2772 non
2560 2719 2811 2782 moritur,
2856 2733 3030 2786 usque
3071 2717 3138 2772 ad
3181 2725 3424 2771 extrema
3459 2724 3704 2777 tempera

2121 2811 2336 2867 scilicet
2362 2811 2465 2881 (sic
2496 2811 2644 2866 enim
2687 2810 3057 2881 supplendum
3095 2823 3317 2878 semper
3353 2808 3482 2878 est).
3523 2807 3704 2860 excla-

2123 2903 2407 2973 mabitque
2447 2903 2516 2958 ab
2556 2918 2624 2958 eo
2667 2903 2790 2973 ipso
2831 2903 3186 2973 explanatum
3220 2917 3344 2956 esse
3376 2900 3537 2954 vobis
3556 2899 3700 2968 quod

2123 2997 2424 3066 qumritur,
2449 3005 2612 3066 atque
2641 3004 2853 3052 mutare
2895 3013 3006 3051 non
3049 3005 3340 3066 oportere.
3368 2997 3481 3066 Ego
3521 3005 3704 3049 autem

2123 3104 2225 3159 pro
2267 3091 2534 3146 modestia
2575 3105 2790 3146 summa
2831 3099 2887 3146 et
2947 3090 3202 3162 virginali
3245 3090 3558 3145 humilitate
3596 3103 3706 3158 qua

2123 3183 2354 3252 gloriam
2395 3181 2694 3238 humanam
2755 3181 3003 3238 Joannes
3038 3183 3267 3238 omnino
3308 3183 3585 3246 calcavit,
3627 3181 3702 3238 ita

2121 3289 2249 3328 eum
2299 3275 2593 3345 scripsisse
2631 3273 2964 3330 crediderim
3000 3283 3060 3329 ut
3107 3285 3166 3332 et
3195 3275 3483 3330 veritatem
3532 3273 3706 3344 digito

2123 3367 2470 3429 monstrarit,
2495 3373 2550 3420 et
2589 3367 2806 3420 inanem
2851 3365 3017 3437 hujus
3058 3366 3242 3422 saeculi
3278 3365 3511 3434 gloriam
3545 3363 3706 3434 abjc-

2120 3459 2275 3512 cet-it.
2307 3458 2420 3511 Non
2447 3460 2591 3512 enim
2613 3467 2776 3527 negat
2809 3474 2945 3521 rem,
2971 3457 3065 3512 scd
3087 3472 3404 3513 sermonem
3437 3465 3492 3510 et
3515 3455 3700 3508 verba.

2123 3553 2503 3624 Subjiciantur
2534 3553 2718 3608 oculis
2749 3553 2955 3606 omnia.
3009 3551 3150 3617 Quid
3201 3551 3362 3606 Jcsus
3395 3547 3571 3604 dixit?
3611 3549 3703 3602 Sic

2121 3663 2240 3698 eum
2273 3646 2390 3700 volo
2436 3662 2650 3700 manere
2695 3647 2862 3698 donec
2891 3645 3124 3708 veniam,
3173 3641 3502 3702 afﬁrmando
3537 3640 3700 3696 Jcsus

2122 3739 2285 3806 dixit,
2323 3749 2380 3794 et
2426 3741 2717 3810 quisquam
2757 3736 3182 3806 ncgabit?Quid
3234 3733 3534 3805 discipuli?
3562 3749 3702 3804 quo-

2121 3833 2284 3888 modo
2317 3833 2368 3886 id
2412 3847 2537 3888 cum
2577 3831 2783 3888 exisset
2819 3833 2870 3883 in
2924 3829 3204 3898 publicum
3234 3865 3248 3888 .
3283 3825 3700 3886 intellexerunt,

2119 3923 2268 3996 quod
2303 3923 2545 3980 Joannes
2583 3937 2692 3976 non
2729 3920 3002 3976 moritur?
3042 3919 3228 3974 Teneo
3273 3915 3700 3971 affirtnat'tonem

2121 4017 2340 4072 Domini
2374 4024 2430 4070 et
2480 4015 2856 4084 apostolorum
2905 4011 3238 4067 sententiam
3274 4007 3523 4063 omnium
3554 4006 3702 4076 qttod

2119 4125 2230 4164 non
2265 4108 2524 4162 moritur.
2569 4105 2710 4172 Quid
2754 4114 2940 4174 poStea
2972 4101 3256 4158 Joannes?
3305 4115 3416 4154 non
3451 4107 3561 4153 tam
3598 4099 3706 4150 γῆν·

2121 4202 2290 4273 ginali
2316 4199 2590 4257 modestia
2615 4199 3044 4260 Itumilitatequc
3076 4194 3342 4265 prmditus
3369 4207 3532 4262 quam
3562 4191 3706 4244 veri-

2122 4295 2252 4350 tatis
2302 4294 2532 4354 amicus,
2594 4291 2726 4362 quid
2773 4290 2886 4344 ait?
2931 4287 3035 4343 Sed
3093 4303 3200 4341 non
3243 4286 3374 4340 dixit
3434 4285 3482 4338 ei
3530 4282 3704 4346 Jesus,

2121 4389 2260 4460 quod
2293 4401 2394 4442 non
2430 4387 2684 4441 moritur.
2718 4385 2838 4439 Non
2869 4383 3016 4438 enim
3073 4379 3182 4436 hoc
3210 4379 3439 4434 verbum
3475 4375 3704 4446 protulit

2119 4483 2304 4550 Jesus,
2346 4482 2442 4537 sed
2486 4481 2610 4535 aliis
2639 4477 2830 4534 verbis
2862 4491 2995 4532 usus
3023 4483 3128 4530 est.
3185 4472 3436 4540 Quibus?
3469 4471 3558 4525 Sic
3587 4486 3708 4524 cum

2119 4575 2237 4632 volo
2271 4590 2488 4630 manere
2517 4573 2680 4627 donec
2707 4571 2940 4629 veniam.
2973 4563 3388 4629 Animadverto,
3413 4560 3561 4632 quod
3593 4575 3706 4614 non

435 4658 687 4726 corporis
721 4667 834 4711 tum
873 4658 1105 4726 Spiritus
1131 4657 1381 4727 apprime
1413 4657 1678 4728 praeditus
1707 4667 1761 4712 et
1798 4659 2012 4713 caeteris
2039 4669 2094 4730 ι)
2123 4667 2277 4722 stetit
2321 4665 2560 4722 Joannes
2594 4663 2667 4720 ibi
2698 4703 2714 4728 ,
2765 4659 2890 4716 Non
2943 4661 3076 4716 dixit
3111 4658 3160 4711 ei
3211 4656 3368 4711 Jesus
3420 4652 3560 4724 quod
3605 4667 3708 4704 non

435 4748 734 4804 virtutibus
762 4763 1037 4814 summus,
1071 4750 1220 4817 quod
1254 4759 1310 4804 et
1340 4749 1640 4804 dilectione
1701 4749 1914 4805 Domini
1955 4757 2013 4804 et

436 4841 922 4896 commendatione
949 4841 1142 4896 Matris
1169 4842 1288 4913 ejus
1315 4842 1636 4912 percipitur,
1666 4857 2009 4914 nequaquam
2051 4833 2056 4838 ’

438 4935 490 4990 id
516 4935 666 5004 quod
707 4935 776 4989 ad
801 4935 1032 5006 gloriam
1064 4951 1222 4990 suam
1264 4935 1540 5006 pertinere
1573 4935 1819 4999 videbat,
1850 4936 2016 4992 sociis

435 5027 594 5096 quasi
640 5026 1012 5098 jactabundus
1063 5027 1433 5097 praedicasset.
1485 5027 1842 5097 Relinquitur
1882 5041 2014 5096 ergo

436 5135 468 5173 a
496 5121 660 5175 Petro
690 5120 959 5176 fratribus
986 5131 1246 5176 enarrata
1284 5121 1452 5178 fuisse
1482 5137 1605 5192 qua:
1643 5123 1911 5176 Dominus
1950 5125 2016 5178 dc

436 5213 650 5268 Joanne
691 5212 853 5267 dixit.
890 5213 1118 5268 Petrum
1157 5226 1343 5268 autem
1397 5213 1558 5267 aliter
1595 5213 1800 5268 dixisse
1851 5227 2014 5283 quam

437 5304 690 5359 audierat
719 5303 876 5359 nefas
897 5314 980 5358 est
1004 5304 1180 5359 dictu.
1205 5303 1348 5370 Quid
1372 5319 1504 5377 ergo
1537 5305 1724 5360 retulit
1750 5305 2019 5360 fratribus

441 5395 678 5452 Petrus?
710 5397 870 5464 Quod
905 5397 1168 5452 Dominus
1203 5397 1271 5451 de
1312 5399 1524 5454 Joanne
1555 5399 1730 5454 dixit:
1771 5397 1862 5453 Sic
1900 5415 2018 5451 eum

442 5489 558 5544 volo
589 5505 802 5544 manere
837 5489 1002 5544 donec
1043 5491 1276 5544 veniam.
1310 5489 1368 5544 id
1415 5505 1444 5544 a
1485 5491 1678 5554 Petro,
1720 5507 1750 5546 a
1805 5492 2021 5546 cmteris

443 5573 708 5640 omnibus
734 5583 930 5638 eodeni
967 5582 1306 5638 intellectum
1337 5585 1500 5639 modo
1525 5584 1648 5652 fuit,
1674 5587 1820 5656 quod
1849 5586 2018 5641 disci-

447 5675 611 5744 pulus
649 5675 740 5729 ille
783 5689 890 5729 non
925 5674 1178 5728 moritur.
1220 5674 1404 5741 Quare
1437 5677 1552 5746 ipse
1591 5693 1812 5746 quoque
1843 5680 2020 5734 delin-

446 5785 616 5838 quere
652 5768 783 5822 mihi
817 5767 1056 5826 viderer.
1083 5768 1127 5822 si
1165 5784 1272 5822 non
1302 5771 1372 5821 ita
1400 5769 1544 5824 hut-c
1577 5771 1786 5824 Domini
1820 5788 2029 5826 sermo-

450 5876 574 5917 nem
627 5873 908 5929 eaperetn,
953 5859 1099 5913 sicut
1162 5873 1354 5914 omnes
1389 5860 1642 5931 discipuli
1687 5872 1817 5918 tunc
1865 5865 2028 5918 intel-

453 5956 724 6010 lexerunt.
763 5950 942 6008 Facile
986 5965 1229 6023 namque
1265 5953 1619 6026 crediderim,
1656 5959 1908 6025 quamvis
1939 5959 2026 6014 die

2125 4760 2394 4822 moritur;
2425 4756 2670 4812 stetisset
2704 4767 2888 4810 autem
2939 4753 2984 4808 si
3020 4767 3134 4806 rem
3179 4751 3351 4820 ipsam
3383 4761 3586 4816 negare
3609 4761 3707 4796 vo-

2125 4851 2347 4906 luisset.
2378 4849 2485 4906 Sed
2519 4848 2754 4913 addidit,
2801 4845 2929 4909 Sed,
2969 4843 3188 4913 supple,
3223 4840 3356 4894 dixit
3407 4855 3426 4893 :
3468 4836 3555 4892 Sic
3591 4852 3710 4889 eum

2125 4945 2244 5000 uolo
2291 4959 2507 5000 manere
2539 4985 2555 5010 ,
2617 4943 2784 4996 donec
2833 4941 3063 4994 ueniam.
3094 4934 3378 4994 Sermonis
3435 4930 3604 5002 igitur
3657 4937 3714 4980 et

2129 5039 2428 5094 verborum
2456 5037 2814 5093 collationem
2863 5033 3020 5097 facit.
3054 5046 3166 5086 non
3215 5043 3425 5085 rerum.
3473 5024 3610 5079 Nam
3667 5023 3711 5076 si

2130 5146 2318 5186 rerum
2367 5129 2546 5184 facere
2592 5128 2948 5184 collationem
2985 5123 3286 5182 voluisset,
3341 5117 3476 5172 iilttd
3533 5115 3712 5169 solum
3799 5181 3802 5185 λ

2127 5223 2445 5292 scripsisset
2481 5238 2494 5276 :
2525 5222 2646 5276 Non
2681 5221 2821 5275 dixit
2850 5220 2900 5274 ei
2941 5217 3088 5288 quod
3135 5231 3245 5269 non
3286 5210 3558 5274 moritur;
3609 5207 3718 5262 hoc

2133 5317 2282 5371 enim
2327 5315 2402 5370 ita
2445 5315 2658 5370 dictum
2687 5351 2704 5375 ,
2757 5312 2944 5366 statim
2987 5309 3229 5364 ostendit
3259 5304 3406 5378 quod
3462 5302 3716 5356 moritur.

2135 5407 2265 5472 Sed,
2301 5405 2420 5460 Non
2443 5406 2578 5458 dixit
2602 5404 2740 5473 quod
2771 5420 2875 5456 non
2908 5403 3156 5462 moritur,
3194 5398 3397 5467 inquit,
3425 5395 3518 5448 sed
3549 5391 3714 5454 dixit,

2136 5499 2222 5554 Sic
2246 5515 2365 5552 eum
2392 5496 2506 5552 volo
2537 5511 2752 5550 manere
2773 5501 2936 5548 donec
2957 5492 3186 5556 veniam,
3213 5489 3342 5560 quid
3367 5487 3434 5541 ad
3462 5496 3509 5540 te
3530 5486 3556 5540 1’
3587 5485 3718 5540 Per-

2135 5593 2389 5661 Spieuum
2438 5605 2569 5654 ergo
2600 5595 2721 5652 est,
2769 5584 3069 5642 verborum
3117 5583 3296 5653 ipsum
3355 5579 3712 5635 collationem

2137 5683 2339 5746 facere,
2371 5697 2484 5735 non
2515 5694 2730 5741 rerum,
2771 5677 3025 5748 quamvis
3069 5685 3128 5732 et
3156 5689 3342 5730 rerum
3385 5673 3572 5729 dicere
3606 5687 3716 5726 non

2142 5774 2361 5832 dubito.
2394 5773 2548 5827 Alter
2578 5773 2728 5826 enim
2766 5785 2948 5825 sermo
2993 5781 3226 5824 mortem
3265 5767 3493 5822 omnino
3533 5777 3717 5836 negat,

2143 5865 2290 5938 quod
2326 5865 2588 5935 quoniam
2620 5862 2817 5917 falsum
2849 5869 2933 5916 est
2966 5876 3076 5914 non
3114 5859 3271 5922 dixit,
3292 5859 3412 5914 Non
3437 5859 3674 5914 moritur
3705 5874 3720 5926 ;

2144 5960 2301 6025 alter,
2336 5955 2556 6029 quando
2587 5953 2892 6012 moriturus
2916 5963 3019 6022 cst,
3045 5953 3288 6010 ostendit
3307 5969 3320 6022 ;
3360 5952 3545 6009 Donec
3575 5955 3720 6008 enim
