4098 6396
391 411 497 476 877

1183 409 1269 473 IN
1312 412 1568 485 lLLUD,
1615 428 1634 462 ι
1672 415 1802 475 810
1832 416 2030 477 VOLO
2072 417 2232 479 EUM
2280 421 2622 493 MANERE,
2657 436 2676 470 ι
2723 421 2879 484 ETC;

3559 424 3664 488 8'78

392 523 598 579 “unam
639 536 857 578 causam
887 520 1196 588 Videamus.
1230 530 1356 593 Ροεῑ
1384 525 1824 580 incarnationem
1848 527 1982 581 νῦν·
2009 525 2056 586 Α
2085 531 2196 584 lum
2229 531 2376 585 aliud
2415 533 2738 587 mandatum
2795 534 3046 588 exstabat
3105 533 3446 597 hominibus,
3472 549 3662 603 quam

394 615 475 682 bi,
500 615 668 686 hujus
693 629 916 685 quoque
947 614 1052 681 rei,
1084 615 1228 670 sicut
1273 615 1504 670 aliarum
1545 617 1839 671 multarum
1891 632 1978 671 re-

400 724 545 768 rum.
577 723 642 763 ac
668 721 808 776 pene
855 707 1106 762 omnium
1142 722 1308 762 causa
1333 707 1495 763 nobis
1517 707 1784 763 innotuit.
1857 709 1981 763 Dia-

399 802 560 857 bolus
593 801 743 856 enim
775 799 1038 857 licentius
1063 801 1117 855 iu
1151 801 1362 856 ultimis
1388 801 1732 870 temporibus
1755 810 1983 871 propter

405 904 629 966 peccata
659 903 849 949 nostra
877 894 1138 950 omnibus
1171 895 1285 949 suis
1306 893 1519 948 viribus
1547 909 1754 948 usurus
1779 903 1886 959 est,
1921 903 1982 948 ut

401 988 567 1044 etiam
597 986 780 1052 electi,
810 985 854 1041 si
876 985 1139 1056 possibile
1165 986 1262 1050 sit,
1288 986 1342 1039 in
1366 1000 1616 1040 errorem
1645 985 1985 1040 contrudan-

405 1087 516 1133 tur.
538 1077 674 1132 Nam
705 1093 829 1132 cunt
860 1077 1135 1133 revelatus
1167 1075 1275 1131 erit
1298 1080 1466 1130 homo
1498 1075 1812 1144 iniquitatis
1843 1076 1988 1144 (om-

409 1184 507 1224 nes
535 1169 686 1224 enim
726 1167 888 1223 liberi
931 1167 1151 1222 arbitrii
1183 1181 1376 1221 sumus
1405 1165 1423 1229 )
1453 1164 1808 1236 przestigiosis
1865 1164 1988 1232 ejus

407 1261 692 1317 miraculis
708 1261 926 1331 decepti
950 1261 1288 1331 periremus,
1316 1258 1423 1312 nisi
1455 1258 1722 1312 Dominus
1752 1256 1992 1326 duplici-

410 1367 492 1410 ter
523 1353 797 1424 praecipue
853 1351 1224 1423 providisset:
1273 1352 1515 1421 primum
1572 1348 1990 1418 Scripturarum

410 1445 856 1516 praemonitione,
881 1459 1005 1514 qua:
1031 1459 1225 1514 magna
1251 1457 1389 1497 voce
1426 1441 1684 1512 ﬁgmenta
1710 1451 1767 1495 et
1797 1439 1994 1508 impie-

416 1547 580 1594 tatem
615 1537 768 1593 illius
795 1535 1117 1606 praadicant,
1150 1534 1447 1606 sugillaut;
1487 1532 1689 1588 deinde
1740 1539 1820 1586 tot
1865 1545 1992 1586 san-

412 1640 627 1687 ctorum
681 1629 966 1684 hominum
1022 1627 1327 1694 miraculis,
1366 1627 1641 1694 doctrina,
1667 1621 1992 1694 prophetiis.

417 1739 556 1790 quos
596 1737 764 1792 parvo
797 1731 1044 1792 tempore
1072 1727 1370 1790 antequam
1395 1717 1700 1789 impietatis
1731 1715 1880 1771 illius
1911 1715 1996 1769 vis

417 1825 471 1869 et
503 1815 636 1870 falsa
655 1813 906 1869 doctrina
933 1813 1204 1868 missurus
1226 1821 1332 1876 est,
1365 1812 1461 1881 qui
1495 1820 1556 1866 ut
1593 1810 1764 1865 etiam
1799 1815 1994 1862 aucto-

417 1909 580 1961 ritate
623 1922 733 1976 qua
768 1905 1004 1960 maxime
1036 1920 1139 1960 nos
1195 1912 1477 1966 moveant,
1524 1917 1555 1957 a
1609 1883 2077 1956 vetustissimisB

416 1998 758 2069 temporibus
780 2007 837 2053 et
865 1997 1023 2068 quasi
1044 1996 1233 2053 statim
1261 2011 1292 2051 a
1319 1995 1526 2066 triplici
1550 2009 1761 2060 rerum,
1788 2002 1998 2063 tempo-

419 2107 563 2155 rum,
595 2098 820 2146 tetatum
841 2089 1131 2160 principio,
1160 2096 1216 2144 et
1250 2087 1519 2143 reservati
1548 2087 1616 2141 ad
1650 2087 1755 2142 hoc
1792 2085 1998 2141 divini-

421 2192 509 2239 tus
538 2183 909 2239 ministerium
945 2191 1076 2239 sunt
1105 2191 1162 2238 et
1194 2190 1507 2238 reservatos
1547 2193 1672 2235 esse
1725 2177 1997 2248 scriptum

417 2287 522 2344 est,
551 2286 611 2332 ut
643 2276 1133 2348 praedicationibus
1158 2274 1299 2345 ipsis
1329 2274 1423 2344 qui
1457 2274 1568 2328 sint
1600 2279 1657 2328 et
1677 2287 1777 2328 cur
1814 2284 1999 2324 vene-

421 2372 514 2436 rit,
539 2373 755 2427 sincera
791 2369 1114 2441 integraque
1141 2368 1248 2424 ﬁde
1307 2366 1625 2428 credamus.
1692 2361 2000 2433 Scripturis

422 2464 758 2534 pra-moniti,
781 2463 952 2528 docti,
977 2459 1312 2526 conﬁrmati,
1341 2458 1489 2530 quod
1509 2457 1834 2513 Antichristi
1863 2465 2000 2510 tem-

426 2558 656 2628 poribus
685 2557 904 2612 venturi
932 2566 1084 2612 sunt.
1119 2555 1378 2626 Oportuit
1417 2563 1604 2609 autem
1640 2567 1810 2606 unum
1844 2565 1910 2606 ex
1934 2549 2002 2605 il-

424 2652 492 2706 lis
512 2651 732 2706 mittere
767 2650 1015 2719 quiante
1044 2650 1216 2721 legem
1251 2647 1498 2713 fuerunt,
1540 2661 1712 2701 unum
1770 2645 1864 2714 qui
1898 2644 2002 2699 sub

424 2745 563 2814 lege,
602 2744 828 2799 tertium
867 2743 1265 2814 quiChristum
1304 2743 1484 2811 ipsum
1531 2739 1832 2804 audiverit,
1861 2736 2002 2791 allo-

425 2849 590 2896 cutus
662 2839 858 2902 fuerit,
903 2838 1190 2908 multoque
1249 2835 1421 2906 magis
1476 2847 1700 2889 necesse
1736 2831 2003 2886 adversus

424 2931 967 3000 Antichristum,qui
996 2945 1054 2984 se
1079 2927 1366 2984 Christum
1396 2927 1596 2982 Filium
1631 2939 1753 2980 esse
1787 2923 1884 2978 Dei
1905 2921 2005 2974 ﬁn-

425 3037 535 3099 get,
566 3041 731 3098 quam
783 3026 1023 3094 aliquem
1090 3037 1159 3079 ex
1213 3019 1626 3078 vetustissimis.
1683 3016 2007 3073 Reservavit

427 3131 612 3175 autem
641 3135 707 3174 ex
750 3107 1035 3172 veteribus
1061 3114 1238 3192 duos:
1271 3113 1581 3170 reservavit
1627 3111 1798 3182 igitur
1833 3108 2002 3164 etiam

427 3231 492 3270 ex
515 3213 800 3284 apOstolis.
837 3212 972 3266 Tres
997 3226 1129 3281 ergo
1155 3209 1420 3264 reservati
1449 3217 1578 3262 sunt
1601 3206 1866 3260 adversus
1893 3203 2003 3257 An-

430 3307 768 3369 tichristum,
811 3319 910 3374 pro
928 3303 1161 3358 veritate
1193 3303 1332 3355 utin
1375 3300 1538 3354 ﬁnem
1604 3307 1882 3352 tantorum
1928 3293 2010 3348 vi-

433 3415 620 3455 rorum
655 3397 994 3458 testimonio,
1029 3395 1312 3450 miraculis
1351 3393 1695 3454 conﬁrmato,
1729 3389 1800 3444 ab
1823 3389 2016 3458 impie-

439 3501 548 3548 tate
574 3492 882 3548 incredibili
906 3499 1070 3559 atque
1094 3488 1340 3544 inaudita
1367 3486 1620 3542 homines
1652 3485 1799 3539 illius
1831 3482 2016 3538 saeculi

441 3594 794 3642 revocentur.
827 3583 946 3638 Erit
998 3591 1181 3637 autem
1234 3579 1610 3635 testimonium
1653 3575 1900 3640 Joannis,
1959 3585 2020 3630 ut

442 3694 541 3750 ego
571 3678 844 3742 arbitror,
873 3675 1048 3730 multo
1082 3673 1307 3744 majoris
1342 3671 1649 3741 dignitatis,
1684 3669 1828 3740 quod
1853 3668 2012 3724 facile

441 3773 760 3843 percipitur,
783 3769 828 3826 si
859 3769 1016 3838 quasi
1065 3766 1497 3822 controversiam
1523 3765 1895 3820 instituamus.
1929 3762 2020 3817 Di-

439 3875 566 3922 cant
587 3864 736 3932 impii
757 3862 1156 3917 Antichristum
1173 3875 1295 3915 esse
1314 3858 1564 3914 Mess'am
1583 3867 1638 3912 et
1661 3857 1856 3913 Filium
1878 3857 1974 3912 Dei
2004 3873 2019 3924 ;

442 3967 611 4012 testes
654 3955 858 4011 vetusti
885 3964 1120 4021 negent,
1153 3960 1512 4020 asserantque
1547 3949 1748 4005 Tiberii
1793 3949 2021 4019 Augusti

441 4049 790 4118 temporibus
820 4047 1098 4103 Christum
1129 4045 1694 4114 venisse,quanquam
1733 4043 1871 4096 male
1925 4056 2024 4112 po-

443 4152 632 4196 terunt
685 4152 866 4196 tamen
930 4139 1334 4195 contendentes
1381 4139 1532 4208 impii
1591 4138 1882 4208 replicare,
1912 4152 2023 4192 non

443 4235 617 4288 fuisse
666 4233 790 4286 illos
820 4241 952 4286 tunc
1006 4231 1401 4302 Hierosolymis
1440 4239 1497 4286 et
1541 4240 1838 4301 propterea
1876 4229 2016 4284 falso

442 4325 693 4380 attestari
729 4323 875 4393 quod
906 4338 1012 4377 non
1044 4322 1322 4376 viderunt.
1353 4322 1422 4376 At
1472 4319 1715 4376 Joannes
1739 4329 1796 4376 et
1820 4320 2025 4374 vidisse

445 4416 778 4472 clamabitet
801 4416 1024 4470 audisse
1060 4415 1216 4469 illum
1245 4423 1301 4468 et
1327 4415 1601 4484 tetigisse,
1636 4423 1692 4468 et
1720 4413 2026 4467 allocutum

446 4508 616 4562 fuisse
652 4515 708 4563 et
744 4508 987 4561 astitisse
1037 4506 1094 4560 in
1141 4519 1307 4560 cruce
1333 4505 1595 4576 pendenti
1648 4514 1704 4560 et
1747 4504 2028 4575 aspexisse

2089 623 2237 692 quod
2269 634 2462 679 natura
2492 626 2545 678 in
2571 625 2915 695 singulorum
2941 625 3261 695 pectoribus
3285 626 3513 680 insitqu
3548 635 3666 690 est;

2091 719 2239 772 Elias
2273 719 2565 788 propheta.
2595 719 2687 789 qui
2723 720 2806 774 vel
2843 730 3093 774 mortuos
3123 719 3179 774 in
3206 719 3375 774 vitam
3425 719 3672 774 restituit.

2093 812 2345 866 oratione
2383 821 2439 867 et
2484 813 2586 868 sub
2637 814 2756 884 lege
2821 813 3175 878 ceruscavit;
3215 811 3458 868 Joannes
3501 829 3674 868 evan-

2093 905 2327 973 gelista,
2373 922 2539 976 quem
2580 907 2848 962 Dominus
2902 907 3206 977 plurimum
3268 906 3483 968 dilexit,
3536 922 3674 972 apo-

2095 999 2364 1053 stolorum
2409 999 2819 1062 sanctissimus,
2855 1014 3020 1068 quem
3055 1001 3110 1053 in
3150 999 3519 1053 universalem
3572 997 3675 1052 Ec-

2095 1091 2282 1146 clesia:
2333 1098 2608 1159 pastorem
2665 1089 2928 1144 Dominus
2975 1091 3060 1159 (ut
3106 1106 3208 1159 ego
3249 1089 3508 1158 arbitror)
3563 1105 3676 1143 non

2096 1182 2417 1253 praeposuit,
2479 1190 2595 1236 tum
2641 1193 2702 1236 ut
2755 1181 2834 1236 illi
2881 1182 3080 1252 virgini
3134 1181 3365 1237 Matrem
3408 1181 3677 1252 virginem

2098 1276 2532 1339 commendaret,
2567 1281 2682 1328 tum
2715 1283 2777 1330 ut
2817 1275 2979 1328 Petro
3005 1283 3138 1328 tunc
3175 1274 3363 1343 (quem
3411 1271 3681 1327 velociori

2100 1366 2364 1439 martyrio
2409 1367 2754 1434 destinavit),
2793 1366 2990 1423 J'oanui
3019 1375 3207 1435 postea
3245 1367 3301 1420 in
3335 1363 3684 1433 temporibus

2101 1460 2451 1525 Antichristi,
2505 1459 2810 1516 Ecclesiam
2843 1459 3238 1523 committeret,
3272 1467 3328 1513 et
3358 1459 3441 1512 sic
3464 1455 3686 1510 duobus

2102 1553 2390 1622 discipulis
2449 1567 2688 1622 quorum
2743 1553 2884 1607 alter
2957 1551 3186 1617 dilexit",
3245 1550 3386 1605 alter
3452 1549 3689 1604 dilectus

2103 1645 2326 1700 Christo
2375 1643 2614 1698 maxime
2666 1643 2916 1698 omnium
2969 1641 3174 1706 fuerat,
3232 1641 3396 1696 alteri
3455 1641 3514 1695 in
3567 1639 3688 1710 ipse

2103 1735 2386 1806 Evangelii
2436 1735 2616 1797 initio,
2652 1735 2812 1790 alteri
2839 1734 2894 1787 in
2939 1733 3046 1788 ﬁne
3073 1742 3130 1788 et
3167 1732 3418 1802 utrisque
3467 1731 3520 1786 in
3556 1747 3687 1808 per-

2106 1827 2483 1885 secutionibus
2546 1826 2801 1882 maximis
2873 1825 3118 1881 Ecclesia
3181 1823 3686 1880 commendaretur.

2105 1921 2355 1985 Accedit,
2391 1920 2538 1989 quod
2559 1933 2751 1973 omnes
2779 1917 3014 1987 apostoli
3063 1917 3326 1987 martyrio
3355 1917 3522 1970 vitam
3578 1925 3689 1970 ter-

2105 2017 2408 2076 minarunt,
2434 2021 2496 2067 ut
2515 2027 2675 2068 nemo
2709 2012 2879 2082 possit
2900 2012 3176 2082 ambigere
3198 2011 3591 2065 veracissimos
3612 2009 3686 2062 il-

2105 2107 2190 2162 los
2224 2115 2394 2160 testes
2419 2105 2611 2170 fuisse,
2640 2103 2734 2173 qui
2760 2102 2905 2158 sicut
2940 2101 3200 2157 Dominus
3235 2110 3409 2155 morte
3443 2100 3691 2154 testium.

2109 2197 2266 2251 nium
2303 2211 2466 2251 suum
2498 2203 2922 2264 persanxerunt.
2951 2193 3083 2248 Nam
3115 2191 3370 2248 Christus
3417 2192 3687 2246 Dominus

2106 2299 2319 2352 noster,
2347 2287 2517 2343 Filius
2545 2288 2664 2351 Dei,
2697 2297 2753 2342 et
2785 2287 3030 2356 pontifex
3060 2285 3331 2340 maximus
3359 2284 3460 2337 l‘uit
3502 2292 3560 2336 ut
3592 2284 3692 2336 lio-

2108 2399 2220 2452 mo,
2249 2383 2390 2438 sicut
2420 2380 2708 2438 Psalmista
2742 2380 2916 2445 canit,
2953 2377 3030 2432 Tu
3057 2394 3109 2432 es
3159 2377 3406 2431 sacerdos
3455 2377 3507 2429 in
3536 2386 3690 2430 atter-

2109 2493 2258 2539 num,
2297 2476 2580 2531 secundum
2608 2475 2845 2530 ordinem
2875 2470 3246 2526 Melchisedech
3286 2473 3334 2536 ’;
3367 2480 3424 2524 et
3450 2485 3575 2532 rex;
3608 2468 3690 2520 di-

2108 2571 2252 2626 citur
2275 2569 2422 2624 enim
2461 2569 2514 2622 in
2551 2581 2843 2636 personam
2869 2565 3026 2636 ejus:
3078 2561 3190 2632 Ego
3219 2569 3399 2614 autem
3432 2561 3693 2613 constitu-

2113 2671 2193 2716 tus
2228 2679 2345 2716 sum
2399 2676 2490 2715 rex
2520 2659 2584 2712 ab
2644 2661 2756 2728 ipso
2787 2672 2946 2728 super
2989 2653 3120 2710 Sion
3168 2661 3397 2708 montem
3451 2660 3694 2704 sanctum

2109 2754 2222 2824 ejus
2245 2753 2266 2785 ³
2296 2768 2311 2819 ;
2339 2761 2393 2808 et
2428 2751 2635 2806 Pilatus
2668 2751 2722 2805 in
2749 2749 2928 2813 titulo,
2957 2747 3109 2802 Iesus
3143 2745 3454 2801 Nazarenus
3485 2759 3576 2796 rea:
3602 2741 3696 2796 Ju-

2111 2849 2344 2902 da'orum
2366 2863 2381 2912 ;
2405 2853 2462 2901 et
2483 2852 2687 2915 martyr
2719 2843 2948 2911 primus,
2985 2851 3041 2895 et
3069 2839 3373 2903 maximus;
3411 2852 3534 2890 nam
3570 2850 3696 2888 cum

2115 2938 2488 2994 testimonium
2523 2949 2627 2990 nec
2678 2935 2746 2990 de
2777 2949 2835 2989 se
2868 2934 2986 3004 ipso
3011 2947 3193 2995 suum,
3221 2928 3367 3000 quod
3399 2928 3568 2983 Filius
3605 2928 3702 2981 Dei

2113 3041 2284 3098 esset,
2309 3029 2485 3086 Judaei
2508 3027 2848 3098 acciperent,
2870 3041 2972 3081 nec
2992 3024 3171 3079 Patris
3199 3024 3282 3078 sui
3311 3023 3402 3092 qui
3425 3019 3706 3074 miraculis

2115 3123 2378 3183 inauditis
2404 3121 2708 3178 testabatur
2732 3121 2908 3192 ipsum
2936 3134 3056 3174 esse
3076 3118 3276 3174 Filium
3305 3129 3495 3179 suum,
3524 3124 3703 3170 morte

2039 3250 2082 3309 ε
2117 3217 2490 3274 testimonium
2513 3213 2914 3284 comprobavit.
2949 3210 3165 3267 Scimus
3189 3218 3339 3265 certe
3363 3208 3583 3264 Judaeos
3619 3223 3708 3263 rc-

2121 3322 2207 3368 cte
2233 3310 2569 3367 intellexisse
2601 3308 2764 3362 verba
2796 3304 3034 3370 Domini,
3063 3304 3266 3374 quibus
3291 3301 3510 3357 Patrem
3543 3317 3704 3356 suunt

2121 3404 2559 3475 omnipotentem
2595 3401 2766 3456 Demn
2819 3397 3152 3469 appellabat.
3215 3396 3370 3452 Unde
3412 3395 3706 3456 dicebant,

2121 3496 2264 3550 mori
2290 3497 2468 3565 ipsum
2520 3491 2829 3547 secundum
2848 3491 3025 3560 legem
3058 3489 3282 3551 debere,
3333 3487 3463 3555 quia
3505 3485 3706 3539 Filiqu

2121 3587 2219 3644 Dei
2249 3587 2492 3663 seipsum
2527 3585 2682 3640 fecit.
2708 3583 2824 3640 Nec
2872 3583 3020 3638 enim
3057 3582 3218 3636 aliter
3252 3579 3486 3650 intelligi
3526 3587 3710 3648 potest

2122 3681 2271 3751 quod
2302 3681 2474 3738 Deum
2502 3681 2722 3735 Patrem
2755 3692 2878 3734 esse
2903 3691 3064 3733 suum
3093 3675 3458 3748 praedicabat;
3487 3682 3711 3744 propte—

2123 3787 2216 3829 rea
2245 3771 2414 3828 dicit:
2442 3770 2782 3841 Manifestavi
2801 3785 2988 3823 nomen
3021 3777 3168 3822 tuum
3193 3765 3544 3820 hominibus‘.
3572 3765 3708 3820 Nam

2123 3873 2253 3922 ante
2283 3864 2583 3920 adventum
2617 3863 2672 3917 in
2707 3876 2878 3916 carne
2913 3858 3084 3916 Verbi
3121 3856 3469 3912 reconditum
3513 3872 3712 3927 magno

2146 3959 2202 4014 in
2235 3964 2579 4012 sacramento
2616 3953 2879 4010 tenebant
2909 3951 3056 4024 quod
3097 3950 3246 4007 Deus.
3271 3951 3344 4004 ita
3379 3959 3466 4006 est
3523 3949 3708 4014 Pater,

2129 4063 2188 4107 ut
2216 4049 2415 4105 Filium
2440 4047 2639 4103 habeat
2658 4061 2726 4102 ex
2754 4044 3070 4100 substantia
3094 4058 3192 4099 sua
3229 4043 3504 4113 genitum,
3530 4058 3716 4111 requa-

2126 4143 2234 4199 lem
2266 4152 2458 4197 natura
2497 4149 2554 4196 et
2581 4136 3108 4194 consubstantialem
3141 4151 3161 4204 ;
3189 4118 3404 4200 verum,
3440 4133 3705 4202 quoniam

2129 4251 2280 4290 mors
2311 4235 2634 4289 ultimorum
2668 4228 2995 4286 terribilium
3023 4237 3131 4294 est,
3156 4243 3258 4282 nec
3281 4227 3481 4282 adduci
3513 4227 3716 4280 mentis

2131 4341 2359 4397 compos
2408 4325 2573 4380 homo
2612 4329 2817 4393 potest,
2865 4331 2928 4375 ut
2979 4322 3175 4375 credat
3237 4319 3291 4373 in
3347 4320 3466 4390 ipso
3501 4329 3718 4374 terrore

2133 4421 2331 4478 mortis
2359 4419 2599 4490 aliquem
2617 4417 2704 4472 vel
2739 4415 2808 4471 de
2844 4431 2925 4484 se,
2956 4413 3040 4469 vel
3073 4413 3144 4468 de
3173 4413 3283 4468 alio
3322 4413 3568 4472 mentiri.
3616 4414 3720 4466 hac

2132 4516 2200 4570 de
2232 4530 2398 4569 causa
2446 4522 2714 4582 martyres
2745 4516 3335 4580 vereatuncupantur,
3399 4507 3494 4576 qui
3541 4515 3718 4560 morte

447 4600 770 4670 sanguinem
810 4609 866 4654 et
899 4615 1095 4668 aquam
1127 4614 1158 4652 e
1185 4597 1352 4653 latere
1386 4598 1586 4653 mortui
1623 4597 2020 4666 prosilieutem,

2139 4606 2361 4678 propria
2403 4603 2849 4675 praedicationem
2884 4615 3042 4657 suam
3107 4614 3293 4653 veram
3326 4615 3450 4654 esse
3487 4599 3720 4652 deuion-
3769 4630 3774 4632 -

446 4707 501 4748 et
569 4703 693 4763 post
756 4693 1223 4746 resurrectionem
1293 4691 1603 4745 comedisse
1682 4705 1748 4745 ac
1825 4689 2030 4745 bibisse

447 4799 570 4838 cum
620 4784 734 4849 illo,
775 4791 832 4837 et
882 4796 1078 4835 manus
1112 4789 1278 4850 atque
1338 4780 1509 4851 pedes
1553 4781 1802 4836 cruciﬁxi
1861 4781 2047 4836 vidis-.

449 4892 512 4932 se
570 4875 951 4946 palpasseque.
987 4873 1244 4928 Miracula
1279 4889 1500 4944 quoque
1531 4873 1806 4940 narrabit,
1855 4873 2031 4928 multo

450 4971 606 5040 plura
647 4961 816 5039 quam
869 4969 1110 5038 scripsit,
1163 4969 1210 5024 si
1257 4977 1442 5023 tamen
1496 4969 1736 5025 mundus
1775 4978 1905 5024 tunc
1940 4983 2031 5023 ca-

453 5077 580 5131 pere
612 5061 837 5131 poterit,
897 5061 1238 5132 auribusque
1286 5063 1404 5118 suis
1455 5077 1644 5118 vocem
1721 5062 1869 5116 illam
1925 5077 2030 5116 au-

450 5155 599 5210 disse
657 5154 1014 5220 asseverabit,
1055 5155 1278 5223 Lazare,
1341 5157 1465 5211 veni
1522 5156 1718 5225 foras‘
1796 5167 1848 5212 et
1887 5171 2020 5224 qua-

454 5246 768 5300 triduanum
832 5260 1112 5301 mortuum
1177 5230 1452 5303 exsiliisse
1498 5247 1646 5303 foras
1701 5263 1732 5302 e
1780 5249 2034 5317 sepulcro

451 5338 657 5394 vidisse
711 5349 767 5394 et
820 5339 1036 5395 institas
1097 5340 1301 5410 quibus
1348 5349 1468 5397 erat
1501 5341 1786 5410 alligatum
1840 5340 2033 5395 Lazari

454 5444 657 5498 corpus
689 5431 944 5485 manibus
969 5431 1086 5486 suis
1121 5431 1378 5486 solvisse.
1410 5430 1533 5487 llaec
1587 5432 1806 5501 aliaque
1841 5431 2034 5502 hujus-

454 5522 600 5577 ntodi
629 5522 915 5576 miraculis
947 5522 1261 5578 allirmabit.
1297 5523 1435 5579 Tres
1479 5523 1648 5594 igitur
1693 5525 2038 5592 temporibus

456 5615 564 5670 illis
605 5615 828 5670 falsitati
880 5617 1137 5670 resistent
1183 5625 1353 5671 testes
1390 5635 1403 5669 :
1452 5617 1638 5673 Euoch
1673 5617 1766 5672 ille
1812 5617 2037 5688 justus.

456 5711 614 5783 Cujus
651 5719 778 5763 aute
809 5709 1078 5764 dilutium
1105 5709 1320 5782 justitia
1346 5709 1569 5771 claruit.
1631 5716 1855 5781 quando
1915 5727 2040 5766 utu-

582 5898 595 5929 ’
633 5897 791 5956 Joan.
821 5915 900 5970 xi,
941 5899 1030 5958 45.

1129 5903 1147 5933 ²
1181 5897 1328 5958 Psal.
1361 5913 1471 5966 (ιιι,
1516 5898 1564 5956 ι.
1646 5900 1666 5934 ³
1699 5898 1844 5958 Psal.
1884 5916 1944 5964 ιι,
1975 5900 2027 5954 li.

2135 4707 2405 4755 straruut.
2435 4698 2653 4752 Primus
2676 4710 2805 4751 vero
2835 4702 3046 4766 martyr
3071 4691 3324 4750 Christus
3346 4708 3469 4746 cum
3497 4691 3719 4746 tradere

2133 4793 2387 4862 Spiritum
2419 4789 2530 4852 Deo
2552 4788 2739 4851 vellet,
2761 4802 2954 4858 magna
2977 4801 3112 4841 voce
3141 4785 3388 4840 intonuit
3422 4785 3669 4839 clamans
3695 4804 3709 4837 :

2136 4883 2318 4948 Pater,
2354 4882 2409 4936 in
2444 4897 2634 4936 manus
2685 4890 2806 4934 tuas
2841 4880 3150 4933 commendo
3207 4879 3455 4949 spiritum
3519 4894 3714 4930 meum.

2139 4977 2289 5031 lianc
2336 4972 2778 5029 tesuﬁcatiouem
2839 4987 2939 5042 per
2997 4971 3324 5041 sanguinem
3376 4981 3434 5024 et
3480 4979 3714 5022 iuurtmn

2138 5069 2374 5142 apostoli
2399 5083 2592 5125 omnes
2640 5066 2932 5123 Dominum
2995 5067 3169 5122 secuti
3202 5065 3271 5120 de
3323 5062 3720 5134 praedicatione

2139 5178 2238 5218 sua
2266 5161 2532 5218 iecerunt.
2562 5159 2676 5216 Cur
2705 5158 2947 5216 Joannes
2971 5159 3075 5214 hac
3100 5157 3273 5228 gloria
3291 5158 3443 5214 solus
3474 5155 3723 5228 privare-

2142 5254 2271 5308 tur?
2308 5254 2388 5306 An
2415 5254 2546 5322 quia
2585 5251 2711 5321 plus
2750 5251 2970 5306 caeteris
2999 5249 3328 5306 amabatur?
3356 5248 3473 5304 lmo
3499 5256 3716 5314 contra,

2142 5335 2418 5415 quoniam
2481 5343 2717 5399 maxime
2786 5340 3119 5412 diligebatur
3206 5341 3416 5396 idcirco
3519 5349 3725 5406 marty-

2140 5436 2282 5490 rium
2306 5433 2454 5504 quod
2489 5451 2519 5488 a
2545 5434 2766 5488 Christo
2794 5432 3015 5487 initium
3043 5431 3191 5502 cepit
3239 5436 3292 5486 in
3350 5446 3477 5486 eum
3519 5430 3712 5485 termi-

2139 5529 2384 5582 nabitur.
2419 5526 2483 5580 Et
2512 5525 2658 5581 sicut
2696 5525 2821 5596 plus
2850 5525 3101 5595 diligenti
3135 5524 3380 5580 Ecclesia
3444 5521 3722 5591 incipiens

2137 5620 2244 5675 fuit
2272 5618 2590 5680 cmumissa,
2632 5601 2704 5672 ita
2739 5617 2863 5687 plus
2893 5617 3095 5672 dilecto
3131 5617 3399 5672 desinens
3426 5629 3716 5669 commeuo

2140 5721 2385 5771 dabitur.
2421 5714 2519 5780 ita,
2545 5712 2820 5784 quispiam
2852 5709 3096 5781 inquiet;
3130 5709 3230 5766 sed
3263 5718 3444 5762 tamen
3483 5704 3725 5762 incredi-

2123 5896 2142 5930 ‘
2178 5895 2337 5956 Joan.
2367 5915 2501 5971 xvu,
2536 5899 2590 5957 6.
