4098 6450
447 407 553 474 8⁸9

1645 409 1971 470 GEORGII
2015 408 2539 475 TRAPEZUNTII

3636 404 3743 474 880

449 527 565 581 bile
596 526 833 586 videtur,
868 532 1020 580 tanto
1055 525 1316 595 temporis
1344 526 1525 594 spatio
1551 527 1814 581 dilectum
1849 525 2020 580 disci-
2051 524 2099 583 A
2127 540 2235 580 non
2271 529 2600 583 moriturum
2619 529 2881 582 ,Ιωηηεηι
2910 540 3084 595 usque
3100 525 3165 580 ad
3195 535 3453 580 extrema
3492 532 3746 590 tempora

451 617 642 686 pulum
665 617 896 670 vinculis
916 617 1093 670 adhuc
1115 617 1367 686 corporis
1389 617 1586 680 leucri,
1608 632 1709 671 nec
1736 618 2029 671 liberatum

451 707 560 762 hoc
581 724 797 762 carcere
819 706 986 762 fuisse
1020 707 1075 761 in
1097 708 1326 762 Domino
1351 710 1674 772 resolutum,
1702 710 1796 764 sed
1830 709 2034 781 loogis-

454 800 594 854 simo
628 809 873 869 tempore
910 800 964 853 in
1001 800 1105 855 hoc
1138 801 1494 857 resolutionis
1543 802 1817 857 desiderio
1854 800 2032 872 jacta-

450 893 519 946 ri.
554 892 665 946 Nec
690 893 834 946 enim
861 893 1196 947 credendum
1223 903 1326 959 est,
1362 894 1545 949 minus
1572 895 1839 950 Joannem
1870 910 2030 963 quant

449 983 676 1037 Paulum
713 985 916 1038 resolvi
945 985 1314 1048 desiderasse,
1349 988 1442 1055 qui
1476 989 1587 1040 ait:
1624 986 1792 1056 Cupio
1844 985 2033 1040 resolvi

450 1084 500 1127 et
529 1091 639 1129 esse
673 1093 789 1129 cum
821 1074 1032 1130 Christo
1062 1095 1082 1142 ;
1125 1079 1283 1145 quasi
1315 1094 1447 1132 vero
1494 1094 1603 1132 non
1638 1079 1814 1147 possit
1843 1078 2031 1131 Domi-

448 1182 557 1221 nus
584 1178 636 1221 et
661 1168 760 1237 ipsi
783 1178 839 1222 ct
870 1169 1055 1222 Euoch
1099 1179 1263 1239 atque
1289 1171 1422 1226 Elia!
1453 1182 1579 1225 ante
1605 1184 1837 1227 mortem
1868 1173 2030 1226 etiam

451 1257 859 1313 beatitudinem
900 1260 1147 1329 elargiri,
1176 1265 1433 1331 quamvis
1469 1279 1577 1318 non
1637 1262 1711 1318 illi
1767 1265 2031 1332 aequalem

396 1340 400 1345 ’
457 1364 625 1415 quam
652 1350 876 1403 resoluti
914 1350 1220 1415 habebunt,
1254 1362 1463 1407 tantam
1506 1364 1688 1409 tamen
1721 1367 1778 1409 ut
1816 1352 2033 1408 audiret

453 1453 619 1510 atque
659 1441 871 1496 videret
899 1458 960 1497 ea
994 1459 1115 1511 quae
1148 1460 1250 1499 nec
1284 1446 1479 1500 oculus
1511 1447 1647 1499 vidit
1692 1461 1795 1501 uec
1856 1446 1908 1499 in
1938 1461 2033 1500 co-

454 1535 777 1603 gitationem
813 1536 1054 1592 hominis
1085 1542 1495 1604 ascenderunt;
1526 1541 1671 1610 quod
1716 1541 1769 1594 itt
1801 1556 2033 1609 corpore

454 1628 641 1682 adhuc
676 1628 863 1682 animo
901 1628 1126 1683 detento
1165 1630 1280 1685 fieri
1321 1648 1506 1700 posse,
1554 1633 1601 1687 is
1640 1633 1755 1701 ipse
1792 1641 2034 1687 testatur

454 1718 676 1773 dicens:
723 1717 841 1773 Sive
874 1721 929 1774 in
960 1737 1200 1792 corpore,
1232 1726 1338 1777 sive
1364 1733 1517 1778 extra
1566 1740 1775 1794 corpus,
1836 1726 2031 1787 nescio,

456 1811 595 1865 Deus
624 1813 781 1877 scit}.
818 1812 969 1868 Adde
996 1814 1141 1883 quod
1175 1814 1228 1870 in
1259 1824 1527 1869 aeternum
1558 1831 1655 1885 pro
1688 1814 1795 1870 hoc
1823 1813 2032 1869 brevis-

369 1899 381 1907 ’
453 1902 596 1956 simo
622 1905 884 1971 tempOris
918 1906 1097 1971 spatio
1119 1920 1319 1959 corona
1338 1905 1583 1977 martyrii
1607 1905 1840 1974 fulgens,
1866 1915 1922 1958 et
1947 1906 2036 1960 fu-

454 2004 584 2049 tura
626 1996 1014 2063 prmdicatione
1049 1999 1405 2066 promeritus,
1436 1999 1605 2065 magis
1638 2000 1918 2067 magisque
1948 2015 2035 2055 re-

454 2085 790 2153 splcudebit.
823 2085 957 2140 illud
977 2089 1219 2156 profecto
1238 2091 1432 2143 mirum
1452 2099 1535 2144 est
1558 2090 1703 2160 quod
1721 2106 1847 2145 eum
1869 2107 2032 2161 quem

458 2188 739 2231 mortuum
777 2181 1141 2243 contendunt,
1173 2197 1280 2251 qua
1325 2193 1502 2237 morte
1558 2183 1871 2248 dormierit,
1937 2201 2036 2239 ne-

456 2279 671 2336 queunt
698 2285 998 2340 exponere,
1024 2287 1121 2327 nec
1148 2273 1413 2343 reliquias
1458 2274 1578 2344 ejus
1617 2290 1858 2345 unquam
1889 2276 2035 2333 visas

455 2360 658 2414 alicnbi
692 2360 954 2419 fatentur.
988 2364 1107 2418 Non
1140 2374 1225 2419 est
1276 2376 1429 2420 certe
1469 2366 1769 2422 verisimile
1802 2377 1862 2421 ut
1893 2368 2036 2422 mul-

459 2460 639 2505 torum
674 2469 781 2507 non
818 2463 980 2510 tanta:
1019 2456 1288 2511 claritatis
1329 2467 1668 2521 sanctorum,
1697 2460 1790 2528 qui
1823 2459 1876 2513 in
1908 2475 2029 2517 ere-

457 2556 550 2599 mo
582 2546 891 2609 latitarunt,
917 2558 973 2602 et
1001 2565 1148 2605 mors
1175 2560 1435 2606 narretur
1464 2562 1521 2607 et
1557 2553 1807 2623 reliquias
1844 2565 2034 2611 osten-

458 2637 682 2702 dantur,
717 2647 771 2693 et
794 2639 1024 2695 Joannis
1052 2643 1430 2710 apostolorum
1484 2646 1803 2705 clarissimi,
1860 2662 2028 2716 quem

459 2731 515 2781 iu
556 2728 692 2781 Asim
724 2729 843 2783 lure
901 2742 1180 2786 versatum
1237 2733 1408 2789 fuisse
1460 2746 1696 2801 cmtstat,
1737 2737 1925 2806 ibique
1968 2740 2035 2794 ab

458 2819 564 2871 hac
607 2820 715 2873 vita
747 2824 1047 2877 recessisse
1078 2824 1394 2893 (utaiunt),
1438 2842 1540 2881 uec
1585 2844 1734 2883 mors
1790 2845 2035 2899 expona-

462 2919 551 2963 tur
579 2927 680 2964 nec
713 2913 964 2967 exanime
989 2929 1191 2985 corpus
1225 2932 1467 2987 unquam
1495 2920 1673 2973 visum
1698 2921 1885 2976 fuerit.
1926 2922 2036 2976 Sed

462 3017 639 3068 operae
666 3005 900 3073 pretium
930 3014 1034 3073 est,
1070 3009 1315 3064 breviter
1372 3025 1436 3065 ac
1467 3014 1703 3067 summis
1738 3014 1822 3084 (ut
1857 3014 2033 3085 aiunt)

463 3092 653 3160 digitis
687 3104 931 3165 tangere,
960 3113 1083 3168 qua:
1119 3098 1398 3155 feruntur.

2136 619 2542 687 existimarint;
2567 623 2609 675 si
2635 621 2877 689 denique
2904 618 3140 674 Joannes
3170 620 3283 688 ipse
3310 617 3747 673 modestissime

2136 724 2447 765 sermonem
2483 721 2537 765 et
2572 712 2739 765 verba
2777 710 3071 766 conferens
3107 724 3219 763 rem
3252 723 3367 762 non
3401 717 3495 762 est
3524 708 3745 762 inﬁcia-

2136 808 2259 854 tus:
2286 802 2413 871 quis
2445 801 2740 858 dubitabit.
2768 801 3194 855 dilectissimum
3228 800 3448 853 Christi
3482 800 3738 867 discipu-

2136 891 2269 952 lum,
2294 892 2527 947 alterum
2567 894 2796 961 virginis
2831 893 3009 947 Mariae
3068 908 3166 960 per
3198 891 3470 946 aﬂ'ectum
3511 900 3748 961 propter

2136 982 2508 1051 virginitatem
2543 983 2736 1049 filium,
2773 984 2860 1039 cui
2891 995 2949 1037 ut
2983 993 3160 1038 mater
3194 984 3302 1039 lilio
3324 984 3745 1038 commendata

2134 1074 2261 1137 fuit,
2304 1074 2397 1141 qui
2426 1076 2836 1145 generationem
2868 1074 3034 1129 Verbi
3095 1085 3358 1129 mternam
3410 1073 3747 1127 hominibus

2134 1166 2399 1233 intonuit,
2449 1168 2535 1222 cui
2566 1168 2827 1222 Ecclesiae
2849 1168 3132 1222 militautis
3158 1167 3482 1221 status-fuit
3517 1165 3744 1220 revela-

2139 1270 2251 1322 tus;
2279 1259 2429 1329 quis,
2457 1259 2678 1328 iuquam
2718 1259 3016 1325 dubitabit,
3046 1260 3477 1330 evangelistam,
3508 1267 3739 1327 aposto-

2137 1351 2272 1413 lum,
2302 1352 2625 1421 prophetam
2663 1352 2911 1422 martyrii
2942 1366 3163 1422 quoque
3189 1368 3397 1406 corona
3438 1352 3497 1405 in
3552 1361 3743 1406 extre-

2134 1449 2240 1503 mis
2278 1447 2623 1516 temporibus
2654 1449 2980 1516 potiturum,
3041 1457 3098 1501 ut
3122 1455 3357 1516 uterque
3391 1447 3498 1516 qui
3554 1447 3745 1516 pluri-

2135 1556 2283 1594 mum
2316 1538 2529 1602 dilexit,
2564 1549 2621 1594 et
2652 1538 2744 1609 qui
2779 1538 3081 1608 plurimum
3136 1538 3373 1593 dilectus
3417 1554 3450 1591 θ
3500 1538 3744 1592 Domino

2133 1633 2259 1693 fuit,
2302 1632 2356 1686 in
2391 1632 2648 1688 maximis
2680 1631 3182 1699 persecutionibus,
3243 1630 3383 1685 alter
3437 1630 3744 1698 incipienti

2133 1727 2276 1780 alter
2303 1725 2573 1779 desinenti
2621 1723 2876 1779 Ecclesiae
2905 1723 3110 1791 praesit.
3164 1723 3262 1784 ita,
3304 1722 3617 1792 inquiunt;
3646 1722 3743 1776 sed

2136 1820 2295 1873 multi
2322 1796 2578 1872 doctores
2600 1815 2860 1872 Ecclesia:
2889 1826 2996 1871 tam
3016 1815 3325 1871 Orientales
3351 1830 3531 1885 quam
3580 1814 3745 1871 Occi-

2138 1912 2388 1967 dentales
2405 1911 2518 1981 jam
2543 1919 2822 1965 mortuum
2846 1924 2966 1965 esse
2984 1908 3161 1977 ipsum
3187 1909 3572 1979 scripserunt,
3594 1923 3745 1974 quo-

2142 2021 2261 2059 rum
2296 2002 2610 2059 auctoritati
2666 2001 3080 2072 repugnandum
3112 2016 3220 2055 non
3275 2010 3381 2056 est.
3418 2000 3513 2056 Sit
3576 2014 3739 2055 sane.

2135 2098 2376 2166 Abyssus
2400 2094 2546 2152 enim
2568 2103 2653 2149 est
2684 2092 2990 2161 Scriptura,
3015 2092 3349 2162 incipientes
3376 2091 3661 2157 diximus,
3688 2100 3743 2146 et

2135 2188 2294 2244 aliter
2340 2185 2433 2241 alii
2483 2185 2695 2255 singula
2734 2184 2979 2251 capiunt,
3012 2190 3071 2237 et
3116 2199 3311 2238 omnes
3346 2185 3739 2253 suscipientes

2136 2279 2294 2334 divisi
2334 2287 2429 2332 aut
2475 2274 2809 2345 evangelica:
2851 2273 3152 2343 Scriptum
3198 2283 3294 2330 aut
3333 2274 3502 2329 alteri
3542 2273 3743 2328 alteris

2134 2371 2537 2427 coutradicaut.
2580 2367 2639 2421 lu
2676 2367 2779 2421 hac
2814 2382 2945 2419 vero
2978 2365 3283 2435 quaestione
3339 2366 3383 2419 si
3423 2365 3741 2435 praedictus

2136 2460 2415 2530 Evangelii
2457 2459 2612 2513 locus
2661 2469 2717 2513 ct
2751 2455 2993 2510 rationes
3041 2456 3220 2510 solum
3273 2454 3739 2512 considerantur.

2135 2550 2379 2606 articulis
2408 2548 2531 2603 fidei
2566 2563 2673 2602 nou
2710 2548 3130 2607 contradicitur,
3173 2545 3553 2600 contradictio
3588 2544 3646 2598 in
3681 2558 3740 2597 re

2136 2642 2249 2698 sola
2287 2648 2555 2696 remanet.
2587 2640 2653 2693 Et
2710 2638 2899 2702 credo,
2930 2638 2974 2692 si
3010 2637 3155 2707 quis,
3187 2637 3335 2690 omni
3365 2650 3736 2706 praeoccupa-

2138 2736 2285 2791 tione
2307 2750 2373 2789 ac
2396 2733 2752 2789 contentione
2774 2730 3012 2799 abiecta,
3038 2730 3273 2799 integer,
3304 2744 3393 2782 res
3422 2731 3578 2799 ipsas
3603 2744 3739 2783 con-

2143 2825 2368 2885 sideret,
2418 2823 2578 2880 nobis
2619 2822 2936 2876 affuturum.
2980 2819 3200 2875 Certior
3266 2834 3395 2873 vero
3443 2836 3577 2873 sum
3612 2834 3737 2872 cum

2133 2917 2245 2988 jam
2274 2916 2496 2970 tertium
2531 2915 2712 2969 locum
2746 2920 3077 2973 tractavero,
3108 2911 3318 2979 absque
3340 2908 3737 2964 controversia

2138 3022 2329 3061 omnes
2353 3004 2644 3059 aii‘uluros.
2671 3003 2828 3059 Nulla
2853 3001 2999 3057 enim
3026 3001 3261 3055 aliorum
3284 3010 3367 3054 est
3395 3000 3734 3056 auctoritas.

2140 3098 2439 3166 Scriptum
2467 3094 2778 3150 auctoritati
2815 3093 3031 3147 collata.
3075 3091 3185 3146 Nec
3218 3099 3397 3145 tamen
3437 3090 3641 3145 Patres
3689 3086 3736 3140 si

539 3185 790 3241 Tradullt
816 3203 1006 3244 omnes
1037 3190 1178 3256 fere,
1213 3194 1306 3261 qui
1346 3194 1451 3249 hac
1485 3194 1552 3250 de
1583 3211 1641 3250 re
1672 3195 1840 3251 locuti
1889 3207 2039 3267 sunt,
2070 3208 2113 3264 ο
2146 3202 2331 3245 contra
2362 3189 2719 3255 scripserunt,
2749 3176 3166 3247 criminarifas,
3193 3183 3236 3235 si
3263 3183 3362 3235 loci
3394 3182 3732 3252 Scriptum,

467 3288 758 3348 postquam
788 3280 1031 3338 Joannes
1057 3284 1230 3338 sensit
1255 3286 1509 3340 ultimum
1540 3289 1831 3345 advenisse
1871 3292 2042 3361 diem,

462 3370 695 3441 iussisse
729 3372 1028 3444 discipulos
1057 3374 1268 3430 foveam
1295 3374 1501 3446 facere;
1534 3381 1585 3435 iu
1619 3397 1781 3451 quam
1807 3400 1931 3439 cum
1961 3389 2039 3442 vi.

466 3477 571 3518 vus
591 3464 928 3534 vestitusque
944 3465 1338 3534 descendisset,
1366 3471 1660 3541 imperasse
1692 3474 1821 3540 illis,
1843 3486 1903 3531 ut
1926 3477 2045 3533 abi-

466 3566 593 3611 rent
625 3565 680 3612 et
705 3557 1076 3625 sicjacentem
1101 3558 1153 3613 iu
1188 3560 1370 3625 fovea,
1406 3562 1809 3635 Dominumque
1849 3584 2047 3639 exspe-

468 3654 708 3702 ctantem
728 3648 1137 3718 relinquerent;
1162 3651 1479 3722 obtempera
1491 3665 1618 3709 runt
1640 3655 1739 3721 illi,
1760 3670 1813 3713 et
1827 3669 2048 3729 postero

473 3736 564 3794 die
582 3739 808 3798 reversi.
830 3754 939 3793 non
963 3738 1285 3796 invenerunt
1308 3741 1509 3813 ipsum.
1526 3743 1657 3811 Quis
1674 3762 1737 3800 cx
1756 3747 1857 3804 hac
1878 3749 2045 3804 histo-

465 3831 546 3883 ria
564 3844 666 3884 non
688 3830 972 3899 intelligat,
990 3846 1101 3901 pm
1124 3832 1389 3889 modestia
1408 3834 1510 3890 hoc
1530 3834 2045 3910 impetrasse-ipsum

470 3938 498 3970 a
528 3919 779 3987 Domino,
805 3937 876 3976 ne
918 3922 1311 3992 prsedicaretur
1330 3927 1488 3982 vivus
1522 3927 1576 3983 iu
1608 3930 1806 3986 caelum
1838 3943 2047 4002 raptus.

469 4008 604 4065 Nam
635 4012 680 4065 si
710 4012 1038 4067 moriturum
1059 4014 1282 4084 iamiam
1307 4032 1365 4072 se
1398 4022 1793 4090 prarcoguovit,
1846 4040 1945 4078 cur
1976 4026 2047 4080 ita

470 4105 631 4157 vivus
653 4104 860 4168 perfodi
887 4105 1057 4159 voluit
1073 4116 1252 4161 etnon
1269 4112 1620 4179 exspectavit,
1642 4128 1838 4183 corpus
1855 4132 2047 4171 exsan-

470 4208 577 4266 gue
627 4196 681 4249 in
722 4196 973 4266 sepulcro
1001 4198 1218 4253 defodi?
1242 4200 1427 4256 Dicam
1463 4216 1649 4271 aperte
1679 4204 1823 4273 quod
1849 4208 2046 4263 sentio.

472 4288 587 4342 Nisi
616 4288 827 4343 ratione
853 4289 1156 4357 modestiaa,
1182 4292 1327 4347 sicut
1352 4292 1617 4359 diximus,
1646 4296 1845 4353 fecisse
1870 4297 2046 4369 ipsum

472 4379 868 4449 putaverimus,
890 4381 1096 4448 puerile
1120 4384 1250 4454 quid
1281 4383 1578 4452 videbitur,
1602 4385 1683 4441 sic
1696 4388 1933 4445 voluisse
1952 4391 2046 4446 de-

470 4475 608 4529 fodi.
628 4474 782 4541 Quod
806 4484 988 4530 autem
1005 4485 1227 4547 postero
1249 4473 1339 4532 die
1361 4492 1469 4532 non
1485 4477 1590 4533 fuit
1617 4479 1893 4544 inventus,
1912 4497 2049 4536 uou-

2147 3297 2286 3350 quos
2316 3282 2367 3333 in
2400 3280 2637 3335 utediutu
2666 3278 3003 3331 adducemus
3027 3289 3140 3328 non
3175 3285 3569 3337 occurrerunt,
3605 3285 3731 3326 cum

2146 3376 2470 3432 scriberent.
2501 3372 2648 3427 Nihil
2674 3371 2819 3423 enim
2863 3368 3152 3433 habemus,
3181 3368 3326 3437 quod
3358 3382 3463 3419 non
3505 3362 3729 3433 aet-epi-

2149 3483 2293 3530 mus,
2330 3477 2385 3520 et
2425 3465 2663 3535 Spiritus
2686 3463 2776 3517 ubi
2809 3462 2925 3515 vult
2953 3462 3147 3529 spirat.
3178 3460 3354 3525 Quare
3384 3460 3617 3512 stultum
3653 3462 3739 3510 est

2148 3563 2191 3618 si
2228 3560 2510 3629 accepisti,
2540 3556 2763 3628 gloriari
2801 3554 2953 3624 quasi
2993 3569 3101 3607 non
3144 3553 3442 3622 acceperis.
3480 3552 3590 3608 Sed
3623 3552 3731 3619 iam

2151 3653 2495 3723 Scripturam
2532 3649 2600 3705 dc
2632 3666 2688 3704 re
2714 3648 2997 3719 proposita
3025 3646 3347 3715 loquentem
3408 3645 3728 3698 audiamus.

2219 3746 2320 3800 llic
2346 3744 2488 3799 idem
2519 3742 2757 3797 Joannes
2785 3740 2837 3793 in
2863 3739 3013 3792 calce
3073 3736 3201 3791 noui
3233 3736 3430 3806 capitis
3458 3734 3737 3807 Apocaly-

2150 3839 2262 3908 ρςίε
2287 3836 2497 3889 dictum
2528 3832 2633 3888 sibi
2663 3846 2783 3885 esse
2818 3829 3046 3885 scribit:
3122 3827 3343 3895 Oportet
3409 3834 3458 3881 te
3532 3828 3729 3881 iterum

2150 3931 2463 4001 prophetare
2496 3924 2722 3996 papulis,
2760 3923 3020 3994 gentibus,
3053 3921 3246 3991 linguis
3279 3929 3327 3974 et
3376 3919 3559 3974 multis
3589 3918 3735 3988 regi-

2151 4025 2242 4077 bus
2271 4022 2319 4075 ‘.
2347 4019 2403 4073 ιιι
2443 4026 2594 4073 certe
2623 4031 2732 4070 non
2760 4021 2942 4084 potest
2970 4014 3039 4068 de
3088 4011 3390 4081 Evangelia
3418 4011 3551 4077 dici,
3605 4011 3731 4064 licet

2151 4122 2507 4186 posteaquam
2540 4106 2923 4179 Apocalypsis,
2958 4103 3220 4172 scriptum
3247 4104 3315 4157 ab
3346 4116 3411 4156 eo
3438 4102 3534 4157 sit.
3599 4099 3729 4154 Nam

2152 4221 2254 4260 n-~c
2288 4202 2643 4272 Evangeliu’m
2679 4196 3021 4269 prophetiam
3070 4196 3217 4250 ullus
3258 4207 3506 4263 unquam
3545 4187 3732 4261 appel-

2150 4298 2285 4355 labit
2310 4310 2412 4350 nec
2464 4293 2651 4348 multis
2685 4289 2950 4359 scriptum
2995 4295 3079 4342 est
3133 4285 3358 4357 linguis,
3399 4285 3496 4341 sed
3544 4284 3731 4341 Graece

2150 4391 2349 4445 solum.
2378 4384 2489 4439 Nec
2519 4383 2689 4437 refert
2712 4379 2755 4435 si
2795 4394 2893 4448 per
2950 4376 3358 4431 traductionem
3390 4374 3485 4429 ad
3528 4375 3727 4428 multas

2152 4478 2463 4552 pervenerit
2509 4475 2741 4543 linguas.
2762 4471 3163 4526 Traductiones
3185 4467 3331 4523 enim
3357 4484 3464 4522 non
3490 4476 3734 4523 suntau-

472 4583 541 4621 ne
560 4568 838 4623 insolubili
859 4576 1178 4639 argumento
1199 4576 1305 4633 est,
1324 4567 1506 4623 vivum
1528 4567 1656 4625 inde
1680 4570 1788 4625 alio
1813 4551 2048 4627 trahsla-
2082 4548 2125 4604 θ
2154 4548 2394 4634 ctorum,
2413 4566 2507 4623 sed
2530 4563 2940 4619 trauslatormu.
2963 4563 3079 4631 Ipse
3098 4572 3279 4615 autem
3302 4560 3730 4630 propltetaturus

472 4670 609 4714 t-nu.
630 4658 705 4714 lta
731 4675 971 4727 prorsus.
991 4660 1135 4728 Quas
1154 4660 1224 4716 ob
1244 4675 1353 4726 res,
1371 4665 1415 4716 si
1451 4659 1599 4715 nulla
1620 4671 1800 4731 potest
1818 4661 2049 4718 inveniri

475 4756 580 4808 alia
596 4768 757 4809 causa
792 4752 1119 4824 cvangelicis
1147 4752 1310 4820 digna
1327 4754 1705 4815 sacramentis,
1723 4770 1822 4808 cur
1844 4755 1911 4809 de
1940 4756 2050 4812 vita

479 4845 711 4900 Joannis
739 4856 794 4901 et
815 4855 989 4902 morte
1026 4845 1289 4900 Dominus
1324 4844 1414 4899 hic
1448 4845 1584 4900 dixit
1628 4857 1684 4900 et
1719 4849 2050 4917 evangelista

475 4938 728 5006 iteravit;
777 4938 824 4993 si
856 4949 1101 4992 extrema
1136 4946 1386 5004 tempora
1412 4935 1645 4990 testibus
1674 4938 1937 5005 egebunt,
1959 4940 2053 5008 qui

474 5029 855 5088 testimonium
875 5029 987 5101 jam
1025 5028 1126 5083 diu
1146 5027 1366 5083 venisse
1388 5027 1670 5082 Christum
1696 5028 2019 5098 perhibeant
2033 5043 2049 5098 ;

472 5127 519 5179 si
553 5123 785 5193 apostoli
840 5121 1076 5191 alicujus
1104 5118 1466 5176 excellentior
1495 5127 1580 5174 est
1636 5119 1740 5173 hac
1777 5121 1843 5174 de
1872 5136 1929 5176 re
1959 5132 2043 5178 tc-

476 5215 735 5272 stitlratio
755 5232 770 5279 ;
794 5214 840 5268 si
867 5227 1060 5269 omnes
1090 5210 1368 5281 apostolos
1391 5210 1758 5267 obdormiisse
1791 5214 2052 5285 martyrio

478 5317 715 5372 constat,
741 5306 980 5363 Joannes
997 5321 1025 5358 a
1045 5304 1264 5358 nemine
1286 5312 1616 5373 conspectus
1639 5304 1910 5360 exanimis
1929 5317 2013 5360 est
2038 5322 2053 5374 ;

484 5401 533 5455 si
562 5409 826 5470 praeterea
861 5396 1187 5452 afllrmative
1217 5395 1425 5452 dictum
1452 5404 1538 5451 est
1566 5411 1595 5450 a
1636 5396 1872 5452 Domino
1897 5416 1909 5451 :
1936 5397 2061 5451 Vola

481 5508 601 5545 cum
629 5507 843 5545 manere
882 5494 1045 5545 donec
1074 5493 1284 5545 veniam
1304 5531 1319 5556 ,
1374 5504 1477 5544 nec
1508 5488 1575 5543 de
1604 5490 1824 5559 propria
1870 5490 2057 5543 condi-

485 5586 633 5639 tione
660 5585 765 5640 hoc
800 5593 949 5638 recte
995 5583 1221 5651 intelligi
1250 5590 1463 5651 potest;
1494 5568 1550 5634 ἐἰ
1589 5594 1781 5635 omnes
1830 5582 2061 5648 apostoli

490 5682 545 5727 et
568 5675 824 5745 discipuli
864 5674 1076 5728 Domini
1106 5672 1269 5727 verba
1305 5672 1424 5743 ejus
1449 5670 1529 5726 sic
1566 5668 1978 5735 intellexerunt,
2006 5678 2065 5724 ut

568 5848 583 5882 ⁸
618 5849 662 5902 11
690 5851 814 5906 Cor.
854 5855 1033 5918 “1,5.
1112 5855 1131 5883 ¹
1162 5853 1307 5920 Apoc
1368 5866 1418 5915 χ,
1466 5848 1546 5901 ιι.

2154 4664 2338 4719 multis
2365 4658 2603 4730 populis,
2635 4654 2910 4725 gentibus,
2940 4654 3162 4723 regibus
3182 4669 3279 4723 per
3305 4652 3505 4705 multas
3534 4651 3731 4705 dicitur

2154 4755 2391 4822 linguas.
2410 4745 2636 4802 Accedit
2656 4742 2801 4813 quod
2834 4742 2921 4797 his
2940 4742 2989 4798 ei
3013 4742 3174 4796 dictis
3188 4741 3472 4796 confestim
3500 4741 3552 4794 in
3577 4738 3728 4792 initio

2156 4841 2381 4914 capituli
2416 4836 2618 4893 decimi
2671 4833 2874 4890 dicitur
2908 4834 2977 4888 de
3003 4833 3226 4888 duobus
3275 4833 3511 4888 testibus
3546 4827 3729 4885 Enoclt

2157 4944 2213 4989 et
2246 4932 2381 4986 Elia.
2409 4926 2565 4985 Unde
2592 4933 2744 4995 patet
2767 4938 2874 4977 non
2909 4921 3073 4978 simul
3100 4923 3205 4977 sibi
3233 4923 3442 4978 dictum
3471 4922 3731 4977 divinitus

2160 5024 2329 5077 fuisse
2355 5019 2422 5074 de
2452 5016 2627 5072 tribus
2658 5014 2913 5074 testibus,
2944 5011 3039 5067 sed
3076 5012 3296 5067 divisim
3330 5012 3385 5066 in
3420 5011 3570 5066 calce
3602 4998 3729 5064 noui

2160 5117 2228 5170 de
2260 5113 2443 5182 seipso
2474 5118 2531 5164 ct
2569 5115 2811 5163 actutum
2852 5104 2905 5158 in
2953 5103 3167 5159 decimo
3198 5103 3266 5158 de
3303 5103 3550 5172 reliquis,
3610 5111 3728 5157 cum

2161 5206 2344 5260 omnia
2374 5203 2486 5258 sint
2508 5210 2633 5255 uota
2658 5198 2913 5260 Domino,
2945 5212 3046 5251 nec
3067 5196 3616 5251 honestishominum
3642 5192 3733 5246 de-

2160 5296 2381 5353 sideriis
2407 5298 2650 5363 unqtiam
2692 5291 2930 5357 resistat,
2965 5290 3058 5345 sed
3090 5304 3311 5359 semper
3350 5288 3583 5343 favendo
3612 5298 3732 5357 pro-

2165 5398 2426 5458 sequatur
2456 5400 2565 5438 non
2598 5383 2782 5439 minus
2803 5395 2967 5451 quam
3008 5380 3360 5449 praavenerit.
3387 5372 3733 5449 Prophetavit

2166 5479 2333 5549 igitur
2369 5475 2540 5533 semel
2568 5474 2637 5529 de
2671 5473 2935 5528 universo
2968 5480 3111 5526 statu
3144 5470 3402 5527 Ecclesiae
3432 5468 3729 5528 militantis,

2166 5574 2221 5627 iu
2264 5569 2625 5641 Apocalypsi;
2667 5567 2763 5623 sed
2802 5575 3017 5633 Oportet
3070 5566 3247 5635 ipsum
3304 5564 3506 5618 iterum
3554 5559 3733 5618 multis

2165 5666 2370 5736 linguis
2399 5662 2727 5737 prephetarc
2759 5658 2982 5729 regibus
3018 5657 3205 5713 multis
3229 5698 3242 5722 ,
3278 5656 3495 5728 pOpulis
3529 5651 3729 5712 multis,
