4098 6402
341 408 441 476 88f

1121 407 1201 469 IN
1253 407 1509 484 ILLUD,
1555 424 1574 456 ι
1606 410 1721 469 SIC
1765 410 1960 470 VOLO
2002 411 2161 472 EUM
2209 413 2554 484 MAN'ERE,
2595 427 2612 460 ³
2665 415 2821 476 ETC.

3498 414 3606 479 8°!

339 517 600 592 gentibus
629 513 838 571 multis.
865 514 1044 581 Quare
1072 517 1120 571 si
1194 517 1552 588 Evangelium
1621 521 1912 589 prophetia
1944 525 1989 579 Α
2025 527 2222 595 ptismo
2261 542 2366 596 quo
2389 542 2482 596 ego
2508 526 2750 594 baptizor
2781 523 3198 593 boptisabimini,
3231 525 3335 580 hoc
3359 538 3460 593 est,
3489 531 3612 596 Iugo

340 628 451 668 non
480 619 586 674 est,
613 623 713 664 nec
743 608 787 662 si
821 619 989 674 esset,
1023 609 1210 664 multis
1236 611 1439 681 linguis
1468 611 1538 665 ab
1563 611 1682 680 ipso
1708 612 1918 666 editum

338 716 448 772 est,
484 719 586 759 nec
611 702 800 757 multis
828 703 944 771 ipse
982 702 1300 772 praedicavit
1331 704 1609 774 gentibus,
1651 705 1744 759 sed
1768 705 1921 760 Grae-

339 799 454 863 cis;
490 811 591 850 nec
612 797 867 849 omnibus
905 795 1130 860 Crzrcis,
1164 797 1258 850 sed
1291 797 1548 852 Asiaticis
1579 798 1750 852 solum
1778 816 1794 862 ;
1821 814 1922 854 nec

339 887 566 957 regibus
596 885 805 950 multis,
846 884 1110 941 Romanis
1137 888 1283 941 enim
1319 887 1445 941 Asia
1483 901 1614 944 tunc
1673 889 1921 954 subiecta

339 979 495 1032 fuit:
530 975 890 1047 perspicuum
923 985 1008 1030 est
1063 987 1194 1030 ante
1247 977 1546 1032 adventum
1596 977 1922 1033 Antichrisu

339 1069 824 1140 prephetaturum,
859 1067 1080 1138 quando
1126 1069 1316 1123 veniet
1349 1069 1520 1124 homo
1554 1070 1776 1140 iniquus
1826 1070 1922 1140 qui

341 1161 639 1232 praestigiis
671 1161 788 1215 suis
817 1160 1022 1216 multos
1054 1159 1429 1230 decipiet,qul
1461 1163 1513 1216 vi
1543 1178 1762 1232 quoque
1800 1175 1921 1219 ute-

341 1262 436 1308 tur
467 1252 732 1308 adversus
763 1251 974 1316 fideles,
1015 1261 1325 1321 cteteraque
1356 1253 1695 1324 hujusmodi.
1729 1255 1918 1311 Enoch

341 1353 401 1400 et
435 1343 579 1398 Elias
622 1343 728 1398 hoc
786 1343 1044 1400 similiter
1073 1344 1299 1400 facient.
1331 1346 1750 1416 QuaprOpterct
1774 1347 1921 1402 Scri-

343 1444 513 1504 ptura
547 1450 655 1489 non
686 1444 954 1501 mortuos,
992 1438 1086 1493 sed
1121 1438 1232 1493 alio
1273 1448 1460 1508 raptos
1491 1439 1544 1492 in
1577 1455 1808 1509 corpore
1840 1440 1927 1493 di-

346 1528 449 1592 cit,
481 1540 540 1582 ut
569 1528 758 1583 fideles
791 1527 940 1583 illius
969 1531 1236 1599 temporis
1269 1530 1487 1586 facilius
1528 1532 1740 1600 possint
1799 1547 1924 1586 ere.-

347 1617 505 1681 dere,
536 1619 660 1674 illos
691 1619 841 1688 ipsos
881 1632 1002 1673 esse
1057 1621 1151 1688 qui
1200 1621 1474 1676 divinitus
1514 1623 1580 1677 ad
1619 1625 1925 1692 pratdican-

347 1707 478 1762 dum
509 1717 563 1764 et
601 1710 1061 1780 prophetandum.
1093 1726 1216 1766 cum
1248 1713 1424 1766 multo
1457 1712 1666 1782 fulgore
1736 1715 1788 1768 in
1824 1729 1922 1768 ex-

347 1802 540 1856 tremis
570 1802 913 1871 temporibus
948 1804 1216 1858 reservati
1247 1803 1491 1860 fuerunt.
1536 1806 1647 1860 llac
1682 1809 1800 1875 ipsa
1834 1823 1922 1860 ra-

345 1891 524 1959 tione,
590 1893 898 1964 eademque
929 1893 997 1949 de
1037 1910 1224 1958 causa,
1266 1906 1378 1949 tum
1446 1912 1545 1966 per
1583 1898 1928 1966 evplanatum

347 1982 631 2052 Evangelii
702 1983 935 2052 locum,
1003 1995 1118 2039 tum
1186 1986 1354 2042 multo
1423 1991 1792 2058 expressius,
1854 1991 1931 2046 si-

343 2074 727 2146 gnificantius,
752 2076 954 2133 clarius
975 2093 1073 2146 per
1100 2077 1507 2149 Apocalypsim,
1537 2077 1768 2135 Joannis
1795 2097 1932 2150 quo-

343 2182 459 2235 que
481 2167 778 2221 reservatio
807 2169 1089 2223 scribitur.
1113 2168 1224 2223 Nec
1248 2170 1352 2226 ista
1375 2170 1721 2233 suffecerint,
1745 2171 1838 2226 sed
1863 2174 1932 2226 ab

345 2257 708 2327 evangelistis
733 2258 984 2313 Matthan
1006 2268 1063 2315 et
1089 2257 1275 2316 Marco
1297 2260 1542 2331 ipsorum
1568 2261 1803 2317 filiorum
1830 2262 1932 2316 Ze-

347 2345 528 2402 liedwi
569 2349 898 2417 martyrium
941 2365 1141 2420 magno
1206 2351 1491 2420 praeconio
1528 2353 1930 2408 conclamatur.

343 2439 486 2494 Nam
524 2455 646 2495 eum
687 2442 907 2512 utrique
938 2440 1164 2508 fratres,
1190 2445 1532 2498 testimantes
1595 2445 1651 2498 in
1687 2445 1787 2499 hac
1823 2444 1931 2498 vita

351 2549 584 2602 regnum
609 2533 816 2589 Christi
844 2534 1120 2599 futurum,
1157 2537 1452 2605 petiissent
1476 2537 1545 2590 ab
1600 2553 1667 2592 eo
1707 2549 1766 2592 ut
1792 2540 1935 2594 alter

353 2625 410 2677 in
452 2623 658 2679 dextris
702 2627 820 2696 ejus
849 2628 988 2680 alter
1030 2628 1083 2681 in
1139 2629 1383 2683 sinistris
1417 2628 1721 2689 sederent.
1765 2640 1934 2702 atque

351 2716 422 2768 ad
491 2715 598 2770 hoc
655 2733 848 2786 preces
907 2718 1074 2772 etiam
1134 2735 1248 2775 sua:
1308 2722 1421 2791 (ut
1469 2721 1933 2790 evangelistarum

351 2807 624 2872 scriptum
657 2809 796 2863 alter
827 2809 1051 2879 reliquit
1082 2811 1101 2879 )
1136 2813 1328 2866 matris
1353 2813 1760 2875 adhibuissent,
1783 2814 1934 2884 ignv-

352 2912 480 2950 rare
516 2896 663 2966 ipsos
695 2898 826 2968 quid
869 2908 1138 2968 peterent,
1167 2901 1402 2971 primum
1433 2903 1748 2967 audit-runt,
1779 2905 1937 2959 de’n-

352 2986 425 3038 de
459 2986 540 3041 sic
571 2987 889 3058 interrogati
929 2989 1182 3046 fuerunt:
1225 2991 1453 3046 Potestis
1498 2992 1673 3047 bibere
1717 2994 1936 3048 calicem

351 3096 511 3147 quem
546 3097 640 3150 ego
662 3082 918 3136 bibiturus
950 3101 1066 3138 sum
1086 3085 1112 3138 7
1161 3087 1597 3155 responderunt:
1626 3085 1933 3141 Possumus.

2027 633 2126 686 pro
2160 617 2318 671 vobis
2345 619 2672 687 ceterisque
2707 615 3028 671 hominibus
3058 618 3380 687 sanguinem
3416 636 3598 675 meum

2023 703 2326 770 effundam,
2353 706 2446 760 sed
2479 721 2576 759 vos
2604 721 2822 776 qttoque
2855 722 2956 776 pro
2988 707 3224 762 veritate
3255 710 3603 778 pra-dicatio-

2025 797 2112 850 nis
2143 805 2339 852 vestrae
2394 799 2719 867 sanguinem
2768 810 3011 853 vesnum
3060 800 3378 855 effnndetis.
3445 802 3603 858 llunc

2025 887 2252 942 calicem
2282 889 2736 960 baptismumque
2776 891 3142 960 sanguineum
3173 892 3413 947 Jacobus
3462 896 3600 962 qui‘

2024 975 2148 1030 dem
2176 977 2286 1048 jam
2321 977 2464 1031 bibit
2493 988 2549 1031 et
2608 979 2920 1048 baptizatus
2954 989 3058 1039 est.
3094 982 3163 1035 ab
3197 980 3412 1037 Herode
3449 984 3606 1038 occio

2026 1081 2120 1121 sus
2147 1085 2161 1134 ;
2193 1068 2435 1122 Joannes
2485 1084 2638 1131 vero,
2681 1070 2946 1136 minime;
2979 1073 3278 1128 bibiturum
3307 1090 3440 1145 ergo
3478 1077 3604 1145 quis

2024 1169 2184 1228 negat
2205 1161 2228 1212 ἶ)
2249 1160 2505 1215 Christus
2541 1162 2687 1215 enim
2717 1163 2985 1218 Dominus
3014 1175 3205 1220 noster
3252 1166 3326 1220 de
3353 1168 3600 1234 utrisque

2025 1251 2290 1306 fratribus
2325 1251 2466 1306 dixit
2501 1271 2513 1306 :
2547 1253 2783 1308 Calicem
2823 1256 3037 1322 quidem
3078 1273 3252 1310 meum
3301 1258 3500 1324 bibe'is,
3555 1269 3604 1313 et

2027 1341 2286 1409 baptismo
2323 1358 2438 1395 meo
2466 1341 2885 1410 baptizabimiui,
2921 1344 3026 1398 hoc
3057 1354 3163 1410 est,
3194 1345 3479 1416 Sanguine
3511 1363 3607 1400 ve-

2025 1443 2142 1488 stro
2165 1433 2325 1488 infusi
2351 1451 2448 1504 pro
2469 1436 2698 1490 veritate
2721 1436 3053 1492 moriemini.
3082 1438 3192 1492 Nec
3220 1439 3451 1494 refertsi
3485 1439 3608 1508 quis

2025 1523 2194 1586 dicat,
2229 1525 2416 1579 animo
2439 1525 2590 1579 illum
2621 1535 2914 1597 martyrem
2951 1527 3140 1582 fuisse.
3178 1527 3296 1582 Non
3329 1528 3476 1582 enim
3524 1529 3611 1582 di~
3676 1552 3682 1604 ξ

2026 1615 2107 1669 xit
2154 1614 2445 1681 Dominus,
2493 1616 2734 1672 Calicem
2811 1617 3032 1687 quidem
3077 1634 3258 1673 meum
3314 1619 3524 1684 bibere,
3555 1627 3612 1674 ct
3673 1679 3681 1699 ί

2026 1706 2296 1775 baptismo
2315 1722 2424 1776 quo
2443 1723 2542 1776 ego
2560 1707 2811 1777 baptizor
2833 1709 3093 1778 baptizari
3117 1711 3289 1780 parati
3308 1703 3487 1778 eritis,
3509 1711 3609 1766 sed
3667 1709 3688 1729 ‘

2029 1814 2144 1852 rem
2177 1799 2348 1867 ipsam
2371 1809 2428 1853 et
2455 1799 2782 1853 effusionem
2810 1800 3091 1870 sanguinis
3116 1813 3306 1868 aperte
3335 1803 3611 1857 aﬂirnian-

2034 1893 2123 1953 do,
2153 1888 2346 1947 Bibetis
2371 1901 2427 1946 et
2455 1891 2879 1962 baptizabimini,
2914 1893 3115 1963 inquit.
3153 1893 3312 1959 Quod
3347 1894 3390 1948 si
3425 1895 3611 1949 docto-

2034 1983 2112 2038 ris
2145 1984 2377 2054 alicujus
2408 1987 2707 2040 auctoritas
2741 1985 3036 2041 nonnullos
3061 1987 3376 2057 perturbat,
3422 1989 3616 2042 sciant

2032 2072 2296 2128 Joannem
2324 2073 2806 2144 Chrysostomum,
2839 2077 2999 2146 cujus
3023 2076 3329 2130 auctoritas
3361 2092 3470 2131 non
3504 2076 3611 2129 im-

2037 2164 2237 2217 tnerito
2269 2179 2463 2234 magna
2495 2180 2714 2235 semper
2740 2165 2845 2220 fuit
2874 2177 2928 2220 et
2957 2175 3042 2220 est
3077 2166 3130 2220 in
3161 2164 3430 2229 Ecclesia,
3482 2181 3610 2220 cum

2035 2255 2168 2311 illud
2208 2257 2443 2312 Matthmi
2475 2267 2736 2328 exponat,
2770 2257 3008 2312 Calicem
3043 2258 3252 2326 quidem
3280 2274 3449 2311 meum
3467 2258 3614 2310 bibe-

2036 2351 2127 2413 tis,
2163 2350 2248 2404 his
2283 2350 2466 2405 verbis
2503 2351 2616 2406 uti:
2653 2351 2840 2419 Magna
2868 2349 3026 2405 vobis
3067 2359 3217 2404 certe
3240 2350 3380 2404 bona
3415 2349 3616 2420 praedi-

2037 2457 2126 2503 co,
2174 2442 2421 2514 martyrii
2467 2442 2616 2497 enim
2671 2456 2876 2496 corona
2945 2441 3233 2512 potiemini
3283 2452 3340 2496 et
3371 2442 3613 2495 violenta

2038 2542 2237 2598 morte,
2272 2533 2416 2586 sicut
2440 2542 2493 2586 et
2521 2547 2644 2602 ego,
2675 2548 2704 2586 a
2762 2533 2872 2586 vita
2906 2531 3203 2586 decedetis.
3267 2532 3540 2586 Przeterca
3568 2534 3610 2583 si

2036 2623 2230 2677 licebit
2261 2639 2382 2694 qua:
2407 2624 2568 2694 plane
2600 2623 2886 2694 Scriptura
2917 2623 3176 2692 prmdicat
3208 2639 3316 2677 non
3354 2623 3499 2676 sicut
3527 2623 3614 2674 di-

2037 2723 2241 2768 cuntur
2280 2714 2552 2783 accipere,
2584 2714 2678 2776 sed
2721 2713 2788 2768 ad
2824 2714 3064 2767 animum
3121 2721 3284 2781 atque
3351 2713 3615 2766 intentio-

2039 2821 2164 2860 nem
2198 2804 2428 2866 referre,
2464 2819 2657 2860 vereor
2688 2820 2756 2859 ne
2782 2804 2942 2858 facile
2976 2804 3236 2873 pleraque
3261 2803 3444 2857 omnia
3469 2818 3618 2856 com-

2038 2907 2186 2953 mota
2215 2897 2518 2959 labescant,
2547 2894 2815 2950 labefacta
2849 2905 3035 2957 ruant,
3061 2894 3244 2948 diruta
3280 2895 3332 2947 in
3376 2894 3610 2948 nihilum

2040 2993 2362 3062 redigantur
2395 3002 2451 3047 et
2472 2991 2816 3045 Antichristo
2857 2989 3186 3044 latissimam
3230 2989 3372 3043 viam
3408 3003 3617 3058 pracpa-

2042 3095 2165 3140 rent
2192 3095 2355 3154 atque
2387 3084 2661 3154 aperiant.

360 3171 426 3224 Et
460 3172 725 3228 Dominus
765 3175 832 3228 de
864 3176 1133 3232 ambobus
1154 3217 1169 3241 ,
1212 3175 1445 3234 Calicem
1499 3179 1707 3250 quidem
1760 3195 1934 3233 meum
1965 3193 2010 3255 ο
2110 3176 2460 3232 Credeudum
2490 3177 2660 3248 igitur
2689 3186 2794 3244 est,
2823 3175 3094 3232 Joannem
3122 3174 3305 3229 adhuc
3326 3173 3531 3239 vivere,
3562 3181 3621 3228 et

351 3264 538 3318 bibetis
572 3265 614 3320 ⁸.
672 3265 910 3322 Calicem
972 3268 1062 3324 hic
1123 3285 1286 3325 nemo
1340 3269 1576 3337 dubitat,
1638 3273 1935 3326 violentam

358 3367 616 3420 mortem,
661 3357 712 3412 id
747 3367 833 3413 est
869 3361 1216 3431 mysterium,
1255 3362 1554 3432 appellari:
1585 3362 1700 3417 sive
1733 3365 1813 3417 sic
1839 3361 1939 3418 Ju-

355 3449 602 3504 dazorum
638 3449 826 3522 lingua
850 3461 906 3506 et
955 3452 1257 3523 Scriptura:
1301 3455 1706 3509 consuetudine
1766 3453 1939 3508 fuerit

360 3551 699 3610 usurpatum,
741 3544 859 3596 sive
889 3543 1070 3606 aliter,
1106 3545 1243 3599 nihil
1275 3543 1464 3598 refert.
1493 3544 1583 3599 Sic
1613 3545 1935 3612 Mattltzeus;

365 3633 574 3688 Marcus
597 3642 778 3690 autem
812 3635 880 3689 ad
923 3635 1037 3691 haec
1067 3638 1258 3691 addit:
1289 3637 1357 3690 Et
1383 3638 1652 3709 baptismo
1710 3655 1812 3709 quo
1844 3654 1938 3708 ego

363 3724 617 3793 baptizor,
647 3727 928 3798 baptizari.
956 3726 1204 3798 Cumque
1224 3727 1302 3784 illi
1331 3729 1779 3798 respondissent:
1810 3728 1940 3783 Pos-

358 3833 559 3880 sumus,
589 3819 842 3875 similiter
874 3821 1074 3876 iufert:
1105 3820 1338 3877 Calicem
1362 3823 1571 3886 quidem
1598 3837 1770 3875 meum
1803 3822 1943 3877 bibe-

359 3912 424 3964 tis
457 3921 505 3964 et
527 3911 788 3982 baptismo
842 3929 944 3983 quo
989 3930 1080 3984 ego
1110 3915 1367 3981 baptizor,
1395 3915 1817 3986 baptizabimini,
1847 3915 1940 3970 ba-

335 4001 620 4070 .ptismum
645 4002 734 4058 hic
761 4003 1092 4075 intelligens,
1112 4004 1435 4060 effusionem
1458 4021 1623 4075 super
1651 4021 1709 4060 se
1726 4007 1937 4076 proprii

357 4092 662 4163 sanguinis.
706 4094 833 4149 lla-c
861 4095 1102 4150 Jacobus
1137 4106 1189 4150 et
1222 4095 1464 4150 Joannes
1498 4113 1606 4150 non
1654 4096 1942 4150 intellexe-

361 4191 510 4245 runt,
543 4181 723 4237 adhuc
756 4184 902 4238 enim
941 4177 1180 4250 terrena,
1212 4185 1548 4255 piscaturam
1588 4201 1652 4240 ac
1682 4189 1817 4239 retia
1849 4187 1937 4240 ni-

362 4273 589 4339 mirum,
621 4275 896 4330 colebant.
939 4276 1069 4331 Ideo
1101 4277 1169 4332 de
1227 4287 1359 4346 potu
1428 4287 1484 4332 et
1541 4279 1608 4332 de
1661 4277 1936 4346 baptismo

359 4365 618 4434 aquatico
640 4365 750 4420 dici
769 4376 1046 4436 putantes,
1073 4367 1222 4422 illico
1241 4384 1299 4423 se
1324 4384 1482 4438 posse
1506 4368 1935 4437 responderunt.

360 4453 430 4510 Et
455 4456 748 4512 Dominus:
779 4455 1012 4513 Calicem
1037 4459 1246 4530 quidem
1277 4476 1448 4514 meum
1480 4460 1663 4514 bibetis
1719 4471 1769 4513 et
1838 4464 1935 4514 ba-

435 4615 452 4648 ¹
483 4613 680 4673 Matth.
706 4617 907 4684 “.22.

2043 3270 2097 3326 in
2130 3271 2392 3325 extremis
2417 3270 2761 3339 temporibus
2791 3271 3058 3340 martyrio
3119 3269 3485 3326 moriturum;
3519 3281 3623 3321 nec

2041 3361 2376 3416 credendqu
2441 3362 2647 3426 solum,
2717 3376 2911 3415 verum
2974 3361 3137 3415 etiam
3190 3358 3619 3429 praedicandum.

2043 3451 2447 3518 Scripturarum
2469 3452 2617 3506 enim
2648 3459 2990 3506 sacramenta
3021 3450 3114 3519 qui
3139 3451 3448 3504 taciturnus
3483 3450 3615 3502 reti-

2041 3554 2155 3610 net,
2192 3562 2299 3600 non
2325 3544 2520 3602 evadet
2549 3543 2798 3613 impune,
2834 3543 3140 3612 praesertim
3168 3541 3221 3594 id
3262 3540 3409 3609 quod
3466 3548 3522 3594 et
3555 3539 3613 3593 in

2042 3637 2268 3692 dubium
2299 3636 2442 3705 apud
2469 3650 2663 3689 omnes
2687 3633 2869 3688 dicam
2901 3633 3082 3687 adlme
3115 3633 3369 3687 vertitur.
3400 3631 3467 3685 Et
3507 3631 3619 3684 nisi

2040 3730 2293 3800 perutilis
2325 3729 2508 3782 futura
2528 3737 2676 3782 esset
2709 3726 3042 3781 Christianis
3075 3725 3242 3794 hujus
3276 3723 3616 3792 pranlicatio,

2041 3837 2151 3874 non
2180 3820 2436 3888 equidem
2487 3829 2635 3874 tanta
2669 3834 2799 3874 cura
2857 3816 3188 3873 crediderim
3241 3814 3620 3882 conscriptum

2043 3911 2232 3966 fuisse.
2257 3911 2541 3980 Scriptum
2572 3921 2658 3965 est
2687 3924 2819 3980 ergo
2853 3917 2994 3964 utet
3047 3907 3289 3962 sciamus
3335 3915 3390 3958 et
3426 3904 3622 3976 prmiti-

2041 4017 2229 4057 ccmns
2256 4002 2598 4072 posterisque
2621 4011 2882 4055 constans
2910 4011 2966 4055 et
2988 4000 3204 4053 firmum
3239 3997 3623 4066 relinquamus

2041 4094 2191 4164 quod
2222 4101 2280 4149 et
2317 4093 2580 4148 Dominus
2596 4103 2651 4147 et
2672 4108 2769 4162 per
2792 4090 3089 4162 Evangelia
3120 4099 3178 4145 et
3210 4103 3309 4160 per
3338 4087 3609 4157 Apocaly-

2041 4188 2182 4256 psim
2213 4187 2376 4242 nobis
2402 4185 2654 4249 tradidit,
2691 4182 3126 4252 couuncndavit,
3156 4191 3216 4238 ut
3264 4181 3368 4235 hac
3395 4192 3620 4248 quoque

2043 4276 2345 4349 Scriptura:
2396 4279 2815 4348 prmmonitione
2861 4285 3028 4346 atque
3081 4273 3331 4330 doctrina
3391 4272 3476 4326 vel
3508 4283 3623 4324 mo-

2042 4379 2280 4425 ncantur
2303 4377 2358 4424 et
2385 4369 2547 4425 fidem
2571 4379 2792 4424 servent
2816 4367 2986 4422 futuri
3012 4366 3274 4436 temporis
3291 4362 3620 4418 Antichristi

2044 4461 2234 4519 ﬁdcfes
2252 4502 2269 4528 ,
2296 4463 2378 4518 vel
2405 4463 2803 4520 incxcusabilcs
2821 4463 3062 4532 undique
3085 4459 3212 4515 facti
3233 4455 3624 4517 conticescant.
