2049 3206
287 169 344 218 asa

886 190 1050 221 GEORGII
1068 173 1334 223 TRAPEZUN'rf-I

1868 198 1915 233 835

292 269 1904 288 —.—_—_—_________

553 353 922 398 MAR’I‘YBIUM
963 322 1307 402 BEATtsSIMt
1348 358 1666 406 MABTYRIS

684 462 1105 542 ΑΝΒΒΕᾸΕ
1145 468 1273 543 DE
1325 467 1553 547 CHIO

368 599 436 637 QUI
462 599 846 632 CONSTANTINOPOLI
869 602 990 639 OBII'I',
1019 603 1131 635 ANNO
1150 603 1274 634 PRIMO
1291 604 1405 636 PAULI
1429 606 1456 636 Il
1480 605 1612 642 SUMMI
1635 611 1865 643 PONTIFICIS

606 687 632 718 A
657 687 850 728 GEORGIO
874 688 1178 721 TRAPEZUNTIO
1199 690 1363 724 LATINE
1379 693 1607 726 SCRIPTUM.

924 762 995 793 (Acta
1008 766 1148 788 sanctorum
1167 763 1198 788 29
1214 763 1293 795 Maii.)

323 913 344 941 1.
366 912 547 949 Quandojam
561 913 681 942 triennio
692 920 707 940 e
718 912 798 941 Creta
810 912 1079 947 Constantinopolim
1094 915 1116 943 A
1131 913 1284 945 adluerere,
1303 918 1335 942 ut
1349 914 1487 942 bellorum
1505 915 1615 945 labores
1637 917 1757 946 subeam
1775 939 1782 952 ,
1799 919 1915 955 pericula

289 960 461 995 navigassem
475 980 481 991 .
507 961 663 988 universam
689 960 762 987 illam
782 960 878 987 urbem
894 968 957 987 cum
983 959 1079 988 Galata

288 1005 371 1032 simul
387 1006 415 1032 in
431 1005 615 1033 admiratione
628 1010 711 1040 atque
723 1005 826 1040 gaudio
841 1006 932 1040 reperi
949 1014 1003 1032 non
1016 1014 1080 1041 par-

289 1061 336 1082 vo.
352 1057 466 1087 propter
485 1053 625 1087 singulare
641 1056 670 1080 et
683 1052 838 1090 inauditum
866 1053 962 1080 multis
974 1057 1079 1087 tempo-

289 1100 367 1127 ribus
384 1099 499 1127 Andreae
512 1100 545 1127 de
558 1099 638 1131 Chio,
653 1107 701 1133 pro
716 1100 780 1128 Jesu
792 1099 896 1127 Christi
909 1099 1080 1134 professione

290 1146 462 1181 martyrium.
482 1146 545 1173 Fuit
557 1147 629 1173 enirn
645 1147 724 1180 patilo
740 1153 803 1174 ante
818 1147 937 1173 mirabili
952 1151 1080 1173 constan-

289 1193 324 1218 tia
352 1200 400 1225 per
421 1192 535 1224 gratiam
561 1192 606 1218 Dei
639 1197 756 1226 gestum.
785 1193 853 1219 Nam
888 1201 938 1227 ego
968 1192 1078 1227 quidem

288 1244 383 1263 mense
407 1237 554 1264 Novembri
575 1238 716 1272 applicui,
734 1247 805 1264 anno
831 1238 865 1265 ab
889 1239 1080 1265 incarnatione

289 1283 397 1309 Domini
416 1282 494 1311 1465.
519 1283 644 1310 Andreas
661 1292 725 1310 vero
747 1289 851 1319 martyr
866 1284 967 1311 Christi
984 1285 1082 1318 praeci-

288 1337 359 1363 pttus
380 1329 415 1356 9.9
429 1329 473 1356 die
494 1330 598 1357 mensis
619 1330 692 1360 Maii.
715 1330 838 1361 ejusdem
862 1331 925 1357 anni
945 1338 1080 1358 coronam

290 1376 415 1411 martyrii
433 1375 625 1403 misericordia
639 1376 742 1403 Christi
758 1382 936 1406 consecutus.
952 1377 978 1403 in
995 1378 1081 1404 caelos

288 1421 456 1448 :tscettditad
475 1429 537 1448 cum
564 1429 614 1456 pro
642 1429 698 1456 quo
720 1422 821 1449 multos
837 1423 975 1449 cruciatus
999 1423 1082 1449 susti-

289 1466 361 1493 nuit.
386 1466 487 1492 Verum
507 1467 580 1501 quod
603 1467 797 1494 admirabilius
819 1468 870 1494 rite
893 1469 1081 1496 consideranti

289 1511 442 1544 videbitur,
456 1511 522 1537 illud
544 1516 596 1543 est,
617 1513 691 1546 quod
714 1512 766 1539 nisi
789 1513 905 1540 Andreae
919 1515 1080 1550 martyrium

291 1556 427 1584 divinitus
461 1558 630 1585 destinatum
671 1558 764 1585 divina
797 1561 883 1594 gratia
915 1559 1081 1587 Christianis

291 1608 372 1635 opem
394 1601 513 1633 tulisset,
532 1607 558 1628 et
575 1603 683 1630 anitnos
702 1611 799 1630 eorutn
822 1604 967 1637 firmasset,
984 1613 1081 1638 magna

291 1646 318 1672 itt
332 1654 380 1673 eos
396 1646 487 1673 clades
502 1655 534 1674 ac
547 1655 671 1674 aerumna
698 1649 797 1684 ingens
815 1649 850 1676 ab
870 1649 983 1676 initnico
1000 1658 1084 1684 gene-

291 1692 330 1719 ris
345 1693 471 1724 humani.
490 1695 616 1729 procellae
633 1695 660 1721 in
678 1704 782 1723 morem
799 1696 1005 1723 fuisseteffusa.
1019 1696 1083 1729 Qui-

291 1739 353 1765 dam
370 1740 461 1771 enim,
481 1749 561 1775 quem
580 1742 694 1769 honoris
718 1751 799 1770 causa
819 1751 872 1770 non
888 1743 1002 1770 nomino
1015 1745 1034 1776 ‘,
1051 1751 1083 1770 ex

291 1784 495 1818 Trajezuntina
526 1793 605 1815 ortus
629 1789 718 1820 urbe,
750 1789 993 1823 peripatetieorum
1023 1789 1084 1823 phi-

291 1832 422 1866 losophite
438 1832 591 1867 professor,
601 1834 659 1861 sive
672 1842 720 1861 sua
733 1840 842 1868 sponte,
858 1840 888 1862 ut
902 1835 979 1862 tttnlti
994 1836 1082 1867 aiunt,

291 1878 349 1905 sive
365 1878 508 1911 impulsus,
527 1880 621 1906 nescio
637 1901 644 1913 ,
667 1888 717 1907 nec
732 1900 738 1911 ,
755 1881 776 1907 si
794 1881 891 1911 sciam,
912 1881 1005 1908 dicere
1034 1889 1083 1907 au-

291 1924 358 1956 sim,
381 1933 490 1951 crucem
520 1926 627 1952 Domini
659 1926 770 1961 negavit
794 1931 821 1953 et
847 1927 1006 1954 Maltntncto
1033 1927 1083 1954 ad-

293 1971 380 1997 Ιιῖῐέἳῖῑ.

329 2017 350 2044 ll
383 2018 472 2050 Quare
496 2017 650 2045 Turcarnm
670 2026 718 2046 rex
736 2019 844 2052 elatus,
875 2019 963 2047 virtttn
988 2029 1084 2055 quem-

297 2065 371 2098 dam,
387 2065 466 2099 cujus
485 2073 584 2092 nomen
607 2074 651 2093 me
670 2066 749 2101 fugit,
766 2067 912 2102 ipsmnque
926 2067 1085 2103 Trapezun-

294 2112 362 2139 tittm
382 2112 488 2139 militia:
505 2112 704 2147 peritiSSimnm
722 2114 747 2140 in
776 2121 916 2141 carcerem
941 2117 1083 2150 conjecit:

295 2159 408 2193 dignum
423 2164 510 2188 ratus.
528 2164 555 2184 ttl
574 2158 767 2193 philosophum
780 2161 923 2187 concivem
936 2169 1016 2188 suum
1038 2170 1084 2189 vo-

293 2205 354 2231 lz-ns
384 2205 515 2231 nolensve
543 2205 718 2237 imitaretur;
760 2206 890 2240 cupiebat
922 2208 996 2234 enim
1024 2209 1083 2244 ejus

1133 967 1230 994 magna
1248 968 1297 995 pro
1320 960 1489 996 imperatore
1507 962 1617 990 mortali
1640 964 1807 999 suscipiam.
1824 966 1919 1001 gladios

1131 1005 1159 1033 in
1175 1005 1347 1034 Christianos
1360 1007 1536 1035 Christianus
1554 1009 1612 1044 ipse
1635 1014 1718 1038 natus
1742 1011 1920 1047 distringam?

1130 1056 1158 1080 et
1169 1051 1289 1087 denique
1303 1053 1329 1080 in
1347 1058 1464 1081 mortem
1482 1062 1574 1088 ruere,
1590 1063 1673 1090 quam
1686 1057 1846 1092 fugiendam
1861 1065 1918 1084 cen-

1131 1099 1187 1126 suit
1203 1098 1395 1134 philosophus,
1408 1103 1439 1127 ut
1453 1100 1481 1127 in
1496 1105 1629 1128 aeternam
1652 1109 1685 1129 ac
1700 1110 1797 1130 veram
1812 1108 1918 1131 mortem

1132 1144 1238 1171 deferat
1257 1145 1400 1179 prtcceps?
1419 1145 1482 1173 lltec
1500 1146 1555 1173 ille.

1168 1190 1213 1217 Ill.
1239 1190 1338 1218 Verum
1367 1192 1433 1219 dum
1462 1192 1520 1220 bmc
1548 1193 1793 1230 Constantinopoli
1820 1195 1918 1226 flerent,

1132 1238 1259 1265 Andreas
1281 1239 1408 1267 febribus
1434 1241 1557 1275 graviter
1581 1240 1726 1268 laborabat
1745 1241 1918 1275 ctelihemqne

1132 1292 1162 1312 se
1191 1289 1327 1319 perpetuo
1354 1285 1415 1313 fore
1443 1286 1555 1321 Reginae
1584 1286 1788 1315 misericordia:
1823 1284 1917 1321 Virgini

1133 1330 1219 1363 vovit,
1236 1330 1258 1356 si
1280 1330 1421 1357 evaderet.
1443 1330 1553 1358 Sedatis
1579 1331 1656 1359 illico
1678 1332 1817 1364 febribus.
1844 1330 1917 1367 paulo

1133 1380 1196 1410 post
1217 1376 1292 1410 quasi
1305 1384 1338 1403 ex
1352 1381 1442 1404 morte
1458 1378 1593 1410 surrexit,
1605 1381 1634 1405 et
1649 1378 1723 1406 albis
1737 1387 1767 1407 se
1780 1379 1918 1406 vestimen-

1134 1422 1168 1449 tis
1194 1422 1303 1454 induit,
1329 1428 1358 1450 ιιι
1383 1423 1490 1451 scilicet
1512 1433 1654 1459 nunquam
1680 1425 1808 1453 oblivisci
1834 1427 1918 1460 posset

1134 1468 1299 1495 munditiem
1314 1469 1451 1503 corporis,
1464 1477 1546 1504 quam
1562 1470 1704 1498 Creatoris
1720 1470 1823 1498 obtulit
1837 1468 1917 1496 Matri.

1133 1513 1403 1549 Constantinopolim
1419 1515 1520 1542 deittde
1543 1516 1633 1551 petiit.
1656 1522 1759 1544 nonut
1783 1519 1917 1544 mercator.

1135 1564 1183 1587 aut
1199 1568 1284 1594 vagus
1300 1561 1413 1595 quidatn
1437 1569 1599 1596 magnarum
1616 1562 1730 1589 urbiqu
1749 1561 1916 1590 visendarum

1135 1606 1303 1640 cupiditate;
1319 1615 1427 1634 suntma
1444 1608 1518 1635 enim
1537 1608 1564 1634 in
1587 1608 1689 1644 juvene
1715 1607 1812 1641 viginti
1833 1611 1859 1634 et
1881 1612 1918 1632 sc-

1136 1657 1209 1687 ptem
1223 1660 1359 1680 annorum
1373 1654 1494 1688 gravitas
1506 1658 1588 1688 atque
1604 1655 1762 1681 constantia
1777 1651 1917 1681 illucebat:

1136 1705 1199 1724 raro
1226 1698 1289 1733 quis
1317 1698 1399 1726 inane
1416 1698 1532 1726 verbum
1558 1699 1593 1726 ab
1610 1707 1657 1726 ore
1675 1699 1766 1734 ipsius
1793 1696 1918 1726 exciditise

1135 1744 1260 1777 audivit;
1275 1752 1289 1771 a
1302 1745 1366 1779 joco
1379 1745 1451 1772 enim
1470 1745 1579 1780 penitus
1596 1751 1657 1772 erat
1675 1746 1796 1773 alienus.
1812 1744 1865 1772 Cur
1879 1740 1919 1776 igi-

1137 1796 1182 1817 tur
1195 1792 1264 1818 ivit?
1279 1792 1301 1818 A
1325 1792 1412 1827 gratia
1432 1792 1490 1825 Dei,
1508 1797 1537 1819 ut
1558 1800 1609 1827 ego
1623 1793 1757 1824 arbitror,
1775 1792 1809 1819 ad
1826 1794 1918 1823 marty-

1136 1837 1209 1863 rium
1222 1838 1386 1870 vocabatur,
1403 1843 1432 1864 ut
1448 1838 1505 1871 ipse
1523 1838 1550 1865 in
1566 1838 1645 1866 cmlis
1659 1837 1773 1866 Christo
1791 1845 1852 1865 cum
1865 1833 1918 1861 aliis

1137 1883 1307 1919 martyribus
1322 1884 1477 1915 assisteret.
1492 1889 1521 1911 et
1543 1884 1674 1912 omnibus
1699 1885 1863 1919 prodesset,
1878 1878 1917 1914 (Ιηί

1138 1929 1298 1964 philosophi
1315 1930 1373 1956 sive
1391 1929 1514 1963 levitate,
1539 1929 1598 1957 sive
1615 1934 1722 1957 terrore
1735 1926 1846 1957 fuerant
1861 1932 1918 1953 con-

1138 1975 1255 2003 turbati.
1275 1975 1374 2002 Statim
1388 1983 1450 2002 cttm
1465 1975 1493 2002 in
1511 1976 1607 2003 urbem
1621 1976 1766 2011 applicuit,
1783 1977 1917 2003 accusatus

1136 2021 1199 2052 fuit.
1227 2021 1301 2056 quod
1318 2029 1380 2048 cum
1401 2021 1569 2049 Christianis
1584 2027 1802 2049 conversaretur
1814 2040 1822 2053 ,
1838 2016 1918 2046 eccle—

1136 2068 1248 2103 siasque
1264 2068 1382 2101 viseret,
1396 2069 1477 2104 quasi
1489 2068 1667 2096 Christianus
1685 2076 1795 2096 sumtna
1811 2073 1869 2094 cum
1886 2069 1918 2088 ιε’
1938 2100 1940 2102 _

1136 2116 1238 2151 ligiune
1252 2122 1284 2142 ac
1299 2115 1447 2143 devotione
1462 2115 1557 2146 homo.
1570 2115 1617 2150 qui
1632 2122 1743 2142 crucem
1757 2108 1918 2142 Alexandriﬁ

1137 2162 1267 2196 negavit,
1286 2161 1479 2195 conculcavit,
1500 2162 1590 2196 sputis
1616 2161 1731 2189 foedavit
1746 2180 1754 2194 ,
1774 2166 1800 2189 et
1817 2159 1917 2186 demum

1137 2209 1163 2235 in
1181 2213 1305 2236 stercora
1322 2209 1451 2243 projecit.
1468 2208 1539 2238 ,llazc
1559 2212 1728 2235 mercatores
1744 2205 1862 2242 Egyptii,
1875 2200 1915 2236 (Illi

292 2259 374 2286 opt-ra
396 2252 434 2278 uti
453 2252 479 2278 in
505 2259 534 2277 re
554 2252 677 2278 militari.
704 2252 830 2286 Cumque
847 2253 1006 2280 Christiano
1030 2263 1083 2281 non
1099 2263 1119 2290 ο
1138 2260 1203 2281 tunc
1220 2255 1247 2281 in
1274 2255 1344 2282 urbe
1361 2255 1489 2287 aderant,
1508 2255 1541 2282 ad
1558 2255 1681 2290 jndicem
1701 2255 1869 2281 detulerunt,
1883 2255 1918 2275 sc-

294 2298 456 2329 conlidcrct,
479 2297 513 2324 atl
531 2297 718 2324 lllahumetum
743 2298 883 2325 intrudere
898 2300 1036 2334 cupiebat.
1050 2302 1084 2327 At

295 2344 340 2370 ille
355 2344 449 2371 animo
466 2349 570 2379 martyr
588 2354 595 2371 :
615 2344 813 2379 Philosophus,
830 2346 951 2377 dicebat,
972 2347 997 2373 in
1014 2347 1083 2374 deli-

293 2391 343 2416 ciis
361 2390 511 2422 educatus,
533 2391 636 2426 majore
650 2399 700 2425 spe
716 2391 837 2425 ipsarum
853 2392 956 2419 Christi
973 2400 1084 2421 crucem

294 2437 422 2471 negavit;
450 2444 501 2471 ego
531 2441 642 2469 autem,
671 2437 717 2471 qtti
744 2445 795 2471 pro
824 2439 993 2471 imperatore
1024 2448 1085 2468 meo

295 2482 404 2509 mortali
421 2487 461 2508 tot
484 2487 630 2517 tantosque
653 2483 774 2514 labores.
798 2492 861 2511 cum
878 2486 988 2520 Scythis
1015 2486 1086 2514 bella

292 2536 392 2563 gerens
410 2527 470 2559 tttli,
496 2527 669 2563 vulneraque
695 2528 791 2562 excepi
808 2529 910 2563 (dixit,
935 2534 963 2557 ct
990 2535 1085 2565 aperto

295 2579 417 2607 pectore,
436 2573 582 2601 cicatrices
597 2573 772 2608 ostendebat)
786 2583 835 2609 pro
851 2576 1019 2610 imperatore
1031 2585 1087 2604 ca:-

294 2620 354 2647 lcsti
370 2625 485 2648 mortem
496 2621 617 2648 timebo?
631 2621 709 2649 Absit
721 2629 735 2648 a
747 2630 789 2649 tne
804 2626 878 2649 tanta
893 2623 1010 2651 insania‘.
1021 2624 1087 2657 Qure

294 2675 372 2695 mens
387 2673 518 2702 praeterea
535 2672 610 2695 esset
622 2675 693 2700 mea,
710 2668 751 2694 vel
767 2668 871 2702 potius,
883 2676 945 2703 quae
956 2670 1084 2702 stultitia,

293 2714 435 2741 veritatem
450 2715 556 2741 doloris
574 2713 696 2749 fugiendi
714 2721 796 2741 causa
814 2714 943 2749 prodere,
957 2722 990 2742 ac
1004 2720 1086 2742 teter-

293 2769 328 2788 na
353 2761 532 2796 cmlestiaque
561 2768 645 2795 regna
671 2760 842 2795 repudiare,
869 2759 1085 2794 Multumetoque

329 2854 338 2865 '
360 2855 463 2883 Alludit
486 2856 518 2883 ad
539 2856 704 2890 Amyrutzen
723 2854 940 2888 Trapezuntium
959 2855 1081 2890 philoso-

295 2888 440 2925 plrum‘qui
457 2898 490 2916 ex
501 2888 663 2925 Christiano
680 2892 821 2925 Agat-enus
840 2891 931 2917 factus
945 2888 1000 2925 est,
1015 2891 1080 2924 Ejus

296 2921 453 2955 cpi'otolatn,
474 2924 507 2950 ad
528 2921 720 2950 Bcssarioneu't
737 2923 883 2954 directam,
897 2932 954 2957 qua
978 2921 1082 2958 Trape-

1136 2309 1189 2335 que
1207 2301 1280 2335 ipsos
1306 2300 1409 2327 vidisse
1425 2308 1488 2327 etttn
1511 2306 1659 2334 negantem
1672 2319 1679 2331 ,
1696 2297 1916 2327 ευιιίίιοιιῑιιιιιηηἠ

1137 2347 1210 2381 quod
1241 2347 1401 2374 Mahumcto
1438 2347 1615 2378 atlhwrcrct,
1645 2346 1786 2374 audivisse
1817 2343 1917 2370 attesta-

1138 2394 1249 2420 bantur.

1176 2438 1222 2465 ιν.
1245 2438 1379 2465 Trahitur
1402 2439 1428 2464 in
1456 2437 1594 2473 judicium
1624 2436 1748 2464 Andreas
1781 2435 1915 2475 iniquul't:

1138 2484 1371 2518 accusationeth
1391 2483 1505 2510 recitata
1519 2503 1526 2516 ,
1547 2490 1688 2516 nunquam
1705 2489 1735 2509 se
1752 2489 1767 2508 a
1783 2480 1860 2509 Citio,
1877 2473 1915 2501 ubi

1140 2534 1236 2560 natus,
1254 2530 1444 2563 educatusque
1459 2529 1521 2561 fuit,
1538 2528 1590 2555 nisi
1609 2534 1674 2555 tunc
1693 2528 1839 2555 recessisse
1853 2521 1916 2550 Im"

1141 2576 1244 2607 mabat,
1261 2576 1345 2610 idque
1369 2575 1463 2602 multis
1483 2575 1602 2602 testibus
1620 2575 1803 2609 approbabat,
1819 2569 1915 2598 univcr-

1137 2630 1252 2656 satnque
1268 2621 1329 2649 Citii
1350 2621 1490 2648 civitatem
1510 2621 1562 2647 hoc
1576 2621 1665 2654 ipsum
1681 2621 1753 2647 scire
1767 2619 1863 2647 aiebat.
1877 2613 1915 2640 1|"

1137 2668 1189 2695 dett
1203 2668 1312 2702 iniquus
1322 2667 1371 2694 hac
1385 2668 1411 2693 in
1425 2675 1452 2694 re
1464 2674 1518 2693 non
1529 2673 1590 2693 esse
1598 2665 1752 2693 audiendos
1760 2662 1915 2693 Christianos

1139 2714 1280 2741 censebat.
1308 2713 1386 2740 Tunc
1411 2712 1635 2741 Christianorum
1668 2712 1834 2742 multitudo.
1863 2709 1914 2740 (1³³³

1140 2762 1306 2789 circumfusa
1325 2762 1427 2795 stabat,
1446 2762 1487 2793 Si,
1506 2760 1598 2795 inquit
1613 2779 1620 2792 ,
1642 2758 1860 2786 Christianorum
1882 2755 1914 2777 ιε’

1134 2861 1245 2883 ΖΙΙΙΙῑιῚιΙ
1262 2865 1276 2883 a
1296 2856 1396 2884 Turcis
1418 2860 1603 2891 expugnatam
1627 2854 1770 2888 describit,
1783 2847 1909 2881 edidimus

1135 2898 1231 2925 supra,
1247 2892 1300 2919 col.
1323 2892 1385 2919 7‘25.
1407 2892 1485 2920 Eot'r.
