4098 6438
324 443 432 505 885

1285 442 1755 504 MARTYRIUM
1794 445 1852 506 S.
1899 444 2227 506 ANDRE'E
2274 448 2378 506 DE‘
2415 448 2618 510 ClIlO‘.

3477 437 3596 504 8863

325 554 646 608 alimonium
703 556 755 608 111
811 555 1128 626 hujosmodi
1183 571 1348 610 causa
1394 558 1742 611 refutandum
1792 567 1899 620 est,
1932 562 1972 617 It
2005 563 2076 616 sit
2108 565 2520 631 przeponenda?
2558 566 2743 628 Erras,
2780 563 2882 632 ipsi
2911 561 3244 632 respondent
3273 577 3286 614 :
3321 577 3446 615 nam
3481 575 3594 614 nos

325 647 843 702 Mahumetistarum
891 664 1114 717 quoque
1167 650 1424 703 similiter
1476 666 1582 703 non
1631 650 1898 716 recipien-

325 742 478 796 dum.
509 741 646 795 Nam
679 741 824 796 sicut
861 757 960 795 nos
995 741 1372 795 Christianum
1413 740 1550 794 falso
1584 751 1904 794 accusatum

321 836 475 906 juste
502 834 870 898 defendimus,
906 835 986 888 sic
1038 833 1438 888 Mahumetistae
1495 835 1906 887 accusationem

331 942 558 980 suorum
595 941 776 978 veram
809 941 928 978 esse
972 925 1337 978 contendunt.
1368 925 1549 990 Quare
1577 925 1910 992 praetermis-

325 1020 404 1073 sis
455 1018 688 1071 testibus
719 1058 733 1080 ,
792 1033 880 1071 res
916 1017 1031 1085 ipsa
1081 1017 1371 1085 quaerenda
1414 1029 1515 1070 est.
1570 1016 1688 1070 Non
1748 1015 1909 1068 aliter

329 1109 538 1174 igitur,
579 1123 745 1175 quam
787 1107 957 1162 Judaei
1010 1107 1319 1160 secundum
1385 1105 1676 1173 blosaicatn
1732 1104 1907 1172 legem

327 1200 661 1255 circumcidi
712 1215 844 1252 suos
882 1198 1150 1268 propheta
1198 1210 1382 1252 vester
1410 1196 1615 1268 jussit:
1651 1211 1822 1264 quare
1863 1193 1910 1249 si

329 1290 590 1360 genitalia
644 1289 810 1356 hujus
866 1288 1110 1342 membra
1169 1289 1335 1342 simili
1387 1295 1514 1341 nota
1568 1287 1693 1340 hesa
1746 1294 1910 1347 sunt,

334 1391 510 1436 morte
554 1381 676 1451 jure
724 1381 1028 1448 plectetur;
1073 1380 1155 1433 sin
1211 1380 1461 1441 minime,
1516 1394 1638 1431 cum
1677 1378 1792 1447 ipsa
1852 1392 1912 1430 re

332 1486 500 1524 eausa
542 1469 950 1522 determinetur
977 1484 1098 1534 sua,
1126 1479 1180 1523 et
1208 1469 1287 1521 nil
1323 1468 1700 1536 ambiguitatis
1733 1465 1914 1519 homi-

333 1579 465 1616 num
515 1560 719 1614 animis
769 1557 1097 1614 remanebit.
1151 1562 1432 1630 Spoliatur
1490 1561 1702 1614 interea
1754 1557 1914 1612 miles

334 1653 580 1718 Christi,
615 1651 905 1720 nudusque
943 1667 970 1705 a
1003 1661 1151 1706 tanta
1202 1652 1557 1706 multitudine
1604 1651 1910 1720 aspicitur:

337 1745 549 1798 nullum
593 1743 648 1796 in
683 1757 751 1797 eo
795 1743 1055 1796 indicium
1083 1783 1098 1806 ,
1141 1744 1293 1797 nulla
1328 1742 1770 1797 circumcisionis
1802 1755 1916 1795 ma-

331 1837 483 1900 cula,
519 1835 732 1888 nullum
782 1834 1296 1889 Mahumetistarum
1329 1843 1557 1904 apparet
1591 1832 1912 1901 vestigium.

2008 665 2062 707 et
2094 657 2156 706 ad
2200 657 2346 709 illam
2383 657 2478 710 tibi
2509 657 2650 710 viam
2677 656 2896 724 aperire
2924 657 3226 716 studemus,
3255 661 3311 707 et
3339 653 3480 706 hanc
3503 651 3594 704 in-

2009 762 2176 816 super
2208 749 2303 801 tibi
2355 747 2572 801 felicem
2624 747 2854 801 reddere
2905 761 3193 800 conamur.
3243 744 3360 799 Non
3408 744 3589 798 cohae-

2013 851 2157 902 rent,
2193 839 2394 906 inquit,
2433 839 2640 893 caduca
2671 839 2911 899 aeternis,
2941 854 3048 892 non
3087 836 3340 890 felicibus
3363 835 3584 897 misera,

2012 946 2118 983 non
2161 932 2386 998 profana
2418 932 2616 986 beatis.
2646 932 2752 986 Sed
2785 931 2915 1000 quid
2941 946 3078 998 opus
3107 939 3191 981 est
3218 927 3447 982 verbis?
3477 925 3587 994 Ego

2011 1020 2333 1076 felicitatem
2371 1023 2534 1092 hujus
2571 1023 2759 1077 saeculi
2796 1022 2953 1076 nihili
2983 1023 3125 1075 facio
3158 1038 3169 1074 :
3207 1035 3306 1089 ego
3337 1034 3585 1079 crucem,

2014 1116 2346 1182 passionem,
2399 1118 2848 1185 sepulturamque
2890 1115 3094 1170 Christi
3144 1114 3249 1169 mei
3283 1127 3586 1179 nunquam,

2015 1207 2221 1259 auxilio
2255 1206 2404 1259 illius
2441 1203 2613 1260 frctus
2635 1248 2649 1269 ,
2682 1206 2913 1276 negabo.
2946 1199 3182 1259 Statuite
3216 1204 3268 1256 in
3316 1217 3399 1255 me
3429 1199 3589 1270 quid-

2013 1297 2146 1364 quid
2178 1298 2522 1364 malueritis;
2559 1313 2727 1351 unum
2762 1312 2913 1368 rogo,
2941 1312 3009 1351 ne
3042 1311 3128 1350 me
3149 1293 3337 1349 verbis
3357 1292 3590 1360 amplius
3665 1344 3674 1356 ,

2017 1391 2262 1444 tentetis.
3315 1441 3323 1447 .

2091 1482 2178 1536 Vl.
2223 1481 2321 1536 1118
2348 1481 2535 1544 dictis,
2571 1482 2853 1552 eonjcctus
2885 1478 3030 1548 illico
3056 1477 3108 1530 in
3141 1491 3442 1538 carcerem,
3474 1474 3592 1526 vin-

2019 1575 2160 1628 culis
2191 1582 2495 1637 catenatus,
2530 1573 2765 1643 pedibus
2801 1581 2965 1641 atque
3010 1568 3268 1623 manibus
3315 1567 3590 1636 alligatus,
3665 1629 3668 1631 Α

2017 1666 2081 1720 ad
2123 1666 2409 1721 meridiem
2442 1665 2729 1735 sequentis
2760 1665 2911 1728 diei,
2960 1667 3054 1732 qui
3089 1661 3192 1714 fuit
3229 1659 3299 1712 20
3334 1658 3479 1720 Maii,
3509 1658 3593 1728 ja-
3659 1727 3668 1746 .

2017 1757 2152 1811 enit.
2186 1756 2316 1810 Post
2347 1755 2637 1810 meridiem
2672 1754 2858 1810 statim
2893 1751 3270 1822 protrahi-tur,
3304 1760 3360 1804 et
3387 1750 3440 1801 in
3473 1762 3596 1817 par-

2019 1859 2129 1900 tem
2165 1846 2321 1902 urbis
2371 1861 2495 1915 quae
2527 1847 2802 1900 orientem
2835 1853 3068 1913 spectat,
3094 1856 3264 1911 prope
3299 1856 3468 1902 mare,
3493 1839 3596 1892 du-

333 1929 658 1983 Exelamant
696 1944 761 1982 ex
788 1927 976 1982 laetitia
1011 1925 1339 1987 Christiani,
1363 1925 1787 1982 confunduntur
1815 1921 1914 1976 ad-
1945 1907 1986 1960 Β
2019 1940 2189 2002 cum,
2215 1937 2307 1992 ubi
2341 1907 2406 1992 ad
2442 1938 2624 2005 palum
2661 1937 2844 1990 nudus
2867 1907 3155 2004 ξιιῖετηιίε,
3184 1907 3411 1996 ﬂagellis
3433 1939 3599 1998 atque

327 2021 568 2074 'versarii
598 2061 612 2083 ,
643 2029 699 2074 et
737 2019 866 2073 victi
899 2019 1119 2086 penitus
1153 2025 1586 2087 prosternuntur
1612 2034 1626 2070 :
1656 2015 1765 2070 11181
1793 2015 1913 2068 dia-

331 2116 517 2169 bolico
557 2123 676 2167 astu
720 2112 933 2183 adjuti,
998 2112 1387 2178 exposuissent
1457 2109 1626 2163 moris
1681 2123 1804 2162 esse
1859 2108 1914 2161 in

329 2207 597 2276 Aigypto.
636 2206 867 2258 minoris
910 2204 1163 2258 homines
1210 2205 1392 2258 aetatis
1420 2203 1771 2265 circumcidi,
1800 2216 1917 2255 ma-

323 2297 494 2366 joris,
524 2297 568 2350 si
604 2296 670 2350 ad
702 2295 1074 2350 Mahumetum
1107 2295 1201 2349 Dei
1233 2296 1558 2364 prophetam
1588 2302 1918 2346 convertan-

339 2403 458 2453 tur,
491 2386 819 2442 circumcidi
855 2387 900 2441 si
934 2389 1168 2442 volunt:
1204 2388 1249 2442 si
1284 2403 1419 2441 vero
1465 2388 1768 2440 abhorrent
1812 2386 1918 2439 cir—

334 2479 742 2534 cumcisionem
775 2518 790 2540 ,
834 2479 987 2532 nullo
1044 2478 1165 2548 cogi
1208 2478 1369 2532 modo
1410 2493 1570 2547 posse
1599 2520 1612 2540 ,
1655 2478 1916 2546 quoniam

335 2571 547 2626 melius
581 2570 655 2624 sit
687 2569 892 2624 lucrari
923 2571 1162 2624 animam
1195 2570 1439 2626 hominis
1464 2611 1478 2634 ,
1513 2585 1578 2624 ex
1612 2579 1726 2624 toto
1763 2571 1921 2626 nobis

334 2665 512 2720 corde
549 2663 922 2718 adhzerentem
959 2663 1012 2717 in
1049 2664 1266 2718 caeteris
1299 2664 1560 2718 omnibus
1595 2675 1791 2733 praeter
1812 2665 1923 2719 (111-ι

339 2753 767 2816 cumcisionem,
793 2768 954 2822 quam
984 2754 1234 2824 rejicere,
1258 2754 1516 2822 quoniam
1546 2755 1924 2809 circumcisio-

341 2863 476 2904 nem
522 2845 867 2901 reformidet.
909 2843 1006 2899 His
1043 2845 1383 2904 rationibus.
1417 2846 1500 2900 vel
1551 2848 1724 2914 magis
1750 2889 1764 2912 ,
1795 2848 1923 2917 quia

344 2953 514 2996 sectae
543 2939 762 2994 favebat
793 2954 907 2994 sua:
935 2977 950 3001 ,
995 2937 1264 2992 confusus
1303 2936 1494 3008 judex,
1553 2939 1759 2993 nullam
1793 2955 1925 3008 pro-

342 3031 612 3085 nuntiare
659 3029 998 3085 sententiam
1032 3029 1172 3084 velle
1202 3028 1256 3082 in
1304 3043 1365 3082 re
1403 3038 1554 3083 tanta
1594 3029 1767 3095 dixit,
1818 3029 1924 3084 nisi

346 3137 538 3192 regem
571 3123 958 3188 consuluerit;
993 3121 1069 3176 ita
1114 3121 1259 3174 enim
1294 3120 1464 3174 moris
1492 3128 1580 3175 est
1634 3121 1688 3174 in
1745 3122 1928 3177 causis

347 3214 624 3284 ambiguis
649 3224 704 3268 et
725 3212 935 3268 arduis.

421 3307 486 3362 V.
532 3308 737 3376 [legem
775 3306 942 3373 igitur
967 3350 981 3372 ,
1018 3305 1072 3360 in
1130 3321 1415 3361 carcerem
1469 3304 1723 3378 conjecto
1756 3303 1928 3359 milite

348 3400 582 3463 Christi,
618 3399 934 3453 consultum
967 3397 1144 3453 adiit:
1179 3397 1270 3452 cui
1319 3399 1506 3452 omnia
1542 3413 1667 3452 cum
1706 3399 1929 3452 retulis-

351 3504 460 3556 set,
503 3492 878 3559 interrogatus
908 3491 974 3544 de
1009 3498 1166 3544 aetate
1196 3491 1393 3560 ipsius,
1440 3490 1747 3561 habituque
1776 3489 1928 3544 omni

353 3584 605 3653 corporis
644 3599 658 3636 :
691 3582 920 3638 Juvenis
947 3626 961 3648 ,
1000 3583 1180 3651 inquit
1236 3583 1375 3652 ipse,
1431 3583 1614 3637 animo
1667 3583 1928 3648 invictus,

358 3682 523 3741 atque
555 3687 750 3739 magna
773 3680 1004 3737 statura,
1033 3669 1337 3740 grandibus
1367 3673 1583 3727 ossibus
1613 3685 1777 3742 atque
1804 3688 1933 3726 ner-

360 3764 442 3815 vis
488 3763 851 3827 convallatus.
886 3763 998 3816 Rex
1036 3763 1174 3816 tales
1205 3763 1457 3818 homines
1491 3763 1696 3818 habere
1730 3764 1784 3815 in
1822 3761 1928 3816 mi—

355 3853 475 3909 litia
516 3853 705 3922 cupit:
733 3852 902 3918 Vade,
937 3853 1135 3922 inquit,
1163 3862 1216 3907 et
1247 3854 1483 3922 primum
1515 3854 1632 3920 illi,
1665 3853 1708 3908 si
1742 3867 1930 3908 noster

360 3947 602 4000 voluerit
641 3961 787 4012 esse,
827 3946 1119 4000 offerimus
1166 3949 1616 4002 centurionatum
1659 3946 1712 4000 in
1738 3947 1933 4002 militia

359 4048 586 4102 nostra;
620 4037 842 4102 deinde,
870 4047 1033 4106 prout
1063 4037 1116 4091 111
1145 4038 1344 4093 virtute
1378 4037 1558 4107 ipsum
1585 4037 1769 4092 valere
1805 4053 1937 4091 con-

359 4131 714 4195 stiexerimus
737 4172 752 4195 ,
789 4130 856 4184 ad
896 4132 1101 4201 majora
1131 4131 1522 4200 provehemus.
1550 4129 1708 4196 Quod
1743 4131 1788 4184 si
1833 4131 1934 4185 be-

359 4223 578 4277 neficiis
625 4239 734 4277 non
778 4224 1243 4288 commovebitur,
1299 4223 1462 4278 minis
1511 4233 1934 4294 atque.terrore

361 4315 544 4384 ipsum
586 4315 912 4381 concutias;
953 4325 1008 4370 et
1055 4317 1099 4370 si
1138 4325 1334 4369 neutra
1373 4316 1581 4386 poteris
1632 4315 1935 4385 prmvalere

358 4409 472 4471 via,
503 4407 683 4475 capite
710 4407 936 4476 plectas.
965 4407 1153 4461 Altero
1171 4407 1340 4477 igitur
1362 4408 1473 4470 die,
1497 4407 1768 4475 producto
1795 4409 1934 4475 ipso,

360 4499 602 4568 primum
629 4498 773 4568 regis
805 4498 1240 4568 Poliicitationes
1309 4507 1698 4569 prOpouuntur
1763 4499 1934 4551 mira-

1957 3267 2000 3324 C

2020 2028 2156 2083 loris
2211 2029 2481 2095 caeditur,
2540 2029 2724 2082 acrius
2783 2042 2946 2097 quam
3006 2025 3116 2079 dici
3169 2023 3400 2094 possit:
3450 2023 3599 2089 prin-

2022 2117 2167 2187 cipio
2215 2118 2549 2189 flagellorum
2581 2126 2637 2172 et
2670 2118 2962 2172 verberum
3011 2115 3409 2170 contremuisse
3462 2111 3600 2167 dici-

2022 2220 2133 2272 tur.
2168 2221 2224 2266 et
2252 2211 2508 2266 manibus
2542 2211 2608 2264 ad
2652 2220 2846 2280 pectus
2875 2208 3198 2270 contractis,
3234 2222 3298 2261 ac
3327 2205 3515 2275 digitis
3543 2203 3597 2257 iu

2024 2317 2270 2371 pugnum
2300 2303 2652 2372 compressis,
2683 2318 2878 2372 magna
2905 2301 3242 2357 exclamasse
3269 2315 3405 2354 voce
3437 2317 3450 2352 :
3480 2298 3599 2350 1⁷11-

2024 2409 2091 2463 go
2121 2393 2312 2459 Maria,
2344 2394 2539 2465 adjuva
2579 2410 2684 2448 me.
2723 2394 2856 2448 lude
2892 2393 3126 2462 pedibus
3166 2393 3339 2445 altero
3369 2391 3433 2442 ad
3465 2389 3600 2442 alte-

2029 2502 2148 2541 rum
2183 2487 2470 2552 adductis,
2523 2487 2678 2554 stetit
2729 2494 2912 2540 rectus
2961 2485 3014 2538 in
3067 2483 3275 2537 eisdem
3335 2481 3600 2550 vestigiis,

2029 2577 2281 2632 mirabile
2315 2577 2461 2630 dictu
2497 2616 2512 2638 ,
2564 2591 2738 2645 usque
2781 2574 2848 2629 ad
2894 2573 3025 2628 solis
3064 2587 3344 2627 occasum.
3388 2571 3601 2625 interea

2028 2667 2158 2723 dum
2198 2669 2357 2722 miles
2391 2668 2596 2723 Christi
2631 2668 2716 2722 his
2755 2665 3097 2722 cruciatibus
3124 2672 3436 2727 exercetur,
3467 2662 3602 2715 'fra-

2029 2760 2323 2828 pezuntius
2352 2761 2462 2819 ille.
2499 2761 2568 2814 de
2601 2775 2710 2827 quo
2743 2773 2909 2827 supra
2941 2757 3125 2819 retuli,
3160 2773 3189 2810 e
3218 2756 3458 2810 fenestra
3489 2766 3604 2807 tur-

2031 2854 2109 2905 ris
2133 2889 2148 2916 ,
2187 2851 2242 2905 in
2287 2866 2394 2920 qua
2427 2850 2604 2906 fuerat
2635 2850 2902 2908 inclusus.
2937 2848 3256 2918 prominens
3281 2845 3553 2900 clamabat
3586 2859 3602 2898 :

2031 2943 2076 3000 Ο
2124 2945 2340 3000 felicem
2379 2944 2780 3006 Christianum,
2813 2957 2847 2997 ο
2881 2943 3095 2998 beatam
3131 2955 3258 3008 quas
3312 2948 3364 2993 te
3415 2939 3606 3008 genuit

2033 3036 2292 3101 insulam,
2317 3053 2349 3091 ο
2383 3035 2789 3090 nobilissimum
2818 3043 2985 3103 atque
3010 3033 3160 3087 omni
3189 3030 3352 3086 laude
3381 3030 3603 3099 dignum

2035 3143 2230 3196 genus,
2268 3126 2414 3181 unde
2449 3134 2602 3179 ortus
2629 3139 2712 3179 es.
2740 3123 2961 3179 Utinam
2999 3122 3163 3182 isthic
3193 3136 3371 3175 essem
3403 3131 3604 3181 tecum,

2040 3226 2102 3271 ut
2138 3218 2328 3271 eadem
2357 3226 2574 3287 paterer
2602 3231 2700 3286 pro
2725 3214 2978 3270 Christo!
3010 3212 3134 3268 Haec
3157 3213 3373 3282 aliaque
3401 3212 3609 3265 vocite-

2038 3311 2282 3372 rabatur,
2303 3311 2552 3382 martyrii
2581 3325 2866 3370 coronam,
2895 3315 2955 3362 ut
2974 3307 3238 3368 arbitror,
3265 3305 3608 3359 desiderans.

2036 3402 2336 3457 Cari-ilices
2369 3411 2575 3466 autem,
2608 3400 2826 3454 Andrea
2864 3399 3114 3464 reducto,
3154 3397 3340 3451 multis
3371 3397 3610 3466 pretiosa

2037 3493 2285 3548 membra
2317 3492 2563 3562 ﬂagellis,
2598 3491 2846 3560 lorisque
2873 3489 3018 3547 foede
3051 3489 3370 3552 dilacerata,
3398 3499 3613 3556 ungunt

2041 3585 2360 3656 unguentis,
2382 3583 2567 3638 cibum
2601 3599 2821 3652 quoque
2853 3593 3022 3652 atque
3051 3589 3241 3650 potum
3274 3579 3340 3633 ad
3379 3578 3622 3632 1111611111--

2039 3677 2161 3732 dam
2199 3678 2251 3729 in
2289 3691 2520 3744 corpore
2551 3676 2814 3740 animam,
2851 3674 2919 3728 de
2970 3673 3310 3728 medicormn
3355 3670 3612 3735 consilio,

2039 3783 2272 3838 quorum
2306 3768 2461 3822 multi
2513 3783 2575 3822 ac
2609 3767 2922 3837 perilissimi
2958 3766 3216 3829 aderant,
3246 3762 3606 3825 obtulerunt,

2040 3877 2104 3915 ac
2133 3876 2352 3930 aquam,
2379 3860 2432 3914 in
2464 3877 2570 3930 qua
2601 3875 2710 3913 non
2743 3875 2935 3929 parum
2963 3856 3208 3913 defaecati
3236 3855 3354 3909 auri
3388 3855 3608 3924 pondus

2043 3951 2332 4016 hullierat,
2364 3954 2684 4007 conducunt
2729 3951 2797 4004 ad
2853 3948 3178 4004 bibendum.
3214 3947 3268 4001 ld
3316 3945 3611 4007 faciebant,

2041 4061 2152 4117 quo
2181 4045 2398 4115 longior
2425 4045 2534 4098 vita
2571 4043 2693 4112 ejus
2719 4041 2926 4110 aliquid
2961 4041 3026 4094 ad
3058 4039 3404 4109 negationem
3432 4034 3613 4090 crucis

2043 4136 2289 4199 aﬂ‘erret,
2327 4135 2488 4190 simul
2524 4142 2581 4188 et
2610 4132 3003 4196 ostenderent,
3037 4130 3230 4199 quanti
3262 4129 3432 4182 vitam
3465 4125 3614 4179 face-

2042 4237 2168 4284 rent
2198 4229 2317 4298 ejus
2349 4245 2365 4283 :
2401 4226 2542 4281 forte
2573 4225 2762 4291 etiam,
2815 4223 3074 4294 quoniam
3107 4237 3232 4276 cum
3279 4218 3615 4276 Christianis

2043 4319 2270 4374 enutriti
2301 4318 2437 4378 sint.
2479 4324 2535 4372 et
2558 4315 2807 4371 nonnulli
2840 4328 3030 4368 eorum
3061 4311 3358 4366 Chrisdani
3388 4309 3614 4362 fuerint.

2043 4410 2156 4465 Nec
2187 4409 2534 4479 ignorabant,
2559 4407 2835 4476 quomodo
2862 4415 3128 4473 martyres
3158 4400 3366 4457 Christi
3396 4401 3524 4454 olim
3561 4400 3614 4451 in

2044 4504 2133 4558 die
2161 4503 2578 4566 cruciabantur,
2611 4511 2664 4553 et
2698 4500 2751 4552 in
2787 4505 2950 4551 nocte
2977 4494 3449 4549 convalescebant.
3470 4491 3618 4557 Qua-

361 4587 461 4642 bi“
502 4602 628 4642 Cum
663 4587 1093 4655 9mP1ilil'ali0ne
1126 4604 1142 4640 ³
1174 4585 1349 4658 caput
1397 4587 1586 4642 statim
1617 4587 1730 4642 Oris
1759 4627 1774 4652 ν
1819 4587 1931 4640 Αιι·
1976 4619 2019 4675 D
2047 4609 2130 4657 re,
2167 4593 2424 4647 timentes
2454 4606 2524 4647 ne
2561 4590 2614 4646 id
2647 4589 2916 4644 divinitus
2944 4588 3212 4652 eveniret,
3249 4584 3618 4640 medicamen-

360 4680 516 4746 drea,
559 4687 780 4733 centum
816 4679 1053 4734 militum
1089 4717 1105 4743 ,
1161 4690 1217 4734 et
1262 4697 1291 4733 a
1331 4679 1675 4750 privatorum
1733 4688 1940 4735 tractus

360 4771 684 4825 conditione
711 4809 726 4834 ,
770 4785 895 4824 cum
968 4770 1313 4841 principibus
1383 4771 1876 4826 connumeraheris
1919 4812 1935 4835 ,

362 4866 633 4935 facileque
696 4864 874 4920 virtus
919 4874 975 4920 et
1037 4865 1320 4934 diligentia
1368 4873 1457 4918 tua
1510 4866 1738 4920 extollet
1785 4877 1838 4922 te
1873 4867 1940 4922 ad

369 4957 600 5026 majora.
634 4953 837 5009 Verum
870 4970 994 5009 cum
1033 4964 1238 5026 martyr
1266 4955 1491 5022 ChriSti,
1531 4958 1672 5012 nihil
1711 4974 1945 5028 respon-

362 5050 571 5111 dendo,
602 5056 960 5103 contemnere
992 5048 1176 5102 oblata
1229 5048 1535 5114 videretur,
1564 5050 1658 5118 qui
1702 5051 1946 5106 circum-

365 5140 477 5195 fusi
509 5148 669 5193 erant
708 5139 962 5194 veritatis
1011 5139 1239 5204 hostes,
1287 5139 1380 5193 alii
1436 5148 1726 5210 argentum
1780 5124 1946 5211 atque

365 5250 590 5298 aurum,
629 5233 722 5287 alii
751 5241 954 5303 vestes,
983 5232 1077 5286 alii
1106 5231 1508 5299 supellectilem
1541 5233 1748 5286 variam
1782 5235 1945 5302 polli-

367 5330 670 5392 cehantur;
701 5342 940 5396 cumque
968 5328 1020 5380 in
1054 5325 1276 5381 silentio
1313 5325 1496 5378 acrius
1528 5334 1943 5393 perseveraret:

368 5421 536 5484 Quid,
572 5419 854 5488 inquiunt,
886 5434 952 5472 ne
982 5417 1169 5472 verbis
1214 5415 1440 5486 quidem
1478 5417 1588 5470 tuis
1618 5433 1716 5470 nos
1749 5417 1948 5486 dignos

371 5511 570 5574 potas?
599 5511 756 5580 Digni
791 5510 1013 5579 quidem
1042 5550 1056 5574 ,
1106 5509 1213 5573 ait,
1257 5524 1353 5562 vos
1386 5509 1520 5561 estis
1555 5509 1727 5561 multo
1777 5511 1949 5579 majo-

371 5602 567 5665 1111118,
603 5617 767 5669 quam
813 5616 914 5669 ego
959 5599 1146 5653 dicere
1199 5607 1295 5652 aut
1325 5599 1637 5667 excogitare
1698 5616 1894 5668 queam
1930 5617 1945 5656 :

375 5693 469 5746 sed
523 5707 654 5755 res,
713 5706 850 5760 quas
891 5691 1142 5755 oﬂcrtis,
1204 5690 1353 5743 nulla
1417 5690 1777 5758 responsione
1820 5703 1950 5746 sunt

373 5784 570 5849 dignm.
599 5781 743 5848 Quid
766 5783 914 5835 enim
945 5785 1207 5836 caducam
1236 5781 1377 5834 hanc
1412 5781 1578 5834 vitam
1615 5790 1779 5850 atque
1804 5799 1951 5838 mor-

375 5878 539 5932 talem
579 5876 788 5946 putatis
823 5875 1008 5946 magni
1058 5875 1260 5945 aliquid
1318 5872 1545 5940 habere,
1598 5889 1706 5944 quo
1740 5877 1948 5940 caelesti

2049 4687 2119 4743 tis
2150 4688 2266 4741 suis
2296 4685 2572 4740 occultare
2595 4684 2882 4739 veritatem
2929 4679 3244 4736 studebant.

2123 4775 2235 4830 VII.
2278 4775 2550 4831 Vicesima
2583 4775 2757 4843 prima
2787 4771 3035 4842 ejusdem
3071 4771 3276 4826 mensis
3306 4769 3398 4824 die
3426 4786 3620 4824 rursus

2049 4867 2396 4938 producitur,
2415 4864 2834 4934 deuudatusque
2855 4862 3050 4918 ferreis
3068 4864 3342 4933 tmguihus
3368 4871 3582 4930 tergora
3602 4899 3619 4920 .

2049 4973 2172 5028 quae
2193 4957 2368 5027 pridie
2404 4957 2525 5027 ejus
2545 4956 2655 5010 diei
2675 4955 2894 5010 fuerant
2916 4955 3209 5024 flagellata,
3230 4955 3621 5019 dilacerautur,

2014 5067 2152 5118 _nec
2182 5050 2483 5120 quidquam
2526 5047 2675 5102 aliud
2735 5045 2866 5100 fecit
2900 5045 3151 5113 dixitque
3205 5044 3361 5098 miles
3394 5042 3622 5106 Christi,

2050 5157 2365 5214 quanquam
2390 5140 2542 5210 prius
2564 5137 2901 5194 contremuit
2921 5136 2978 5190 in
3006 5137 3297 5206 principio,
3319 5150 3624 5203 tnauusqne

2049 5235 2118 5289 ad
2147 5249 2206 5288 se
2249 5231 2500 5295 adduxit,
2531 5229 2733 5298 digitos
2769 5228 2821 5282 in
2860 5242 3076 5298 pugnos
3125 5226 3420 5289 contraxit,
3460 5227 3624 5294 pedes

2052 5326 2106 5380 in
2163 5326 2355 5380 iisdem
2389 5322 2638 5392 vestigiis
2672 5321 2870 5384 tenuit,
2921 5335 3227 5388 magnaque
3263 5332 3394 5373 voce
3425 5319 3624 5371 clama-

2051 5418 2170 5471 vit:
2207 5415 2368 5482 Virgo
2397 5414 2582 5474 Maria,
2606 5413 2735 5483 juva
2768 5427 2874 5466 me.
2910 5409 3000 5464 Sic
3023 5409 3425 5479 Trapezuntius
3457 5411 3624 5464 etiam

2051 5511 2265 5574 eadem,
2303 5522 2426 5577 qua:
2461 5506 2642 5576 pridie
2673 5503 3086 5560 vociferabatur
3118 5543 3133 5568 ,
3164 5518 3195 5558 e
3248 5504 3387 5556 turri
3423 5501 3624 5555 iterum

2053 5611 2216 5671 atque
2241 5602 2437 5654 iterum
2470 5598 2771 5662 repetebat.
2798 5597 3138 5652 Adveniente
3169 5607 3348 5662 nocte,
3376 5613 3626 5664 unguem

2057 5696 2126 5749 tis
2159 5694 2414 5758 illinitur,
2449 5690 2702 5745 similiter
2725 5698 2782 5744 et
2809 5688 3226 5744 medicamentis
3249 5698 3414 5758 atque
3440 5689 3624 5758 aquis,

2057 5789 2110 5842 in
2148 5786 2349 5857 quibus
2381 5800 2575 5855 magna
2607 5785 2782 5846 virtus
2808 5784 2924 5836 auri
2962 5782 3142 5836 fuerat
3169 5781 3375 5844 infusa,
3403 5789 3622 5835 susten-

2059 5891 2226 5946 tatur,
2255 5880 2408 5951 quasi
2444 5878 2667 5936 charatn
2701 5877 2881 5934 crucis
2907 5876 3097 5932 hostes
3119 5874 3351 5932 salutem
3375 5873 3497 5946 ejus
3533 5871 3628 5930 ha-
