4098 6480
468 426 577 493 88Ἱ

466 645 677 697 cantes,
711 633 952 703 Spiritus
981 633 1157 686 sancti
1184 632 1416 700 gratiam
1443 631 1497 684 in
1531 630 1873 685 medicorum
1906 628 2049 697 peri-

471 730 627 787 tiam.
661 727 886 795 cibique
920 741 985 780 ac
1031 733 1194 793 potus
1222 724 1675 778 commoditatem
1706 722 2049 776 derivantes.

469 820 828 875 lllucescente
880 833 1120 886 namque
1163 815 1294 880 die,
1337 832 1507 869 sanus
1548 815 1779 868 omnino
1846 824 2053 882 martyr

468 913 673 968 Christi
706 912 1003 981 apparuit,
1047 928 1167 979 qum
1208 926 1296 964 res
1332 910 1751 963 medicamentis
1795 909 1913 961 ﬁeri
1945 926 2053 962 non

468 1016 653 1075 potest
687 1026 697 1059 :
732 1023 854 1075 qua:
884 1022 1008 1059 cum
1047 1004 1377 1060 naturaliter
1402 1013 1665 1073 agerent,
1693 1003 1941 1073 longiore
1975 1003 2057 1055 iu-

471 1101 662 1168 digent
710 1110 960 1168 tempore
989 1138 1002 1159 ,
1056 1097 1617 1166 frequentationeque
1664 1096 2052 1159 conveniente,

473 1209 543 1246 ne
576 1192 787 1261 digesta
817 1192 869 1244 iu
905 1190 1137 1243 dubium
1171 1189 1381 1255 aliquid
1421 1188 1711 1241 conferant
1752 1203 1765 1239 :
1800 1186 1947 1254 quod
1980 1197 2059 1239 ta-

477 1299 602 1338 men
664 1283 893 1336 minime
931 1281 1113 1335 facere
1147 1291 1399 1347 possunt,
1448 1280 1493 1334 si
1536 1280 1721 1333 denuo
1752 1295 1956 1348 corpus
1996 1294 2059 1332 ac

476 1376 686 1442 saepius
726 1373 1061 1436 exagitetur,
1090 1373 1207 1426 sive
1246 1371 1413 1425 etiam
1457 1370 1709 1424 atrocius
1751 1370 2056 1424 crucietur.

477 1464 610 1531 Qua:
639 1466 814 1518 virtus
849 1479 1010 1534 opem
1053 1463 1256 1518 afferre
1308 1470 1488 1533 potest
1539 1472 1737 1531 praeter
1784 1462 2062 1516 divinam?

477 1554 736 1609 Profecto
762 1554 934 1609 nulla.

553 1645 689 1701 \‘lll.
737 1646 1003 1701 Vicesima
1052 1645 1297 1701 secunda
1359 1645 1607 1717 ejusdem
1669 1646 1882 1700 men-is
1948 1645 2060 1710 die,

479 1740 811 1811 producitur
851 1739 1112 1794 similiter
1155 1749 1276 1809 post
1311 1740 1599 1794 meridiem
1625 1780 1641 1804 ,
1676 1755 1741 1794 ac
1781 1755 1980 1793 manus
2006 1751 2065 1793 et

482 1833 653 1903 pedes
686 1834 767 1888 sic
801 1841 1157 1899 torquentur,
1201 1842 1263 1885 ut
1296 1847 1365 1887 ne
1389 1832 1690 1902 digitorum
1721 1834 1942 1900 quidem
1972 1849 2063 1886 ar-

1670 418 1991 478 GEJRGH
2037 418 2184 477 TRA
2202 414 2561 481 PEZUNTH

468 547 688 608 herent,
724 555 975 609 magnam
1012 538 1079 593 iis
1112 538 1279 593 rebus
1311 534 1491 592 inesse
1540 537 1806 591 virtutem
1859 536 2053 605 praedi-
2080 535 2130 595 Α

3642 421 3747 483 888

2230 536 2321 590 IX.
2369 538 2645 593 Vicesima
2684 554 2827 593 nona
2877 537 3125 609 ejusdem
3169 523 3390 594 'mensis
3422 538 3511 593 die
3542 581 3556 604 ,
3601 556 3749 594 anno

2159 631 2342 700 primo
2376 631 2739 700 pontiﬁcatus
2764 636 2918 701 papa!
2956 633 3105 687 Pauli
3137 633 3367 687 secundi
3397 633 3592 686 ultimo
3620 649 3750 703 pro—

2157 723 2389 778 ducitur
2424 724 2676 779 Andreas
2710 724 2779 779 de
2830 724 3003 791 Chio,
3041 738 3248 796 martyr
3296 723 3504 781 Christi
3556 727 3752 798 przeci-

2159 831 2322 887 pnus,
2353 818 2405 870 in
2434 815 2617 869 locant
2645 816 2869 869 solitum
2898 816 2963 869 ad
2988 817 3311 871 orientalem
3338 816 3488 870 urbis
3510 826 3750 885 partem,

2166 924 2340 978 prope
2366 925 2538 974 mare,
2566 925 2759 970 sanus,
2790 926 2973 973 vivax,
2996 910 3150 963 vultu
3180 909 3326 972 la-to,
3352 909 3554 963 decora
3583 910 3743 964 facie.

2160 1003 2584 1065 Mahumctistte,
2610 1001 2692 1055 bis
2714 1002 2876 1057 rebus
2905 1004 3062 1064 moti,
3088 1000 3613 1055 medicamentorum
3638 1002 3753 1054 vir-

2163 1105 2279 1148 tute
2340 1096 2421 1148 sic
2480 1096 2686 1148 factum
2750 1094 3117 1156 asserebant,
3183 1103 3237 1146 et
3288 1092 3745 1162 ingratitudinem

2164 1189 2312 1242 illius
2342 1198 2672 1241 accusantes
2705 1206 2717 1241 :
2749 1186 2867 1241 Non
2902 1171 3072 1246 vides,
3112 1186 3451 1249 clamabant,
3492 1187 3708 1239 Andrea
3731 1186 3756 1238 ?

2166 1279 2296 1333 Tum
2329 1281 2455 1333 vitae
2491 1296 2624 1332 cura
2679 1279 2841 1333 nobis
2896 1279 3084 1332 habita
3129 1288 3249 1339 est;
3285 1288 3477 1332 nostro
3535 1279 3754 1342 studio,

2167 1374 2278 1428 imo
2313 1373 2457 1441 regis
2490 1374 2701 1441 ipsius,
2738 1373 3034 1427 inenlumis
3065 1388 3145 1433 es.
3179 1381 3235 1427 et
3272 1371 3478 1425 virtute
3510 1371 3759 1423 medica~

2168 1479 2506 1531 mentorum,
2541 1478 2596 1521 et
2644 1452 2945 1521 Mallumeli
2996 1467 3191 1536 gratia,
3225 1465 3318 1534 qui
3355 1474 3405 1518 te
3443 1464 3560 1517 vult
3612 1462 3754 1516 deli-

2167 1571 2413 1614 ramenta
2445 1559 2895 1615 Christianorum
2929 1559 2998 1613 de
3031 1573 3195 1612 cruce
3232 1573 3295 1611 ac
3329 1556 3584 1627 passione
3621 1555 3751 1610 Jesu

2169 1651 2497 1719 despicere:
2530 1666 2652 1720 qua:
2700 1650 2966 1705 beneﬁcia
3022 1649 3283 1718 quoniam
3342 1648 3588 1717 ingratus
3642 1662 3752 1698 non

2169 1744 2364 1805 sentis,
2416 1754 2594 1798 morte
2626 1742 2904 1797 morieris.
2941 1741 3060 1796 Non
3114 1750 3195 1795 est
3230 1754 3416 1803 mors,
3467 1740 3546 1793 sic
3582 1754 3753 1798 mors,

2170 1837 2270 1894 ait.
2307 1835 2400 1890 Sed
2435 1836 2567 1890 vita.
2599 1836 2783 1903 Quare
2825 1835 2994 1889 nolite
3030 1842 3224 1902 putare
3251 1871 3266 1895 ,
3305 1848 3389 1886 me
3435 1832 3619 1886 verbis
3662 1847 3757 1883 ve-

483 1926 814 1995 ticuliknec
854 1926 1101 1990 cubitus,
1134 1941 1234 1979 nec
1273 1941 1452 1997 genua
1486 1926 1541 1979 in
1576 1927 1715 1982 locis
1745 1926 1861 1981 suis
1891 1942 2067 1981 rema-
2102 1907 2141 1960 Β
2171 1926 2303 1980 stris
2342 1927 2541 1981 terreri
2578 1941 2741 1996 posse
2777 1942 2919 1980 :nec
2964 1923 3368 1978 medicamenta
3409 1922 3756 1989 profuerunt,

483 2027 725 2085 nerent,
768 2017 863 2074 sed
903 2018 1044 2073 locis
1084 2017 1204 2072 suis
1239 2018 1427 2072 omnia
1464 2018 1737 2073 salirent:
1766 2018 1861 2088 qui
1910 2018 2068 2072 dolor

406 2100 417 2112 ”
488 2111 758 2164 niaximus
784 2110 1033 2163 omnium
1061 2119 1167 2164 est.
1196 2108 1405 2165 Czetera
1434 2110 1693 2164 similiter
1718 2121 1867 2181 gesta
1893 2111 2069 2165 dieta-

484 2216 595 2271 que
620 2243 636 2267 ,
670 2217 779 2256 non
820 2202 890 2256 ab
922 2202 1046 2271 ipso
1076 2201 1253 2256 solum
1283 2243 1299 2268 ,
1339 2203 1433 2273 qui
1473 2212 1654 2257 tamen
1705 2203 1845 2258 nihil
1892 2203 2065 2269 aliud,

486 2294 593 2350 nisi
629 2295 836 2365 :Virgo
866 2294 1060 2361 Maria,
1085 2296 1215 2364 juva
1249 2311 1362 2359 me,
1395 2296 1452 2351 in
1484 2297 1760 2367 principio
1792 2298 2064 2364 dolorum,

487 2387 656 2457 idque
693 2388 864 2443 semel
900 2387 1212 2454 clamabat;
1247 2404 1439 2443 verum
1489 2390 1656 2444 etiam
1689 2405 1719 2443 a
1750 2389 2068 2460 Trapezun-

486 2482 565 2536 tio
598 2481 728 2546 illo,
765 2480 861 2551 qui
894 2481 1221 2552 martyrium
1252 2482 1333 2538 sic
1382 2485 1677 2552 expetebat
1704 2522 1718 2545 ,
1770 2494 1828 2538 ut
1861 2485 2065 2548 multis,

484 2574 654 2629 etiam
689 2573 1123 2639 Mabumetistis,
1150 2574 1513 2628 audientibus
1540 2575 1742 2644 saepius
1770 2586 2068 2644 repeteret,

485 2683 612 2737 qua:
639 2667 786 2722 dicta
816 2667 1074 2736 superius
1123 2676 1275 2721 sunt.
1310 2667 1648 2722 Medicorum
1680 2682 1905 2737 quoque
1940 2669 2064 2722 dili-

488 2758 675 2827 gentia
703 2756 964 2812 similiter
989 2797 1005 2823 ,
1053 2756 1166 2811 imo
1202 2757 1369 2811 etiam
1412 2757 1587 2825 major
1628 2757 1801 2813 fuisse
1842 2757 2067 2814 dicitur.

492 2851 762 2909 Vicesima
794 2850 958 2906 tertia
992 2849 1081 2905 die
1108 2848 1404 2904 incolumis
1437 2864 1715 2918 sanusque
1744 2866 1853 2905 non
1896 2851 2072 2905 medi-

486 2961 679 3000 corum
721 2957 876 3011 arte,
913 2944 1009 3000 sed
1052 2946 1202 3001 illius
1231 2946 1391 3016 primi
1441 2946 1722 3018 martyris,
1763 2958 1821 3003 et
1852 2949 2068 3003 Domini

486 3041 736 3092 omnium
767 3038 897 3094 Jesu
935 3038 1144 3095 Christi
1178 3039 1483 3108 productus
1513 3040 1785 3103 Andreas,
1805 3057 1952 3095 novo
1981 3057 2072 3111 ge-

488 3147 621 3186 nere
660 3132 940 3186 cruciatus
995 3141 1227 3186 vexatur
1273 3148 1289 3187 :
1341 3131 1605 3188 humeros
1660 3133 1924 3188 carnibus
1975 3149 2071 3201 per

2173 2022 2377 2091 quippe
2417 2036 2541 2089 quae
2587 2019 2672 2075 vel
2721 2019 2777 2073 in
2816 2018 3063 2074 minimis
3113 2014 3441 2071 vulneribus
3490 2015 3579 2069 vix
3635 2025 3758 2083 post

2175 2115 2375 2166 multos
2407 2112 2527 2167 dies
2549 2112 2756 2182 aliquid
2784 2110 2985 2165 afferre
3021 2118 3273 2180 possunt.
3299 2109 3384 2162 Me
3407 2117 3591 2162 autem
3620 2123 3758 2161 crux

2173 2204 2391 2258 Domini
2450 2202 2624 2257 nostri
2675 2202 2804 2256 Jesu
2839 2201 3099 2264 Christi,
3153 2209 3211 2255 et
3256 2196 3421 2268 Virgo
3474 2198 3643 2251 Maria
3688 2200 3757 2251 ad

2173 2297 2322 2351 hunc
2351 2295 2497 2349 diem
2521 2294 2874 2350 conservavit
2899 2302 3066 2363 atque
3098 2290 3426 2347 reservavit.
3460 2289 3560 2344 llic
3592 2290 3760 2345 dictis

2173 2388 2357 2443 securi
2410 2395 2577 2456 caput
2637 2385 2974 2455 supposuit,
3029 2392 3085 2437 et
3142 2385 3208 2437 ad
3271 2380 3520 2437 emlestia
3560 2395 3755 2449 regna

2174 2481 2437 2537 evolavit.

2251 2574 2320 2629 Χ.
2364 2574 2524 2629 Tune
2563 2574 2759 2628 mortis
2794 2573 2914 2644 ejus
2953 2570 3214 2634 ministri,
3258 2580 3319 2624 ut
3355 2569 3522 2639 judex
3569 2568 3755 2639 jusse-

2175 2676 2281 2730 rat,
2315 2676 2479 2736 caput
2510 2676 2566 2721 et
2604 2677 2863 2720 truncum
2896 2678 3102 2732 corpus
3143 2662 3363 2716 trahere
3392 2661 3659 2717 velociter
3686 2660 3753 2712 ad

2176 2776 2330 2815 mare
2356 2767 2651 2814 conantur.
2683 2757 3006 2812 Exclamant
3029 2755 3351 2815 Christiani,
3379 2754 3471 2824 qui
3497 2754 3757 2823 lacrymis

2173 2852 2368 2907 effusis
2398 2832 2858 2913 circumstabant,
2889 2864 3135 2919 quorum
3173 2863 3366 2915 magna
3408 2855 3533 2902 erat
3570 2846 3759 2899 multi-

2174 2946 2353 3009 tudo,
2390 2945 2768 3015 sepeliendum
2820 2959 2944 2998 esse
3000 2951 3307 3005 mortuum,
3356 2957 3463 2995 non
3520 2941 3573 2995 in
3612 2956 3762 2994 mare

2179 3039 2614 3109 projieieudum.
2670 3037 2785 3093 Illis
2857 3036 3247 3091 resistentibus
3281 3074 3296 3100 ,
3356 3036 3560 3104 regiam
3607 3034 3764 3087 aiunt

2174 3134 2525 3200 majestatem
2580 3146 2702 3184 esse
2764 3129 3208 3191 eo‘nsulendam,
3272 3128 3570 3196 sepelirine
3628 3127 3763 3181 velit

489 3223 702 3292 gladios
750 3223 1054 3287 denudant,
1101 3223 1390 3277 studentes
1423 3239 1644 3293 semper
1667 3266 1684 3292 ,
1734 3240 1801 3279 ne
1835 3226 2071 3279 celerior
2096 3241 2142 3302 ρ
2178 3224 2356 3293 ipsum
2386 3224 2496 3292 jam
2533 3231 2836 3279 mortuum.
2869 3236 2938 3273 sn
2978 3221 3031 3273 in
3067 3235 3217 3274 mare
3251 3219 3488 3289 projici?
3525 3219 3640 3272 lloc
3662 3235 3762 3270 au-

489 3330 639 3370 tnors
689 3315 868 3383 ipsum
914 3315 1219 3369 invaderet.
1282 3314 1591 3385 Sperabam
1637 3317 1805 3381 enim,
1865 3319 1908 3372 si
1960 3334 2068 3371 non

488 3404 793 3459 acerbitate
833 3420 896 3459 ac
938 3407 1319 3476 magnitudine
1358 3408 1635 3471 dolorum,
1676 3414 1915 3462 attamen
1949 3408 2071 3462 diu-

493 3498 757 3552 turnitate
798 3512 858 3553 se
916 3498 1201 3563 victuros,
1242 3498 1339 3554 sed
1400 3498 1571 3555 derisi
1615 3499 1836 3553 tandem
1872 3499 2072 3568 jacue-

490 3598 642 3643 runt.
693 3589 977 3644 Declinato
1015 3590 1106 3645 die
1150 3589 1439 3646 reducitur
1466 3631 1481 3656 ,
1561 3591 1728 3647 sicuti
1769 3595 2072 3662 superiori-

490 3685 599 3738 bus
642 3682 877 3745 diebus,
920 3682 1086 3738 dictis
1122 3682 1394 3753 factisque
1422 3723 1437 3749 ,
1481 3684 1899 3739 medicamentis
1935 3700 2075 3753 quo-

490 3788 601 3842 que
641 3787 750 3827 non
804 3773 969 3828 aliter
1022 3787 1188 3842 quam
1250 3777 1405 3845 prius
1460 3773 1746 3829 adhibitis.
1791 3774 1888 3851 Die
1929 3776 2075 3828 vice-

490 3867 633 3920 sima
668 3875 863 3935 quarta
904 3865 1152 3936 ejusdem
1205 3868 1413 3923 mensis
1441 3909 1455 3933 ,
1496 3867 1692 3923 eodem
1734 3868 1900 3923 modo
1940 3867 2078 3922 ﬁunt

492 3959 703 4024 omnia,
729 3959 1037 4030 eodemque
1068 3959 1123 4013 in
1156 3959 1300 4028 loco,
1327 3975 1439 4030 quo
1479 3961 1535 4014 in
1561 3960 1651 4016 die
1681 3962 1872 4016 clunes
1898 3960 2076 4015 carni-

495 4054 603 4106 bus
629 4052 915 4106 novaculis
945 4053 1280 4121 spoliantur,
1303 4068 1415 4107 non
1447 4054 1653 4118 subito,
1678 4053 1775 4109 sed
1801 4068 1926 4109 cum
1958 4071 2070 4108 mo-

502 4161 559 4196 ra
581 4186 594 4206 ,
634 4154 694 4197 ut
742 4143 954 4199 doloris
987 4145 1260 4201 acerbitas
1306 4145 1480 4216 magis
1511 4146 1836 4202 sentiretur.
1867 4145 2078 4202 Caetera

496 4238 683 4290 ornnia
732 4237 991 4292 similiter
1036 4247 1178 4300 acta,
1227 4245 1287 4291 ut
1336 4238 1392 4291 in
1444 4237 1827 4308 superioribus
1860 4239 2075 4301 diebus,

498 4328 760 4396 dictaque
793 4329 986 4381 eodem
1023 4328 1187 4380 modo
1230 4329 1398 4382 etiam
1450 4344 1479 4381 a
1532 4327 1905 4398 Trapezuntio
1938 4346 2082 4383 mar--

501 4430 617 4488 tyre
648 4420 834 4473 animo
877 4430 1044 4487 atque
1091 4420 1396 4485 voluntate,
1432 4421 1524 4489 qui
1573 4421 1681 4474 illis
1710 4421 1930 4489 diebus,
1956 4422 2080 4493 qui-

503 4512 607 4565 llus
646 4510 894 4566 Andreas
933 4512 1247 4581 patiebatur
1272 4554 1288 4577 ,
1333 4512 1592 4567 similiter
1630 4529 1662 4568 e
1704 4515 1846 4569 turri
1886 4515 2079 4570 clami-

504 4605 676 4659 tabat.
734 4605 831 4659 Die
866 4604 1127 4660 vicesima
1192 4607 1413 4675 quinta,
1473 4618 1658 4677 partes
1706 4608 1909 4678 pedum
1961 4626 2083 4679 qua:
2117 4595 2157 4649 ι)

505 4697 652 4759 inter
680 4713 858 4768 genua
892 4698 1197 4769 clunesque
1232 4708 1386 4765 sunt,
1420 4701 1682 4757 carnibus
1707 4703 1963 4776 similiter
1989 4703 2081 4758 de-

504 4791 832 4855 nudantur;
894 4800 1093 4846 caetera
1147 4792 1342 4847 eodem
1406 4794 1572 4848 modo
1624 4794 1772 4849 dicta
1818 4806 2084 4865 gestaque

503 4884 755 4938 fuerunt.
801 4882 1070 4938 Vicesima
1120 4892 1273 4939 sexta
1316 4885 1439 4950 die,
1480 4901 1665 4954 surae,
1708 4887 1760 4941 id
1800 4898 2085 4953 est,'car—

504 4990 653 5039 nosae
706 4986 893 5045 partes
953 4975 1196 5045 pedum,
1258 4992 1381 5047 qua:
1440 4988 1572 5033 sunt
1633 4979 1776 5033 intra
1817 4994 1992 5049 genua
2034 4990 2088 5033 et

506 5067 746 5136 poplites
778 5107 794 5130 ,
837 5066 1100 5121 similiter
1138 5069 1404 5125 carnibus
1440 5070 1814 5124 denndantur.
1848 5070 2088 5125 Caetera-

505 5174 615 5230 que
647 5159 812 5223 facta,
844 5159 1015 5225 dicta,
1041 5173 1334 5230 procurata
1366 5162 1624 5217 similiter
1657 5164 1902 5219 fuerunt.
1933 5165 2090 5219 Vice-

508 5253 645 5307 sima
671 5254 904 5325 septima
935 5254 1048 5319 die,
1073 5256 1274 5322 femur,
1297 5272 1530 5327 qumque
1556 5257 1703 5312 circa
1730 5257 1909 5328 ipsum
1935 5267 2085 5322 sunt,

508 5345 763 5417 corporis
794 5358 983 5416 partes
1012 5347 1393 5402 exeoriantur.
1435 5349 1705 5403 Vicesima
1743 5358 1937 5404 octava
1975 5349 2085 5416 die,

510 5448 685 5494 totum
714 5454 915 5510 corpus
942 5456 970 5495 a
999 5441 1180 5512 capite
1200 5442 1267 5497 ad
1296 5443 1465 5512 pedes
1480 5442 1808 5499 verberibus
1833 5442 2089 5507 creditur,

510 5543 571 5588 ut
603 5535 887 5591 doloribus
908 5537 1213 5603 renovatis,
1253 5539 1474 5594 tandem
1510 5549 1846 5593 moveretur.
1877 5538 2089 5592 Maxilla

509 5641 731 5695 quoque
765 5642 872 5681 una
908 5643 1020 5683 uno
1056 5628 1167 5683 ictu
1219 5628 1498 5684 denudata
1530 5645 1696 5685 carne
1729 5630 1832 5683 fuit
1858 5669 1873 5694 ,
1923 5644 2088 5698 quam

510 5717 812 5771 Christiani
857 5719 1138 5787 rapientes
1185 5732 1518 5785 servarunt,
1552 5722 1769 5791 fuitque
1817 5722 1870 5774 in
1904 5735 2090 5773 mona-

514 5809 686 5863 sterio
733 5810 876 5863 beati
913 5811 1187 5867 Francisci
1229 5814 1487 5869 inusitato
1522 5814 1767 5885 fragrans
1803 5814 1970 5867 odere
2009 5823 2089 5867 at-

514 5911 621 5968 que
658 5899 912 5955 mirabili.

2176 3316 2296 3369 dito
2329 3356 2342 3379 ,
2390 3317 2505 3383 ipse
2538 3314 2707 3384 jndex
2757 3313 2823 3366 ad
2868 3328 3051 3382 regem
3105 3312 3387 3380 procurrit
3440 3312 3564 3379 (nec
3611 3312 3759 3364 enim

2176 3406 2645 3476 lieetjudicibus,
2691 3405 2913 3471 quando
2963 3418 3144 3473 regem
3178 3401 3585 3457 consulendum
3638 3416 3760 3454 esse

2177 3500 2435 3562 audiunt,
2472 3499 2776 3569 quidquam
2816 3498 3000 3552 facere
3038 3497 3295 3558 ulterius,
3324 3495 3431 3549 nisi
3461 3496 3575 3565 regi
3611 3496 3762 3564 prius

2177 3592 2470 3662 referant).
2526 3592 2633 3647 Sed
2686 3591 3134 3646 Christianorum
3196 3605 3419 3660 quoque
3474 3590 3761 3657 primates.

2181 3703 2346 3756 quam
2388 3686 2652 3740 velociter
2683 3682 2969 3753 poterant,
3002 3698 3185 3751 regem
3219 3681 3434 3736 adeunt
3470 3680 3603 3750 :qui
3636 3696 3759 3733 eum

2179 3778 2516 3846 percepisset
2540 3818 2552 3841 ,
2582 3775 2783 3845 quibus
2809 3773 3150 3830 cruciatibus
3175 3813 3190 3837 ,
3224 3782 3278 3825 et
3309 3771 3557 3842 qaandin
3594 3786 3763 3825 vexa-

2181 3878 2268 3922 tns
2314 3869 2417 3922 fuit
2450 3868 2719 3932 Andreas,
2748 3865 3077 3921 ell‘erbuisse
3114 3866 3192 3918 ira
3228 3864 3451 3930 dicitur,
3486 3874 3543 3918 et
3573 3862 3760 3917 verbis

2180 3962 2235 4016 in
2270 3961 2513 4029 judicent
2546 3961 2625 4016 sic
2653 3960 2940 4015 atrocibus
2993 3971 3131 4013 usus
3159 3958 3328 4013 fuisse
3354 3997 3367 4016 .
3403 3966 3459 4011 ut
3491 3956 3764 4011 exanimis

2179 4070 2249 4108 ne
2294 4054 2526 4109 tmttiret
2576 4052 2801 4122 quidem
2829 4050 3001 4122 judcx
3039 4051 3283 4119 iniquus.
3318 4049 3423 4103 Sed
3473 4065 3536 4102 ea
3570 4048 3671 4113 ira,
3710 4059 3766 4101 et

2182 4145 2287 4198 illa:
2324 4145 2579 4215 ingentes
2607 4130 2783 4197 mium
2816 4143 2981 4197 simul
3012 4156 3139 4195 cum
3176 4140 3362 4195 verbis
3393 4148 3765 4193 evanuerunt.

2179 4239 2514 4295 Christianis
2561 4237 2965 4304 deindejubet,
3012 4246 3073 4290 ut
3119 4234 3397 4289 Andream
3439 4232 3768 4294 honoriﬁce,

2180 4332 2347 4389 sicuti
2377 4331 2538 4386 decet
2564 4332 2743 4385 virum
2790 4328 3012 4392 forlem,
3040 4329 3335 4398 sepeliant.
3369 4328 3474 4393 Qui
3508 4337 3765 4397 apposita

2183 4428 2363 4497 capite
2393 4428 2609 4496 corpori
2643 4441 2766 4492 suo,
2819 4426 2886 4480 ad
2921 4425 3169 4481 Galatam
3205 4427 3591 4495 deportarunt.
3628 4424 3769 4477 Ade—

2185 4529 2270 4574 rat
2310 4528 2493 4571 autem
2529 4518 2826 4572 universus
2860 4530 3224 4587 utrarumque
3256 4516 3476 4571 urbium
3506 4558 3521 4581 ,
3566 4516 3775 4572 Galate:

2189 4624 2352 4680 atque
2374 4610 2909 4677 Constantinopolis,
2942 4610 3201 4679 populus,
3232 4608 3333 4662 viri
3362 4608 3525 4661 simul
3553 4624 3619 4662 ac
3651 4624 3766 4661 mu-

2189 4703 2376 4765 lieres,
2429 4702 2588 4771 pueri
2638 4711 2804 4771 atque
2857 4704 3072 4772 puella-,
3130 4704 3290 4757 liberi
3340 4711 3392 4756 et
3449 4702 3615 4764 servi,
3672 4717 3774 4755 nec

2188 4793 2631 4849 Christianorum
2663 4794 2842 4848 solum
2869 4836 2882 4858 ,
2922 4811 3111 4849 verum
3143 4796 3311 4849 etiam
3353 4794 3775 4849 llahumetista—

2191 4900 2312 4938 rum
2352 4884 2510 4939 multi
2562 4882 2931 4940 admiratione
2968 4868 3252 4949 commoti,
3300 4900 3406 4938 non
3460 4887 3771 4953 pauciores,

2191 4992 2356 5045 quam
2389 4976 2578 5032 decies
2608 4976 2799 5032 decem
2842 4978 3011 5031 millia
3045 4977 3178 5046 :qui
3218 4992 3436 5039 omnes,
3469 4978 3559 5031 alii
3597 4978 3771 5043 lacry-

2193 5082 2436 5137 mantes,
2480 5071 2573 5125 alii
2609 5070 2802 5125 laudes
2829 5071 2951 5139 ejus
2987 5072 3376 5139 prii-dicantes,
3412 5080 3466 5124 et
3500 5070 3591 5124 alii
3633 5086 3771 5123 con-

2192 5164 2448 5219 stantiam
2497 5178 2561 5218 ac
2606 5163 2778 5217 robur
2808 5164 3018 5229 animi,
3074 5163 3166 5216 alii
3205 5164 3554 5232 prudentiam
3607 5172 3774 5230 atque

2193 5257 2549 5329 gravitatem,
2600 5257 2693 5311 alii
2732 5267 3113 5327 contemptura
3145 5258 3519 5312 humanarum
3553 5273 3774 5319 rerum;

2194 5351 2352 5405 multi
2382 5349 2543 5404 ﬁdem
2582 5351 2635 5403 in
2665 5349 2853 5405 Jcsum
2886 5349 3193 5413 Christum,
3223 5351 3276 5404 in
3302 5366 3523 5405 crucem
3560 5361 3615 5404 et
3649 5365 3775 5417 pas-

2194 5448 2407 5500 sionem
2436 5444 2578 5515 ejus,
2615 5453 2673 5498 et
2726 5445 2781 5497 in
2831 5443 3240 5498 immaculatam
3274 5442 3555 5513 Virginem
3609 5442 3779 5497 devo—

2199 5539 2403 5591 tionem
2467 5548 2785 5591 narrantes.
2843 5536 3086 5590 Tandem
3169 5534 3222 5588 in
3298 5536 3504 5588 Galatae.
3566 5542 3778 5601 partem

2195 5636 2499 5681 extremam
2553 5641 2749 5681 versus
2796 5638 2979 5680 ortum
3018 5626 3155 5679 mari
3189 5626 3502 5693 contiguam
3537 5623 3780 5679 devene-

2200 5730 2362 5781 runt,
2421 5719 2513 5773 ubi
2571 5729 2657 5773 est
2699 5720 2932 5774 ecclesia
3000 5718 3205 5789 Virgini
3249 5717 3435 5772 Maria:
3469 5757 3485 5784 ,
3544 5717 3587 5770 si
3630 5726 3781 5770 recte

2199 5810 2446 5873 memini,
2491 5810 2693 5874 dicata,
2733 5812 2804 5865 ibi
2839 5811 3125 5879 depositus
3152 5811 3317 5881 jacet.

2270 5902 2358 5956 XL
2406 5902 2496 5955 llis
2530 5903 2599 5956 ita
2632 5903 2834 5973 gcstis,
2872 5919 3066 5973 magna
3103 5920 3193 5957 rex
3226 5905 3427 5960 exarsit
3474 5902 3777 5971 capiditate
