4098 6398
507 347 608 412 891

1698 359 2026 422 GEORGII
2067 365 2585 430 TRAPEZUNTH

3662 383 3770 448 892

506 463 655 534 quod
687 463 850 519 etiam
883 481 971 521 me
1005 473 1230 524 tacente
1267 468 1382 540 ipsa
1416 485 1502 526 res
1531 473 1885 538 exclamaret,
1921 478 2089 530 nemi'
2115 483 2164 543 Α
2195 496 2434 548 unquam
2463 494 2622 539 aetate
2649 485 2934 542 hominum
2971 491 3160 561 major,
3191 490 3432 546 divinior
3465 503 3632 563 atque
3659 500 3769 552 uti-

509 573 633 611 ιιι-[η
659 556 760 612 ﬁde
783 566 889 612 tam
923 563 1425 625 sanctum,‘virtute
1454 574 1560 618 tam
1586 566 1904 634 probatum,
1932 577 2083 624 tanta

511 648 782 704 eharitate
817 651 1122 716 ardentem,
1176 661 1325 710 tanta
1374 671 1470 725 spe
1506 658 1818 723 praeditum,
1855 661 2082 728 pontiﬁ-

508 755 626 797 cem
657 743 917 820 Ecclesiae
959 745 1330 813 gubernacula
1378 748 1639 803 tenuisse.
1679 751 1812 816 Quis
1837 751 1983 806 enim
2016 753 2083 806 ab

507 837 881 890 adolescentia
923 836 1070 891 illico
1105 847 1255 892 tanta
1305 838 1432 900 ﬁde,
1485 849 1594 894 tam
1637 842 1913 912 singulari
1950 859 2081 912 pru-

506 928 690 980 dentia
753 927 878 994 fuit,
931 936 992 982 ut
1043 944 1169 983 cum
1223 931 1326 985 sibi
1378 931 1624 1001 undique
1678 935 1915 1004 majores
1971 935 2084 990 fere

508 1035 639 1089 opes
670 1036 834 1089 quant
891 1021 1118 1089 privatae
1167 1021 1472 1087 afﬂuerent,
1527 1027 1811 1078 terrestria
1847 1027 1964 1080 haec
1997 1035 2080 1080 ta-

509 1127 633 1165 men
667 1112 852 1164 omnia
882 1120 940 1166 et
975 1113 1186 1166 caduca
1227 1129 1346 1167 esse
1393 1115 1614 1183 penitus
1650 1097 1994 1186 cognoverit,
2032 1127 2086 1172 et

509 1204 731 1273 cognita
765 1203 992 1256 omnino
1040 1203 1396 1273 despexerit?
1425 1205 1560 1270 Quis
1610 1208 1662 1279 in
1700 1223 1762 1261 ea
1815 1217 1995 1270 aetate,
2029 1209 2082 1262 in

512 1310 620 1362 qua
654 1295 891 1349 maxime
927 1304 1122 1348 natura
1167 1296 1453 1350 hominum
1492 1299 1866 1366 voluptatibus
1891 1301 2083 1368 exagi-

513 1398 681 1452 tatur,
713 1397 821 1441 tam
849 1387 1111 1457 grandem
1153 1391 1438 1456 pecuniam
1469 1391 1820 1459 pauperibus,
1850 1392 2084 1445 Christi-

515 1495 623 1546 que
663 1479 865 1533 deditis
913 1479 1161 1548 erogavit
1191 1481 1472 1548 unquam?
1503 1479 1639 1546 Quis
1669 1491 1747 1534 tot
1794 1490 2085 1552 tantosque

511 1569 729 1623 labores
752 1569 952 1638 vigiliis
977 1579 1033 1623 et
1057 1570 1286 1640 jejuniis
1315 1586 1609 1640 perpessus
1638 1573 1767 1626 est?
1809 1572 1944 1639 Quis
1984 1575 2082 1627 de-

511 1665 675 1729 nique
724 1660 937 1715 diurnis
987 1660 1350 1724 orationibus,
1399 1662 1687 1717 nocturnis
1723 1663 1980 1732 lacrymis
2029 1675 2085 1718 et

508 1752 791 1807 continuis
821 1752 1083 1822 precibus
1102 1752 1363 1807 Ecclesia:
1395 1753 1654 1820 unionem
1683 1762 1790 1806 tam
1823 1753 2084 1810 ardenter

2184 577 2290 630 lior
2320 594 2420 648 per
2441 596 2722 634 summum
2746 584 2999 652 quemvis
3030 585 3343 654 pontiﬁcem
3373 599 3468 640 aut
3497 598 3646 658 gesta
3675 590 3765 651 sit,

2187 668 2388 738 (placet
2413 674 2730 744 vaticinari)
2757 676 2810 729 in
2837 677 3082 731 futurum
3113 680 3225 748 geri
3253 680 3573 748 possit.Non
3597 682 3765 746 enim,

2184 762 2312 830 quia
2335 762 2651 819 Graecorum
2673 767 2776 822 hoc
2797 769 3038 824 schisma
3061 771 3404 825 nominatum
3429 781 3536 834 est,
3559 772 3768 827 idcirco

2185 852 2252 907 de
2282 854 2503 909 Graecia:
2536 857 2715 910 solum
2765 859 3092 915 reduetione
3143 874 3360 928 agetur,
3413 878 3612 917 verum
3664 863 3768 918 sub

2184 942 2497 1000 Graecorum
2544 951 2791 1012 nomine,
2828 955 2921 1020 qui
2963 953 3416 1022 excogitaverunt
3457 964 3514 1010 et
3567 973 3766 1027 perpe-

2187 1045 2401 1092 trarunt
2435 1040 2748 1120 schismatis
2792 1043 3156 1100 foedissimum
3187 1046 3419 1114 facinus,
3461 1064 3567 1103 non
3603 1065 3764 1119 parva

2184 1129 2417 1199 Europae
2440 1147 2584 1200 pars,
2607 1145 2663 1188 et
2694 1135 2948 1191 universa
2971 1136 3116 1200 Asia,
3149 1153 3311 1206 quam
3341 1139 3519 1194 solam
3556 1149 3765 1206 partem

2187 1222 2362 1285 multi,
2393 1224 2484 1292 qui
2514 1227 2587 1278 de
2611 1227 2881 1282 divisione
2909 1229 3059 1284 orbis
3089 1231 3456 1301 scripserunt,
3491 1233 3768 1287 Africmct

2186 1310 2418 1382 Europae
2464 1313 2625 1369 simul
2657 1317 2922 1385 aequalem
2977 1329 3264 1387 asserunt,
3317 1321 3631 1377 Graecorum
3667 1338 3760 1376 er-

2187 1419 2342 1458 rores
2377 1419 2766 1477 susceperunt.
2804 1411 2994 1481 Itaque
3033 1429 3159 1468 cum
3204 1429 3581 1483 smpenumero
3627 1417 3762 1472 mihi

2185 1493 2302 1548 hrrc
2335 1497 2599 1553 acciderit
2648 1502 2930 1570 cogitatio,
2981 1518 3049 1557 an
3107 1504 3162 1560 in
3218 1504 3462 1560 Romana
3517 1507 3764 1562 Ecclesia

2185 1585 2373 1652 plures
2402 1597 2594 1656 gentes
2627 1601 2795 1660 atque
2839 1592 3107 1650 homines
3134 1597 3267 1659 sint,
3299 1612 3366 1650 an
3399 1597 3590 1666 plures
3639 1614 3763 1668 quae

2185 1676 2388 1732 Grzrcis
2415 1680 2701 1737 erroribus
2724 1693 2978 1754 agantur,
3005 1687 3149 1742 idem
3179 1702 3400 1758 semper
3426 1689 3560 1743 mihi
3585 1691 3763 1746 visunt

2186 1778 2292 1828 est.
2337 1768 2462 1824 illos
2508 1772 2770 1828 videlicet
2817 1776 3001 1839 minus
3050 1779 3238 1848 plures
3283 1780 3455 1834 videri
3504 1796 3761 1848 numero,

508 1860 537 1897 a
573 1845 798 1897 Domino
831 1843 1026 1913 petiit?
1081 1843 1334 1898 Profecto
1384 1857 1571 1898 nemo:
1600 1843 1737 1898 Nam
1776 1845 1879 1898 etsi
1931 1845 2077 1915 cogi-

2188 1861 2282 1914 sed
2322 1861 2408 1917 his
2436 1863 2687 1918 doctrina
2719 1875 2772 1920 et
2805 1868 3050 1924 moribus
3072 1871 3242 1925 multo
3276 1873 3615 1942 superiores,
3647 1875 3761 1929 imo

511 1935 747 1988 lationes
777 1932 1146 1988 Beatitudiuis
1178 1943 1284 1986 tua:
1312 1933 1522 1998 nescio,
1552 1933 1720 1988 rebus
1757 1945 1938 1989 tamen
1973 1935 2082 1991 tuis

510 2026 798 2094 impulsus,
829 2025 1126 2095 praedicare
1164 2025 1510 2088 ausim,nihil
1545 2034 1596 2080 te
1634 2027 1807 2096 magis
1841 2042 2082 2095 unquam

508 2129 766 2186 optasse;
799 2118 937 2171 nihil
962 2119 1131 2187 magis
1160 2116 1370 2182 effusis,
1399 2126 1460 2171 ut
1492 2117 1716 2182 dicitur,
1745 2120 2000 2188 laerymis
2029 2129 2083 2174 et

452 2240 462 2245 -
509 2211 768 2279 precibus
815 2225 842 2263 a
877 2211 1108 2264 Domino
1159 2209 1405 2278 petiisse,
1461 2226 1624 2280 quam
1663 2211 1922 2266 Ecclesia:
1971 2228 2084 2266 sum

511 2304 792 2366 unionem,
827 2310 882 2357 et
913 2302 1214 2357 inﬁdelium
1248 2303 1695 2372 depressionem;
1746 2303 1948 2358 etenim
1981 2308 2082 2373 op-

509 2397 638 2449 time
693 2396 806 2463 ipsa
845 2395 1181 2463 experientia
1244 2397 1500 2463 magistra
1558 2395 1694 2457 scio,
1759 2393 2082 2448 beatissime

506 2489 688 2552 Pater,
715 2497 840 2540 ante
881 2485 1265 2556 pontiﬁcatum
1301 2495 1451 2539 tuum
1487 2485 1569 2540 sic
1597 2483 1914 2539 Graecorum
1946 2500 2080 2554 gen-

508 2591 640 2643 tem,
671 2594 701 2634 a
743 2581 974 2634 veritate
1026 2578 1296 2634 catholica
1354 2577 1735 2642 abhOrruisse,
1796 2588 1855 2631 ut
1901 2578 2082 2631 omnis

506 2675 779 2728 hereseos
814 2673 1112 2727 Romanam
1162 2671 1466 2725 Ecclesiam
1523 2671 1831 2740 principetn
1865 2685 2081 2727 assere-

505 2776 649 2821 reut.
685 2766 765 2820 Ad
808 2766 954 2836 quod
993 2765 1206 2820 scilicet
1255 2762 1596 2818 credendum
1645 2763 1813 2818 astuti
1855 2765 2078 2833 quidam

505 2859 840 2930 malignique
859 2859 1112 2912 homines
1136 2857 1193 2911 in
1219 2857 1647 2926 indignationem
1684 2856 1768 2912 sui
1799 2867 2078 2925 aeternam,

506 2952 822 3021 eloquentia
866 2950 973 3014 usi,
1017 2949 1117 3019 qui
1172 2950 1228 3004 in
1279 2949 1583 3004 Romanam
1613 2949 1914 3004 Ecclesium
1945 2950 2081 3004 scri-

505 3054 757 3117 pserunt,
790 3044 954 3099 rudes
985 3043 1424 3099 cavillationibus
1453 3045 1571 3098 suis
1613 3045 1845 3113 populos
1879 3030 2078 3115 impu~

504 3131 726 3200 lerunt;
759 3135 919 3200 cujus
966 3150 1052 3190 me
1084 3150 1308 3204 quoque
1337 3137 1618 3204 Opinionis
1648 3135 1818 3191 fuisse
1849 3152 1958 3192 non
1995 3138 2078 3193 in-

506 3229 678 3282 licinr.
709 3229 1000 3297 Postquam
1024 3241 1156 3281 vero
1189 3227 1520 3282 universalis
1545 3228 1788 3284 habenas
1818 3231 2074 3286 Ecclesiae
2105 3202 2148 3260 ο

504 3320 782 3375 Sanctitas
807 3330 896 3372 tua
927 3319 1189 3374 divinitus
1215 3318 1480 3387 obtinuit,
1506 3321 1578 3374 ita
1603 3321 1902 3377 ἱιιιιιιυιοιίιι
1928 3321 2076 3378 Gneo

504 3429 694 3467 eorum
728 3412 974 3467 omnium
1005 3422 1214 3466 mentes
1239 3421 1389 3476 sunt,
1419 3422 1478 3465 ut
1509 3412 1692 3466 nullus
1721 3414 1836 3467 fere
1861 3415 1954 3480 sit,
1977 3415 2072 3485 qui

504 3525 614 3562 non
671 3506 896 3560 moleste
949 3504 1090 3559 ferat
1140 3504 1288 3575 quod
1340 3506 1678 3560 tardiuscule
1727 3507 1794 3560 ad
1843 3507 2072 3576 hujusce

505 3603 765 3656 unionem
825 3598 1207 3653 celebrandam
1274 3599 1570 3652 concilimn
1627 3600 1744 3669 cogi
1797 3600 2069 3655 videatur.

500 3695 633 3762 Quae
684 3707 772 3746 res
825 3707 946 3746 cum
1003 3690 1247 3745 inattdita
1292 3691 1688 3760 magnitudine,
1726 3693 2073 3764 prodigiique

503 3790 676 3841 instar
705 3786 796 3850 sit,
846 3785 982 3839 nihil
1017 3784 1165 3838 enim
1213 3783 1373 3838 video
1418 3784 1673 3838 humanae
1703 3786 1978 3854 opinionis
2003 3786 2071 3839 ad

501 3879 608 3933 hoc
640 3877 973 3932 inducantur
1005 3875 1200 3939 Graeci,
1229 3876 1384 3931 nefas
1414 3877 1552 3932 mibi
1587 3878 1823 3945 videtur,
1868 3878 1912 3933 si
1947 3881 2070 3949 quis

499 3987 621 4025 eam
659 3970 781 4026 loco
832 3969 1085 4024 miraculi
1137 3983 1247 4024 non
1303 3969 1525 4026 habeat.
1550 3971 1731 4037 Quare
1775 3973 1884 4044 jam
1921 3985 2074 4027 certa

500 4069 721 4132 Oportet
771 4060 876 4116 hoc
933 4061 1091 4129 signo
1148 4061 1463 4130 conjectura
1513 4062 1759 4125 credere,
1820 4071 1872 4114 te
1919 4061 2071 4116 illum

499 4169 644 4216 esse,
693 4169 803 4223 quo
833 4154 1089 4223 pontiﬁce
1118 4153 1302 4207 omnia
1338 4154 1583 4206 membra
1615 4151 1822 4207 Christi
1849 4151 2070 4208 Christo

502 4245 822 4301 reddantur.
858 4244 1252 4300 Praedicantem
1278 4246 1444 4300 etiam
1485 4246 1832 4301 Franciscum
1867 4245 2072 4300 Barba-

502 4353 646 4401 rum,
677 4337 850 4391 virum
875 4351 1096 4407 genere,
1130 4336 1402 4404 doctrina,
1433 4336 1662 4402 virtute,
1690 4353 1795 4390 una
1823 4339 2068 4393 omnium

499 4442 658 4492 voce,
703 4428 1030 4498 principem,
1068 4429 1162 4496 qui
1209 4443 1274 4482 ex
1304 4437 1378 4491 te,
1425 4443 1551 4481 cum
1584 4427 1956 4497 dubitaretur,
2001 4447 2071 4484 ne

2185 1951 2288 2008 hos
2312 1969 2442 2009 vero
2473 1965 2534 2010 ut
2573 1971 2806 2012 numero
2836 1957 3056 2027 plures,
3079 1960 3152 2015 ita
3183 1962 3434 2018 doctrina
3466 1965 3576 2034 jam
3609 1965 3760 2018 omni

2184 2047 2403 2111 amissa,
2449 2057 2506 2102 et
2557 2049 2872 2106 inﬁdelibus
2920 2061 3016 2108 aut
3049 2055 3352 2122 subjectos,
3405 2067 3502 2111 aut
3549 2057 3762 2112 vicinos

2184 2138 2438 2194 moribus
2486 2141 2714 2196 enectos
2768 2158 2909 2209 esse,
2967 2144 3091 2200 illos
3142 2154 3199 2200 ttt
3241 2149 3552 2216 pauciores,
3604 2148 3674 2202 ita
3704 2159 3762 2202 et

2183 2229 2462 2288 doctiores
2501 2241 2557 2288 et
2613 2234 2962 2290 institutione
3014 2237 3234 2293 vivendi
3281 2240 3611 2302 ornatiores,
3663 2241 3758 2294 sed

2185 2319 2294 2382 isti,
2344 2337 2451 2376 non
2490 2322 2616 2378 dico
2673 2324 2846 2380 Graeci
2907 2335 3142 2395 tantum,
3173 2329 3266 2384 sed
3301 2345 3496 2386 omnes
3545 2342 3755 2401 gentes,

2183 2427 2305 2482 qua:
2325 2412 2640 2468 Graecorum
2689 2431 2910 2472 errores
2953 2429 3153 2474 secutae
3175 2431 3324 2486 sunt,
3349 2421 3535 2476 divino
3555 2423 3758 2492 judicio

2182 2505 2512 2575 deprehensi
2547 2508 2706 2563 multi
2742 2510 3029 2568 servitutis
3071 2512 3262 2584 jugum
3296 2514 3612 2573 subierunt.
3666 2516 3759 2572 Sic

2183 2615 2378 2654 omnes
2427 2615 2567 2670 pene
2599 2610 2860 2660 auctores
2913 2607 3246 2673 schismatis,
3290 2609 3447 2664 multi
3481 2621 3541 2664 ut
3573 2609 3755 2676 Servi,

2178 2691 2390 2757 Blachi,
2417 2692 2648 2752 [liberes
2672 2698 3218 2769 innumerabilesque
3240 2702 3331 2757 alii
3360 2704 3446 2756 vix
3467 2705 3752 2770 resistunt,

2181 2789 2676 2860 succumbentquc,
2739 2791 2844 2846 nisi
2905 2790 2956 2848 ei
3019 2795 3182 2865 capiti
3210 2796 3538 2867 junguntur,
3597 2799 3748 2852 unde

2181 2878 2411 2934 abscissi
2447 2890 2597 2937 sunt.
2622 2883 2694 2938 Ut
2722 2885 2870 2938 enim
2903 2901 3003 2956 ego
3021 2887 3255 2943 schisma
3286 2903 3475 2944 eorum
3502 2889 3754 2944 laborum

2179 2973 2574 3045 servitutisque
2603 2991 2716 3031 sua:
2767 2993 2987 3033 causam
3035 2989 3187 3050 puto,
3225 2983 3325 3047 sic,
3370 2983 3415 3037 si
3446 2983 3514 3038 ad
3555 2985 3757 3038 verita-

2182 3073 2292 3120 tem
2343 3066 2550 3134 inlcgre
2605 3068 2927 3140 sincereque
2962 3073 3242 3138 redibunt,
3292 3075 3612 3131 libertatem
3657 3091 3757 3132 eos

2181 3172 2580 3214 consecuturos
2618 3161 2842 3216 minime
2870 3162 3075 3220 diﬁido.
3108 3166 3311 3221 Verum
3343 3168 3488 3224 sicut
3519 3177 3598 3223 tot
3636 3179 3757 3223 tan-

2183 3259 2374 3320 tasque
2404 3263 2616 3321 gentes,
2659 3264 2926 3324 quantum
2961 3271 3019 3312 se
3057 3257 3126 3312 ab
3166 3259 3461 3316 univerSali
3495 3261 3756 3318 Ecclesia:

2181 3356 2412 3412 corpore
2468 3345 2838 3413 resciderunt,
2891 3349 3124 3404 summis
3174 3351 3412 3405 cruciari
3462 3353 3753 3407 doloribus

2180 3430 2326 3486 Deus
2353 3433 2619 3500 permisit,
2651 3445 2712 3489 ut
2738 3437 2955 3491 tandem
2988 3440 3308 3494 commoniti
3339 3441 3394 3495 in
3421 3442 3562 3496 ovile
3586 3459 3748 3497 suum

2179 3525 2397 3593 regredi
2454 3527 2719 3596 cegitent,
2777 3529 2855 3584 sic
2904 3531 3235 3586 crediderim
3272 3533 3529 3589 Romana:
3559 3537 3751 3590 orbem

2179 3617 2438 3671 Ecclesia:
2493 3620 2693 3688 Sil'piUS
2746 3622 3031 3692 exagitari,
3092 3625 3219 3693 quia
3251 3641 3358 3679 non
3411 3642 3478 3681 eo
3529 3626 3750 3693 ardore,

2180 3722 2292 3777 quo
2350 3708 2678 3775 debuerant,
2756 3721 3006 3768 errantes
3067 3714 3265 3769 fratres
3322 3716 3750 3786 requisiverunt,

2178 3816 2361 3870 neque
2398 3801 2592 3856 imitati
2624 3802 2913 3858 Dominum
2967 3815 3115 3870 sunt,
3145 3808 3239 3876 qui
3272 3823 3444 3878 usque
3494 3811 3560 3864 ad
3594 3825 3752 3866 assu-

2179 3897 2432 3950 mendam
2468 3905 2710 3951 nostram
2741 3906 2996 3952 naturam
3031 3899 3326 3956 humanam
3357 3900 3660 3966 descendit,
3690 3914 3753 3960 ut

2178 3991 2430 4044 amissam
2467 4005 2629 4044 ovem
2655 3989 2796 4044 etelo
2834 3991 3172 4048 restitueret.
3205 3993 3352 4061 Quas
3383 3997 3453 4052 ob
3483 4011 3572 4052 res
3599 3997 3753 4052 Grae-

2178 4096 2364 4134 corutn
2402 4083 2530 4137 uuio
2565 4083 2734 4138 totius
2767 4081 2919 4137 orbis
2947 4084 3076 4137 unio
3112 4095 3217 4150 est,
3257 4086 3491 4156 Europae
3535 4089 3752 4145 stabili-

2177 4181 2448 4236 mentum,
2479 4173 2624 4228 Asiae.
2655 4175 2822 4240 salus,
2864 4172 3242 4230 Occidentalis
3265 4177 3520 4234 Ecclesiae
3550 4181 3749 4251 gloria,

2177 4260 2478 4317 Orientalis
2536 4263 2782 4330 libertas,
2837 4264 3088 4319 universi
3158 4266 3398 4336 denique
3449 4267 3750 4325 Christiani

2177 4354 2396 4422 generis
2450 4346 2765 4424 reparatio:
2801 4355 2882 4410 Ad
2937 4357 3054 4412 hac
3104 4359 3148 4412 si
3193 4359 3375 4414 nullus
3421 4376 3531 4415 non
3566 4371 3751 4418 mente

2177 4454 2370 4515 captus
2413 4461 2614 4515 negare
2643 4457 2832 4516 queat,
2869 4448 3005 4503 nihil
3038 4451 3194 4520 pejus
3228 4450 3543 4507 Crtecorum
3589 4469 3750 4508 avero

501 4529 728 4587 propter
755 4518 1164 4570 monnullorum
1193 4516 1604 4571 contentionem
1630 4518 1865 4572 schisma
1895 4523 2069 4575 orire-

2178 4536 2332 4590 sione
2359 4552 2422 4591 ac
2449 4537 2753 4592 inﬁdelium
2789 4539 3075 4609 impietate
3105 4544 3338 4597 inveniri
3372 4560 3552 4614 posse,
3585 4561 3749 4600 nemo

501 4623 616 4678 tur,
648 4611 939 4668 Florentiae
973 4613 1113 4667 hanc
1142 4625 1330 4664 vocem
1369 4611 1591 4666 audisse
1617 4613 1835 4679 asserit,
1867 4623 1922 4668 et
1951 4616 2071 4685 qui-

498 4708 624 4761 dem
670 4722 795 4761 cum
850 4706 1108 4776 laceria
1141 4723 1154 4759 :
1189 4703 1412 4759 Utinam
1465 4721 1551 4759 me
1584 4707 1768 4773 potius
1801 4707 1902 4762 hac
1960 4709 2071 4763 vita

498 4800 763 4855 Dominus
792 4797 1052 4866 privaret,
1092 4812 1257 4866 quam
1293 4815 1378 4850 mc
1407 4798 1632 4851 vivente
1663 4813 1760 4852 sua
1789 4799 2072 4854 seindatur

501 4890 766 4946 Ecclesia.
813 4886 858 4942 Ο
904 4902 1095 4942 vocem
1129 4889 1293 4956 piam,
1325 4897 1382 4942 et
1429 4899 1480 4942 te
1515 4890 1631 4943 solo
1673 4891 1914 4960 dignam,
1963 4909 2069 4961 qua

493 4985 752 5040 effectum
786 4991 890 5045 est,
927 4990 985 5034 ut
1014 4989 1070 5034 et
1111 4991 1162 5035 te
1206 4983 1318 5034 vita
1363 4979 1508 5035 Deus
1557 4981 1863 5049 donaverit,
1907 4997 1963 5038 et
2003 4985 2070 5040 ab

495 5078 759 5139 Ecclesia,
791 5073 936 5145 quod
965 5087 1158 5129 omnes
1189 5074 1611 5142 pertimuerunt,
1637 5075 1873 5130 schisma
1889 5086 2072 5132 exter-

496 5173 819 5228 minaretur.
865 5168 1062 5222 Verum
1111 5168 1245 5232 haec,
1278 5181 1379 5220 nec
1409 5167 1454 5222 si
1493 5167 1561 5220 de
1605 5166 1862 5224 laudibus
1889 5170 2070 5224 Beati-

494 5262 705 5320 tudinis
751 5270 858 5316 tua:
888 5260 1072 5315 dicere
1121 5258 1258 5312 mihi
1303 5261 1648 5329 propositum
1692 5273 1856 5327 esset,
1905 5263 2066 5331 digna

493 5371 709 5428 possem
749 5353 1000 5409 oratione
1031 5350 1346 5421 complecti.
1393 5351 1490 5406 llis
1527 5351 1694 5419 igitur
1731 5352 1839 5436 tjtis
1892 5353 2068 5420 preci-

497 5455 598 5506 bus
646 5457 828 5502 ntotus
863 5444 1146 5506 Dominus,
1200 5443 1286 5496 his
1331 5443 1441 5496 tuis
1491 5442 1559 5494 ad
1615 5442 1784 5496 Deum
1835 5445 2068 5498 occultis

492 5547 828 5601 clamoribus
855 5540 1140 5602 delinitus,
1175 5547 1269 5592 tuo
1305 5537 1422 5593 zelo
1450 5538 1761 5607 mitigatus,
1802 5548 1908 5592 tua:
1939 5538 2066 5593 tidei

493 5639 692 5692 ardore
716 5642 772 5689 et
797 5633 1064 5687 eharitate
1084 5629 1375 5691 adductus,
1413 5629 1520 5683 tuis
1551 5629 1858 5695 laboribus,
1883 5629 2065 5701 lacry-

498 5733 622 5788 mis.
653 5725 946 5797 gemitibus
980 5721 1231 5784 inﬂexus,
1257 5730 1460 5774 tantam
1495 5735 1609 5774 rem
1637 5731 1809 5789 parat,
1840 5732 1950 5776 tam
1983 5724 2067 5778 di-

501 5821 704 5882 vinam,
752 5824 860 5869 tam
891 5811 1334 5869 Christianorum
1371 5811 1518 5881 genti
1542 5813 1777 5884 -utilem,
1813 5824 1874 5871 ut
1915 5817 2065 5873 nulla

2180 4628 2432 4696 profecto
2457 4628 2756 4697 dubitabit,
2781 4632 2918 4686 nihil
2943 4631 3111 4687 fuisse
3143 4644 3238 4689 aut
3273 4636 3389 4690 fore
3419 4637 3750 4692 laudabilius

2174 4720 2582 4790 gloriosiusque
2627 4722 2843 4776 cuidam
2904 4739 3144 4794 unquam
3200 4742 3418 4782 summo
3476 4730 3745 4798 pontiﬁci,

2133 4825 2136 4828 '
2172 4827 2337 4879 quam
2371 4813 2702 4868 Beatitudtni
2729 4824 2854 4879 tuae,
2889 4816 2935 4870 si
2957 4816 3176 4872 Graecos
3211 4819 3462 4885 reducas,
3495 4821 3744 4875 inﬁdeles

2172 4903 2474 4970 opprimas,
2505 4918 2741 4971 quorum
2775 4907 3009 4974 primum
3055 4917 3207 4962 tanto
3252 4912 3429 4981 majus
3470 4921 3552 4966 est
3579 4921 3745 4981 atque

2171 4993 2438 5058 divinius,
2470 5004 2676 5062 quanto
2719 4997 2798 5052 sic
2829 4997 3142 5053 Graecorum
3181 5001 3476 5057 schismate
3509 5007 3746 5074 ampliu-

2171 5094 2292 5138 cata
2344 5085 2644 5141 inlidelitas
2685 5100 2793 5153 est,
2833 5090 2904 5143 ita
2933 5103 3122 5145 eorum
3181 5093 3500 5150 reductione
3532 5095 3746 5152 facilius

2169 5177 2443 5232 concidet.
2506 5178 2617 5232 Nec
2680 5195 2830 5246 vero,
2892 5183 3020 5253 quia
3081 5185 3330 5255 ingentes
3387 5202 3475 5242 res
3530 5204 3749 5259 semper

2169 5270 2529 5337 consequitur
2570 5285 2764 5340 magna
2821 5271 3139 5340 difﬁcultas,
3197 5277 3327 5331 huic
3380 5293 3600 5349 quoque
3643 5285 3741 5335 ad-

2163 5359 2356 5428 juncta
2394 5369 2506 5426 est,
2558 5360 2670 5414 imo
2711 5377 2812 5444 pro
2845 5367 3222 5435 magnitudine
3260 5370 3338 5424 rei
3374 5372 3456 5426 vel
3485 5375 3630 5428 nulla
3661 5377 3744 5430 vel

2169 5465 2356 5520 parva,
2395 5468 2559 5522 quant
2616 5465 2799 5509 tamen
2837 5455 2967 5512 hinc
3017 5459 3212 5528 magis,
3247 5477 3410 5532 quam
3465 5479 3532 5518 ex
3589 5477 3744 5536 parte

2167 5543 2504 5609 Crzecorum,
2545 5549 2849 5602 remotione
2879 5548 3125 5604 locorum
3157 5563 3212 5607 et
3241 5555 3502 5610 dilatione
3533 5567 3745 5629 tempo-

2169 5649 2334 5701 rum,
2380 5636 2544 5706 ,proh
2603 5637 2776 5693 dolor!
2838 5639 3061 5696 humani
3123 5646 3341 5712 generis
3398 5648 3748 5708 adversarius

2167 5725 2472 5781 adiuvenit.
2504 5724 2704 5782 Verum
2734 5727 3052 5787 Sanctitatis
3075 5740 3181 5787 tua:
3200 5736 3410 5791 meritis
3436 5736 3608 5806 ipsam
3631 5741 3744 5796 cito

2168 5833 2329 5888 posse
2380 5819 2497 5876 tolli
2526 5820 2866 5878 credendum
2903 5834 3008 5883 est.
3042 5825 3178 5882 Nam
3214 5827 3294 5884 sic
3334 5827 3519 5884 divina
3554 5835 3742 5901 provi-
