4098 6416
375 389 478 455 ξω

1116 393 1212 451 DE
1258 391 1553 454 UNIONE
1593 391 2126 464 ECCLESIABUM
2184 392 2282 451 AD
2322 344 2742 456 EUGBENIUM
2791 398 2892 457 IV.

3528 396 3635 458 διθι

371 506 579 570 dcntia,
620 521 741 574 qua:
775 505 1066 562 Sanctitati
1104 516 1210 563 tua:
1265 519 1469 564 tantam
1505 525 1619 564 rem
1651 508 1952 570 commisit,
1983 513 2026 569 Α
2062 507 2158 561 tibi
2185 509 2415 580 hujusce
2444 513 2520 566 rei
2555 513 2786 582 principi
2819 516 3060 582 reposita
3086 527 3196 570 est.
3229 515 3358 569 Nam
3391 515 3436 570 si
3464 517 3631 570 Atha-

371 601 626 656 cffectum
657 610 764 666 est,
798 610 858 654 ut
883 604 1136 670 quamvis
1166 604 1352 657 multis
1371 604 1482 673 jam
1503 602 1719 658 saeculis
1749 603 1943 671 dt‘jCCll

372 695 441 750 ab
470 694 726 749 Ecclesia
751 694 962 764 gremio
979 694 1154 750 Graeci
1177 706 1390 759 errant,
1410 711 1517 750 non
1548 695 1732 750 minus
1763 704 1948 749 tamen

373 803 437 844 eo
461 786 668 850 redire,
694 786 842 841 unde
867 784 1088 840 fuerant
1113 785 1368 851 digressi,
1401 787 1748 856 percupiam,
1781 799 1946 853 quam

373 897 472 936 eos
507 883 756 942 recipere
782 878 1017 933 ()ccidui
1064 881 1356 950 pontiﬁces
1410 879 1582 948 parati
1638 889 1801 944 sunt;
1838 892 1946 932 non

373 974 531 1042 longe
561 971 811 1042 profecto
832 971 1011 1026 aberit
1039 973 1149 1027 tuis
1173 971 1241 1026 ad
1276 973 1566 1026 Dominum
1593 970 1950 1027 intercessio-

371 1065 557 1128 uibus,
589 1072 642 1117 et
671 1063 938 1133 quidquid
974 1062 1196 1118 obstare
1227 1063 1525 1130 videbitur,
1565 1073 1824 1133 tanquam
1864 1060 1948 1116 fu-

376 1172 498 1211 unus
543 1167 870 1218 evanescet;
928 1155 1233 1225 praesertim
1279 1158 1324 1211 si
1360 1157 1492 1226 quid
1532 1158 1754 1226 pietatis
1791 1157 1952 1211 nobis

369 1247 622 1301 relictum
667 1255 775 1310 est,
825 1255 883 1300 et
917 1261 1026 1300 non
1064 1247 1285 1316 penitus
1337 1261 1530 1301 omnes
1560 1260 1625 1300 ea
1679 1247 1951 1314 pravitate

370 1338 635 1402 feramur,
673 1348 732 1392 ut
780 1337 1147 1394 redeuntibus
1179 1339 1236 1393 in
1270 1339 1567 1394 Ecclesiam
1607 1338 1818 1394 Grtecis
1859 1353 1949 1392 se-

373 1430 505 1484 dulo
537 1445 643 1482 non
674 1439 1041 1495 occurratur;
1081 1431 1152 1484 ita
1201 1431 1383 1485 omnis
1415 1431 1470 1485 in
1499 1429 1600 1484 hac
1633 1445 1692 1484 re
1721 1428 1951 1482 dinicul-

370 1531 451 1576 tas
482 1531 589 1588 est,
635 1532 696 1576 ut
730 1526 1094 1589 conveniant;
1132 1533 1331 1578 caatera
1379 1536 1480 1592 per
1522 1536 1582 1577 se
1627 1525 1748 1592 ipsa
1796 1524 1948 1588 fient,

371 1615 605 1669 maxime
637 1614 683 1668 si
713 1613 1106 1671 affectionibus
1149 1613 1612 1684 passionibusque
1655 1614 1770 1667 suis
1802 1631 1949 1668 com-

370 1707 529 1758 moda
575 1706 941 1762 adhibeantur
987 1707 1252 1763 remedia.
1287 1707 1364 1760 Ex
1413 1709 1618 1778 quibus
1645 1709 1778 1762 licet
1808 1723 1947 1762 non-

369 1799 517 1852 nulla
553 1799 712 1864 mihi,
742 1800 834 1870 qui
866 1801 1154 1870 passiones
1185 1815 1314 1855 suas
1342 1800 1492 1866 novi,
1523 1809 1790 1870 quantum
1821 1800 1949 1856 huic

2057 603 2268 666 nasius,
2295 604 2339 656 si
2372 604 2670 674 Gregorius
2701 605 3104 668 Nazianzenus.
3138 609 3182 663 si
3215 609 3380 662 ambo
3422 607 3566 678 Cyril
3597 609 3634 673 i,

2055 694 2231 746 sancti
2259 695 2358 747 viri
2391 709 2445 749 et
2471 695 2781 764 pontiﬁces,
2809 712 2872 750 ac
2894 699 3102 766 caeteri,
3126 699 3219 768 qui
3250 715 3348 767 pro
3375 699 3633 754 Ecclesia:

2053 783 2256 837 unione
2315 785 2562 854 iungentes
2593 786 2811 842 labores
2862 789 3219 859 periculaque
3276 805 3468 860 aspera
3507 806 3630 860 pcr—

2053 875 2386 943 possi-‘suut,
2437 894 2648 934 summe
2697 897 2806 934 nun
2857 889 3067 935 tantum
3102 884 3156 936 in
3209 885 3372 936 terris
3428 885 3630 946 solum.

2053 965 2148 1019 sed
2181 977 2236 1021 et
2269 968 2322 1021 in
2358 970 2512 1023 caelis
2550 971 2868 1033 laudantur,
2919 989 3080 1042 quam
3135 985 3292 1043 putas
3331 975 3633 1030 Bcalitudi-

2052 1056 2109 1111 ni
2144 1068 2247 1112 tum
2292 1063 2574 1129 paratam?
2605 1073 2756 1116 tanto
2802 1065 3161 1119 illustriorem
3223 1067 3625 1137 majoremquc,

2053 1160 2263 1220 quanto
2285 1167 2398 1216 res,
2425 1170 2588 1223 quam
2618 1156 2883 1218 intendis,
2914 1167 2967 1212 et
3003 1159 3353 1214 multitudine
3386 1162 3628 1230 gentium

2054 1252 2110 1297 et
2141 1242 2504 1300 diuturnitate
2537 1249 2798 1318 temporis
2825 1251 2997 1320 major
3027 1259 3080 1304 et
3111 1251 3494 1306 admirabilior
3526 1265 3630 1307 est.

2069 1331 2150 1386 Illi
2182 1335 2298 1388 suis
2331 1338 2668 1406 temporibus
2694 1339 3045 1409 incipientem
3073 1341 3322 1396 ha-resim
3347 1359 3628 1412 oppresse-

2059 1437 2213 1489 rttnt,
2244 1436 2300 1480 tu
2331 1428 2648 1498 quingentis
2663 1430 2776 1499 jam
2808 1434 2968 1489 annis
2995 1433 3276 1489 fundatam
3305 1437 3630 1492 cradicabis.

2056 1515 2136 1569 llli
2192 1533 2492 1587 paucorum
2549 1522 2834 1576 hominum
2900 1525 3142 1594 iniquam
3197 1527 3632 1596 propositionem

2055 1611 2423 1665 disseminare
2453 1614 2598 1681 passi
2622 1629 2729 1668 non
2757 1626 2921 1681 sunt;
2956 1625 3010 1669 tu
3043 1617 3356 1673 Graecorum
3389 1621 3632 1676 ninnium

2055 1704 2232 1756 varias
2255 1703 2542 1772 opiniones
2561 1708 2752 1778 majori
2780 1709 2919 1777 parti
2943 1710 3317 1780 orbisjamdiu
3344 1713 3576 1768 traditas
3603 1729 3634 1768 e

2054 1796 2237 1850 medio
2283 1797 2461 1853 tolles.
2497 1799 2576 1854 Illi
2610 1800 2696 1853 vix
2735 1815 2973 1869 unquam
3019 1801 3301 1856 civitatem
3335 1817 3500 1857 unam
3549 1821 3634 1858 rc-

372 1891 536 1944 modo
583 1901 932 1958 succurrant,
989 1891 1215 1946 silentio
1275 1899 1459 1946 tamen
1491 1907 1554 1946 ea
1586 1891 1829 1946 retinere
1863 1862 2374 1957 in-Bduxerunt;
2445 1903 2499 1946 tu
2561 1909 2810 1961 magnam
2871 1903 3082 1962 partem
3147 1894 3400 1964 Europ'r,
3460 1905 3630 1950 totann

377 1983 556 2048 stitui,
603 1983 903 2054 praesertim
945 1985 1205 2055 quoniam
1229 1985 1412 2040 adhuc
1451 1985 1566 2054 ipsa
1608 1985 1949 2055 longiuscule

380 2079 605 2143 absunt,
658 2072 962 2147 praesertim
1011 2078 1271 2148 quoniam
1327 2081 1588 2134 maxime
1618 2077 1736 2148 ipsa
1784 2077 1949 2132 celari

382 2169 666 2226 conducit.
685 2170 764 2224 'l‘u
783 2183 938 2234 vero,
969 2169 1292 2224 Beatissimo
1314 2169 1495 2234 Pater,
1519 2169 1611 2239 qui
1633 2183 1850 2239 semper
1868 2184 1950 2222 rc-

376 2265 484 2318 bus
520 2262 772 2316 maximis
829 2261 1073 2314 animum
1129 2260 1458 2326 adhibuisti,
1512 2261 1641 2317 huic
1693 2264 1796 2326 rei,
1828 2277 1950 2331 qurc

376 2370 487 2409 non
524 2354 616 2408 uni
661 2353 870 2409 civitati
903 2361 959 2408 et
1006 2353 1228 2424 populo,
1269 2368 1380 2408 non
1414 2355 1561 2422 genti
1613 2362 1707 2407 aut
1739 2354 1949 2423 regioni

372 2449 492 2511 uni,
523 2447 618 2502 sed
655 2447 754 2502 toti
783 2446 949 2500 simul
981 2446 1103 2500 orbi
1134 2457 1406 2500 terrarum
1436 2445 1749 2500 libertatem
1785 2453 1950 2514 atque

371 2540 605 2595 salutem
643 2539 879 2594 allatura
909 2546 1017 2603 cst,
1052 2537 1332 2602 incumbe,
1363 2546 1422 2592 ut
1451 2537 1690 2607 cmpisti,
1728 2537 1950 2591 subeas-

373 2647 482 2702 que
511 2647 856 2702 quacunque
887 2631 956 2693 ad
993 2631 1097 2684 hoc
1126 2630 1465 2700 prepositum
1496 2629 1641 2684 ferre
1671 2629 1946 2694 videntur,

375 2738 435 2780 ut
487 2726 641 2781 facis.
697 2724 819 2779 Non
857 2725 1038 2794 pigeat
1088 2732 1286 2779 cuncta
1341 2737 1680 2793 oppugnare,
1739 2737 1862 2792 qua:
1897 2723 1946 2777 ei

375 2817 761 2882 adversantur,
785 2815 964 2870 donec
996 2815 1171 2870 victor
1196 2813 1265 2868 de
1299 2813 1613 2869 adversario
1643 2812 1947 2870 Christiani

369 2909 591 2979 generis
621 2907 949 2978 triumphos.
999 2906 1133 2962 Nam
1178 2908 1223 2963 si
1257 2916 1480 2977 propter
1517 2908 1680 2962 unius
1716 2923 1947 2962 conver—

369 3003 584 3056 sionem
640 3001 878 3056 hominis
915 3000 1177 3070 gaudium
1235 3001 1290 3056 in
1323 3001 1466 3056 coelo
1517 3001 1631 3066 fiat,
1690 2999 1949 3070 intelligis

367 3095 616 3164 profecto
647 3103 727 3148 tot
761 3093 1040 3164 gentibus,
1089 3102 1168 3149 tot
1205 3093 1547 3158 nationibus,
1582 3092 1793 3163 regnis,
1843 3093 1948 3147 lin-

366 3187 490 3255 guis
524 3187 581 3242 in
612 3187 900 3242 veritatem
950 3187 1255 3251 conversis,
1295 3197 1502 3256 quanta
1551 3185 1724 3256 gloria
1757 3185 1938 3240 exsul-
1974 3220 2019 3276 ο

368 3287 564 3342 tabunt
604 3286 753 3352 caeli,
789 3294 846 3340 et
885 3295 937 3342 te
966 3294 1190 3341 auctore
1241 3283 1460 3339 Domini
1508 3283 1738 3352 gloriam
1789 3297 1951 3337 enar-

366 3385 588 3438 rabunt.
623 3382 742 3437 Non
794 3383 918 3437 dico
948 3381 1066 3436 haec
1125 3389 1184 3434 ut
1225 3379 1508 3443 exhorter,
1543 3393 1654 3448 quo
1710 3377 1950 3432 libenter

334 3495 336 3497 ’
366 3492 516 3546 agas,
565 3490 691 3545 quae
723 3473 1092 3530 libentissime
1124 3473 1454 3542 suscepisti;
1496 3485 1688 3524 verum
1733 3468 1950 3538 cupidi-

369 3579 535 3624 tatem
573 3583 775 3625 meam.
814 3581 923 3636 qua
976 3565 1162 3627 ardeo,
1204 3574 1264 3619 ut
1321 3577 1515 3619 omnes
1549 3562 1686 3616 mihi
1720 3575 1946 3633 genere.

374 3660 720 3731 cognatione,
771 3659 1033 3714 afﬁnitate
1066 3659 1392 3729 conjunctos
1415 3655 1697 3724 recipiam,
1724 3671 1833 3709 non
1867 3655 1950 3708 in-

373 3755 515 3808 vitus
545 3753 800 3809 ostendo.
832 3750 945 3807 Nec
974 3752 1123 3806 enim
1161 3751 1302 3822 fugit
1331 3750 1738 3806 Bcatitudinem
1774 3757 1946 3812 tuam,

369 3854 570 3915 quanta
625 3845 768 3908 laus,
823 3852 1026 3915 quanta
1077 3845 1275 3914 gloria,
1327 3859 1448 3914 qua:
1487 3859 1692 3898 corona
1750 3851 1865 3895 tum
1916 3857 1948 3896 a

363 3935 625 3991 Creatore
676 3944 869 3992 nostro
925 3947 1152 4002 aeterno,
1193 3945 1305 3990 tum
1362 3936 1528 3991 etiam
1577 3939 1646 3992 ah
1701 3940 1947 3994 Ecclesia

363 4028 512 4099 ejus,
565 4035 622 4084 et
674 4029 928 4085 universa
985 4029 1426 4084 Christianorum
1481 4039 1647 4099 gente
1689 4032 1949 4100 perennis

2060 1983 2266 2046 Asiam,
2299 1999 2493 2038 omnes
2539 1983 2785 2039 Orientis
2837 1983 3132 2049 Ecclesias,
3187 1995 3425 2055 quatuor
3478 1988 3635 2041 vidc-

2055 2073 2182 2128 licct
2214 2073 2337 2128 illas
2389 2085 2512 2143 post
2560 2077 2790 2144 primum
2833 2079 3060 2146 primas,
3115 2075 3334 2132 Christo
3364 2076 3493 2133 Jesu
3532 2079 3634 2132 [)o-

2054 2164 2204 2218 mino
2237 2176 2448 2233 nostro,
2485 2179 2540 2222 et
2585 2169 2680 2223 tibi
2729 2173 2849 2239 ejus
2910 2184 3042 2223 vero
3073 2170 3277 2224 vicario
3308 2173 3632 2242 conjungcs.

2053 2255 2332 2326 faciesque
2388 2259 2531 2313 ovile
2585 2275 2753 2313 unum
2809 2269 2862 2314 et
2911 2274 3116 2330 corpus
3152 2276 3322 2315 unum
3358 2263 3632 2327 Ecclesiae,

2054 2347 2212 2416 cujus
2242 2363 2366 2400 eum
2401 2348 2694 2404 Beatitudo
2734 2359 2824 2405 tua
2871 2357 2993 2419 post
3036 2350 3316 2406 Christum
3345 2353 3415 2406 sit
3449 2362 3634 2424 caput,

2056 2441 2425 2514 membrorum
2481 2457 2708 2498 suorum
2770 2443 3110 2498 abscissione
3164 2443 3352 2500 dolere
3408 2461 3636 2501 necesse

2053 2542 2159 2587 cst.
2197 2533 2367 2600 Quam
2408 2535 2473 2588 ad
2515 2550 2630 2589 rem
2693 2535 2900 2589 utinam
2935 2549 3038 2604 ego
3098 2552 3318 2606 quoque
3375 2538 3631 2594 conferre

2055 2624 2267 2694 aliquid
2329 2641 2582 2696 possem;
2639 2641 2763 2680 nam
2832 2636 3098 2697 quantum
3150 2630 3434 2685 erroribus
3481 2647 3634 2687 meo-

2056 2736 2177 2775 rum
2205 2736 2446 2785 movear,
2483 2721 2568 2773 vel
2599 2735 2664 2774 ex
2696 2719 2818 2784 hoc,
2852 2720 2998 2788 quod
3027 2721 3156 2787 feci,
3193 2723 3287 2792 qui
3316 2739 3411 2779 cas
3450 2735 3637 2794 partes

2053 2815 2216 2870 simul
2273 2830 2394 2869 cum
2437 2814 2699 2885 opinione
2733 2829 2981 2869 meorum
3024 2815 3245 2886 reliqui,
3293 2834 3473 2889 neque
3504 2820 3636 2875 illuc

2053 2917 2328 2972 revertar,
2361 2906 2468 2961 nisi
2516 2915 2612 2960 aut
2645 2907 2985 2976 compulsus,
3021 2917 3117 2962 aut
3162 2910 3314 2964 unita
3367 2909 3636 2976 Ecclesia,

2053 3001 2138 3054 vel
2169 3016 2236 3054 ex
2267 2999 2352 3053 his
2384 3015 2505 3069 quae
2534 2998 2600 3052 ad
2633 3011 2960 3056 accusantes
2990 3010 3245 3071 parentes
3271 3010 3437 3074 atque
3469 3020 3640 3072 agna-

2054 3101 2140 3146 tos
2189 3092 2516 3162 Cunscripsi,
2570 3093 2920 3161 apertissime
2963 3102 3134 3164 patet.
3172 3094 3371 3162 Quare,
3410 3095 3453 3149 si
3504 3097 3637 3166 quid

2053 3181 2278 3237 Grut-eus
2320 3181 2386 3234 ad
2425 3181 2739 3236 Graecorum
2781 3197 2895 3237 rem
2945 3183 3253 3237 conducere
3279 3197 3528 3252 possum,
3556 3195 3642 3236 to-

2059 3281 2174 3326 tum
2203 3274 2277 3338 id,
2315 3287 2496 3342 nequc
2526 3271 2704 3343 ipsum
2736 3273 3072 3328 Beatitudini
3121 3283 3227 3328 tua:
3257 3274 3453 3329 devote
3476 3285 3639 3346 atque

2055 3364 2338 3419 humiliter
2365 3365 2555 3420 ofl'ero.
2594 3364 2701 3420 Sed
2735 3381 2802 3418 ne
2834 3365 3050 3436 longior
3083 3365 3212 3428 sim,
3247 3367 3393 3436 quod
3421 3379 3552 3437 Opto
3583 3379 3644 3422 et

2054 3474 2242 3529 spero,
2273 3459 2608 3513 universalis
2633 3459 2892 3514 Ecclesizc
2913 3475 3104 3523 pacem
3136 3459 3278 3515 Deus
3298 3460 3641 3516 Christiano-

2054 3564 2176 3602 rum
2208 3552 2393 3619 generi
2424 3565 2522 3620 per
2558 3549 2917 3606 Sauctitatem
2960 3560 3106 3606 tuam
3139 3551 3306 3606 citius
3349 3555 3640 3610 concedat.

2052 3644 2246 3697 Amen.

2128 3736 2380 3806 Georgius
2407 3735 2448 3789 Τ
2451 3738 2811 3805 rapezuulius,
2837 3735 3196 3790 devotissimus
3225 3753 3288 3792 ac
3308 3738 3637 3791 humillimus

2055 3826 2365 3883 Sanctitatis
2417 3837 2520 3882 tua:
2558 3828 2814 3897 famulus,
2863 3835 3029 3882 totum
3059 3843 3114 3882 se
3143 3827 3248 3898 ipsi
3299 3830 3635 3882 commendat

2057 3940 2118 3978 ac
2141 3921 2304 3976 tradit
2333 3921 2435 3992 (l).

443 4226 984 4304 (υ-Τηρρῑιιιιιίιιηι
1022 4240 1074 4284 ct
1108 4230 1250 4288 hanc
1295 4233 1470 4304 ipsius
1502 4233 1808 4290 orationem
1843 4247 1940 4290 seu
1979 4231 2267 4302 epistulam
2305 4227 2714 4286 commendavit
2781 4229 3059 4287 Ludovico
3093 4229 3393 4301 Scarampo
3455 4227 3639 4286 cardi-

366 4299 476 4355 nali
509 4299 830 4356 Francistus
865 4304 1132 4358 liatbautts
1176 4299 1526 4383 anno_1455.
