4098 6404
409 414 511 475 ΒθἸ

1253 404 1625 469 EPISTULA
1664 401 1767 463 AD
1813 395 2173 461 IOANNEM
2216 389 2657 456 PALEOLOG.
2706 385 2864 447 1MP.

3559 367 3687 431 ’898

407 521 698 593 κρείττους
735 519 939 590 ἀρετὴν
972 518 1219 583 ἐκείνων,
1255 519 1348 570 καὶ
1378 517 1478 586 τὴν
1510 515 1652 568 κατὰ
1679 512 1814 565 Θεὸν
1838 510 1991 564 πολι·
2021 519 2041 574 Α

2129 507 2258 574 icit;
2286 521 2394 560 non
2424 503 2516 558 illa
2543 515 2675 557 sane
2707 508 2856 552 tota:
2882 491 3088 548 etenim
3118 487 3214 560 qui
3248 485 3449 540 virtute
3471 493 3526 554 et
3559 497 3688 536 san-

404 616 579 680 τείαν,
611 614 853 666 συνεῖδον
884 612 987 683 ήδη
1020 611 1089 664 τὰ
1130 610 1349 679 βελτίω·
1379 610 1430 661 oi
1454 608 1511 660 δὲ
1542 604 1902 677 πονηρότεροι
1932 602 1992 654 ού

411 706 618 775 μᾶλλον
644 704 992 777 φροντίζουσι
1023 704 1122 772 τῆς
1176 701 1286 755 τῶν
1327 698 1676 768 Ἐκκλησιῶν
1721 695 1994 756 ἑνώσεως,

409 799 667 870 Γραικῶν
728 797 876 864 λέγω
931 799 1026 850 καὶ
1096 794 1338 857 Ἰταλῶν,
1386 791 1418 861 ἥ
1471 789 1566 843 τοῦ
1608 788 1848 857 διασπᾷν
1898 784 2000 854 τὴν

422 891 655 944 Ἰταλίαν
673 887 880 956 ταύτην
912 888 1005 940 καὶ
1035 887 1114 947 εἰς
1149 883 1321 936 πολλὰ
1340 881 1702 950 κατατέμνειν
1723 878 1770 930 οἱ
1798 874 1998 937 ἄθλιοι,

413 980 472 1038 οὗ
508 983 672 1054 χάριν
707 983 802 1034 καὶ
834 998 903 1049 τρ
929 981 1086 1050 ἠρεις
1140 977 1362 1044 λέγεται
1417 973 1842 1044 παρασκευάσαι
1900 969 2001 1023 αύ-

411 1075 536 1139 τοὺς
568 1077 626 1128 ἐν
668 1073 889 1127 Ἀδιῶνι
924 1068 1010 1134 αἶς
1047 1070 1109 1122 σὲ
1165 1071 1258 1122 καὶ
1291 1070 1390 1138 τὴν
1435 1069 1572 1137 μετὰ
1630 1065 1726 1118 σοῦ
1784 1062 2002 1117 σύνοδον

418 1168 527 1232 ἔξω
555 1166 668 1219 τῶν
721 1163 1064 1235 Ἡρακλείων
1103 1163 1318 1231 στηλῶν
1369 1164 1463 1213 καὶ
1530 1160 1676 1230 πέρα
1731 1157 2004 1227 Γαδείρων

419 1259 701 1325 ἑξάξουσι.
751 1257 923 1312 Τοῦτο
969 1257 1026 1308 δὲ
1052 1255 1278 1324 ἀληθὲς,
1335 1253 1529 1323 ὥσπερ
1565 1252 1778 1323 ᾅδεται,
1811 1250 1894 1302 ὅτι
1943 1248 2005 1300 ού

418 1355 554 1423 πρὸς
583 1353 806 1418 ἕνωσιν,
841 1350 980 1404 ἀλλὰ
1017 1351 1284 1420 σύγχυσιν
1309 1349 1412 1418 ὁρᾷ
1456 1343 1818 1413 Ἐκκλητιῶν,
1844 1343 2007 1394 παντί

423 1462 524 1497 που
557 1444 721 1512 δῆλον
746 1443 826 1512 τῷ
848 1440 974 1494 νοῦν
993 1440 1192 1510 ἔχοντι.
1230 1439 1420 1494 oram
1447 1437 1557 1508 γὰρ
1584 1435 1762 1497 καλῶς
1805 1433 1882 1496 ὡς
1907 1435 2008 1502 οὐχ

419 1533 530 1589 οἷόν
571 1552 630 1587 τε
674 1533 905 1604 βασιλέα
939 1531 1234 1602 Ῥωμαίων
1270 1530 1412 1600 μετὰ
1452 1527 1710 1583 τοσούτου
1764 1521 2010 1593 πλήθους

423 1629 598 1695 ἁγίων
625 1626 890 1694 Πατέρων
918 1625 1072 1678 πλεῖν
1098 1625 1177 1686 εἰς
1208 1623 1276 1676 τὰ
1299 1622 1508 1692 ἔσχατα
1529 1619 1630 1691 τῆς
1655 1618 2006 1688 οἰκουμένης.

420 1715 569 1789 ’Δρα
597 1719 690 1772 οῦν
712 1721 792 1781 είς
824 1719 886 1771 τὸ
924 1719 1125 1771 ἑνῶσαι
1156 1716 1255 1777 τὰς
1299 1714 1634 1784 Ἐκκλησίας
1677 1729 1738 1764 σε
1796 1726 2009 1781 προκα-

423 1810 680 1875 λοῦνται;
720 1810 906 1864 Καὶτί
930 1809 1058 1872 τοὺς
1093 1811 1172 1871 εἰς
1215 1807 1310 1870 οὒς
1345 1806 1528 1877 ῥᾴδιον
1582 1802 1760 1856 ἐλθεῖν
1807 1803 2010 1862 τόπους

423 1904 679 1974 ἀῳέντες,
709 1904 803 1956 τὸν
837 1903 917 1966 είς
961 1901 1022 1955 ὃν
1073 1900 1260 1971 σχεδὸν
1299 1900 1565 1954 ἀδύνατον
1622 1895 2010 1966 προτίθενται;

435 1997 598 2050 ’Δλλὰ
631 1996 854 2058 πάντως
898 1994 998 2064 τὴν
1033 1992 1143 2044 τῶν
1201 1990 1545 2060 Ἐκκλησιῶν
1601 1989 1825 2059 εἰρήνην
1875 1987 2012 2039 ἀπο-

424 2087 711 2158 δόχονταις
744 2087 855 2140 Καὶ
887 2085 937 2138 τί
973 2085 1172 2156 ῥᾴστου
1206 2084 1360 2146 ὄντος
1395 2081 1628 2144 ἐκείνοις
1662 2084 1741 2142 είς
1778 2078 2014 2132 Ἰταλίαν

426 2180 625 2244 ἐλθεῖν,
647 2179 783 2231 ὅπου
821 2177 916 2230 καὶ
946 2177 973 2228 ὀ
995 2178 1162 2244 ἄκρος
1188 2173 1482 2243 ἀρχιερεὺς
1506 2173 1600 2224 καὶ
1629 2171 1662 2241 ἡ
1697 2169 1814 2240 μετ’
1845 2165 2014 2220 αὐτοῦ

431 2271 675 2337 σύνοδος,
721 2270 846 2323 ὅποι
877 2270 975 2322 καὶ
1006 2267 1070 2320 τὸ
1128 2268 1223 2319 σὸν
1280 2265 1486 2337 κράτος
1541 2263 1698 2336 ῥᾷσθ’
1749 2262 1868 2331 ἅμα
1918 2262 2018 2313 κα)⁸

428 2364 664 2433 τάχιστα
696 2361 1134 2431 καταχθήσεται.
1163 2357 1312 2412 τοῦτ’
1334 2357 1565 2426 ἀφέντε;
1596 2357 1703 2408 τῶν
1737 2353 2016 2407 δυσκόλων

437 2455 539 2523 μὲν
571 2453 754 2520 σφίσιν
787 2451 992 2514 αὐτοῖς,
1023 2448 1305 2510 ἀδυνάτων
1333 2447 1415 2500 -δὲ
1447 2448 1524 2514 τῷ
1552 2445 1706 2515 ἄκρῳ
1767 2445 2018 2514 ἀρχιερεῖ

435 2545 532 2600 καὶ
559 2543 636 2612 τῷ
671 2544 752 2613 σῷ
805 2544 1000 2613 κράτει
1032 2541 1279 2610 ἐφίενται
1305 2557 1319 2605 ;
1405 2537 1550 2590 Ἀλλ’
1571 2537 1646 2599 ὼς
1705 2535 1886 2588 ἔοικεν
1916 2537 2018 2588 οὐκ

431 2637 726 2706 ἀγνοοῦσιν
805 2635 888 2690 δτι
922 2651 1016 2689 σου
1071 2635 1152 2697 είς
1218 2632 1454 2687 Ἰταλίαν
1506 2629 1862 2693 πλεύσαντος,
1923 2628 2019 2681 καὶ

431 2732 534 2790 τὰς
579 2727 912 2797 Ἐκκληοίας
956 2725 1284 2791 ἑνώσαντος,
1314 2726 1456 2794 ὅπερ
1485 2722 1592 2791 ἄρα
1621 2721 1699 2791 τῷ
1729 2737 2020 2792 μακαριωτ-

428 2823 580 2892 τὰτῳ
612 2820 857 2890 Εὐγενίῳ
909 2818 1118 2887 πάππα
1174 2817 1272 2871 καὶ
1298 2819 1366 2886 τῇ
1409 2817 1477 2886 σῇ
1524 2814 1766 2884 Θειότητι
1821 2813 2021 2869 ἐναπό-

434 2930 640 2978 κειται,
676 2913 751 2975 ὡς
800 2911 1034 2982 οὐδεμία
1069 2911 1153 2963 ἔτι
1199 2907 1420 2980 μηχανὴ
1444 2907 1602 2960 ἔσται
1627 2905 1722 2958 τοῦ
1769 2905 1840 2958 τὰ
1879 2904 2020 2958 Ῥώ-

438 3025 546 3078 μης
573 3008 822 3078 πρωτεῖα
852 3007 932 3068 εἰς
964 3004 1280 3074 μαρτυρίαν
1300 3000 1537 3061 Γαλλίας
1573 3000 1714 3052 κινεῖ
1740 3020 1767 3066 λ,
1805 2997 1902 3051 καὶ
1926 3013 2021 3067 με·-

439 3100 632 3170 θιστᾷν
652 3100 782 3170 ὅρια
806 3098 877 3151 τὰ
897 3097 1002 3168 ήδη
1033 3096 1133 3166 μὲν
1181 3095 1288 3148 ὖπδ
1315 3093 1426 3147 τῶν
1454 3091 1720 3161 Πατάρων
1747 3092 2016 3158 παγέντα,

442 3193 740 3248 σαλεύοντα
791 3191 849 3244 δὲ
880 3193 1032 3261 ὅμως
1069 3190 1138 3258 τῇ
1168 3203 1228 3240 τε
1257 3186 1354 3239 τοῦ
1408 3184 1682 3247 κλύδωνος
1717 3181 1891 3253 ῥύμη.
1929 3184 2023 3235 καὶ
2053 3220 2098 3280 c

439 3287 522 3358 τῷ
551 3287 762 3342 παλαιὰ
787 3281 933 3340 εἶναι
981 3283 1080 3337 καὶ
1116 3278 1380 3336 δοκοῦντα
1415 3275 1682 3341 ὑπείξειν.
1715 3277 1942 3345 Ἔχουσι
1968 3275 2027 3330 δὲ

441 3380 698 3436 τοσοῦτον
725 3377 822 3433 τοῦ
861 3376 1200 3447 καθήκοντος
1224 3372 1508 3442 λογισμὸν,
1546 3371 1624 3433 ὡς
1675 3370 1844 3440 μηδὲν
1875 3384 2031 3424 συνο-

447 3478 552 3544 ρᾷν
575 3472 844 3526 δύνασθαι
873 3471 985 3523 τῶν
1018 3469 1273 3530 δεόντων,
1305 3465 1424 3520 ἀλλ’
1455 3465 1667 3519 οίεσθαι
1697 3465 2032 3534 ἧκατακρα-

445 3569 614 3639 στῆσαι
639 3565 744 3636 τῆς
784 3564 886 3634 σῆς
913 3561 1113 3632 σοφίας
1146 3559 1240 3615 καὶ
1299 3556 1742 3627 κατακυριεύσαι
1787 3555 1889 3623 τῆς
1927 3556 2030 3623 σξις

454 3660 648 3732 βουλῆς
674 3660 770 3712 καὶ
796 3655 1030 3720 ἀπάξειν
1045 3653 1275 3725 βασιλέα
1293 3651 1595 3722 Ῥωμαίων
1617 3649 1697 3712 είς
1723 3650 1794 3701 τὰ
1822 3651 2030 3716 ἔσχατα

464 3750 742 3816 Ὠκεανοῦ,
785 3748 1007 3821 μακρὰν
1027 3747 1128 3817 τῆς
1163 3745 1300 3808 ἰδίας
1330 3743 1565 3807 πόλεως,
1597 3743 1630 3813 ἢ
1663 3739 1908 3795 κωλῦσαί
1936 3756 2030 3792 σου

445 3848 538 3899 τὸν
577 3846 658 3906 είς
694 3842 928 3895 Ἰταλίαν
955 3839 1147 3893 πλοῦν.
1177 3838 1459 3908 Ἐκαῖέρῳ
1487 3835 1594 3905 γὰρ
1625 3833 1830 3896 τούτων
1864 3849 2034 3884 κατα⁶

446 3941 671 4009 τέμνειν
719 3937 905 3996 αὐτοῖς
963 3933 1164 3998 ἐξεῖναι
1222 3931 1320 3999 τὴν
1366 3928 1701 3998 Ἐκκλησίαν
1755 3928 1925 3990 δοκεῖ,
1963 3927 2034 3995 ἢν

450 4034 553 4104 ἤδη
578 4029 1008 4100 κατεσπάραξαν
1032 4027 1098 4081 ἂν
1149 4023 1490 4095 δυνηθέντες,
1515 4022 1845 4091 δυνήσονται
1873 4021 1928 4072 δὲ
1957 4021 2034 4088 μὴ

452 4125 788 4187 πλεύσαντος
817 4139 913 4175 σου
951 4122 1029 4183 είς
1090 4119 1346 4173 Ἰταλίαν·
1403 4119 1513 4170 εἴτε
1539 4115 1650 4186 γὰρ
1711 4115 1888 4168 ἐκεῖσέ
1937 4131 2032 4164 σου

456 4221 744 4278 νεύσαντος
768 4214 1119 4281 ὲξασθενήτει
1139 4211 1208 4262 τὰ
1235 4209 1328 4262 τοῦ
1357 4206 1784 4280 μακαριωτάτου
1809 4205 2034 4267 πάππα,

455 4314 566 4365 εἴτε
614 4307 953 4370 κωλυθέντος
1006 4305 1282 4374 πρόρασιν
1333 4301 1610 4372 εὑρόντες,
1671 4299 1880 4369 σχίζειν
1927 4299 2039 4350 δια-

457 4401 728 4455 νοοῦνται.
765 4398 923 4452 Οὕτω
965 4395 1132 4466 τριῶν
1189 4391 1570 4463 προκειμένων
1626 4391 1708 4452 είς
1744 4387 1972 4442 Γαλλίαν
2004 4387 2036 4453 ἢ

461 4498 540 4559 είς
581 4495 815 4547 Ἰταλίαν
863 4507 922 4543 σε
957 4491 1134 4553 πλεῖν,
1173 4489 1205 4558 ἢ
1243 4487 1369 4556 μήτ’
1394 4488 1594 4546 ἐκεῖσε,
1652 4484 1794 4552 μήτε
1852 4483 2037 4549 δεῦρο,

2100 599 2297 653 etioris
2330 595 2454 649 vitze
2489 591 2797 646 rationibus
2832 587 2976 639 inter
3005 596 3104 637 eos
3149 578 3487 634 antecedunt
3533 588 3687 627 men-

2100 702 2207 746 tem
2247 688 2533 743 meliorem
2565 683 2887 744 induerunt,
2922 671 3164 747 perversi
3202 678 3387 725 autem
3425 683 3534 722 non
3571 682 3686 718 ma-

2101 781 2182 850 gis
2213 779 2281 832 de
2310 777 2498 832 Graaca
2538 770 2782 827 Ecclesia
2817 784 2942 821 cum
2978 765 3164 818 Latina
3215 757 3531 814 concordiae
3573 758 3690 810 vin-

2102 847 2243 924 culis
2269 865 2645 932 astringenda,
2677 875 2840 931 quam
2871 857 2940 911 de
2969 855 3162 910 Latina
3197 854 3299 906 liae
3328 847 3688 903 distrahendo

2106 960 2420 1027 multasque
2498 955 2552 1010 in
2609 963 2794 1024 partes
2844 945 3207 1003 discindcnda
3264 952 3394 997 sunt
3445 939 3688 994 sollcitt.
3731 963 3734 966 ~

2104 1051 2276 1120 (iujus
2323 1049 2402 1102 rei
2449 1047 2624 1116 gratia
2663 1043 2919 1100 triremes
2948 1041 3114 1093 etiam
3149 1033 3431 1090 Avenione
3461 1046 3687 1100 compa-

2109 1156 2259 1197 rasse
2299 1141 2583 1199 dicuntur.
2624 1151 2747 1206 qua:
2781 1145 2834 1188 te
2875 1146 3001 1186 cmn
3040 1127 3251 1200 synodo
3290 1132 3381 1179 tua
3428 1124 3568 1178 ultra
3600 1137 3692 1174 co-

2110 1236 2328 1290 lumnas
2363 1229 2620 1286 llereulis
2653 1238 2706 1282 et
2754 1225 2956 1281 Gadira
2988 1223 3304 1290 deportent.
3343 1218 3459 1271 Hoc
3498 1229 3693 1269 verum

2108 1338 2216 1394 est,
2259 1336 2319 1380 ut
2347 1324 2489 1378 fama
2521 1322 2694 1386 canit,
2741 1331 2796 1375 et
2827 1319 2970 1372 istuc
3015 1331 3122 1370 non
3152 1312 3218 1367 ad
3252 1308 3698 1371 consensionem,

2109 1424 2203 1475 sed
2239 1417 2624 1474 confusionem
2653 1414 2839 1484 potius
2869 1407 3241 1466 Ecclesiarum
3275 1411 3549 1475 spectare,
3577 1414 3700 1470 qut-

2111 1510 2249 1564 libet
2305 1507 2568 1562 cordatus
2628 1502 2904 1573 intelligit.
2962 1499 3140 1556 Probe
3195 1500 3344 1552 enim
3400 1498 3696 1551 noverunt,

2115 1605 2490 1658 Romanorum
2547 1599 2936 1668 imperatorem
2992 1609 3117 1648 cum
3174 1600 3324 1646 tanta
3371 1591 3723 1643 sanctorum'

2115 1694 2334 1748 Patrum
2367 1690 2722 1744 multitudine
2738 1686 2805 1740 ad
2828 1694 3106 1741 extremos
3137 1694 3412 1736 terrarum
3440 1678 3575 1732 ﬁnes
3601 1693 3694 1730 na-

2114 1787 2302 1857 vigare
2343 1798 2453 1839 non
2489 1797 2671 1852 posse.
2713 1781 2792 1834 Ad
2823 1780 3084 1832 unionem
3121 1774 3290 1846 igitur
3322 1772 3699 1827 Ecciesiarum

2051 1863 2088 1917 θ
2121 1888 2174 1933 te
2205 1876 2476 1932 incitant?
2523 1873 2579 1929 Si
2622 1876 2696 1930 ita
2725 1882 2833 1936 est,
2883 1886 2983 1925 cur
3033 1869 3187 1934 locis,
3245 1868 3299 1920 in
3349 1880 3490 1936 quos
3523 1863 3702 1916 facilis

2117 1980 2202 2026 est
2230 1970 2409 2025 aditus
2431 1968 2664 2034 relictis,
2687 1981 2813 2022 eum
2837 1973 3153 2036 proponunt
3180 1963 3233 2016 in
3259 1975 3418 2029 quem
3440 1957 3705 2013 devenire

2120 2064 2518 2133 propemodum
2577 2071 2663 2116 est
2737 2057 3124 2130 impOSsibile?
3178 2056 3360 2125 Quid?
3413 2069 3538 2110 cum
3593 2053 3706 2106 illis

2120 2157 2441 2210 facillimum
2492 2155 2564 2210 sit
2612 2156 2666 2208 in
2720 2153 2928 2208 Italiam
2959 2151 3264 2206 ascendere
3301 2151 3390 2204 ubi
3431 2160 3518 2205 est
3550 2163 3705 2202 sum-

2120 2261 2242 2300 mus
2276 2245 2552 2312 pontifex,
2585 2253 2641 2298 et
2671 2259 2792 2298 cum
2828 2259 2892 2297 eo
2923 2243 3190 2313 synodus,
3214 2256 3326 2312 quo
3356 2249 3413 2296 et
3449 2244 3707 2312 majestas

2125 2349 2218 2394 tua
2252 2338 2515 2393 facillime
2557 2337 2715 2409 juxta
2743 2351 2806 2391 ac
2844 2337 3137 2390 celerrime
3167 2335 3498 2404 appelletur,
3531 2348 3704 2400 quare

2122 2447 2183 2485 ea
2217 2431 2495 2501 praeterita
2530 2446 2654 2485 cum
2700 2429 2947 2498 sibiipsis
2981 2427 3319 2490 difﬁciliora,
3357 2435 3473 2480 tum
3525 2425 3709 2495 ponti-

2125 2523 2211 2578 fici
2245 2525 2486 2576 maximo
2544 2533 2602 2577 et
2641 2523 2902 2592 potentiae
2943 2531 3049 2575 tua:
3089 2519 3452 2591 impossibilia
3497 2534 3710 2575 concu-

2122 2613 2386 2684 piscunt?
2419 2613 2618 2667 Verum
2648 2613 2934 2668 enimvero
2959 2653 2974 2677 ,
3030 2622 3089 2667 ut
3135 2624 3404 2683 apparet,
3445 2629 3555 2668 non
3612 2629 3708 2669 eos

2121 2707 2281 2777 fugit,
2308 2716 2666 2776 posteaquam
2721 2705 2774 2759 in
2823 2705 3034 2760 Italiam
3081 2708 3364 2775 proiectus
3388 2745 3404 2772 ,
3432 2707 3713 2763 Ecclesias

2125 2797 2435 2868 pacificaris
2463 2797 2633 2868 (quod
2670 2797 2862 2867 utique
2895 2796 2949 2851 in
2987 2797 3313 2852 beatissimo
3345 2813 3486 2871 papa
3525 2799 3703 2869 Euge-

2125 2893 2220 2948 nio
2241 2903 2296 2948 et
2327 2892 2384 2947 in
2409 2893 2694 2962 majestate
2715 2899 2805 2944 tua
2833 2891 2999 2946 situm
3031 2894 3158 2956 est),
3187 2907 3292 2944 non
3325 2892 3566 2963 amplius
3593 2893 3712 2947 fore

2128 2987 2292 3040 ullam
2327 2987 2660 3050 machinam,
2691 2987 2985 3055 primatum
3024 2984 3209 3039 Ruina:
3246 2985 3300 3039 in
3329 2984 3562 3041 Galliam
3599 3002 3715 3041 mo-

2132 3079 2322 3146 vendi,
2352 3088 2408 3134 et
2437 3079 2807 3136 transferendi
2839 3081 3106 3134 terminos
3131 3097 3270 3151 quos
3300 3080 3487 3136 Patres
3516 3096 3716 3151 posue-

2130 3184 2281 3240 runt,
2345 3189 2661 3244 quanquam
2717 3174 2993 3229 undarum
3056 3175 3216 3229 aliisu
3277 3175 3600 3231 vacillantes
3658 3185 3716 3231 et

2133 3278 2379 3324 vetustos
2406 3267 2566 3333 adeo,
2612 3278 2670 3322 ut
2718 3267 2917 3322 cedere
2951 3267 3263 3322 videantur.
3300 3268 3488 3340 Usque
3520 3286 3588 3325 eo
3617 3286 3717 3325 au-

2136 3370 2243 3416 tem
2284 3361 2353 3415 de
2388 3370 2538 3415 recto
2571 3376 2679 3415 non
2728 3362 2995 3430 cogitant,
3045 3369 3104 3416 ut
3147 3377 3340 3416 eorum
3392 3379 3516 3433 qum
3557 3380 3720 3434 expe-

2134 3455 2295 3508 diunt
2339 3468 2404 3509 ac
2436 3455 2659 3519 decent,
2695 3453 2836 3515 nihil
2871 3453 3204 3524 intelligant,
3239 3455 3333 3508 sed
3376 3456 3718 3512 arbitrentur

2136 3556 2229 3598 aut
2251 3546 2579 3615 sapientiam
2606 3555 2754 3599 tuam
2777 3560 2837 3601 se
2859 3560 3022 3615 posse
3050 3547 3270 3602 vincere
3297 3549 3599 3603 etconsiiio
3625 3559 3719 3602 tuo

2135 3639 2405 3694 dominari
2427 3639 2916 3708 Romanorumque
2945 3640 3335 3709 imperatorem
3358 3641 3516 3711 longe
3537 3656 3566 3694 a
3590 3643 3721 3695 sedo

2136 3747 2237 3789 sua
2273 3732 2339 3787 ad
2372 3741 2652 3789 extremos
2685 3732 2890 3787 Oceani
2927 3733 3062 3787 fines
3095 3733 3394 3798 abducere,
3431 3745 3528 3790 aut
3569 3748 3718 3791 tuam

2141 3833 2194 3880 in
2246 3826 2456 3880 Italiam
2499 3824 2908 3895 navigationem
2970 3825 3278 3895 impedire;
3336 3829 3546 3883 utrovis
3570 3832 3719 3885 enim

2138 3923 2338 3975 borum
2386 3917 2687 3973 Ecclesiam
2737 3933 2796 3972 se
2842 3918 3162 3972 divulsuros
3198 3919 3517 3988 Opinantur,
3554 3939 3718 3990 quam

2139 4012 2444 4080 siquirent,
2472 4009 2581 4076 jam
2603 4007 3066 4078 discerpsissent;
3093 4011 3332 4077 quibunt
3357 4021 3565 4075 autem,
3584 4013 3627 4066 si
3664 4025 3721 4067 tu

2142 4106 2194 4157 in
2233 4102 2438 4156 italiam
2495 4101 2746 4170 trajicere
2802 4099 3069 4155 nolueris.
3125 4099 3252 4156 Sive
3291 4102 3439 4156 enim
3492 4112 3545 4157 te
3593 4105 3724 4158 illue

2144 4197 2470 4256 inclinante,
2509 4192 2814 4248 beatissimi
2864 4207 3017 4262 papae
3067 4209 3154 4248 res
3191 4194 3464 4259 frixerint;
3508 4197 3625 4251 sive
3657 4201 3725 4250 ab

2143 4291 2342 4346 itinere
2367 4287 2656 4358 impedito,
2685 4287 3158 4355 opportunitatem
3188 4285 3394 4357 adepti,
3423 4287 3724 4344 Ecclesiam
3791 4289 3796 4293 ’

2145 4383 2396 4438 scindere
2431 4380 2793 4436 meditantur.
2845 4380 2924 4434 lta
2975 4381 3156 4436 tribus
3188 4384 3488 4451 propositis
3535 4396 3630 4437 aut
3671 4386 3723 4437 iu

2145 4475 2374 4528 Galliam
2424 4481 2520 4526 aut
2564 4476 2617 4525 in
2664 4471 2877 4526 Italiam
2931 4473 3215 4542 navigare,
3253 4484 3348 4527 aut
3387 4489 3566 4544 neque
3621 4478 3730 4529 huc

458 4589 598 4658 πλὴν
621 4586 717 4638 τοῦ
750 4588 830 4644 εἰς
874 4583 1112 4636 Ἰταλίαν
1145 4597 1206 4633 σε
1249 4581 1429 4641 πλεῖν,
1488 4580 1556 4630 τὰ
1584 4577 1754 4630 λοιπὰ
1801 4575 1914 4628 δύω
1964 4575 2041 4626 διο

2151 4580 2328 4634 neque
2361 4563 2510 4630 illuc,
2545 4564 2589 4617 si
2628 4563 2684 4617 in
2721 4562 2932 4617 Italiam
2964 4578 3074 4616 non
3105 4563 3350 4632 naviges,
3386 4565 3595 4632 reliqua
3623 4567 3730 4618 duo

462 4681 629 4734 πλοῦν
667 4678 786 4732 ἀνθ’
824 4675 998 4731 ἁπλοῦ
1031 4670 1388 4744 παρεισάγει,
1418 4669 1521 4739 φεῦ
1545 4670 1559 4722 ί
1587 4669 1653 4722 τὸ
1679 4669 1790 4722 τῶν
1817 4667 2051 4736 Ἐκκληο

460 4773 590 4826 σιῶν
621 4771 846 4842 σχίσμα·
877 4769 998 4821 οὐδὲ
1033 4769 1139 4835 γὰρ
1159 4764 1382 4817 δυνατὸν
1408 4757 1496 4832 ibi)
1521 4762 1620 4830 τῆς
1661 4759 1881 4829 Ῥώμης
1910 4775 2045 4824 συγ-

460 4867 759 4937 χυθήσεται
795 4857 1306 4930 Ἐκκλησία,τούτῳ
1331 4855 1428 4926 τὴν
1464 4853 1572 4907 τῶν
1609 4854 1864 4921 Γραικῶν
1924 4851 2045 4920 μετ’

462 4958 634 5026 αὐτῆς
687 4953 968 5006 ἵστασθαι.
1005 4944 1142 5002 Εῐτα
1173 4947 1257 5010 τίς
1286 4947 1350 4999 τὸ
1405 4943 1641 4996 ὓπουλον
1699 4944 1902 5006 aeaut,
1953 4945 2048 4995 καὶ

465 5049 650 5102 σκαιὸν
677 5049 776 5099 καὶ⁹
821 5043 1027 5114 ὕφαλον
1063 5038 1396 5109 προτιμήσει
1442 5035 1542 5104 τῆς
1586 5035 1852 5101 Ἰταλία;;
1915 5032 2049 5087 Εἶτα

466 5146 549 5204 τίς
575 5142 673 5209 τῆς
715 5137 936 5206 Ῥώμης
1001 5133 1303 5201 Ἐκκλησία
1365 5129 1484 5190 ἐξὸν
1544 5127 1841 5196 ἑνωθῆναι,
1899 5128 2048 5178 τοῦτ’

465 5237 622 5304 ἀφεὶς
648 5235 715 5302 τῇ
758 5230 1010 5290 Ἀὅιῶνος
1034 5227 1068 5296 ἢ
1101 5224 1424 5293 Ναρδῶνος,
1460 5223 1494 5292 ἢ
1524 5221 1623 5273 οὐκ
1647 5215 1765 5272 οἶδα
1799 5219 1852 5270 τί
1887 5219 2047 5282 λέξω,

467 5325 730 5395 ἑνωθῆναι
766 5320 1103 5381 σπουδάσεις
1138 5316 1232 5369 καὶ
1274 5315 1334 5367 οὐ
1361 5315 1505 5385 λάϐῃ
1552 5316 1695 5366 κατὰ
1717 5311 1862 5377 νοῦν,
1893 5311 1941 5362 εἰ
1976 5311 2050 5380 μὴ

465 5417 536 5474 τά
564 5417 770 5471 παλαιὰ
805 5416 989 5465 ἐκεῖνα
1015 5405 1094 5472 οἷς
1115 5409 1165 5460 οἱ
1199 5407 1392 5460 Γάλλοι
1421 5405 1674 5474 εὑρόντες
1719 5403 1818 5470 τῆς
1870 5402 2052 5454 αὐτῶν

471 5510 698 5579 γνώμης
753 5507 973 5574 Ῥώμης
1035 5502 1336 5572 ἀρχιερεῖς,
1403 5499 1687 5568 βασιλείαν
1751 5497 2054 5551 διέσπασαν

474 5606 568 5655 καὶ⁹
615 5606 714 5662 τὰς
778 5595 1107 5662 Ἐκκλησίας
1174 5590 1589 5654 συνεξὲσπασαν
1644 5587 2057 5654 (συνακολουθέῖ

471 5697 580 5765 γὰρ
604 5693 778 5746 ταῦτα
807 5686 1116 5756 ἀλλήλοις),
1168 5685 1216 5735 εἰ
1256 5683 1332 5751 μὴ
1361 5681 1537 5734 ταῦτα
1564 5679 1708 5750 λάϐῃ
1732 5679 1874 5730 κατά
1907 5678 2052 5740 νοῦν,

471 5787 609 5840 ἀι.λά
637 5800 702 5851 γε
724 5781 797 5834 τὰ
822 5781 916 5831 νέα
937 5779 1004 5830 τὰ
1032 5778 1090 5827 ὲν
1123 5775 1449 5843 Λουγδούνῳ
1475 5775 1555 5835 είς
1584 5772 1646 5824 τὸ
1681 5771 1851 5842 μηδὲν
1914 5788 2054 5840 προ-

471 5877 799 5947 χωρήσαντα
819 5887 835 5931 ς
857 5869 989 5920 Οὐδὲ
1017 5868 1124 5937 γὰρ
1141 5861 1296 5933 οἶμαι
1323 5865 1686 5933 συναρμόζειν
1712 5861 2055 5930 ἐπιτηδείους

832 5967 1105 6026 ΡΑτιιοι.
1139 5961 1252 6020 Gn.
1307 5959 1518 6022 CLXI.

2148 4658 2425 4724 geminum
2460 4655 2703 4711 schisma
2741 4669 2838 4724 pro
2865 4654 3128 4723 simplici,
3159 4655 3263 4709 heu
3301 4660 3422 4710 me!
3459 4657 3510 4709 in
3544 4657 3732 4712 Eccle-

2149 4751 2286 4804 siam
2319 4749 2718 4819 itnportabunl.
2751 4749 2886 4803 Nam
2915 4765 3024 4819 quo
3055 4749 3300 4804 Romana
3327 4751 3571 4807 Ecclesia
3603 4770 3737 4808 con-

2154 4843 2416 4898 fundetur
2447 4859 2510 4898 ac
2557 4843 3006 4913 permiscebitur,
3060 4844 3162 4897 hoc
3197 4846 3514 4900 Graecorum
3549 4849 3736 4902 Eccle-

2151 4935 2234 4988 sia
2279 4951 2402 4988 cum
2463 4936 2580 5003 ipsa
2629 4944 2776 4990 stare
2824 4935 2916 5004 qni
2969 4933 3214 5004 poterit?
3265 4935 3556 5000 Praeterea,
3609 4955 3733 4992 cum

2152 5027 2312 5080 liceat
2342 5027 2606 5082 Ecclesiae
2656 5027 2917 5081 Romana:
2957 5028 3127 5090 nniri,
3164 5029 3286 5096 quis
3334 5029 3438 5082 hor.
3482 5030 3734 5099 neglecto

2154 5131 2249 5175 aut
2269 5121 2772 5184 Avenionensi,aut
2800 5121 3166 5186 Narbonensi,
3193 5134 3288 5175 aut
3319 5123 3506 5176 nescio
3534 5126 3622 5177 cui
3643 5124 3741 5178 de-

2155 5230 2305 5266 mum
2340 5214 2498 5266 alteri
2538 5212 2684 5267 uniri
2715 5215 3004 5267 studebit?
3037 5225 3092 5266 ut
3126 5230 3233 5266 non
3270 5229 3458 5268 secum
3498 5225 3736 5285 reputet,

2154 5307 2202 5360 si
2249 5305 2435 5358 minus
2480 5308 2660 5374 prisca
2710 5306 2801 5359 illa
2853 5307 3074 5374 quando
3112 5306 3250 5359 Galli
3284 5322 3408 5360 cum
3461 5306 3739 5362 Romanos

2156 5400 2446 5468 pontifices
2502 5413 2693 5453 secum
2741 5403 3121 5468 conspirantes
3170 5399 3459 5465 baberent,
3511 5417 3739 5470 regnum

2156 5493 2560 5555 distraxerunt,
2613 5506 2668 5546 et
2705 5492 2982 5546 licclesias
3027 5494 3404 5548 dilacerarunt
3445 5500 3588 5565 (qua:
3631 5497 3744 5548 duo

2157 5599 2215 5639 se
2247 5595 2441 5639 mutuo
2473 5590 2832 5654 sequuntur),
2854 5586 2898 5638 si
2936 5587 3050 5639 lizec
3087 5602 3195 5638 nun
3225 5595 3462 5655 reputet,
3496 5591 3743 5656 inquam,

2159 5686 2214 5730 at
2253 5678 2444 5731 saltem
2480 5678 2743 5741 recentia,
2774 5694 2896 5747 quae
2949 5679 3201 5748 Lugduni
3249 5687 3452 5734 tentata
3490 5681 3556 5732 ad
3596 5680 3742 5733 niln-

2160 5769 2273 5822 lum
2320 5771 2653 5824 reciderant.
2706 5768 2860 5823 llaud
2928 5786 3076 5824 enim
3129 5770 3360 5827 idoneos
3404 5785 3526 5826 esse
3553 5773 3740 5843 judico

2161 5865 2231 5918 ad
2265 5862 2530 5918 distantia
2566 5864 2873 5935 coaptanda
2906 5874 2961 5919 et
2993 5864 3326 5935 Copulanda,
3351 5865 3446 5933 qui
3486 5865 3743 5936 copulata

3365 5956 3445 6018 29
