4098 6402
474 418 578 481 ξθθ

1667 411 1921 470 GEORG
1943 411 1995 467 ιι
2043 407 2190 468 ΤΒΛ
2204 407 2558 469 ΓΕῘΕΝῚἮ

3632 404 3732 470 900

473 547 690 601 semper
727 531 950 585 turbant
991 542 1046 582 et
1088 529 1233 582 salva
1267 527 1611 593 dirumpunt,
1662 535 1714 578 ct
1763 523 2059 579 incolumia

2170 520 2301 575 εἶναι
2327 525 2394 574 τὰ
2433 523 2750 590 διεστηκὼ]
2781 521 2934 574 ἐμῶν
2974 522 3065 573 τοδί
3139 520 3224 572 ἀεὶ
3254 519 3322 572 τὰ
3355 520 3468 588 ήκω
3493 519 3611 570 ιέ-ιι
3644 529 3735 572 τα⁶

473 635 740 692 quantum
771 631 999 691 possunt
1033 621 1321 678 dilaniant.
1356 631 1412 673 et
1447 619 1550 672 hoc
1598 630 1844 687 tempore
1880 618 1932 670 in
1972 616 2057 669 his

476 715 610 784 ipsis
639 713 947 766 elaborant.
988 711 1095 765 Sed
1123 709 1348 779 antiqua
1377 725 1407 762 e
1441 710 1704 763 memoria
1732 708 2012 760 dclcamns
2040 723 2055 769 ;

473 805 635 874 quale
659 819 821 873 porro
846 803 1213 856 vclamentum
1237 785 1518 855 sumentes
1549 807 1758 869 (pacem
1788 799 2050 853 nimirum

476 898 532 950 Ει
554 897 864 949 t-lesiarum)
907 905 956 948 lc
985 894 1050 946 ad
1080 895 1348 963 synodum
1386 898 1631 961 ipsorum
1662 892 1939 944 adducere
1969 890 2055 942 ni-

476 986 710 1041 tuntnr?
767 987 926 1057 cujus
983 995 1042 1038 ut
1097 985 1314 1038 radices
1366 986 1522 1037 malae
1583 994 1639 1036 et
1694 981 2054 1036 fundamenta

474 1078 678 1146 putria,
712 1077 790 1130 sic
832 1077 1020 1130 ultima
1053 1091 1276 1144 quoque
1305 1085 1474 1128 erunt
1505 1072 1748 1126 infamia.
1781 1072 1891 1142 Ego
1927 1085 2056 1123 vero

475 1167 600 1218 talia
665 1163 890 1218 llas-ilete
954 1164 1269 1217 factitanzes
1323 1179 1429 1216 non
1491 1161 1685 1232 synodi
1739 1161 2052 1230 populares,

474 1255 642 1319 absit,
673 1255 767 1307 sed
800 1255 946 1306 \‘iros
971 1254 1302 1322 Sanguinum
1344 1265 1397 1306 et
1428 1252 1720 1306 concilium
1757 1250 2056 1320 malignan-

478 1345 611 1398 tiuai
657 1345 838 1413 potius
888 1345 1121 1412 appello.
1166 1343 1319 1409 Quis,
1353 1359 1576 1412 qtneso,
1611 1341 1878 1413 synodum
1907 1343 2055 1396 illam

479 1448 724 1491 sanctam
765 1437 950 1490 dicere
981 1439 1145 1499 ausit,
1192 1437 1334 1490 unde
1368 1438 1523 1490 abest
1550 1450 1797 1491 summus
1825 1437 2048 1504 episco-

480 1545 582 1600 pus
611 1545 717 1582 non
746 1544 980 1597 corpore
1005 1529 1142 1592 solo,
1169 1529 1260 1581 sed
1297 1528 1481 1582 animo
1507 1543 1727 1597 quoque
1757 1537 1814 1582 et
1843 1527 2054 1598 judicio

479 1632 531 1674 ct
565 1620 840 1673 \‘oluntale
865 1618 1082 1688 penitus
1106 1617 1252 1671 ?Nee
1272 1619 1428 1672 abest
1460 1619 1664 1685 solum,
1696 1618 1789 1672 sed
1827 1619 2055 1688 insuper

479 1728 507 1764 a
536 1709 863 1778 quibusdam
918 1709 986 1762 de
1033 1709 1126 1760 illo
1175 1723 1405 1760 numero
1439 1720 1811 1778 Oppugnatur,
1845 1725 1908 1764 ac
1936 1710 2053 1762 dira

481 1805 676 1871 partim
729 1817 919 1870 pa~sus
968 1811 1071 1864 est,
1122 1800 1317 1868 partim
1370 1802 1592 1869 patitur,
1645 1801 1862 1866 dolens,
1905 1801 2050 1870 quod

483 1896 736 1949 Ectlcsize
767 1894 946 1946 natim
971 1893 1188 1945 illorum
1221 1893 1496 1946 dementia
1531 1895 1736 1946 versari
1772 1894 1826 1946 in
1859 1893 2054 1947 discri-
2091 1876 2134 1936 Β

482 1989 628 2040 mine
669 1986 959 2053 conspicit.
995 1985 1063 2037 At
1109 1984 1255 2036 enim
1291 2000 1474 2036 rerum
1522 1985 1856 2038 mirabilium
1910 1984 2056 2039 Deus

482 2079 646 2129 etiam
668 2077 789 2144 ipso
827 2075 968 2128 man
992 2090 1189 2128 curare
1219 2075 1424 2148 malum
1461 2078 1632 2134 novit.
1663 2078 1808 2146 quod
1832 2093 2059 2132 summa:

484 2169 630 2221 illius
663 2167 924 2221 bonitatis
965 2177 1065 2218 cst.
1096 2166 1443 2235 Quapropter
1475 2169 1760 2230 excitarit,
1807 2179 1862 2224 et
1899 2170 2058 2222 insti-

481 2262 630 2330 gatil
657 2261 828 2312 multo
858 2259 1026 2328 magis
1059 2274 1222 2324 quam
1260 2259 1411 2328 prius
1438 2258 1580 2314 hunc
1613 2276 1811 2314 norum
1848 2259 2056 2326 Mosen,

486 2351 788 2418 liuaenittnt
831 2351 979 2410 dico,
1023 2351 1321 2404 antistitem
1362 2351 1745 2420 episc0pornm
1775 2367 1898 2405 eum
1937 2352 2060 2422 ipso

483 2444 950 2498 t-t‘msenticntiutn
1000 2452 1053 2496 ct
1103 2451 1377 2512 quotquot
1423 2431 1698 2510 synodum
1739 2451 1951 2512 aptant,
2003 2452 2061 2495 et

485 2537 688 2590 bonum
740 2551 1031 2589 commune
1079 2536 1336 2602 diligunt,
1392 2543 1450 2588 ut
1507 2535 1689 2590 missis
1739 2534 2060 2589 triremibus

483 2629 788 2696 potentiam
823 2640 974 2681 tuam
1013 2629 1064 2680 in
1099 2626 1308 2680 ltaLam
1342 2637 1673 2680 accerseret.
1705 2625 1840 2681 Cum
1875 2635 2058 2678 autem

487 2723 635 2774 Varia
671 2737 892 2774 rumore
921 2730 1270 2788 spargantur,
1307 2736 1468 2773 nemo
1499 2730 1677 2772 tamen
1719 2735 1885 2788 prope
1909 2719 2061 2772 dixe-

486 2816 587 2866 rim
632 2825 683 2866 te
728 2813 783 2866 in
829 2813 1082 2866 triremes
1112 2810 1528 2864 Awnionenscs
1571 2808 1912 2878 prepondete
1948 2824 2063 2862 ere-

482 2909 560 2958 tlit
592 2923 604 2957 :
643 2915 850 2959 tantam
907 2905 1102 2958 temeri
1134 2912 1278 2956 atem
1313 2911 1365 2955 et
1399 2901 1811 2970 incogitata-iam
1849 2901 2059 2969 navigia

483 3006 552 3056 ab
607 3000 742 3067 ipsis
798 3008 1116 3066 comparata
1173 2995 1396 3048 habent.
1455 2995 1605 3049 Multi
1663 3010 1826 3063 porro
1889 2997 1940 3049 in
1997 3011 2061 3049 ea

489 3093 752 3161 opinione
799 3098 966 3152 sunt,
1023 3097 1075 3142 te
1122 3103 1232 3141 'nec
1285 3087 1347 3141 in
1404 3086 1608 3140 Italiam
1652 3089 1909 3157 navigare
1953 3097 2064 3142 sta-

491 3184 704 3237 tuisse:
736 3197 972 3250 quorum
1016 3178 1267 3232 nonnulli
1305 3180 1537 3231 fortasse
1572 3193 1693 3232 cum
1735 3178 1786 3231 id
1817 3193 2062 3233 summo-

475 3291 617 3346 pere
654 3281 938 3344 expetant,
992 3272 1082 3324 vix
1131 3279 1393 3338 sperant;
1440 3267 1534 3322 alii
1574 3284 1604 3322 a
1657 3269 1926 3323 sententia
1976 3284 2065 3324 tua

485 3371 769 3430 aberrant,
793 3363 938 3435 quod
963 3371 1278 3432 promptum
1300 3370 1357 3414 et
1379 3362 1615 3414 alacrem
1643 3361 1886 3414 animum
1911 3372 2064 3416 tuutn

484 3462 555 3515 ad
605 3474 792 3528 pacem
845 3454 1106 3510 Ecclesiae
1150 3452 1552 3507 conﬁciendam
1601 3453 1913 3522 perspicere
1959 3469 2069 3509 non

475 3553 676 3606 Valeat
725 3548 1004 3619 :rptidam
1055 3546 1205 3616 quod
1255 3545 1448 3599 volunt
1497 3543 1551 3598 id
1599 3545 1768 3599 etiam
1821 3546 2068 3602 futurum

490 3650 857 3713 augurantur.
894 3637 1315 3693 Volunt-autem
1344 3649 1442 3688 res
1488 3643 1706 3688 nostras
1752 3649 1968 3705 semper
2013 3637 2069 3691 in

486 3743 722 3803 angusto
749 3733 886 3786 sitas
926 3745 1072 3788 esse.
1101 3737 1156 3782 et
1187 3736 1353 3780 erunt
1387 3734 1633 3796 angusta:
1660 3726 1714 3779 in
1746 3726 2067 3782 schismate.

487 3821 962 3891 Quemadmodum
1006 3831 1244 3886 namque
1296 3815 1474 3870 di-viso
1523 3813 1754 3882 imperio
1801 3815 2071 3884 dirempta

487 3928 576 3972 est
602 3915 862 3976 Ecclesia,
900 3913 974 3966 ita
1009 3911 1346 3981 putant(nee
1378 3909 1519 3962 male
1552 3913 1792 3975 putant),
1824 3907 2070 3963 Ecclesia

493 4025 712 4064 rursum
731 4008 1098 4070 coalescente,
1115 4004 1406 4073 itnperium
1427 4002 1482 4055 in
1501 4003 1735 4056 sublime
1752 4013 2066 4056 erecturum

491 4111 681 4171 eaput.
703 4100 820 4164 Qua
842 4098 987 4151 enim
1020 4096 1122 4150 alia
1147 4097 1215 4150 de
1239 4109 1402 4150 causa
1421 4096 1502 4150 sic
1530 4098 1776 4150 sentiunt
1800 4094 1822 4148 ?
1850 4094 2068 4149 Etenim

491 4212 584 4265 qut
626 4193 837 4264 synodo
868 4191 1167 4253 intersunt,
1199 4203 1309 4241 non
1343 4202 1540 4241 omnes
1571 4188 1624 4241 in
1653 4186 1902 4242 eamdem
1943 4202 2069 4242 sen-

493 4290 721 4345 tentiam
753 4296 906 4348 cunt,
945 4282 1041 4338 sed
1077 4283 1267 4352 optimi
1309 4297 1406 4351 pro
1436 4281 1538 4335 hac
1564 4296 1622 4335 re
1651 4281 1816 4336 etiam
1848 4283 2070 4352 sangui-

490 4399 617 4437 nem
655 4378 1076 4450 proinndcrent,
1107 4390 1246 4444 quos
1279 4375 1509 4442 diligere
1560 4380 1615 4426 et
1662 4377 1914 4428 venerari
1967 4390 2067 4430 eo-

489 4489 728 4544 rumque
760 4471 1026 4542 jndicium
1053 4469 1301 4521 omnium
1334 4477 1662 4521 caeterorum
1687 4466 1900 4536 judicio
1930 4483 2070 4536 pra:-

2171 617 2464 682 ρεὶττοντας
2487 615 2581 666 καὶ
2609 613 3044 682 διαρρηγνύντας
3095 611 3163 662 τὰ
3221 610 3357 671 σῶα,
3399 612 3469 662 τά
3503 627 3561 662 τε
3615 611 3736 664 ἀκέ-

2170 719 2295 772 ραια
2348 703 2755 771 σπλράττοντας
2787 704 2884 769 ὅση
2922 702 3154 768 δύναμις
3205 703 3299 751 καὶ
3341 700 3439 752 νῦν
3465 699 3616 752 τοῦτ’
3641 701 3736 751 αὑ-

2165 793 2224 844 τὸ
2260 793 2678 856 σπουδάζοντας.
2719 793 2882 846 Ἀλλὰ
2911 794 2978 845 τὰ
3005 793 3113 859 ,μὲν
3140 790 3342 843 παὶαιὰ
3370 790 3740 860 ὲξαλειφθήτω

2165 887 2264 952 τῆς
2306 888 2526 955 μνήμης
2556 903 2569 916 ο
2610 887 2763 937 ποῖον
2809 884 2866 936 δὲ
2923 884 3222 952 πρόσχημα
3256 885 3360 950 τῆς
3401 881 3738 951 Ἐκκλησιῶν

2166 977 2390 1046 εἰρήνης
2423 975 2702 1036 λαϐόντες,
2747 972 3014 1044 θαρῤοὖσί
3053 990 3112 1024 σε
3147 971 3520 1040 προσάξεσθαι
3549 972 3614 1039 τῇ
3641 971 3735 1022 αύ-

2163 1069 2270 1121 τῶν
2301 1067 2503 1136 συνόδῳ
2535 1061 2602 1137 ἦς
2636 1065 2826 1135 ὥσπερ
2855 1065 2962 1134 ἄρα
3005 1066 3058 1115 αἱ
3127 1064 3276 1134 ῥίζαι
3334 1061 3507 1114 κακαὶ
3547 1062 3640 1112 κ;ὶ
3673 1061 3737 1113 τὰ

2163 1160 2392 1229 θεμέλια
2429 1161 2626 1228 σαθρὰ,
2654 1157 2826 1220 οὕτως
2859 1159 3012 1210 ἔσται
3050 1157 3147 1208 καὶ
3176 1156 3242 1206 τὰ
3275 1154 3407 1222 τέλη
3442 1153 3735 1222 δύσφημα;

2175 1252 2317 1322 Ἐγὼ
2341 1241 2407 1306 δὲ’
2427 1254 2600 1307 ταῦτα
2629 1255 2971 1323 πράττοντας
2992 1251 3118 1313 τοὺς
3141 1251 3197 1300 ὲν
3229 1249 3496 1318 Βασιλείᾳ
3529 1250 3594 1317 τῇ
3641 1247 3739 1299 πόα

2161 1347 2242 1399 λει
2278 1347 2398 1399 οὐδὲ
2427 1348 2644 1399 συνόδου
2678 1347 2877 1414 ἄνδρας
2911 1342 3064 1396 καλῶ
3121 1342 3230 1395 οὐδ’
3266 1341 3462 1410 ἔγγὺς,
3509 1340 3625 1392 ἀλλ’
3661 1340 3740 1392 ai.—

2165 1443 2353 1512 μάτων
2405 1440 2606 1509 μᾶλλον
2657 1439 2859 1506 ἄνδρας
2924 1439 3021 1490 καὶ
3084 1435 3548 1504 πονηρευομένων
3593 1431 3743 1484 συνέ-

2159 1532 2330 1601 δριον.
2369 1529 2465 1593 Τίς
2500 1530 2610 1600 γὰρ
2637 1530 2854 1582 σύνοδον
2909 1529 3130 1596 ἐκείνην
3186 1527 3352 1592 ἁγίαν
3416 1525 3596 1578 εἰπεῖν
3627 1525 3744 1578 τολ-

2165 1623 2480 1693 μήσῃ,ὃθεν
2509 1622 2714 1676 ἄπεστι
2743 1622 2842 1689 μὲν
2876 1623 2902 1673 ό
2930 1621 3099 1689 ἄκρος
3117 1621 3410 1688 ἀρχιερεὺς
3442 1619 3503 1670 ού
3535 1617 3744 1686 σώματι

2165 1717 2346 1784 μόνον,
2383 1716 2518 1768 ἀλλὰ
2547 1716 2637 1768 καὶ
2663 1714 2808 1782 ψυχῇ
2841 1716 2936 1764 καὶ
2981 1711 3177 1782 γνώμῃ
3213 1711 3308 1763 καὶ
3362 1709 3530 1780 βουλῇ
3561 1709 3741 1777 πάσης

2166 1808 2275 1860 Καὶ
2306 1807 2404 1858 οὐκ
2431 1807 2626 1861 ἄπεστι
2665 1805 2847 1874 μόνον,
2877 1803 3012 1856 ἀλλὰ
3058 1802 3154 1854 καὶ
3217 1802 3545 1870 πολεμεῖται
3595 1799 3744 1868 παρά

2165 1917 2327 1953 τινων
2359 1901 2567 1952 ἐκεῖθεν
2596 1901 2688 1951 καὶ
2723 1898 2871 1949 δεινὰ
2902 1895 2970 1948 τὰ
3001 1896 3099 1964 μὲν
3120 1894 3314 1961 ἔπαθε,
3337 1896 3408 1946 τὰ
3437 1894 3494 1946 δὲ
3524 1893 3738 1959 πάσχει,

2167 1992 2349 2060 ἀλγῶν
2377 1993 2460 2045 ὃτι
2494 1992 2555 2044 τὸ
2615 1991 2713 2060 τῆς
2757 1989 3085 2059 Ἑκκλησίας
3140 1989 3352 2052 σκάφος
3414 1984 3742 2038 κινδυνεύε.ν

2163 2083 2265 2153 ὁρᾷ
2304 2086 2369 2152 τῇ
2403 2082 2624 2135 ἐκείνων
2657 2082 2910 2150 ἀπονοία.
2973 2081 3133 2133 Ἀλλέι
3194 2080 3303 2148 γὰρ
3371 2073 3518 2131 οἶδεν
3565 2076 3593 2127 ό
3636 2073 3743 2127 τῶν

2165 2173 2489 2243 θαυμασίων
2536 2174 2669 2235 Θεὸς
2704 2175 2800 2227 καὶ
2834 2173 2924 2226 διὰ
2955 2174 3052 2240 τῇς
3080 2173 3280 2232 κακίας
3337 2171 3513 2238 αὐτῆς
3565 2169 3743 2222 ίᾶτθαι

2165 2265 2226 2315 τὸ
2251 2264 2440 2324 κακ“.ν,
2475 2262 2567 2313 καὶ
2590 2260 2751 2314 τοῦτο
2774 2261 2875 2330 τῆς
2897 2261 3074 2331 ἄκρας
3102 2259 3270 2314 αὑτοῦ
3301 2260 3458 2313 ἐστιν
3482 2259 3744 2326 ἁγαθότη-

2164 2370 2277 2416 τος.
2311 2357 2564 2424 Διήγειρε
2593 2353 2886 2424 τοιγαροῦν
2908 2352 3305 2422 καὶπαρὼξυνε
3336 2352 3523 2422 πολλῴ
3551 2351 3744 2415 μᾶλλον

2166 2446 2198 2515 ἢ
2233 2447 2500 2515 πρότερον
2537 2445 2627 2498 τὸν
2657 2449 2777 2498 νέον
2802 2444 2994 2497 τοῦτον
3023 2446 3252 2510 Μωσέα,
3284 2445 3547 2513 Εὑγένιον
3608 2443 3744 2508 λέγω

2166 2541 2254 2593 τὸν
2283 2541 2451 2608 ἄκρον
2507 2541 2793 2610 ἀρχιερέα,
2817 2539 3287 2592 συνευδοκούντων
3320 2538 3478 2606 αὒτῷ
3513 2537 3607 2614 καὶ
3649 2535 3742 2600 τῆς

2169 2631 2387 2684 συνόδου
2436 2632 2552 2684 ὅσοι
2611 2632 2894 2684 σπουδαῖοι
2948 2632 3043 2685 καὶ
3109 2631 3440 2698 ἀγαπῶντες
3487 2627 3738 2696 τάγαθὸν,

2167 2724 2421 2794 τριήρεσι
2451 2724 2876 2793 μετακαλείσθαι
2912 2723 2970 2776 τὸ
3000 2724 3092 2776 σὺν
3117 2723 3320 2792 κράτος
3378 2725 3460 2786 εἰς
3485 2720 3738 2776 Ἰταλίαν

2169 2818 2259 2870 καὶ
2285 2816 2431 2870 ἔστιν
2477 2815 2710 2869 ἀκτῦσαι
2735 2816 2956 2885 γνώμας
2988 2819 3212 2886 συχνὰς,
3271 2816 3489 2877 οὐδενὸς
3516 2815 3636 2882 μὲν,
3671 2811 3742 2871 ὡς

2138 2911 2363 2975 εἰπεῖν,
2405 2911 2485 2971 εἰς
2507 2910 2604 2969 τὰς
2637 2909 2898 2970 Ἀἤιῶνός
2947 2925 3004 2960 σε
3037 2911 3289 2978 τριήρεις
3355 2910 3549 2978 ῥέπειν
3598 2903 3741 2970 νομί·

2171 2997 2374 3062 ζοντος·
2409 2997 2677 3066 τοσαύτην
2702 2995 2930 3064 ἀλογίαν
2971 2996 3085 3066 ἔχει
3111 2999 3140 3049 ό
3184 2995 3314 3065 παρ’
3345 2996 3578 3049 ἐκείνων
3625 2991 3742 3044 6:6:-

2170 3092 2280 3153 λος·
2307 3091 2516 3143 πολλῶν
2549 3091 2605 3143 δὲ
2640 3090 2763 3160 μηδ’
2791 3092 2869 3153 είς
2901 3089 3136 3142 Ἰταλίαν
3196 3090 3465 3158 ἐθελῆσαι
3496 3087 3748 3145 πλεῦσαι,

2172 3177 2246 3237 ὧν
2270 3183 2318 3234 οἱ
2346 3183 2446 3251 μὲν
2486 3181 2616 3243 ἴσως
2649 3181 2730 3250 τῷ
2757 3181 2876 3234 λίαν
2907 3181 3156 3249 ἐφίεσθαι
3205 3181 3568 3243 δυσέλπιδες,
3615 3179 3668 3230 οἱ
3694 3177 3748 3228 δὲ

2172 3275 2273 3344 τῆς
2303 3277 2398 3343 σῆς
2423 3276 2651 3342 γνώμης
2681 3274 3079 3343 ἁμαρτάνουσι,
3128 3272 3204 3344 μὴ
3228 3273 3529 3342 δυνάμενοι
3564 3269 3747 3338 νοῆσαι

2171 3369 2231 3420 τὺ
2261 3367 2353 3420 σὺν
2383 3369 2460 3429 εἰς
2493 3367 2591 3437 τὴν
2627 3369 2726 3435 τῆς
2777 3365 3105 3435 Ἐκκλησίας
3157 3366 3382 3435 εἰρήνην
3443 3365 3742 3435 πρόθυμον⁸

2171 3462 2222 3513 oi
2251 3460 2329 3524 δὲ,
2354 3460 2490 3529 ὅπερ
2522 3458 2790 3522 ἐθέλουσι,
2826 3456 2989 3511 ¹τοῦτο
3016 3459 3110 3511 καὶ
3137 3456 3454 3522 δοξάζουσιο
3503 3457 3746 3510 ἐθέλουσι

2169 3552 2226 3605 δὲ
2259 3551 2429 3622 μικρὰ
2461 3546 2601 3604 εἶναι
2641 3551 2841 3603 ἀεὶκτὰ
2892 3549 3140 3620 ἡμέτερα
3167 3565 3184 3582 ο
3242 3549 3398 3602 ἔσται
3465 3551 3522 3603 δὶ
3577 3546 3747 3618 μικρᾶ

2170 3640 2248 3709 τῷ
2305 3641 2590 3709 σχίσματι.
2639 3639 2852 3705 ’Ὥσπερ
2882 3639 2990 3708 γὰρ
3037 3638 3318 3708 βασιλείας
3373 3639 3742 3711 διαιρεθείσης

2169 3731 2354 3801 διέστη
2374 3732 2442 3783 τὰ
2481 3735 2581 3798 τῆς
2609 3730 2962 3800 Ἐκκλησίας,
3013 3729 3186 3794 οὕτως
3245 3730 3476 3796 οἴονται,
3541 3730 3637 3786 καὶ
3684 3725 3743 3779 ού

2172 3822 2356 3884 κακῶς
2379 3823 2610 3886 οἴονται,
2650 3820 3019 3892 συνελθούσης
3041 3825 3139 3892 τῆς
3173 3821 3533 3892 Ἐκκλησίας,
3582 3823 3745 3889 ύπερο

2172 3914 2407 3984 αρθῆναι
2437 3915 2504 3967 τὰ
2541 3913 2640 3984 τῆς
2679 3913 2984 3984 βασιλείας.
3035 3913 3101 3968 Τί
3133 3915 3242 3985 γὰρ
3267 3914 3397 3970 ἄλλο
3450 3916 3544 3970 τοῦ
3578 3913 3745 3969 ταῦτα

2172 4004 2414 4075 νομίζειν
2439 4005 2650 4070 αἷτιονς
2682 4003 2811 4058 Ὀτι
2852 4005 2900 4057 oi
2939 4003 3040 4073 τῆς
3073 4004 3293 4057 συνόδου
3328 4004 3536 4068 πάντες
3563 4003 3624 4057 οὑ
3657 4017 3746 4053 συ-

2171 4095 2537 4161 νευδοκοῦσιν,
2564 4095 2678 4150 ἀλλ’
2707 4097 2754 4149 οἱ
2785 4097 3020 4164 ἄριστοι,
3053 4095 3149 4148 καὶ
3179 4095 3277 4164 τὴν
3307 4095 3488 4167 ψυχὴν
3513 4095 3580 4148 ἂν
3611 4091 3744 4160 ὑπὲρ

2170 4190 2364 4242 τούτου
2392 4191 2562 4254 θεῖεν,
2595 4188 2688 4253 οὒς
2716 4190 2939 4258 ἀγαπᾷν
2975 4204 3050 4241 τε.
3075 4189 3172 4240 καὶ
3207 4188 3485 4253 σέϐεσθαι,
3532 4188 3627 4240 καὶ
3655 4184 3746 4250 τὴν

2171 4279 2396 4332 ἐκείνων
2414 4278 2638 4350 γνώμην
2661 4278 2768 4332 τῶν
2788 4279 3006 4333 πάντων
3030 4279 3306 4349 προτιμᾴν
3321 4277 3532 4332 δίκαιον
3555 4280 3740 4347 δήπου,

2169 4368 2216 4427 ὦ
2249 4373 2492 4442 βασιλεύ.
2536 4371 2677 4427 Ἀλλ’
2707 4373 2789 4426 ὅτι
2809 4373 2946 4443 μετὰ
2970 4372 3078 4427 τῶν
3098 4371 3196 4440 τῆς
3225 4372 3446 4426 συνόδου
3481 4372 3743 4439 συνθήκας

2170 4467 2468 4536 πεποίησαι
2496 4482 2512 4530 ;
2543 4464 2752 4520 Οὐκοῦν
2786 4465 3008 4518 ἐκείνων
3037 4465 3086 4517 ei
3109 4464 3211 4533 μὲν
3249 4465 3392 4533 μετὰ
3419 4465 3516 4519 τοῦ
3550 4463 3746 4518 πάππι

491 4574 664 4631 ωτι-ρ,
706 4567 916 4635 justum
945 4571 1025 4616 est
1060 4560 1270 4628 utique.
1319 4561 1458 4612 Sunt
1485 4558 1580 4627 qui
1612 4559 1988 4627 suspicentur,
2023 4569 2064 4615 ιε

2181 4559 2503 4628 ἑστήκασιν,
2536 4559 2586 4611 cl
2615 4557 2672 4610 δὲ
2697 4555 2823 4609 οὔτε
2857 4557 3048 4623 τόπον,
3069 4554 3193 4610 οὔτε
3222 4556 3420 4624 τρόπον
3452 4557 3743 4627 ἐτήρησαν,

491 4676 620 4714 cum
654 4655 935 4727 synodicis
965 4653 1146 4706 kndus
1182 4651 1390 4704 iuiissc.
1421 4649 1687 4716 Quocirca
1719 4649 1937 4704 illorum
1963 4666 2069 4705 non

492 4769 656 4806 neuio
686 4765 807 4804 cum
841 4763 977 4816 papa
1019 4746 1169 4799 facit.
1199 4743 1304 4798 Alii
1339 4758 1439 4796 nec
1477 4741 1680 4807 locum,
1713 4756 1814 4796 nec
1849 4743 2071 4796 modum

491 4851 736 4903 servant,
777 4843 972 4910 partim
1009 4840 1138 4892 dum
1191 4837 1361 4890 ferme
1391 4844 1545 4886 extra
1585 4833 1774 4887 orbem
1820 4843 2070 4888 nostrum

493 4933 850 4990 habitabilem
883 4931 1162 4998 expellere
1213 4925 1553 4992 majestatem
1598 4934 1741 4977 tuam
1777 4924 2067 4987 nituntur,

496 5032 696 5092 partim
730 5035 855 5071 cum
901 5035 987 5069 res
1018 5013 1363 5084 prazsentiam
1400 5011 1700 5064 beatissimi
1738 5027 1888 5080 papa:
1917 5013 2070 5081 ﬂagi-

496 5127 594 5176 tet,
621 5125 678 5167 et
710 5114 812 5165 hoc.
846 5113 899 5163 in
926 5107 1216 5162 conventis
1239 5117 1292 5159 et
1321 5106 1490 5174 pactis
1516 5105 1784 5171 scriptum
1818 5104 1908 5169 sit,
1940 5121 2073 5158 neu-

497 5221 730 5276 ttqoatn,
763 5205 868 5257 nisi
903 5193 1124 5268 Pegasis
1159 5200 1452 5267 incquitet,
1493 5207 1587 5250 attt
1618 5195 1801 5250 Persei
1837 5199 1951 5250 alas
1978 5214 2071 5250 ac-

495 5302 686 5370 cipiat,
720 5298 786 5352 ad
813 5296 994 5349 locum
1029 5291 1359 5347 destinatum
1381 5289 1668 5359 pervenire
1689 5289 1882 5358 possit.
1913 5289 2069 5355 Quod

497 5396 617 5447 sine
654 5389 1030 5447 controversia
1065 5385 1130 5440 ad
1173 5385 1518 5438 occasionem
1557 5380 1857 5436 inducendi
1890 5382 2071 5437 schis-

499 5485 659 5537 malis
704 5479 999 5536 machinati
1033 5485 1182 5531 sunt.
1213 5474 1318 5528 Alit
1347 5473 1644 5538 aﬂirmant,
1684 5489 1810 5528 cum
1835 5474 2074 5530 volueris

499 5578 564 5629 ad
598 5573 864 5644 synodum
905 5566 1287 5639 prolicisci,ad
1325 5567 1592 5635 synodum
1628 5564 1850 5618 minime
1876 5575 2065 5618 rentu-

503 5683 646 5719 rum.
681 5665 822 5731 Quid
861 5661 982 5716 ais?
1027 5659 1306 5728 inquiunt,
1352 5657 1419 5710 ad
1461 5658 1726 5727 synodum
1772 5658 2074 5712 tecuttteni-

502 5775 620 5810 cam
645 5759 756 5828 jam
785 5765 1030 5811 coactam
1058 5761 1283 5808 coactus
1309 5761 1392 5804 est
1425 5755 1721 5818 imperator
1747 5748 1768 5800 ‘I
1801 5747 1934 5812 Quis
1970 5750 2073 5803 hoc

507 5850 796 5918 aliquando
835 5845 1065 5913 audivit,
1117 5845 1280 5914 idque
1319 5859 1440 5897 cum
1473 5842 1663 5912 synodi
1717 5845 2071 5898 occumcnicae

2179 4649 2238 4702 τὸ
2263 4650 2360 4718 μὲν
2387 4651 2474 4702 ὅτε
2503 4649 2608 4714 ἔξω
2642 4666 2743 4701 που
2781 4649 2967 4720 σχεδὸν
2991 4651 3088 4719 τῆς
3109 4648 3230 4702 καθ’
3257 4650 3404 4720 ἡμᾶς
3423 4647 3746 4719 οἰκουμένης

2179 4741 2404 4808 ἐξώσειν
2435 4741 2494 4794 τὸ
2529 4741 2620 4792 σὺν
2649 4739 2849 4810 κράτος
2878 4741 3268 4810 σπουδάζουσι,
3329 4744 3390 4794 τὸ
3421 4742 3479 4794 δὲ
3538 4736 3746 4794 ὅτιτῶν

2180 4833 2526 4901 πραγμάτων
2557 4832 2997 4900 κατεπειγόντων
3032 4835 3289 4903 παρεῖναι
3337 4834 3428 4888 τὸν
3464 4830 3744 4905 μακαριὼ-

2180 4940 2340 4977 τατον
2402 4925 2657 4989 πάππαν,
2708 4925 2803 4976 καὶ
2849 4925 3045 4979 τούτου
3107 4927 3498 4997 γεγραμμένου
3537 4928 3596 4977 έν
3627 4921 3742 4978 ταῖς

2182 5015 2504 5086 συνθήκαις,
2542 5019 2641 5068 οὐκ
2692 5017 2779 5084 ἂν,
2807 5017 2856 5069 εί
2887 5019 2961 5086 μὴ
2999 5019 3287 5088 Πηγάσους
3318 5020 3466 5082 τινὰς
3505 5015 3738 5080 ἱππεύσῃ

2181 5110 2212 5179 ἢ
2247 5109 2494 5177 Περσέως
2519 5109 2655 5179 λάϐῃ
2691 5111 2886 5178 πτερὰ,
2915 5110 3205 5178 ἀφικέσθαι
3233 5112 3544 5182 δυνήσεται.
3576 5105 3741 5162 Τοῦτο

2179 5199 2224 5253 δ’
2257 5201 2494 5269 ἁςεχνῶς
2526 5201 2604 5262 είς
2631 5199 2884 5270 ἀφορμὴν
2911 5202 3209 5270 σχίσματος
3257 5203 3440 5264 αὐτοί,
3491 5199 3740 5272 μεμηχά·

2181 5309 2361 5361 νηται.
2409 5291 2549 5345 Ἀλλ’
2573 5293 2763 5354 ὅτιείς
2809 5291 3025 5345 σύνοδον
3054 5292 3382 5361 βουλομένου
3428 5294 3522 5347 σού
3573 5289 3740 5344 ἐλθεῖν

2179 5385 2278 5437 οὐκ
2315 5386 2393 5446 εἰς
2434 5383 2649 5437 σύνοδον
2692 5383 2908 5453 ἐλεύσῃ.
2941 5385 3004 5435 Τί
3045 5385 3186 5455 (mg;
3225 5385 3316 5447 Εἰς
3345 5387 3619 5439 συστᾶσαν
3645 5378 3741 5450 ἤδη

2182 5474 2398 5526 σύνοδον
2429 5472 2812 5544 οἰκουμενικὴν
2842 5473 3106 5540 κέκληται
3134 5474 3428 5542 βασιλεύῃ
3470 5474 3564 5536 Τίς
3585 5471 3742 5541 ἥκου-

2183 5583 2242 5616 σε
2275 5565 2431 5618 τοῦτό
2467 5583 2620 5628 ποτε,
2655 5564 2944 5617 καὶταῦτα
2976 5564 3185 5617 πολλῶν
3242 5567 3556 5634 γενομένων
3593 5555 3743 5612 συνό-

2179 5657 2284 5708 δων
2317 5658 2713 5726 οἰκουμενικὼν
2745 5651 2820 5708 ὦν
2846 5656 2904 5709 τὸ
2928 5655 3127 5725 κράτος
3187 5655 3304 5723 ἔχει
3353 5657 3441 5709 ἀεὶ
3477 5653 3613 5725 μετὰ
3655 5646 3742 5699 τὸν

2179 5750 2350 5819 ἄκρον
2382 5750 2641 5820 ἀρ’(ιερέα
2662 5751 2690 5802 ὁ
2717 5749 2826 5802 τῶν
2858 5749 3147 5818 Ῥωμαίων
3173 5748 3461 5818 βασι).εύ;;
3494 5741 3739 5815 ’Δρίθμει

2185 5861 2273 5915 μοι
2305 5844 2401 5908 τὰς
2437 5844 2709 5910 συνόδους,
2761 5843 2852 5896 καὶ
2902 5839 3216 5910 διαδραμὼν
3257 5842 3434 5904 πάσας
3468 5837 3595 5905 μίαν
3655 5826 3741 5882 καὶ
