4098 6404
409 417 513 484 9η

1255 417 1622 476 EPISTULA
1663 418 1764 476 AD
1806 417 2163 478 JUANNEM
2209 416 2649 479 PAL/EOLOG.
2686 418 2845 477 IMP.

3577 419 3683 478 9n?

418 538 588 608 μόνην
617 535 742 602 λέγε
778 552 869 604 μοι
901 534 1293 605 οἰκουμενικὴν
1323 530 1391 605 ἦς
1439 536 1501 587 οὐ
1561 535 1801 605 κατῆρξε
1852 537 2000 605 βασι-

2121 539 2419 607 ξοιιιρίυτοε
2465 538 2755 591 celebratae
2790 536 2942 591 sint?
2978 551 3211 605 quarum
3265 536 3455 605 prima“:
3504 548 3689 604 partes

413 630 535 691 λεὺς
580 627 895 697 Ῥωμαίων.
944 626 1087 679 Ἀλλ’
1123 628 1221 695 οὐχ
1243 626 1388 691 ἔξεις
1433 626 1640 694 λέγειν.
1677 628 1741 679 Τί
1772 628 1863 691 δές
1897 628 1998 690 τὰς

420 722 521 789 μὲν
547 721 711 781 ἄλλας
742 719 959 787 βασιλεῖ
1012 718 1305 788 Ῥωμαίων
1340 720 1421 781 εἰς
1478 720 1645 772 ταυτὸ
1687 719 2000 772 συνελθόντι.

417 811 641 880 γνώμης
678 812 755 879 τῷ
783 810 938 881 ἄκρῳ
968 811 1218 879 ἀρχιερεί
1241 810 1685 881 συγκροττ,θῆναι
1732 810 2000 879 νομίζεις,

416 906 621 974 ταύτην
654 904 713 956 δὲ
747 908 847 971 τὴν
877 903 1180 971 μέλλουσαν
1220 901 1492 965 Ἀϐεῶνάς
1523 920 1673 964 τινας
1707 903 1740 971 ἢ
1774 903 2004 972 Ναρϐῶ-

417 1017 534 1060 νας,
571 998 603 1066 ἦ
638 997 954 1063 Λουγδῖνας,
989 995 1020 1065 ἢ
1054 994 1308 1058 οῦστινας
1360 995 1427 1048 ἂν
1492 996 1657 1064 βούλῃ
1694 998 2001 1065 συγκροτή-

421 1108 535 1142 σειν
568 1092 677 1143 δείν
706 1087 837 1153 olet;
873 1090 980 1141 Καὶ
1028 1089 1114 1152 τίς
1144 1089 1317 1142 ταῦτα
1374 1087 1501 1141 νοῦν
1547 1088 1685 1157 ἔχων
1716 1088 2002 1153 άνέξεται;

417 1184 621 1248 μᾶλλον
651 1181 707 1232 δὲ
728 1183 810 1243 τίς
842 1182 903 1233 οὑ
936 1180 1131 1248 διάρας
1160 1180 1338 1249 στόμα
1372 1181 1517 1248 μέγα
1579 1180 1792 1249 βοήσει,
1838 1180 1912 1241 ώς
1939 1180 2004 1232 οὐ

418 1274 635 1334 σᾶνοῗος
678 1272 817 1342 αὕτη
868 1273 999 1340 ἁγία
1028 1272 1151 1325 οῦδὲ
1208 1272 1428 1325 συνόδου
1466 1272 1631 1342 ῐχνος,
1691 1271 1802 1325 οὐδ’
1836 1273 2007 1340 ἔγγὺς

422 1366 527 1418 κᾶν
586 1366 751 1427 σκιάς
820 1364 1064 1427 συνόδου,
1107 1362 1225 1416 ἀλλ’
1280 1363 1654 1433 ἀποπλήκτων
1697 1364 2007 1434 ἀνθρώπων

423 1456 778 1524 ὲφευρέματα
818 1455 1033 1525 πονηρὰ
1090 1455 1188 1523 τὴν
1252 1455 1584 1523 οἰκουμένην
1635 1455 2003 1525 ταράττοντας

424 1548 520 1601 Διά
548 1552 633 1613 τί;
691 1549 835 1600 Διότι
868 1550 928 1601 οὐ
960 1548 1101 1601 κατὰ
1132 1548 1360 1617 γνώμην
1392 1548 1486 1600 τοῦ
1540 1547 1764 1616 Ῥώμης
1820 1548 2009 1617 ἀρχιε-

430 1645 587 1709 ρέως,
616 1642 751 1694 διότι
785 1640 1039 1709 βασιλεὺς
1098 1639 1416 1709 Ῥωμαίων,
1480 1634 1524 1707 ᾧ
1556 1639 1734 1693 ταῦτα
1794 1642 2009 1707 ἐφεῖται

428 1734 657 1797 ἄνωθεν,
694 1734 794 1785 οὐκ
821 1733 984 1795 αὐτὸς
1026 1733 1431 1802 συγκροτήσας,
1496 1733 1611 1785 ἀλλ’
1645 1733 1723 1794 εἰς
1771 1748 2009 1798 προσυγ-

429 1825 789 1894 κροτηθεῖσαν
824 1824 1017 1894 ὥσπερ
1052 1843 1134 1888 τις
1168 1823 1389 1895 ἰδιώτης
1408 1824 1677 1877 καλεῖται.
1706 1824 1777 1876 Σὺ
1800 1823 1859 1875 δέ
1894 1839 2007 1891 μοι,

428 1917 617 1985 ἄριστε
651 1916 899 1985 βασιλεῦ,
934 1916 1097 1985 βλέπε
1119 1917 1319 1979 θείους,
1341 1915 1434 1979 οὒς
1459 1915 1665 1985 ἔθηκαν
1693 1915 1743 1966 οἰ
1776 1915 2011 1983 πατέρες

429 2026 523 2061 σου
561 2008 822 2079 θεσμοὺς,
860 2000 981 2077 θείᾳ
1012 2009 1138 2080 δίκῃ
1160 2008 1559 2079 τηρουμένους,
1588 2008 1682 2059 καί
1707 2006 2008 2077 θαύμασον,

440 2100 668 2153 Ἐκεῖνοι
733 2100 834 2170 μὲν
885 2099 1101 2153 πολλῶν
1142 2100 1315 2153 ἐθνῶν
1346 2099 1789 2163 δυναστεύοντες,
1820 2101 1888 2171 τῇ
1917 2098 2012 2152 τοῦ

442 2192 667 2261 Ῥώμης
689 2194 989 2263 ἀρχιερέως
1012 2193 1209 2264 γνώμῃ
1236 2194 1465 2263 ἤγειραν
1484 2193 1577 2254 sd;
1604 2193 1872 2256 συνόδους.
1900 2192 2013 2261 Τῆς

428 2283 601 2354 τύχης
635 2285 691 2336 δὲ
726 2285 1171 2354 μεταπεσούσης,
1198 2287 1292 2337 καὶ
1324 2286 1415 2338 τοῦ
1461 2288 1563 2354 μὲν
1586 2284 1897 2355 ἀξιώματος
1928 2285 2015 2338 δν·

428 2393 521 2438 τος
543 2375 639 2429 τοῦ
667 2378 833 2430 αὑτοῦ
870 2378 953 2430 σοί
986 2394 1045 2430 τε
1076 2378 1175 2431 καὶ
1205 2381 1318 2440 τοῖς
1368 2378 1559 2439 πάλαι,
1603 2376 1722 2429 δέον
1752 2376 2007 2444 γενέσθαι

432 2469 653 2523 σύνοδον
704 2470 1094 2541 οἰκουμενικὴν
1149 2472 1245 2523 ἐπὶ
1291 2466 1577 2541 διορθώσει
1639 2468 1740 2537 τῆς
1781 2469 2012 2539 Ἐκκλη-

431 2561 574 2624 σίας,
605 2563 697 2617 καὶ
735 2561 867 2633 πρὸς
898 2563 958 2614 τὸ
984 2562 1321 2632 συναχθῆναι
1388 2563 1595 2632 ταύτην
1624 2563 1837 2626 οὐδενὸς
1867 2564 2012 2617 κατά

434 2667 502 2717 γε
530 2652 619 2704 τὶν
669 2653 766 2706 τοῦ
840 2655 1052 2707 δικαίου
1103 2655 1283 2723 λόγον,
1349 2657 1489 2727 πλὴν
1544 2656 1810 2724 βασιλέως
1878 2656 2012 2710 Ῥω-

439 2743 617 2811 μαίων
644 2748 738 2797 καί
773 2746 970 2815 χρόνον
1031 2754 1128 2801 καὶ
1172 2750 1358 2811 τόπον,
1391 2746 1544 2819 οἴμαι
1570 2749 1627 2803 δὲ
1654 2749 1751 2802 καί.
1804 2749 2009 2819 τρόπον

433 2833 622 2903 ὁρίσαι
654 2834 980 2905 δυναμένου,
1016 2837 1294 2891 ἀδυνάτων
1329 2839 1498 2892 ὄντων
1528 2856 1608 2893 σοι
1638 2839 1747 2892 τῶν
1794 2841 1894 2908 τῆς
1920 2841 2013 2894 τύ-

431 2944 557 2996 χης,
604 2927 950 2980 συνέκλεισεν
990 2930 1017 2980 ὁ
1068 2928 1222 2994 Θεὸς,
1275 2922 1353 2993 οἷς
1404 2926 1512 2984 οἶδε
1576 2931 1865 3000 κρίμαειν,
1932 2936 2012 2995 εἰς

435 3019 585 3070 τοῦτ’
612 3020 861 3088 ἀνάγκης
887 3019 955 3071 τὰ
990 3022 1313 3089 πράγματα,
1380 3020 1522 3074 ὥστε
1587 3022 1647 3074 σὲ
1677 3020 1840 3091 μόνον
1871 3017 2011 3075 εἶναι

435 3108 510 3173 ὡς
544 3109 650 3161 ἔδει
684 3110 874 3179 κύριον
904 3112 1000 3163 καὶ
1034 3112 1225 3174 τόπου,
1264 3111 1359 3164 καὶ
1386 3114 1605 3182 χρόνου,
1671 3113 1765 3165 καί⁵
1808 3113 2010 3182 τρόπου

2105 639 2228 697 post
2275 630 2578 682 Romanum
2635 628 2949 696 pontificem
3004 642 3223 696 semper
3272 644 3441 696 penes
3489 629 3695 682 Roma.

2105 735 2237 772 num
2282 719 2671 788 imperatorem
2721 720 2967 774 fuerunt.
3004 718 3243 773 Numera
3284 721 3416 773 mihi
3450 722 3692 791 synodos

2104 820 2161 863 et
2195 826 2454 878 percurre
2489 826 2704 875 omnes,
2752 813 2969 864 unicam
3007 814 3274 865 duntaxat
3323 814 3511 881 profer
3539 828 3690 866 (ncu-

2109 902 2402 963 mcnicam,
2441 904 2528 957 cui
2574 904 2874 972 imperator
2912 902 3286 957 Romanorum
3330 920 3436 957 non
3473 904 3691 959 initimn

2108 994 2318 1047 fecerit.
2352 994 2567 1048 Nullam
2602 996 2866 1063 proferes.
2895 996 3035 1060 Quid
3077 997 3252 1065 ergo?
3277 997 3412 1051 alias
3451 998 3693 1067 impera—

2111 1087 2213 1139 tori
2250 1088 2621 1142 Romanorum
2647 1088 2794 1142 idem
2827 1104 2951 1142 cum
2994 1106 3252 1158 supremo
3280 1090 3542 1159 episcopo
3564 1108 3695 1146 sen-

2111 1179 2264 1231 tienti
2299 1193 2607 1235 convocare
2643 1180 2864 1235 licuisse
2891 1196 3107 1245 censes,
3152 1181 3295 1235 hanc
3326 1195 3511 1236 autem
3545 1182 3696 1237 futu-

2112 1283 2227 1322 ram
2268 1269 2688 1326 Avenionenses
2719 1272 3009 1340 quosdam,
3042 1281 3137 1326 aut
3164 1272 3570 1333 Narbonenses.
3600 1284 3697 1327 aut

2112 1361 2505 1432 Lugdunenses
2525 1372 2620 1417 aut
2644 1378 3007 1433 quoscunque
3028 1364 3293 1430 volueris,
3314 1380 3513 1434 cogere
3535 1380 3696 1434 posse

2111 1454 2448 1509 arbitraris?
2491 1454 2629 1521 Quis
2658 1455 2901 1525 prudens
2934 1456 3037 1511 hoc
3078 1456 3259 1511 ferat?
3290 1458 3401 1511 imo
3430 1461 3555 1527 quis
3587 1474 3697 1513 non

2111 1560 2208 1600 ore
2255 1556 2447 1615 aperto
2481 1546 2701 1611 clamet,
2737 1564 2846 1602 non
2892 1563 3012 1603 esse
3061 1548 3203 1604 hanc
3251 1561 3496 1604 sanctam
3532 1566 3698 1622 syno-

2113 1637 2265 1702 dum,
2304 1651 2407 1691 nec
2451 1637 2748 1707 vestigium
2795 1638 3011 1708 synodi,
3060 1654 3164 1693 nec
3194 1639 3431 1694 similem
3487 1642 3699 1696 umbras

2114 1726 2331 1798 synodi,
2363 1727 2459 1781 sed
2503 1727 2824 1783 insanorum
2875 1729 3161 1782 hominum
3205 1732 3428 1785 inventa
3460 1747 3696 1800 nequam

2114 1819 2309 1873 orbem
2352 1827 2626 1873 terrarum
2655 1820 3075 1889 perturbantia?
3099 1820 3239 1886 Quid
3273 1820 3388 1875 ita?
3418 1822 3695 1886 Quoniam

2118 1926 2227 1964 non
2262 1926 2329 1965 ex
2362 1912 2638 1966 sententia
2673 1911 2905 1967 Romani
2937 1913 3259 1981 pontiﬁcis;
3301 1916 3561 1983 quoniam
3593 1914 3696 1969 im-

2118 2010 2337 2070 perator
2384 2001 2785 2066 Romanorum,
2819 2004 2909 2058 cui
2967 2004 3084 2059 haec
3139 2006 3379 2074 desuper
3438 2006 3697 2061 mandata

2117 2102 2270 2157 sunt,
2301 2108 2409 2148 non
2442 2094 2561 2164 ipse
2604 2095 2954 2161 convocavit,
2983 2096 3081 2151 sed
3115 2097 3181 2150 ad
3231 2097 3384 2167 prius
3425 2112 3696 2152 convoca.

2117 2195 2225 2238 tam
2258 2186 2406 2241 velut
2440 2186 2715 2257 quispiam
2768 2189 2938 2243 idiota
2978 2199 3034 2244 et
3076 2192 3323 2260 privatus
3372 2195 3692 2247 arcessitur.

2115 2276 2195 2330 Tu
2228 2292 2382 2344 vero,
2416 2279 2719 2348 imperator
2748 2282 2977 2351 optime,
3030 2284 3174 2353 leges
3220 2299 3249 2337 a
3302 2285 3550 2353 patribus
3585 2287 3696 2341 tuis

2115 2370 2255 2424 latas
2287 2370 2587 2441 divinoque
2625 2372 2750 2442 jure
2789 2385 3145 2430 conservatas
3174 2378 3462 2432 considera
3496 2387 3553 2433 et
3593 2380 3695 2432 ad-

2083 2463 2337 2517 .mirare.
2394 2463 2474 2518 llli
2535 2478 2660 2519 cum
2716 2467 2907 2521 multis
2960 2469 3222 2537 gentibus
3287 2469 3694 2540 imperitarent,

2116 2555 2349 2611 Romani
2404 2557 2647 2628 episcopi
2702 2561 3035 2615 auctoritate
3102 2561 3347 2632 synodos
3402 2563 3695 2631 cogebant.

2115 2642 2357 2699 Fortuna
2401 2646 2752 2715 postmodum
2784 2656 3147 2715 commutata,
3180 2649 3372 2704 eadem
3409 2650 3696 2704 nihilomi-

2114 2749 2219 2789 nus
2249 2735 2515 2806 dignitate
2545 2752 2636 2791 tua
2668 2746 2725 2792 et
2759 2739 3119 2808 antiquorum
3154 2752 3537 2810 permanente,
3570 2758 3695 2797 cum

2112 2823 2179 2878 ad
2204 2826 2644 2883 emendationem
2666 2828 2926 2884 Ecclesiae
2947 2831 3239 2901 agitandus
3256 2841 3342 2887 est
3367 2844 3696 2900 conventus,

2113 2926 2168 2967 ct
2219 2930 2383 2970 nemo
2433 2918 2560 2988 jure
2612 2929 2815 2988 praeter
2865 2922 3255 2991 imperatorem
3324 2924 3699 2981 Romanorum

2116 3018 2353 3078 tempus,
2391 3021 2447 3065 ct
2476 3012 2679 3075 locum,
2711 3023 2767 3067 et
2808 3015 3032 3069 modum
3076 3016 3313 3073 delinire
3336 3020 3530 3087 possit,
3568 3022 3698 3092 quia

2114 3115 2249 3169 opes
2300 3110 2406 3155 tua;
2456 3101 2687 3157 inﬁrma:
2746 3115 2897 3171 sunt,
2952 3106 3096 3161 Deus
3132 3108 3343 3177 judicio
3387 3109 3535 3179 quod
3584 3112 3702 3182 ipse

436 3201 535 3253 καὶ
569 3200 667 3270 τῆς
695 3199 940 3263 ὲνώσεως
971 3200 1163 3270 αὐτῆς,
1194 3202 1408 3263 οὐδενὸς
1436 3202 1469 3272 ἢ
1500 3202 1698 3269 ὀλίγων
1734 3203 1881 3255 πάνυ
1919 3204 2012 3255 ἀν-

2121 3194 2272 3248 novit
2300 3193 2352 3247 in
2376 3194 2482 3248 hoc
2508 3196 2851 3253 necessitatis
2883 3213 2997 3253 rem
3021 3201 3315 3267 conclusit,
3362 3211 3423 3257 ut
3468 3213 3522 3257 tu
3551 3204 3705 3261 solus

435 3292 761 3361 τιλεγὸντων
798 3291 986 3354 τανῦν,
1024 3294 1206 3363 μικρῷ
1238 3293 1284 3347 δ’
1328 3292 1555 3362 ὕστερον
1580 3298 1797 3348 πάντων
1830 3295 2014 3358 ἁπλῶς

445 3388 545 3454 τὴν
576 3385 676 3455 σὴν
708 3384 965 3453 θειότητα
1000 3387 1222 3438 πάντων
1251 3386 1361 3438 τῶν
1388 3386 1571 3439 καλῶν
1603 3388 1788 3440 αἰτίαν
1812 3388 2017 3457 ἀνακη-

441 3478 731 3549 ρυξὸντων.
789 3479 899 3531 Καὶ
929 3477 1086 3531 τοῦτο
1120 3478 1179 3530 οὐ
1208 3478 1461 3531 τοσοῦτον
1496 3478 1810 3549 θαυμαστὸν
1834 3480 2029 3533 καίτοι

441 3569 499 3622 δν
529 3570 869 3640 θαυμαστὸν,
905 3570 1027 3622 ὅσον
1059 3572 1237 3623 ἐκεῖνο
1260 3571 1396 3638 ὅπερ
1423 3571 1483 3624 τί,
1556 3572 1816 3641 ἐπιϐῆναι
1859 3575 2016 3639 μόνον

445 3657 539 3725 τῆς
581 3658 731 3727 νηὸς,
783 3658 878 3709 καὶ
928 3658 1082 3709 πλεῖν
1112 3658 1192 3719 εἰς
1257 3657 1489 3711 Ἰταλίαν
1548 3652 2018 3728 κατορθώσεις,ὧ

449 3748 689 3817 βασιλεῦ.
734 3748 855 3800 Τόδ⁹
902 3744 1016 3801 οἷον
1059 3751 1229 3814 ἐστιν,
1272 3750 1531 3815 ἄκουσον,
1587 3751 1764 3804 καίτοι
1817 3769 1880 3820 γε
1922 3756 2017 3805 καὶ

444 3841 594 3912 παρὰ
621 3840 820 3893 σαυτοῦ
850 3838 1028 3904 εἰδὼς,
1074 3840 1169 3892 καὶ
1202 3841 1331 3910 παρ’
1360 3840 1534 3894 ἄλλων
1566 3844 1699 3906 ἴσως
1752 3843 2015 3905 ἀκούσας’

442 3932 503 3984 οὗ
532 3934 638 4000 γάρ
666 3933 837 3985 κακὸν
876 3932 938 3984 τὸ
971 3932 1040 3984 τά
1092 3930 1317 3985 τοιαῦτα
1374 3931 1639 3996 πολλάκις
1692 3935 1788 3987 καὶ
1838 3934 2020 4003 λέγειν

440 4036 500 4075 τε
545 4024 638 4076 καὶ
697 4023 940 4077 ἀκούειν.
998 4022 1331 4089 Σπουδάζεις
1381 4025 1447 4077 σὺ
1487 4025 1784 4095 βασιλικῶς
1850 4028 2018 4098 μάλα,

440 4108 486 4169 ὧ
521 4114 766 4185 βασιλεῦ,
799 4118 877 4179 εἰς
920 4114 1049 4186 μίαν
1077 4119 1318 4187 ποίμνην
1353 4121 1449 4172 καὶ
1477 4121 1714 4191 ποιμένα
1761 4121 2022 4176 ἓναισυν-

443 4208 599 4274 ἀγειν
628 4207 689 4261 τὸ
709 4208 819 4261 τῶν
844 4209 1187 4277 Χριστιανῶν
1218 4210 1417 4276 ,γένος.
1488 4212 1673 4279 Ἀλγεί
1716 4213 1861 4267 τοῦτ’
1887 4215 2020 4268 αὐτὸ

440 4300 641 4353 ἐννοῶν
663 4302 691 4352 ὁ
708 4302 1110 4372 κοσμοκράτωρ
1132 4301 1401 4368 διάϐολος,
1429 4304 1524 4355 καὶ
1548 4304 1843 4360 σπουδάζει
1887 4308 2023 4374 προς

439 4392 499 4445 τδ
518 4387 822 4461 κωλῦσαιῷ
838 4395 900 4447 σὺ
918 4393 1264 4459 σπουδάζεις,
1283 4396 1469 4465 σχίσαι
1494 4398 1586 4449 καὶ
1605 4399 1704 4467 τὴν
1728 4398 1821 4452 νῦν
1837 4399 2024 4452 δοκοῦ-

450 4501 551 4539 σαν
579 4484 710 4555 μίαν
731 4486 952 4539 Ἰταλῶν
970 4484 1322 4555 Ἐκκλησίαν.
1374 4487 1646 4543 Τοσοῦτον
1673 4492 1783 4561 γάρ
1810 4492 2023 4561 ὁρμῶσι

2124 3302 2231 3338 non
2279 3288 2376 3351 sis,
2430 3287 2592 3343 sicuti
2643 3291 2959 3359 oportebat,
3012 3300 3067 3345 et
3095 3292 3203 3348 loci
3234 3303 3290 3349 et
3338 3297 3606 3367 temporis
3646 3310 3706 3353 et.

2123 3378 2267 3432 modi
2302 3389 2360 3432 et
2390 3380 2613 3435 unionis
2650 3382 2823 3451 ipsius
2853 3382 3134 3449 dominus,
3166 3386 3539 3453 nemine,‘aut
3576 3405 3709 3461 pau-

2120 3468 2201 3520 cis
2230 3468 2529 3524 admodum
2574 3471 2629 3525 in
2676 3487 2920 3541 praesens
2973 3477 3508 3545 contradicentibus,
3540 3482 3705 3550 paulo

2121 3570 2306 3614 autem
2346 3570 2467 3630 post
2499 3562 2563 3617 ad
2596 3579 2766 3617 unum
2795 3565 3054 3620 omnibus
3095 3568 3437 3640 majestatem
3470 3582 3618 3627 tuam
3647 3588 3708 3628 ut

2124 3650 2397 3706 bonorum
2438 3654 2687 3709 omnium
2735 3672 2955 3711 causam
2989 3666 3046 3713 et
3099 3668 3267 3729 caput
3301 3661 3703 3731 prmdicaturis.

2128 3748 2306 3815 Atque
2334 3746 2439 3801 hoc
2474 3757 2584 3801 tam
2616 3750 2872 3807 mirabile
2918 3766 3027 3806 non
3056 3763 3164 3819 est,
3204 3755 3527 3824 imperator,
3564 3767 3707 3815 tam-

2122 3838 2224 3891 etsi
2252 3844 2336 3891 est
2362 3838 2635 3905 mirabile,
2683 3856 2847 3909 quam
2894 3842 3029 3899 illud
3078 3854 3229 3900 recte
3263 3846 3465 3901 factum
3498 3850 3624 3913 erit,
3657 3851 3707 3905 si

2124 3934 2503 3983 tantummodo
2525 3931 2651 3985 navi
2684 3947 3004 3999 conscensa,
3031 3935 3083 3989 in
3112 3935 3327 3993 italiam
3355 3938 3704 3998 discesseris.

2126 4020 2272 4076 Istuc
2312 4024 2622 4092 cujusmodi
2664 4026 2737 4079 sit
2770 4027 2919 4089 audi,
2954 4031 3209 4098 quamvis
3241 4047 3341 4100 per
3386 4043 3438 4088 te
3476 4036 3621 4090 nosti
3653 4045 3709 4091 et

2124 4116 2191 4167 ab
2222 4116 2347 4170 aliis
2378 4115 2519 4171 forte
2546 4119 2807 4189 accepisti
2838 4136 2853 4185 ;
2886 4122 3026 4177 nihil
3072 4124 3221 4179 enim
3268 4126 3425 4182 obest
3454 4128 3579 4183 talia
3610 4144 3713 4183 sa:-

2126 4205 2250 4275 pius
2282 4205 2467 4261 dicere
2519 4216 2574 4261 et
2623 4208 2838 4263 audire.
2878 4210 2983 4265 Das
3019 4222 3076 4266 tu
3122 4229 3347 4283 operam
3398 4232 3495 4285 pro
3528 4218 3709 4275 oﬂicio

2128 4298 2478 4365 imperatoris
2510 4299 2587 4353 uti
2620 4300 3065 4357 Christianorum
3098 4320 3273 4375 genus
3300 4307 3352 4360 in
3386 4324 3556 4364 unum
3588 4325 3712 4380 gre-

2127 4405 2269 4460 gem,
2294 4392 2398 4447 sub
2418 4408 2527 4446 uno
2556 4402 2772 4461 pastore
2799 4395 3111 4465 colligatur.
3136 4397 3253 4453 Hoc
3279 4400 3456 4470 ipsum
3488 4403 3712 4458 intuens

2130 4483 2389 4553 princeps
2442 4485 2608 4555 hujus
2660 4487 2853 4549 mundi
2882 4487 3137 4544 diabolus
3182 4493 3483 4561 cruciatur,
3528 4505 3708 4565 erepta

445 4578 582 4647 πρὸς
611 4579 671 4631 τὸ
700 4580 901 4631 οἰκεῖον
931 4580 1124 4648 ἐφετὸν
1154 4580 1455 4649 Γερμανῶν
1482 4584 1579 4634 καὶ
1605 4582 1823 4637 Γάλλων
1850 4585 2015 4650 τινὲς,

2129 4584 2219 4629 tua
2267 4576 2554 4645 impedire,
2590 4579 3006 4648 Ecclesiamque
3037 4581 3356 4639 Latinorqu
3398 4603 3520 4655 quae
3564 4603 3713 4641 nunc

441 4670 535 4721 τὸν
569 4669 669 4739 μὲν
696 4670 790 4723 νῦν
815 4671 944 4723 ὄντα
967 4670 1225 4724 καθελεῖν
1251 4672 1455 4736 ἀδίκως
1489 4674 1827 4745 βουλόμενοι,
1861 4677 2021 4731 ἄλλον

441 4762 500 4814 δὲ
520 4763 863 4831 ἀντεισάγειν
882 4764 1167 4834 ἀρχιερέα,
1186 4764 1404 4823 Γάλλον.
1428 4770 1459 4836 ἢ
1484 4769 1696 4829 πάντως
1725 4768 2021 4839 βάρϐαρον,

442 4853 572 4907 ὥστ’
604 4856 706 4925 ἥδη
752 4855 1041 4926 διέρρηξαν
1095 4858 1160 4910 ἂν
1207 4857 1306 4926 τὴν
1355 4858 1686 4929 Ἐκκλησίαν
1738 4862 1875 4914 Θεοῦ
1928 4865 2024 4915 καὶ

444 4949 815 5017 συνετάραξαν
847 4951 1045 5013 πάντα,
1079 4954 1127 5003 εἰ
1162 4951 1238 5020 μὴ
1268 4952 1495 5021 ᾐδοῦντο
1520 4954 1594 5024 μὴ
1627 4954 1886 5024 ῥέψαντός
1921 4971 2013 5005 σου

447 5038 584 5108 πρὸς
626 5039 861 5092 Ἰταλίαν
893 5042 1208 5111 κραταιωθῇ
1244 5044 1342 5111 μὲν
1368 5044 1436 5096 τὰ
1470 5044 1563 5096 τοῦ
1595 5046 2022 5114 μακαριωτάτου

444 5131 665 5194 πάππα,
700 5131 943 5201 συγχυθῇ
992 5132 1048 5184 δὲ
1077 5132 1145 5184 τά
1188 5132 1391 5186 αὐτῶν·
1422 5132 1479 5199 ἐξ
1524 5128 1601 5186 ὧν
1635 5133 1921 5204 πρόδηλον,
1948 5134 2023 5196 ὡς

444 5228 491 5277 εἰ
524 5225 598 5294 μὴ
624 5223 865 5298 πλεύσῃ;
892 5225 973 5286 εἰς
1012 5224 1263 5289 Ἰταλίαν,
1299 5226 1498 5277 ἑνῶσαι
1528 5224 1815 5295 βουληθεὶς
1843 5225 2024 5294 πολλῷ

450 5316 651 5385 μᾶλλον
683 5316 913 5385 σχίσεις,
942 5317 1035 5367 καὶ
1067 5315 1291 5382 συνάξαι
1320 5316 1629 5378 σπουδάσας
1655 5316 2022 5385 Χριστιανοὺς

444 5408 763 5476 σκορπίσεις
792 5408 887 5459 καὶ
920 5405 1195 5467 κακώσεις
1224 5408 1438 5459 ἀνίατα.
1469 5407 1559 5478 Τῷ
1592 5407 1722 5475 γοῦν
1758 5406 2027 5479 βουληθῆ-

446 5517 533 5553 ναι
562 5500 656 5552 καὶ
683 5499 843 5567 μόνον
870 5496 1031 5568 δεῦρο
1070 5498 1227 5551 πλεῖν
1258 5498 1502 5561 ἔπαυσας
1549 5502 1647 5569 τὴν
1680 5501 1892 5565 στάσιν,
1922 5502 2022 5569 τὴν

447 5592 622 5661 ζάλην
671 5590 930 5659 ἔστησας,
981 5590 1212 5653 ἔσϐεσας
1258 5590 1357 5660 τὴν
1395 5592 1823 5662 ὰγριαινομένην
1878 5597 2020 5645 κατὰ

443 5687 543 5753 τῆς
586 5681 918 5750 Ἐκκλησίας
951 5682 1150 5750 φλόγα.
1184 5683 1295 5737 Καὶ
1335 5683 1496 5737 τοῦτο
1541 5685 1641 5736 οὐκ
1678 5685 1808 5754 ἐμὸς
1840 5685 2019 5751 λόγος,

442 5774 581 5827 ἀλλὰ
628 5773 850 5826 πάντων
881 5774 1090 5837 ἁπλῶς·
1124 5773 1268 5827 οὕτω
1296 5775 1404 5845 γὰρ
1435 5779 1504 5828 τά
1554 5777 1651 5845 τῆς
1690 5777 2022 5846 Ἐκκλησίας

440 5866 798 5937 ταράττεται,
834 5866 931 5919 καὶ
967 5867 1226 5921 τοσοῦτον
1266 5868 1443 5939 ἔρωτα
1490 5870 1585 5922 καὶ
1628 5870 1738 5924 τῶν
1785 5869 1887 5925 ὦδε
1928 5875 2022 5925 καὶ

2136 4685 2241 4723 una
2274 4670 2516 4734 videtur,
2564 4672 2873 4728 discindere
2914 4675 3160 4729 molitor.
3215 4676 3529 4748 Tantopcre
3562 4682 3710 4737 enim

2134 4761 2200 4815 ad
2234 4762 2554 4831 explendam
2609 4765 2964 4834 cupiditatem
3002 4782 3156 4820 suam
3205 4769 3608 4825 Germanorum
3662 4784 3715 4827 ct

2133 4854 2414 4907 Gallorum
2449 4856 2673 4924 quidam
2715 4856 2991 4923 feruntur,
3020 4875 3144 4913 eum
3178 4861 3410 4925 scilicet,
3440 4865 3534 4930 qui
3568 4882 3716 4919 nunc

2139 4948 2516 5017 pontiﬁcatum
2570 4950 2869 5003 maximum
2929 4951 3071 5019 gerit
3113 4952 3283 5021 gradu
3328 4955 3606 5019 movendi,
3661 4968 3719 5010 et

2133 5042 2301 5094 alium
2346 5043 2682 5109 pontiﬁcem,
2716 5043 2929 5097 Gallum
2959 5054 3108 5113 puta,
3140 5048 3481 5100 automnino
3515 5047 3717 5102 barba-

2141 5150 2282 5198 rum,
2312 5146 2503 5187 contra
2543 5136 2938 5196 substituendi.
2975 5148 3034 5191 ut
3076 5139 3185 5208 jam
3214 5139 3575 5203 diripuissent
3613 5142 3719 5195 Ec-

2136 5226 2358 5280 clesium
2411 5227 2527 5292 Dei,
2563 5243 2896 5298 sursumque
2940 5247 3004 5286 ac
3052 5233 3310 5287 deorsum
3364 5234 3720 5287 miscuissent

2137 5320 2348 5382 omnia,
2383 5321 2488 5374 nisi
2523 5334 2866 5386 vererentur,
2900 5340 2966 5376 ne
3015 5333 3066 5378 te
3116 5325 3168 5377 in
3201 5325 3410 5379 Italiam
3448 5325 3717 5394 profecto,

2137 5428 2287 5480 papa).
2319 5415 2561 5467 rationes
2612 5415 3072 5481 corroborentur,
3119 5418 3476 5487 ipsorumque
3525 5421 3722 5472 del.ili-

2136 5514 2341 5559 tentur.
2375 5508 2449 5559 Ex
2488 5508 2691 5576 quibus
2738 5512 3093 5578 perspicuum
3142 5514 3220 5572 lit,
3268 5512 3374 5565 nisi
3410 5512 3461 5565 in
3510 5513 3720 5566 Italnam

2133 5599 2199 5652 ad
2233 5599 2585 5653 concordiam
2639 5600 3043 5654 rcsarciendam
3096 5604 3341 5674 naviges,
3377 5606 3615 5674 atnplius
3660 5616 3712 5657 te

2138 5691 2437 5745 Ecclesiam
2472 5693 2797 5757 scissurum,
2828 5702 2884 5747 et
2926 5709 3052 5747 cum
3087 5694 3436 5751 Christianos
3464 5698 3517 5751 in
3548 5714 3717 5752 unum

2134 5797 2466 5853 congregare
2495 5786 2804 5851 studueris,
2839 5786 3244 5855 dispersorum,
3291 5800 3347 5844 et
3389 5791 3722 5847 aiﬂiclurum

2141 5876 2312 5947 plagis
2373 5879 2797 5934 insanabilibus.
2858 5879 2983 5935 Sola
3041 5882 3208 5954 igitur
3261 5883 3546 5941 voluntate
3594 5885 3726 5942 iliuc
