4098 6440
340 411 446 474 905
1161 415 1525 476 EPISTULA
1577 415 1676 474 AD
1716 416 1924 476 JOAN]

2030 416 2074 473 M
2123 416 2204 474 PA
2219 417 2550 478 l..EOLOG.
2595 417 2748 478 IMP.
3493 415 3612 496 .906

341 529 665 584 e‘iéwuseat
709 529 904 602 νομίζῃ
951 530 1009 584 τὺ
1045 531 1234 603 πῦρ·ῆ
1268 532 1424 602 εἴπερ
1453 553 1533 593 τις
1582 535 1920 598 διατείνηται

2030 533 2170 584 enim
2213 534 2426 603 ignoro,
2471 543 2522 587 te
2555 533 2870 602 frequenter
2910 529 3128 606 rogaSse
3165 536 3334 592 Deum
3370 537 3448 590 uti
3481 539 3614 593 sim-

340 629 434 679 τὸν
463 625 596 680 δόκα
639 625 920 688 ταλάντοις
972 625 1232 680 ἐθέλοντά
1273 645 1329 678 τι
1377 625 1572 690 ποιεῖν,
1596 627 1742 680 τοῦτ’
1792 627 1923 680 αὐτὸ

345 719 422 787 μὴ
459 717 791 788 βουληθῆναι
841 717 1016 768 ποιεῖν
1049 716 1129 784 τῷ
1159 715 1240 779 δὶς
1268 716 1400 768 δέκα
1437 715 1924 785 προσεξευρίσκειν

337 811 604 863 τὰλαντα.
630 807 798 861 Ἀλλὰ
826 808 1001 862 ταῦτα
1037 811 1136 878 μὲν
1165 809 1332 864 ἐάσω·
1367 809 1488 863 οὐδὲ
1520 810 1630 877 γὰρ
1655 809 1764 878 ὁρῶ
1780 825 1834 860 τι
1861 807 1923 858 τὸ

342 901 590 956 κωλῦσον
641 900 796 968 ἥξειν
825 917 906 954 σε.
941 893 1128 970 ’ᾙπερ
1159 899 1331 954 πολλὰ
1359 899 1722 962 ὲσπούδασας,
1748 887 1922 965 πάρε-

340 1015 461 1050 στιν
487 995 580 1048 ἐπὶ
629 993 824 1063 θύραις
855 995 888 1061 ἡ
921 993 1028 1045 τῶν
1067 992 1406 1062 Ἐκκλησιῶν
1433 993 1650 1061 εἰρήνη*
1683 991 1778 1044 καὶ
1823 990 1924 1059 οὐκ

340 1089 478 1158 αὕτη
539 1087 724 1158 μόνον,
759 1084 894 1138 ἀλλὰ
953 1084 1047 1138 καὶ
1098 1086 1132 1154 ἡ
1189 1087 1290 1153 τῆς
1346 1083 1568 1154 Ῥώμης
1626 1081 1924 1152 Ἐκκλησία

341 1181 661 1252 φλυκταίνει
690 1179 1022 1243 οίδαίνουσα,
1055 1182 1150 1234 καὶ
1193 1178 1484 1232 ἐπιϐοᾶται
1515 1179 1614 1247 τὴν
1665 1176 1764 1247 σὴν
1792 1192 1926 1246 προ-

343 1269 595 1329 στασίαν.
633 1269 732 1330 Οἷς
773 1272 832 1326 δὲ
869 1273 980 1326 τῶν
1006 1271 1267 1324 τοιούτων
1296 1270 1470 1338 μέλει,
1508 1269 1920 1336 ἁπαξάπαντες,

338 1365 706 1435 αὐτόκρατορ,
741 1363 824 1424 είς
855 1361 914 1414 σὲ
953 1360 1248 1430 βλέπουσιν
1282 1360 1378 1428 οὐχ
1409 1355 1594 1430 ἦττον,
1631 1360 1661 1428 ἢ
1693 1361 1742 1410 εἰ
1781 1357 1923 1411 κατά

337 1456 754 1511 Κωνσταντῖνον
791 1455 998 1506 ἐκεῖνον
1052 1455 1144 1504 τὸν
1191 1451 1468 1522 Μέγαν.ῆ
1527 1451 1832 1516 Θεοδόσιον,
1890 1454 1920 1523 ἢ

349 1547 736 1602 Ἰυυστινιανδν
785 1545 1018 1615 λαμπρά
1073 1563 1156 1598 σοι
1189 1546 1418 1598 ἐπέπνει
1468 1545 1535 1596 τὰ
1585 1545 1686 1612 τῆς
1729 1545 1920 1614 τύχης.

340 1640 452 1692 Καὶ
489 1639 566 1706 τῷ
615 1639 729 1690 ὄντι
779 1636 1027 1700 ἐλθόντος
1070 1654 1186 1700 σου,
1237 1635 1312 1696 ὡς
1349 1635 1454 1690 ὑπὸ
1489 1634 1646 1703 ἡλίου
1697 1635 1923 1702 ἀστέρες

339 1731 450 1784 τῶν
479 1731 586 1798 πρὸ
617 1729 712 1783 σοῦ
741 1729 1164 1798 αὐτοκρατόρων
1199 1728 1232 1796 ἡ
1261 1727 1418 1796 φήμη
1442 1729 1508 1796 τῇ
1542 1731 1606 1795 σῇ
1637 1725 1761 1795 δόξῃ
1791 1743 1918 1795 κρυ-

341 1823 592 1891 ϐήσεται·
621 1822 818 1874 ἐκεῖνοι
852 1820 960 1890 γὰρ
1007 1819 1178 1872 πολλὰ
1210 1819 1279 1872 ἂν
1316 1821 1408 1871 καὶ
1445 1819 1540 1890 βίᾳ
1574 1816 1922 1887 κατορθῶσαι

333 1913 532 1978 δόξωσι
567 1915 679 1976 τοῖς
715 1913 893 1982 ὀρθῶς
945 1911 1288 1976 ἐξετάζουσιο
1323 1914 1438 1973 τοῖς
1489 1911 1599 1982 γὰρ
1660 1910 1922 1980 μεγάλοις

329 2007 632 2066 δυνάσταις
693 2007 726 2076 ἡ
781 2003 876 2058 τοῦ
938 2003 1131 2072 βιαίως
1193 2002 1368 2056 πολλὰ
1419 2005 1596 2054 ποιεῖν
1648 2001 1920 2070 ὑπόληψις

267 2087 284 2104 ί
333 2097 556 2152 ἕπεταιο
593 2097 659 2150 σὺ
689 2097 746 2150 δὲ
779 2096 882 2168 πρὸ
921 2096 1136 2148 πολλῶν
1171 2095 1273 2166 ἠδη
1311 2093 1518 2162 γενεῶν
1553 2094 1920 2146 ἀντι-πνευσά-

335 2211 441 2264 σης
489 2191 572 2262 τῷ
629 2190 780 2259 γένει
829 2189 934 2258 τῆς
979 2189 1172 2260 τύχης,
1231 2189 1520 2258 φρονήσει.
1579 2185 1918 2258 δικαισούνῃ,

336 2285 614 2355 πραότητι
641 2285 737 2336 καί⁵
767 2284 886 2344 ταῖς
909 2280 1096 2342 ἄλλαις
1124 2282 1351 2350 ἀρεταῖς
1381 2278 1468 2342 αἷς
1508 2297 1604 2334 σου
1632 2279 1691 2332 τὸ
1719 2279 1921 2348 κράτος

337 2383 686 2451 ὲκᾶσμησας,
716 2381 816 2450 τήν
843 2397 904 2432 τι
943 2377 1276 2448 Ἐκκλησῖαν
1305 2379 1384 2440 εἰς
1420 2376 1654 2430 Ἰταλίαν
1681 2375 1921 2438 πλεύσας

337 2476 602 2546 ἀκέραιον
653 2473 1044 2542 συντηρήσεις,
1097 2471 1190 2525 xui.
1235 2470 1304 2523 τὰ
1343 2469 1686 2540 διαιρεθέντα
1733 2469 1922 2531 κακῶς

337 2569 648 2634 συζεύξεις,
679 2563 864 2628 καλῶς
911 2564 1008 2617 καὶ
1049 2561 1118 2616 τὰ
1150 2561 1253 2630 τῆς
1300 2561 1578 2632 βασιλείας
1613 2560 1922 2630 ἐπανορθώ-

336 2681 476 2728 σεις.
513 2666 608 2716 καὶ
633 2659 890 2732 παρέξεις
917 2661 1030 2722 τοῖς
1061 2656 1201 2727 μετὰ
1237 2656 1295 2709 σὲ
1325 2655 1538 2708 πολλῶν
1563 2653 1734 2708 ἐθνῶν
1762 2654 1918 2722 βασι-

331 2759 606 2812 λεύουσαν
623 2755 720 2826 τὴν
741 2748 808 2826 ἧς
833 2753 1052 2824 κρατεῖς
1085 2751 1265 2806 πόλιν.
1297 2742 1397 2802 Ὧν
1425 2747 1740 2802 τούναντίον
1775 2746 1922 2800 ἅπαν

339 2849 440 2903 τοῦ
485 2847 560 2918 μὴ
613 2847 788 2900 ἐλθεῖν
820 2863 878 2898 σε
925 2844 1140 2912 ἕψεται·
1173 2841 1233 2894 οὐ
1271 2841 1380 2909 γὰρ
1409 2840 1584 2900 ἔσται,
1620 2839 1720 2892 οὐκ
1768 2837 1920 2890 ἐσ.·αι

337 2938 440 2994 τοῦ
489 2937 680 2991 λοιποῦ
727 2936 905 3000 ἐλπὶς,
941 2929 986 2988 ὦ
1025 2931 1272 3003 βασιλεῦ,
1320 2929 1418 2984 τοῦ
1477 2927 1674 2998 καιροῦ
1727 2925 1920 2980 τούτιυ

341 3031 710 3104 παρελθόντος
739 3029 1040 3098 ἐπιχειρεῖν
1073 3023 1256 3078 ἰᾶσθαι
1290 3023 1359 3076 τὰ
1391 3022 1770 3093 συντριϐέντα·
1805 3020 1920 3082 πῶς

334 3127 446 3197 γὰρ
473 3127 612 3178 ὅπου
659 3121 754 3176 καὶ
801 3122 868 3174 τὰ
917 3119 1180 3173 δοκοῦντα
1218 3115 1475 3186 εὐσθενῆ,
1513 3115 1606 3168 καὶ
1651 3113 1728 3176 ὡς
1766 3113 1921 3180 τείχη

336 3217 682 3280 Ιῖαόυλὼνια,
727 3215 798 3267 τὰ
843 3213 943 3282 τῆς
979 3211 1198 3280 Ῥώμης
1243 3208 1410 3277 λέγω,
1443 3207 1675 3269 σείεται,
1706 3205 1800 3256 καὶ
1831 3220 1925 3255 σα-

335 3314 484 3367 λεύει
529 3311 626 3363 ἐπὶ
669 3307 934 3378 κυμάτων
965 3306 1264 3374 ίστάμενα;
1297 3302 1408 3357 Καὶ
1444 3301 1545 3352 οὐκ
1573 3299 1722 3351 ἐστιν
1753 3298 1919 3363 ἐκφυ-

338 3407 454 3474 γεῖν
499 3403 600 3474 τὴν
649 3399 845 3469 ζάλην,
881 3397 932 3450 εί
985 3397 1063 3465 μὴ
1097 3393 1398 3461 ἐπιϐάλλῃς
1425 3390 1504 3460 τῷ
1535 3389 1782 3460 πηδαλίῳ
1815 3388 1919 3458 τὴν

338 3497 542 3564 δεξιάν.
577 3493 725 3563 Ἐγὼ
753 3492 812 3546 δὲ
843 3490 904 3546 οὑ
939 3489 1204 3560 βούλομαι
1235 3488 1336 3558 μὲν
1364 3483 1433 3538 τὰ
1457 3484 1700 3538 κάκιστα
1727 3481 1920 3553 προλέ-

342 3607 480 3660 γεινο
514 3589 834 3658 ὠθούμενος
884 3585 943 3637 δὲ
995 3585 1107 3644 τοῖς
1159 3580 1510 3651 πράγμασιν,
1563 3577 1623 3629 οὐ
1681 3575 1921 3643 δύναμαι

348 3684 592 3752 κατέχειν
613 3678 872 3752 ἐμαυτόν·
897 3677 946 3730 εί
971 3677 1048 3747 μὴ
1069 3674 1310 3744 πλεύσῃς
1327 3673 1408 3734 εἰς
1439 3667 1696 3730 Ἰταλίαν,
1719 3667 1828 3720 ῐσθι
1849 3666 1924 3730 ὼς

349 3777 634 3838 ἀπώλεσας
679 3773 740 3828 τὸ
785 3772 894 3826 τῶν
923 3769 1269 3840 Χριστιανῶν
1297 3767 1476 3834 γένος,
1514 3761 1826 3832 διέφθειρας
1857 3758 1926 3811 τὰ

343 3872 444 3940 τῆς
483 3867 836 3938 Ἐκκλησίας.
875 3865 940 3915 Ὠ
967 3861 1060 3915 τοῦ
1091 3859 1416 3929 πτώματος1
1449 3855 1576 3910 Οὔτ’
1605 3855 1654 3906 εί
1691 3854 1764 3922 μὴ
1787 3853 1928 3905 em-

341 3965 570 4032 θήσεται
617 3963 652 4033 ἡ
681 3959 790 4014 τῶν
820 3957 1096 4028 Γραικῶν,
1143 3955 1295 4008 ἔσται
1339 3951 1556 4022 Ῥώμης
1601 3945 1921 4016 Ἐκκλησία,

344 4061 439 4111 καὶ
469 4057 516 4125 ἡ
555 4054 665 4108 τῶν
723 4051 975 4124 Γραικῶν
1008 4048 1212 4119 ταύτης
1261 4045 1586 4114 σφαλείσης,
1613 4041 1758 4094 ὀκνῶ
1801 4038 1921 4109 μὲν,

339 4151 480 4214 λέξω
509 4149 564 4200 δὲ
596 4148 766 4217 ὅμως,
799 4145 862 4199 τὸ
888 4143 1154 4211 παράπαν
1180 4141 1489 4210 οίκήσεται.

2029 627 2248 697 pliciter
2285 628 2539 684 Ecclesiae
2575 629 2628 682 in
2667 631 2954 698 pristinam
2989 630 3341 686 concordiam
3391 633 3621 686 reduee:

2029 727 2240 772 rentur.
2273 718 2367 774 llle
2397 735 2549 782 vero,
2585 736 2695 788 quo
2733 722 3040 790 promptius
3077 722 3287 784 venias.
3318 723 3616 790 dupliciter

2029 806 2082 860 id
2120 807 2216 860 tibi
2237 809 2510 864 concedit.
2539 809 2678 877 Quid
2707 811 2915 878 igitur?
2945 825 3054 880 quo
3077 813 3220 867 Dens
3245 813 3426 866 zelum
3461 826 3614 868 tutnu

2025 901 2198 970 magis
2227 903 2530 956 exsuscitat
2559 916 2612 958 et
2640 919 2884 958 amorem
2925 905 3310 960 vehementius
3335 907 3610 970 accendit,

2028 992 2150 1056 ltoc,
2185 1007 2252 1046 ne
2293 993 2689 1062 impedimento
2734 997 2824 1063 sit,
2861 1014 2890 1050 a
2921 997 3612 1066 quibusdam.timcbitur?

2026 1081 2172 1138 Istuc
2201 1083 2378 1139 simile
2405 1095 2514 1150 est,
2547 1097 2607 1141 ut
2652 1091 2697 1141 si
2734 1089 2860 1158 quis
2905 1091 3028 1143 oleo
3073 1089 3251 1159 ignem
3291 1107 3397 1143 non
3435 1094 3610 1161 pasci,

2025 1177 2120 1232 sed
2151 1180 2424 1248 exstingui
2455 1189 2724 1244 autumet.
2762 1189 2856 1234 aut
2886 1181 2930 1235 si
2971 1183 3097 1250 quis
3130 1181 3383 1237 afﬁrmet.
3423 1185 3612 1238 dceeui

2029 1267 2249 1322 talentis
2291 1269 2532 1337 acceptis
2578 1269 2852 1326 volentem
2910 1271 3192 1340 quippiam
3241 1273 3438 1334 facere,
3475 1273 3618 1326 idem

2027 1363 2114 1418 bis
2155 1365 2344 1418 decem
2405 1365 2625 1420 talentis
2669 1365 3022 1434 acquirendis
3069 1367 3210 1421 nolle
3262 1367 3461 1422 facere.
3513 1367 3618 1420 Sed

2026 1454 2143 1508 hinc
2181 1457 2470 1514 omittam;
2509 1471 2610 1510 nec
2639 1459 2788 1511 enim
2825 1456 3007 1522 video,
3039 1458 3170 1526 quid
3209 1469 3260 1512 te
3289 1459 3356 1511 ab
3381 1457 3618 1512 adventu

2027 1549 2308 1604 retardare
2331 1558 2514 1620 queat.
2543 1549 2646 1606 Cui
2682 1552 2982 1620 plurimum
3007 1553 3296 1615 studuisti,
3327 1553 3378 1605 in
3409 1553 3622 1607 foribus

2026 1640 2180 1694 adest
2217 1640 2584 1694 Ecelesiarum
2620 1657 2738 1710 pax.
2775 1641 2885 1694 Nec
2915 1641 3026 1711 ipsa
3065 1651 3153 1694 tua
3187 1643 3388 1705 solum,
3424 1643 3519 1696 sed
3565 1651 3622 1696 et

2027 1732 2276 1786 Romana
2324 1731 2568 1786 Ecnlesia
2621 1733 2860 1803 pustulis
2909 1743 2964 1787 et
3019 1735 3333 1787 tumoribus
3382 1735 3617 1798 laborat,

1979 1881 1998 1926 ι
2029 1834 2292 1892 tuamque
2327 1839 2486 1893 opem
2530 1823 2761 1895 ﬂagitat.
2799 1825 2952 1890 Quos
2989 1837 3174 1880 autem
3208 1826 3416 1896 negotii
3459 1827 3620 1882 istius

2029 1933 2161 1972 cura
2187 1917 2469 1979 sollicitat,
2500 1917 2662 1970 simul
2689 1935 2903 1981 omnes,
2929 1919 3246 1986 imperator,
3278 1920 3344 1974 ad
3372 1929 3422 1974 te
3447 1921 3622 1988 respi-

2027 2011 2203 2072 eiunt.
2246 2025 2352 2064 non
2406 2010 2589 2062 minus
2619 2025 2780 2078 qualn
2811 2011 2878 2075 si,
2911 2022 2970 2064 ut
3003 2011 3365 2066 Constantino
3393 2013 3485 2065 illo
3506 2013 3616 2066 Mu-

2027 2118 2155 2172 guo,
2189 2112 2286 2155 aut
2317 2101 2654 2162 Theodosio.
2690 2113 2786 2158 aut
2835 2104 3148 2160 .lnstiuiauo
3181 2105 3467 2175 Splendida
3521 2107 3617 2158 tilui

2029 2196 2250 2250 fortuna
2292 2195 2584 2264 aspirarct.
2629 2194 2691 2248 Et
2747 2211 2964 2262 revera,
3016 2212 3140 2250 cum
3178 2198 3417 2258 veneris.
3472 2198 3618 2251 haud

2029 2303 2189 2342 serus
2219 2301 2381 2356 quam
2416 2301 2444 2339 a
2495 2286 2628 2340 solis
2680 2285 2890 2354 fulgore
2938 2287 3222 2341 stellarum
3257 2289 3370 2350 lux,
3414 2304 3620 2355 praece-

2027 2380 2277 2434 dentium
2331 2379 2722 2446 imperatorum
2769 2378 2910 2432 fama
2976 2369 3164 2446 gloria}
3217 2389 3322 2433 ture
3369 2379 3618 2434 claritate

2028 2471 2435 2526 obseuralzitur.
2461 2470 2596 2524 Nam
2625 2471 2700 2524 illi
2729 2469 2898 2524 inulta
2924 2470 3088 2524 etiam
3121 2485 3218 2538 per
3244 2469 3351 2523 vim
3377 2473 3444 2536 (si
3472 2471 3620 2538 juste

2030 2579 2144 2617 rem
2204 2563 2606 2633 expendamus)
2669 2563 2812 2616 bene
2873 2561 3068 2617 fecisse
3123 2561 3300 2617 videri
3363 2573 3616 2630 possunt.

2029 2655 2206 2725 Magni
2236 2655 2440 2726 quippe
2465 2655 2750 2726 principes
2773 2669 2838 2708 ac
2862 2655 3104 2725 dynasta:
3135 2655 3410 2710 violentia:
3439 2657 3623 2726 suspi—

2029 2752 2244 2805 cionem
2299 2765 2410 2804 non
2456 2749 2751 2820 eﬂ‘ugiunt.
2791 2749 2872 2803 Tn
2906 2765 3062 2814 vero,
3093 2758 3220 2804 ante
3267 2751 3467 2804 multas
3508 2751 3620 2821 jam

2029 2851 2220 2897 anates
2269 2841 2456 2912 generi
2511 2851 2606 2896 tuo
2653 2843 2980 2896 adversante
3029 2841 3269 2905 fortuna,
3305 2842 3620 2910 prudentia,

2025 2934 2260 3005 justitia,
2295 2933 2744 2996 mansuetudine.
2781 2935 3108 3002 exterisque
3142 2934 3462 2997 virtutibus,
3496 2937 3620 3002 qui-

2029 3027 2134 3082 bus
2161 3025 2450 3095 imperium
2485 3033 2638 3078 tuum
2671 3026 3078 3089 condecorasti,
3100 3035 3156 3080 et
3185 3025 3486 3080 Eeclesiam
3525 3041 3622 3079 na-

2031 3121 2304 3191 vigatione
2344 3120 2398 3174 in
2449 3119 2659 3174 ltaliant
2695 3129 2913 3188 peracta
2961 3121 3292 3174 incolumem
3324 3135 3622 3175 conserva-

2031 3212 2137 3278 bis,
2171 3221 2227 3266 et
2266 3212 2410 3266 male
2445 3211 2718 3280 disjuncta
2759 3212 2928 3280 probe
2975 3213 3285 3282 c0pulabis,
3343 3223 3398 3268 et
3445 3214 3622 3282 impc-

2029 3305 2170 3358 riutn
2208 3303 2566 3366 instaurabis.
2597 3310 2654 3358 et
2683 3319 2850 3372 quam
2893 3321 3040 3358 nunc
3071 3305 3290 3360 obtines
3319 3305 3622 3368 civitatem,

2028 3396 2218 3449 multis
2241 3394 2500 3464 gentibus
2527 3403 2652 3463 post
2677 3401 2728 3448 te
2749 3393 3112 3463 imperantem
3143 3394 3442 3462 relinques.
3467 3394 3624 3460 Quod

2030 3487 2076 3542 si
2108 3499 2218 3541 non
2249 3485 2462 3548 venias,
2491 3483 2719 3539 omnino
2747 3486 2942 3540 borum
3002 3485 3280 3539 contraria
3312 3495 3363 3540 te
3387 3501 3624 3556 sequen—

2033 3588 2144 3634 tur.
2180 3576 2338 3632 Haud
2372 3577 2519 3632 enim
2550 3576 2676 3643 erit,
2715 3577 2884 3638 haud,
2928 3577 3178 3644 inquam,
3210 3577 3317 3630 crit
3353 3578 3404 3630 in
3437 3588 3626 3646 poste-

2033 3687 2154 3727 rum
2179 3685 2326 3740 spes,
2355 3670 2676 3740 imperator,
2711 3671 2758 3724 si
2793 3681 3014 3739 tempus
3043 3671 3148 3724 ltoc
3175 3669 3521 3737 praeterierit,
3553 3671 3620 3724 ad

2033 3765 2400 3820 eontritorum
2447 3763 2814 3819 curationem.
2839 3763 3024 3818 accedi
3078 3777 3258 3830 posse.
3292 3761 3395 3827 Qui
3435 3762 3623 3815 enim?

2037 3855 2260 3926 quando
2292 3865 2349 3910 et
2379 3871 2500 3925 quae
2532 3855 2826 3924 praevalida
2858 3865 2914 3910 et
2959 3864 3216 3924 tauquam
3268 3855 3409 3907 muri
3449 3853 3624 3923 Baby-

2029 3949 2162 4004 lonii
2194 3959 2479 4018 apparent,
2507 3963 2592 4002 res
2625 3949 2884 4002 [tertianae
2907 3949 3121 4002 scilicet
3147 3951 3540 4001 coueutiuntur
3565 3957 3624 4000 et

2032 4039 2294 4096 ﬂuctibus
2330 4039 2626 4110 agitantur.
2689 4039 2798 4094 Nec
2859 4041 2940 4094 fas
3007 4039 3279 4094 turbinem
3337 4035 3621 4092 Ventorum

2033 4135 2264 4195 evitare.
2305 4133 2411 4188 nisi
2449 4144 2504 4186 ιιι
2537 4132 2916 4202 gubernaculo
2957 4133 3237 4186 dexteram
3284 4130 3621 4188 admitveris.

340 4243 606 4312 Equidem
663 4241 804 4295 adeo
861 4237 1162 4292 infaustum
1204 4235 1494 4290 vaticinari
1555 4234 1760 4296 nolim,
1820 4241 2204 4287 verumtamen
2256 4231 2418 4284 rebus
2477 4229 2611 4298 ipsis
2663 4227 3318 4297 compulsuscontinere
3373 4242 3458 4281 mc
3508 4243 3616 4282 non

339 4355 586 4409 possunt.
625 4334 740 4390 Nisi
796 4335 850 4388 in
894 4333 1102 4389 Italiam
1156 4331 1521 4400 navigaveris,
1549 4331 1689 4384 scito
1741 4337 1794 4383 te
1845 4329 2291 4384 Christianorum
2337 4340 2532 4404 [genus
2569 4323 2878 4392 prodidisse
2916 4335 2970 4378 et
3017 4323 3316 4378 Ecclesium
3389 4326 3441 4378 in
3495 4327 3622 4380 ulti-

339 4451 456 4488 mas
503 4429 844 4485 calamitates
891 4425 1282 4496 praecipitasse.
1315 4421 1362 4476 Ο
1390 4437 1580 4476 casum
1615 4422 1628 4472 !
1675 4421 1788 4474 Nec
1823 4419 1938 4489 ipsa
1984 4417 2222 4473 Retnana
2266 4417 2530 4482 Ecclesia,
2565 4416 2611 4470 si
2655 4415 2859 4472 Graeca:
2895 4431 3003 4470 nou
3037 4417 3278 4480 uitiatur,
3327 4419 3534 4483 stabit;
3571 4429 3627 4472 at

337 4527 548 4590 Cia-ca,
590 4521 914 4577 labefactata
947 4519 1190 4572 Rontana
1216 4556 1231 4578 .
1266 4529 1464 4569 vereor
1493 4514 1699 4577 dicere,
1733 4511 1909 4565 dicant
1949 4520 2149 4572 tamen,
2183 4511 2410 4563 omnino
2443 4511 2790 4578 pessumibit.

409 4621 617 4675 Ταῦτα.
640 4609 685 4670 ὦ
711 4613 952 4684 βασιλεῦ,
971 4605 1018 4666 ὧ
1033 4611 1394 4680 αὐτόκρατορ,
1417 4603 1570 4679 ᾧπερ
1589 4607 1690 4678 ἢδη
1711 4607 1770 4660 τὸ
1790 4605 1924 4675 κρά-

2105 4605 2250 4670 Huic,
2279 4605 2582 4674 imperator
2599 4615 2849 4677 auguste,
2871 4606 2960 4662 cui
2993 4621 3136 4660 nunc
3170 4617 3496 4675 potestatem
3528 4608 3628 4663 Ee-

339 4726 430 4774 τος
455 4710 562 4762 τῶν
579 4703 921 4776 Ἑκκλησιῶν
941 4702 1244 4771 παρέχουσι
1276 4701 1436 4761 οείως
1459 4697 1773 4764 κινούμενοι
1793 4696 1928 4748 πάν-

339 4820 426 4864 τε,
451 4803 500 4854 οἱ
519 4801 615 4871 τῆς
645 4798 940 4867 Εὐρώπης,
971 4791 1316 4864 ἐνθυμηθεὶς,
1347 4791 1536 4861 ὥσπερ
1564 4788 1777 4860 σημείῳ
1797 4791 1931 4858 χρή-

341 4895 498 4948 σαιτό
524 4909 606 4955 τις
628 4889 748 4954 μετ’
775 4889 837 4942 οὺ
863 4887 998 4940 πολύ
1023 4903 1106 4939 σοι
1123 4883 1261 4938 Θεοῦ
1289 4884 1536 4947 θέλοντος
1556 4881 1929 4952 δοθησομένης

345 4987 558 5041 πολλῶν
605 4985 778 5038 ἐθνῶν
829 4981 1167 5053 ἡγεμονίας·
1204 4981 1300 5032 καὶ
1348 4978 1485 5048 πρὸς
1533 4976 1744 5040 τούτοις
1801 4975 1930 5038 τοὺς

347 5080 470 5141 σοὺς
499 5077 822 5146 λογισμοὺς,
847 5069 929 5137 οἷς
958 5073 1032 5136 ὡς
1070 5073 1320 5142 παρόντα
1365 5087 1424 5123 σε
1474 5067 1632 5139 οἶμαι
1678 5069 1749 5122 τὰ
1801 5068 1932 5137 μέλ-

345 5171 510 5223 λοντα
535 5169 692 5239 ὀρᾷν,
729 5167 920 5235 ὥσπερ
958 5166 1103 5228 τινὲς
1154 5163 1361 5233 ἔφασαν
1405 5161 1498 5216 τὸν
1529 5159 1929 5231 Θεμιστοκλέα,

343 5261 550 5334 Χρῆσαι
595 5261 668 5331 τῇ
701 5261 768 5329 σῇ
797 5257 969 5328 ψυχῇ.
1014 5259 1082 5327 τῇ
1133 5258 1200 5326 σῇ
1245 5254 1510 5325 φρονήσει
1538 5270 1550 5286 '
1585 5253 1933 5324 ἀπόκρουσον

343 5355 472 5416 τοὺς
497 5354 692 5406 ἄλλοσε
723 5367 802 5420 πη
831 5355 1064 5418 ἄγοντας
1113 5348 1146 5418 ἢ
1197 5349 1574 5418 παράγοντας,
1606 5348 1765 5414 εἴπερ
1803 5347 1936 5415 άλη-

344 5446 417 5516 θῆ
449 5448 517 5502 τὰ
541 5445 834 5516 λεγόμενα,
865 5443 963 5499 καὶ
985 5441 1322 5496 κατέλθωσιν
1346 5443 1402 5493 αἱ
1441 5439 1704 5501 Ἀὅιῶνος
1730 5439 1808 5502 εις
1835 5440 1936 5505 τὴν

346 5541 764 5595 Κωνσταντίνου
786 5538 1058 5609 τριήρεις,
1086 5537 1185 5589 καὶ
1213 5533 1290 5604 μὴ
1317 5533 1510 5599 ὲξώσοι
1537 5533 1704 5596 αὑτὰς
1726 5535 1758 5586 ὁ
1779 5533 1933 5595 Θεὸς·

347 5631 380 5703 ἥ
415 5631 746 5704 μεταϐαλὼν
780 5631 878 5692 τὰς
913 5629 1140 5682 ἐκείνων
1167 5627 1393 5696 γνώμας
1423 5625 1746 5696 θαυμασίως
1769 5627 1834 5695 τῇ
1867 5627 1935 5695 σῇ

347 5728 516 5797 ἀρετῇ
551 5726 854 5797 καμφθεὶς,
882 5725 978 5778 καὶ
1015 5723 1243 5786 ταύταις
1306 5723 1592 5782 κάκείναις
1625 5721 1742 5782 ταῖς
1777 5719 1936 5789 τμή-

354 5837 508 5888 ρεσιν
558 5821 638 5882 είς
682 5815 918 5870 Ἰταλίαν
980 5815 1296 5887 προπέμψαι
1361 5831 1441 5870 σε.
1489 5813 1630 5880 Ἐγὼ
1691 5813 1789 5880 μὲν
1844 5807 1938 5862 οὖν

355 5911 576 5981 ἔγραψα
612 5911 672 5964 οὐ
694 5910 774 5979 τῷ
790 5907 972 5978 λέγειν
997 5907 1307 5979 θαρρήσας,
1331 5902 1450 5960 οῖδα
1484 5907 1589 5978 γὰρ
1619 5905 1692 5967 ὡς
1726 5903 1786 5956 οὐ
1809 5902 1934 5974 μέτ-

2035 4698 2328 4752 clesiarntn
2351 4699 2540 4752 divino
2581 4699 2816 4768 impulsu
2856 4707 2965 4752 tota
2988 4698 3200 4767 Europa
3232 4699 3416 4759 trudit.
3445 4711 3624 4755 tecum

2035 4792 2249 4845 νυιιιια.
2279 4790 2398 4857 Quo
2429 4791 2655 4858 quidem
2688 4807 2787 4846 ceu
2821 4791 2978 4860 signo
3005 4807 3113 4844 non
3143 4792 3317 4845 tnulto
3343 4801 3468 4858 post
3501 4793 3624 4857 tibi,

2037 4885 2148 4940 Deo
2181 4884 2424 4949 volente,
2464 4883 2720 4938 tradendi
2768 4883 3139 4952 complurium
3187 4884 3431 4952 gentium
3469 4885 3624 4953 prin-

2033 4976 2247 5047 cipatus
2276 4976 2550 5046 quispiam
2589 4986 2796 5030 utatur.
2831 4975 2900 5030 Et
2932 4991 3058 5031 cum
3091 4976 3240 5031 hisce
3273 4977 3627 5045 cogitationi-

2037 5071 2160 5133 bus,
2193 5070 2396 5140 quibus
2433 5081 2487 5124 te
2527 5079 2760 5126 Ventura
2812 5080 2871 5126 ut
2906 5075 3199 5141 praesentia
3253 5084 3390 5144 puto
3423 5075 3626 5128 intueri

2037 5163 2122 5233 (ut
2167 5162 2234 5217 de
2280 5161 2654 5218 Themistocle
2707 5165 3008 5231 narratur),
3046 5181 3240 5221 exsere
3273 5167 3519 5221 animum
3567 5175 3625 5222 et

2046 5253 2393 5324 prudentiam
2422 5266 2570 5308 tuam
2605 5271 2620 5310 :
2657 5255 2766 5309 alio
2793 5263 2846 5310 te
2877 5255 3146 5311 ducentes
3174 5269 3269 5312 aut
3291 5260 3626 5314 seducentes

2036 5347 2260 5416 repelle,
2315 5345 2588 5414 siquidem
2638 5361 2766 5400 vera
2816 5358 2945 5401 sunt
2989 5363 3112 5416 quia
3155 5349 3440 5417 diximus;
3483 5359 3539 5405 et
3581 5353 3628 5405 si

2038 5440 2288 5494 triremes
2333 5437 2739 5493 Avenionenses
2768 5439 3304 5509 Constantiuopolim
3349 5445 3630 5498 tenuerint

2041 5542 2098 5586 et
2141 5547 2250 5584 non
2301 5529 2578 5600 expulerit
2614 5547 2704 5583 eas
2761 5533 2922 5593 Deus,
2988 5541 3084 5585 aut
3131 5549 3325 5588 eorum
3361 5551 3388 5585 a
3427 5535 3630 5604 quibus

2043 5623 2338 5676 mittuntur
2371 5627 2604 5682 mentes,
2641 5619 3040 5673 admirabiliter
3077 5631 3280 5676 Virtute
3319 5633 3408 5676 tua
3456 5623 3632 5680 ﬂexus

2043 5715 2356 5778 mutaverit,
2385 5721 2442 5767 et
2473 5713 2558 5765 bis
2583 5723 2638 5767 et
2670 5713 2778 5766 illis
2812 5713 2866 5768 in
2896 5712 3106 5768 Italiam
3141 5725 3192 5767 te
3221 5715 3481 5771 deducat.
3517 5717 3629 5787 Ego

2041 5805 2208 5876 igitur
2237 5803 2454 5873 scripsi,
2489 5820 2598 5857 non
2649 5805 2796 5872 quod
2846 5805 3178 5873 eloquentia:
3215 5825 3348 5862 nteze
3381 5808 3626 5864 conlidi-.-

2044 5915 2158 5955 rem
2201 5900 2340 5968 (sum
2379 5897 2528 5952 enim
2563 5898 2820 5954 conscius
2866 5902 2999 5953 uniti
3035 5903 3375 5970 paupertatis
3414 5903 3634 5958 (inet-a-
