4098 6398
457 329 560 398 917

1529 333 1627 393 DE
1671 327 2240 393 SCRIPTOBIBUS
2285 330 2611 394 SICULIS.

3606 327 3714 392 9l8

460 450 822 516 Philostrato,
863 449 1030 506 Suida
1082 448 1312 520 aliisque
1356 455 1606 506 veterum
1669 447 2046 502 monumentis
2076 449 2118 504 Α
2159 445 2450 500 Historiam
2485 443 2800 515 composuit
2831 445 2977 499 libris
3021 445 3395 514 quadraginta,
3438 457 3600 512 quam
3637 441 3730 494 fii-

463 545 700 614 carptim
753 543 1018 598 collectos
1063 544 1116 596 in
1159 547 1260 598 hoc
1318 542 1630 596 notavimus
1685 540 2041 610 compendio.

465 637 724 706 'l‘ibique,
777 652 975 706 prorcx
1029 635 1508 694 excellentissime.
1580 633 1910 694 tiiCthilllUS,
1951 632 2044 700 qui

467 745 653 785 rcrmn
714 728 1046 794 antiquitate
1097 737 1152 781 et
1200 726 1455 795 ingenuis
1493 725 1798 780 litterarum
1851 725 2050 778 stmliis

469 821 720 890 apprime
775 819 1090 878 delectaris.
1143 829 1198 872 et
1247 819 1316 872 0b
1353 817 1406 870 id
1457 817 1726 870 litteratos
1780 815 2046 884 singulari

471 910 860 967 benevolentia
900 909 1274 977 prosequeris.
1327 907 1584 960 Exordior
1627 923 1755 975 ergo
1789 923 1818 960 a
1855 907 2050 961 Messe-

473 1003 582 1058 niis
615 1001 845 1064 nostris,
899 1016 1024 1056 cum
1069 1001 1139 1054 sit
1185 1000 1430 1054 Messana
1490 999 1700 1064 primos
1753 997 2054 1052 Trinacriae

474 1097 729 1165 angulus,
777 1091 1038 1162 regnique
1092 1091 1262 1144 clavis
1299 1101 1354 1144 et
1397 1090 1638 1144 initium.
1690 1089 1831 1159 Lege
1889 1088 2056 1156 igitur

476 1189 627 1248 felix,
665 1183 978 1248 Fernande,
1036 1183 1238 1237 Sicilia:
1313 1182 1508 1242 decus,
1567 1193 1762 1248 meque
1815 1188 1872 1231 ut
1923 1177 2058 1230 facis

479 1294 622 1334 aina.

553 1370 610 1423 2.
649 1367 990 1422 Dictrarchus
1047 1364 1270 1421 Siculos
1321 1363 1646 1426 Messenios,
1699 1359 2062 1431 philosophus

481 1461 906 1530 Peripateticus.
943 1468 1128 1512 orator
1172 1471 1235 1509 ac
1267 1467 1572 1524 geometra.
1608 1452 1922 1506 Aristotelis
1967 1465 2063 1502 au-

487 1555 634 1609 ditor
663 1571 680 1607 :
714 1553 805 1621 qui
861 1553 1005 1620 leges
1045 1559 1102 1604 et
1145 1559 1348 1602 statuta
1390 1546 1714 1602 concivibos
1742 1545 1856 1598 suis
1887 1543 2062 1606 dedit,

491 1647 724 1716 plurima
762 1647 814 1697 in
860 1642 1208 1713 philosophia
1241 1640 1486 1710 St'l‘ipsil.
1537 1639 1669 1692 item
1710 1635 2068 1704 Peloponnesi

489 1739 646 1792 totius
676 1737 1104 1806 descriptionem.
1143 1749 1415 1802 moresque
1453 1729 1674 1786 erciw
1713 1729 1880 1782 tribus
1915 1729 2066 1782 libris

489 1831 807 1897 complexus
843 1837 928 1882 est
962 1845 974 1880 :
1009 1825 1266 1879 Politiam
1297 1839 1516 1892 qunque
1537 1820 2064 1876 Lacedwmoniorum
2101 1817 2146 1869 Β

493 1939 658 1993 quam
687 1931 893 1976 statuto
917 1919 1156 1989 quodam
1188 1917 1422 1986 singulis
1453 1917 1616 1970 annis
1645 1915 1926 1986 legendam
1971 1911 2072 1964 aii-

492 2015 738 2068 diebant.

565 2108 621 2161 3.
648 2101 930 2160 Aris'lbcles
965 2104 1186 2158 Siculus
1218 2101 1544 2162 Messenios,
1577 2097 1942 2168 piliiOSOpilllS
1973 2096 2072 2150 Pe-

499 2199 842 2268 ripateticus,
895 2198 1070 2248 decem
1118 2195 1274 2248 libros
1329 2193 1392 2245 de
1434 2191 1766 2262 philosophia
1813 2189 2076 2256 naturali,

497 2301 554 2346 et
599 2289 827 2344 totidem
878 2291 932 2342 in
969 2287 1161 2340 morali
1207 2285 1402 2339 edidit.
1450 2285 1580 2336 item
1627 2283 1808 2336 Artem
1851 2283 2076 2342 dicendi,

505 2385 636 2438 itcu‘I
675 2381 896 2436 Homeri
931 2397 993 2434 ac
1021 2379 1266 2432 Platonis
1303 2377 1778 2446 comparationem,
1821 2384 1946 2427 nter
1981 2374 2080 2426 do-

503 2477 637 2533 ctior
682 2477 872 2538 fuerit,
909 2475 1000 2528 ubi
1038 2473 1396 2542 philosophos
1423 2469 1746 2522 innumeros
1771 2481 2076 2533 eorumque

503 2570 794 2640 opiniones
815 2573 1232 2622 commemorat.

577 2663 631 2718 4.
665 2661 850 2732 Ibycus
877 2660 1097 2714 Siculos
1131 2655 1454 2717 Messenios,
1481 2654 1783 2708 historicus
1809 2663 1865 2708 et
1899 2661 2084 2721 poeta,

508 2771 573 2809 ex
600 2771 792 2810 novem
841 2753 1060 2806 vatibus
1093 2749 1276 2820 lyricis
1307 2747 1530 2803 Gra'cite
1593 2763 1760 2810 unus,
1801 2743 2088 2813 Rhegiuus

509 2861 732 2918 genere.
791 2845 956 2900 Plora
1007 2841 1322 2911 composuit
1369 2841 1552 2908 lingua
1607 2837 1824 2890 Dorica.
1871 2837 2092 2889 Primus

511 2941 830 2994 smnbucam
875 2937 1301 2991 instrmnentmn
1339 2932 1570 2986 invenit.
1591 2929 1690 2984 ilic
1719 2931 1770 2982 in
1795 2929 1930 2983 silva
1956 2943 2093 2997 qua-

516 3034 641 3087 dam
675 3029 944 3085 Calabria:
972 3045 1000 3082 a
1031 3027 1341 3082 latronibus
1373 3033 1567 3092 captus
1600 3031 1656 3074 et
1694 3022 1762 3076 ab
1786 3023 1870 3075 cis
1904 3021 2094 3074 interi-

515 3126 769 3188 mcndns,
797 3121 860 3174 ad
897 3135 1060 3190 grues
1087 3135 1216 3173 casu
1244 3119 1367 3171 illac
1401 3116 1648 3170 volantes
1667 3113 1800 3167 dixit
1829 3130 1843 3166 :
1880 3111 2090 3166 Saltem

516 3235 611 3273 vos
643 3225 812 3271 testes
838 3213 1029 3266 mortis
1057 3227 1190 3266 mea:
1215 3219 1270 3264 et
1295 3207 1520 3264 ultrices
1549 3215 1746 3261 estote.
1780 3205 1900 3271 Quo
1925 3204 2095 3258 inter-

514 3319 700 3377 empto
751 3307 990 3359 latrones
1026 3303 1116 3356 die
1164 3299 1399 3370 quadam
1453 3298 1506 3351 in
1550 3296 1768 3350 theatro
1807 3291 2094 3363 spectandi

517 3402 690 3474 gratia
713 3401 992 3461 sedentes,
1023 3411 1146 3450 cmn
1171 3409 1335 3464 grues
1365 3391 1504 3444 forte
1529 3389 1778 3442 volantes
1803 3387 2096 3452 vidissnnt,

519 3496 780 3550 dixerunt
805 3493 872 3545 ad
907 3490 1144 3543 invicem
1184 3505 1196 3540 :
1239 3486 1382 3540 Ecce
1402 3497 1566 3553 grues
1591 3481 1758 3552 lbyci.
1794 3480 1948 3546 Quod
1977 3478 2099 3548 qui-

519 3590 644 3644 dam
700 3585 955 3651 audiens,
1012 3581 1066 3636 id
1117 3579 1262 3650 quod
1313 3585 1435 3632 erat
1485 3575 1820 3642 suspicatus,
1859 3568 2103 3624 civitatis

523 3677 784 3750 praefecto
835 3675 1046 3736 retulit,
1095 3671 1190 3740 qui
1241 3683 1300 3722 re
1336 3669 1584 3720 discussa
1623 3672 1680 3717 et
1724 3659 1963 3729 cognita,
2009 3670 2104 3710 eos

525 3767 826 3839 Suspeudio
873 3763 1174 3820 damnavit.
1211 3759 1368 3816 Unde
1403 3754 1752 3826 proverbium
1799 3759 1984 3802 ortum
2019 3755 2104 3798 est

526 3863 581 3916 in
615 3878 674 3916 re
707 3868 859 3914 certa
895 3875 908 3910 :
945 3853 1126 3910 Grues
1177 3851 1349 3922 lhyci.
1405 3847 1562 3912 Quod
1622 3846 1820 3900 beatos
1863 3841 2104 3911 Cyrillus

526 3955 712 4012 divina
747 3952 952 4005 factum
989 3944 1335 4018 prorideulia
1367 3941 1620 3996 allirmat.

602 4048 655 4102 5.
684 4046 856 4118 Lyrus
889 4045 1006 4098 sive
1047 4039 1225 4109 Lupus
1254 4035 1470 4100 Latine,
1502 4035 1594 4102 qui
1628 4041 1684 4086 et
1714 4029 1972 4084 Butheras
2015 4041 2110 4081 vo-

531 4145 785 4203 cabatur,
841 4135 1142 4192 Messenius
1186 4129 1488 4185 historicus
1529 4141 1594 4180 ac
1639 4134 1822 4194 poeta,
1853 4123 2010 4192 plora
2048 4120 2113 4174 de

533 4235 724 4290 Sicilia
755 4242 810 4285 et
839 4231 901 4284 de
937 4227 1106 4297 Libya
1134 4223 1488 4292 conscripsit.

603 4323 657 4378 6.
698 4321 996 4390 Polyclitus
1029 4314 1351 4371 Messenios.
1378 4309 1743 4380 piliiOSOpitﬂS
1778 4322 1843 4362 ac
1867 4305 2112 4360 medicos

539 4416 964 4476 celeberrimus,
1023 4409 1117 4479 qui
1174 4405 1525 4461 Phalaridcm
1565 4401 1979 4471 Agrigentinum
2033 4407 2113 4468 ty-

537 4525 772 4566 ranuum
795 4500 1318 4560 morboincnrabili
1355 4497 1640 4558 liberavit,
1672 4494 1818 4548 sicut
1849 4507 1914 4545 ex
1936 4491 2114 4561 prima
2153 4518 2198 4575 ι)

541 4602 846 4659 l-balaridis
884 4597 1115 4666 epistola
1141 4594 1448 4662 colligitur.

611 4695 664 4748 7.
707 4693 1009 4749 Timotheus
1058 4689 1136 4758 (1)
1182 4684 1693 4747 'l‘aurominitanus,
1751 4689 1938 4734 orator
1984 4677 2118 4732 satis

543 4792 811 4846 mordax:
857 4801 1022 4857 quem
1079 4783 1449 4837 Athenienses
1477 4777 1848 4847 Epitimamm,
1901 4773 2008 4826 hoc
2037 4781 2120 4825 est

543 4888 949 4954 iuerepatorem
988 4879 1280 4934 vocabant.
1315 4873 1362 4927 Is
1393 4871 1552 4926 libros
1596 4877 1710 4923 octo
1739 4867 1802 4920 de
1842 4865 2040 4920 Sicilia:
2077 4873 2124 4916 et

543 4979 721 5033 Italia:
747 4977 906 5047 gestis
935 4971 1267 5041 composuit,
1308 4967 1438 5021 item
1487 4965 1562 5018 De
1607 4961 1937 5032 argumentis
1976 4957 2130 5012 aliis-

546 5089 646 5141 que
679 5068 998 5122 necessariis
1031 5066 1164 5117 artis
1197 5061 1472 5119 oratoriae,
1499 5061 1628 5111 item
1669 5055 1740 5108 lle
1769 5055 2005 5107 omnium
2041 5052 2093 5105 hi
2115 5081 2126 5091 η

523 5163 864 5214 stat-icerant
885 5155 1177 5219 erroribus,
1211 5169 1349 5222 quos
1375 5148 1718 5214 :nnarissiine
1750 5145 1949 5214 carpit.

573 5269 576 5272 ‘
623 5257 674 5308 8.
719 5253 1034 5308 Charcndas
1081 5247 1393 5310 Catanzeus,
1438 5239 1835 5312 Pythagoricus
1893 5236 2134 5308 philoso-

555 5348 719 5416 phus,
786 5345 1150 5414 li-gutnlator,
1212 5344 1303 5409 qui
1365 5340 1622 5393 oumilms
1677 5333 2136 5390 Chalcidensibus

553 5435 720 5488 italiae
751 5447 806 5488 et
836 5433 1038 5488 Sicilia:
1067 5430 1260 5484 incolis
1289 5430 1436 5498 leges
1464 5427 1634 5481 dedit.

627 5528 680 5582 9.
725 5527 986 5579 Diodorus
1017 5524 1240 5578 Siculus
1274 5521 1616 5592 Argyrensis,
1655 5517 1949 5573 historicus
1996 5530 2134 5584 prm-

556 5619 953 5678 stantissimus.
1013 5621 1106 5686 qui
1166 5619 1270 5670 sub
1317 5614 1542 5670 'l'iberio
1591 5613 1807 5668 Czcsare
1859 5609 2133 5664 militavit.

634 5791 708 5860 (l)
750 5791 872 5860 Leg.
909 5789 963 5842 Ti
973 5807 1133 5843 nta‘us

2151 539 2461 594 bliothecam
2519 539 2736 592 vocavit
2781 537 2894 596 :de
2942 538 3270 605 antiquitate
3321 535 3727 604 Egyptiorum,

2150 631 2217 683 de
2251 630 2441 686 Sicilia
2477 640 2534 684 et
2567 631 2692 684 aliis
2728 629 2944 690 insulis,
2974 628 3040 681 de
3071 629 3218 682 bello
3241 628 3502 698 Trojano,
3531 627 3601 682 de
3641 643 3734 695 ge-

2151 722 2250 774 sns
2281 720 2574 774 Alexandri
2611 731 2667 774 et
2700 721 3070 774 Romanorum
3105 733 3280 786 usque
3317 721 3384 772 ad
3411 731 3566 770 suam
3604 725 3734 768 a-ta-

2155 821 2288 876 tem,
2316 828 2551 881 quorum
2584 827 2676 864 sex
2710 828 2739 866 a
2781 812 2984 881 Poggii:
3017 811 3334 864 Florentino
3359 806 3596 860 traducti
3623 805 3733 860 cir-

2157 905 2559 956 cumferuntur.
2591 903 2809 971 Reliqui
2844 905 2934 957 vix
2967 883 3347 955 inveniuntur.
3391 898 3502 967 Ego
3544 907 3728 950 autem

2155 1012 2348 1050 onines
2381 998 2502 1066 ejus
2542 996 2716 1050 libros
2751 995 2862 1050 vidi
2907 995 2961 1048 in
3013 994 3347 1048 bibliotheca
3384 991 3737 1060 imperatoris

2159 1085 2458 1140 Cl'olitani.

2232 1179 2318 1230 10.
2352 1176 2594 1230 Demeter
2641 1176 2756 1231 sive
2787 1175 2942 1230 Ceres
2969 1175 3168 1230 mulier
3200 1174 3384 1230 Sicula
3411 1181 3466 1227 et
3491 1169 3740 1240 legifero.

2165 1277 2302 1322 teste
2329 1268 2587 1328 Diodoro.
2619 1283 2738 1336 qum
2781 1267 2952 1335 prima
2987 1265 3203 1321 Siculos
3243 1263 3504 1318 lrumenti
3533 1261 3742 1314 cultum

2165 1361 2389 1426 docuit;
2415 1363 2570 1430 tujus
2595 1361 2702 1414 lilia
2731 1357 3046 1428 Proserpina
3081 1357 3297 1412 ειὶιιιίειε
3319 1349 3748 1426 pulchritudinis

2162 1457 2316 1525 juxta
2367 1453 2576 1507 Enuam
2635 1454 2829 1506 urbem
2877 1451 2946 1505 ab
3004 1451 3146 1507 Orco
3195 1449 3558 1504 Molossmum
3617 1457 3747 1513 rege

2171 1557 2322 1615 rapta
2351 1555 2454 1600 est.

2249 1641 2333 1692 tl.
2363 1637 2672 1692 I‘hilonides
2721 1634 2938 1692 Siculus
2987 1632 3285 1698 Ennensis,
3328 1633 3573 1688 medicus
3603 1629 3753 1688 cele-

2177 1733 2468 1786 bcrrimus.

2255 1823 2338 1877 1‘2.
2373 1821 2660 1876 Philistion
2695 1819 2934 1880 Siculos.
2979 1817 3342 1888 pitiiOSOpilllS
3389 1829 3453 1868 ac
3499 1812 3752 1867 medicus

2176 1916 2474 1980 excellens,
2531 1917 2585 1968 in
2625 1901 3240 1983 Inedicina'przeceptor
3275 1908 3485 1964 Eudoxi
3546 1906 3754 1961 Gnidii.

2253 2009 2337 2062 15.
2388 2006 2610 2074 Gorgias
2654 2006 2977 2071 Leontinus,
3019 2013 3207 2056 orator
3242 2001 3486 2063 subtilis,
3517 1999 3762 2066 discipu-

2180 2103 2266 2155 lus
2299 2099 2649 2168 Empedoclis
2697 2115 2761 2153 ac
2804 2099 2993 2152 'l‘isiaa.
3038 2097 3254 2150 Primus
3304 2093 3538 2146 Athenis
3587 2102 3761 2144 artem

2180 2193 2480 2247 oratoriam
2530 2191 2749 2260 publice
2803 2191 2954 2260 legit,
2992 2188 3306 2256 multosque
3353 2185 3562 2238 docuit.
3599 2183 3764 2236 Plura

2185 2287 2238 2338 in
2267 2295 2382 2339 arte
2412 2285 2606 2349 edidit,
2643 2284 2800 2354 plura
2831 2280 3172 2351 composuit.
3202 2278 3376 2348 llujns
3411 2286 3514 2330 tres
3549 2283 3767 2330 exstant

2185 2377 2464 2434 Orationes
2509 2391 2648 2445 quas
2693 2389 2792 2444 ego
2819 2373 2925 2440 legi
2967 2372 3024 2428 in
3073 2369 3408 2425 bibliotheca
3451 2365 3766 2420 Flarentina

2193 2475 2252 2528 D.
2291 2471 2480 2524 Marci.

2261 2564 2349 2618 l-i.
2389 2561 2682 2616 Herodicus
2711 2557 3036 2621 Leontinus,
3057 2553 3232 2610 frater
3255 2551 3492 2622 Gorgim,
3521 2549 3770 2604 medicus
3859 2575 3864 2580 -

2191 2656 2610 2710 Celeberrimos.

2268 2748 2351 2800 15.
2392 2746 2710 2801 Dinomenes
2741 2740 3119 2813 Syracusanus
3149 2737 3352 2792 litteris
3384 2733 3606 2788 deditus
3639 2745 3772 2783 :co-

2193 2840 2278 2908 jus
2314 2837 2404 2892 lilii
2437 2837 2680 2906 tyranni,
2705 2834 2916 2888 scilicet
2951 2831 3151 2886 Hieron
3181 2831 3294 2896 ille,
3341 2828 3541 2882 litteris
3565 2837 3622 2879 et
3655 2839 3783 2896 mu-.

2197 2932 2324 2984 sica:
2347 2929 2594 2988 deditus,
2623 2925 2784 2980 Gelon
2817 2925 2908 2978 ille
2936 2933 3156 2994 potens,
3187 2920 3438 2992 Polybius
3469 2931 3516 2972 et
3546 2917 3779 2986 Thrasy-

2200 3025 2376 3080 bulus.
3711 3013 3722 3028 ‘

2277 3115 2362 3168 16.
2399 3111 2596 3168 Hieron
2642 3109 3021 3180 Syracusanus
3044 3113 3332 3176 tyrannos,
3369 3096 3686 3153 Dinomenis
3711 3095 3780 3148 li-

2203 3209 2330 3271 lius,
2357 3206 2525 3259 frater
2570 3203 2816 3266 Gelonis,
2850 3199 3095 3255 liberalis
3114 3205 3172 3253 et
3223 3195 3502 3250 beneﬁcus
3537 3194 3596 3246 in
3625 3189 3778 3243 litte-

2205 3310 2353 3353 ratos
2383 3305 2440 3351 et
2477 3310 2736 3348 muscus.

2279 3391 2364 3444 17.
2396 3389 2750 3457 Hieronymus
2777 3385 3176 3457 Syracusanus,
3202 3395 3371 3450 nepos
3397 3374 3673 3438 Hieronis,
3696 3373 3784 3428 vir

2205 3503 2338 3542 sane
2363 3482 2740 3546 doctissiams,
2767 3479 2863 3532 sed
2897 3474 3168 3530 crudeliss
3194 3488 3312 3524 Ilius
3341 3469 3463 3522 fuit.

2280 3577 2368 3631 18.
2412 3571 2690 3644 Dionysius
2722 3568 2933 3637 primus
2964 3563 3366 3634 Syracusanus,
3393 3557 3646 3611 llieronis
3691 3567 3790 3607 ne-

2209 3685 2330 3738 pos,
2365 3665 2449 3719 vir
2477 3665 2673 3718 doctus
2695 3675 2759 3713 ac
2789 3669 3055 3729 tyrannus
3079 3651 3520 3707 crudelissimus.
3551 3646 3789 3715 Scripsit

2210 3759 2534 3832 Tragozdias,
2567 3753 2861 3812 Comwdias
2895 3761 2950 3804 et
2981 3746 3300 3802 Historiam.
3329 3742 3402 3796 De
3427 3741 3532 3794 hoc
3561 3739 3788 3808 legitur,

2209 3828 2356 3922 quod
2382 3849 2634 3917 qua‘dam
2668 3844 2848 3899 vetula
2885 3835 3222 3894 llimcrcnsis
3261 3835 3316 3888 in
3346 3831 3555 3886 somnis
3589 3828 3793 3882 viderit

2213 3957 2272 4000 se
2299 3944 2470 3999 cmlos
2499 3937 2908 3998 conscendisse,
2952 3947 3018 3986 ac
3055 3931 3157 3985 sub
3185 3929 3316 3983 sede
3345 3925 3495 3980 Jovis
3527 3923 3704 3975 virum
3735 3919 3791 3972 in

2214 4034 2474 4090 incendio
2498 4030 2891 4084 ferrea-catena
2931 4023 3178 4078 vinctum
3218 4031 3496 4084 :cumque
3539 4014 3664 4082 quis
3709 4026 3796 4064 es-

2214 4137 2298 4182 ειιι
2352 4129 2768 4191 interrogasset,
2828 4115 3144 4178 audivisse,
3199 4111 3402 4166 Sicilia:
3461 4107 3790 4161 homicidam

2215 4234 2362 4275 esse.
2419 4216 2550 4269 Post
2606 4213 2818 4282 aliquot
2868 4222 3063 4268 anulos,
3119 4219 3244 4258 eum
3297 4202 3506 4256 videret
3551 4195 3798 4270 Dionysii

2218 4312 2625 4374 crudelitatem,
2651 4305 2927 4361 somnium
2954 4299 3232 4371 exposuit,
3265 4311 3375 4368 quo
3407 4303 3669 4366 tyrannus
3698 4305 3796 4344 au-

2218 4407 2358 4470 dito,
2387 4417 2554 4456 anum
2583 4402 2756 4470 ipsam
2787 4395 3089 4450 interemit.

2297 4497 2384 4552 l9.
2409 4494 2692 4564 Dionysius
2722 4489 3023 4549 secundos,
3055 4483 3214 4555 primi
3247 4481 3412 4546 ﬁlius,
3442 4475 3799 4564 philosophus

2225 4607 2287 4646 ac
2313 4599 2518 4652 orator,
2555 4583 2795 4638 Platonis
2824 4579 3152 4650 discipulus,
3177 4574 3444 4645 Epistolas
3469 4557 3797 4638 cimiposuit,

2227 4695 2281 4738 ct
2310 4683 2675 4738 Commettlum
2703 4678 2757 4730 in
2782 4681 3028 4744 poemata
3057 4668 3364 4741 Epicharmi
3394 4665 3610 4722 comici.

2299 4773 2391 4827 20.
2427 4769 2712 4840 Dionysius
2761 4766 2900 4819 alius
2932 4761 3332 4833 Syracusanus,
3381 4767 3645 4828 tyrannus
3671 4769 3798 4806 eru-

2231 4867 2373 4921 delis
2428 4880 2492 4918 ac
2546 4864 2762 4926 doctus,
2809 4857 3034 4927 scripsit
3070 4855 3376 4925 tragoedias,
3425 4850 3701 4904 conitedias
3749 4857 3806 4903 et

2234 4961 2532 5012 historiam.

2307 5051 2398 5105 “2|.
2439 5049 2570 5102 Dion
2615 5045 2991 5116 Syracusanus
3023 5049 3312 5112 tyrannus,
3360 5035 3598 5089 Platonis
3645 5032 3815 5088 (115νὶ-

2242 5145 2428 5213 pulos,
2467 5140 2638 5193 frater
2679 5135 3076 5191 Aristomai-ha:
3123 5130 3312 5184 uxoris
3351 5129 3510 5204 primi
3551 5127 3811 5197 Dionysii.

2244 5235 2340 5288 llic
2395 5233 2608 5302 expulit
2660 5227 2964 5300 secundum
3011 5221 3351 5292 Dionysium,
3407 5237 3436 5272 a
3468 5233 3576 5287 quo
3625 5229 3813 5286 postea

2245 5327 2345 5382 fuit
2379 5325 2660 5394 expulsus.
3291 5333 3294 5336 ν

2315 5420 2406 5473 2‘2.
2436 5417 2808 5471 Hermocrates
2848 5411 3244 5483 Syracusanus,
3285 5409 3372 5462 vir
3403 5421 3532 5460 sane
3557 5402 3818 5474 politieus

2206 5551 2210 5556 -
2241 5525 2296 5566 et.
2333 5520 2546 5564 amator
2575 5508 2784 5577 patriae,
2815 5507 3062 5573 miraque
3088 5501 3338 5558 doctrina
3374 5507 3626 5564 ornatus,
3659 5505 3816 5560 pater

2247 5604 2486 5675 Dionysii
2510 5601 2743 5656 senioris
2768 5598 2882 5653 sive
2912 5612 3090 5652 socer.
