2049 3199
215 149 268 180 919

248 210 294 236 ‘25.
322 211 451 247 Epirytlcs
471 220 498 243 et
520 216 704 254 Hippocrates,
725 221 823 249 fratres
845 220 934 257 Pierii,
958 227 1005 253 seti

212 254 358 289 Syracusis
374 259 495 293 oriundi,
514 264 600 290 armis
619 273 650 292 ac
663 265 764 295 litteris
778 269 844 295 clari
867 275 895 297 et
911 272 1004 305 copia-

212 307 272 326 rum
288 302 419 332 ductores
436 314 441 331 :
457 306 552 335 fraude
575 315 666 337 tamen
694 312 801 341 Siculos
830 322 845 341 a
871 315 1003 345 Romanis

210 346 244 372 ad
261 347 359 376 Poenos
376 351 509 380 inclinare
525 357 707 386 conabantur.

245 393 291 419 ει.
301 394 469 425 Archimedes
488 399 687 435 Syracusanus,
698 405 878 441 philosophus
894 416 927 436 ac
938 417 1002 444 geo-

208 444 295 466 metra
329 442 518 477 acutissimus.
537 448 660 487 artisque
694 452 862 480 mechanica:
892 462 1000 489 auctor,

207 484 339 520 pleraque
354 488 381 514 in
406 484 555 521 θεοποιεῖνῘὰ
584 496 695 530 scripsit
710 503 737 525 et
765 500 947 529 Continentqu
972 504 999 530 in

207 530 361 561 llmncrmn.
386 536 473 572 Hujus
488 547 572 572 opera
585 544 714 576 exposuit
731 544 865 573 lfttdoriur
889 548 999 577 Ascalo-

205 577 274 609 nita,
288 580 374 607 vitam
389 590 456 611 vero
476 587 720 620 scripsit'Proclus
736 591 846 627 Lycius.

240 625 286 652 25.
314 626 435 661 Achams,
450 631 508 657 sive
523 634 638 662 Achiva:
662 625 773 670 Latine,
795 639 995 677 Syracusanus,

204 676 284 703 poeta
304 675 428 702 comicus
452 677 601 706 (.‘omwdios
621 683 710 709 decem
726 688 891 719 composuit.

238 717 284 743 26.
315 719 495 755 Athenagoras
525 724 725 762 Syracusanus,
752 732 794 758 vir
814 733 942 767 politicus
967 743 999 765 ct‘

202 770 298 790 orator
308 767 501 802 suavissimus,
514 778 675 809 amatorque
691 779 796 810 patrias.

236 808 281 836 27.
298 811 442 841 Antiochus
453 808 643 851 Syracusanus
658 823 817 860 historicus,
834 829 881 863 qui
897 830 993 858 Roma-

200 862 249 881 nas
266 857 379 892 scripsit
392 864 420 886 et
434 859 541 890 Siculas
557 863 702 900 Historias,
718 877 800 905 quem
811 857 878 902 citat
891 876 992 904 Pausa-

200 907 269 927 Iliad.

232 945 278 972 28.
293 947 360 975 Bion
376 950 567 986 Syracusanus
581 962 684 992 orator,
700 961 746 996 qui
769 969 856 992 artem
878 967 990 995 rhetori-

196 999 257 1018 cam
268 998 296 1020 ct
311 995 387 1028 plura
402 1002 569 1033 composuit.

229 1037 274 1065 29.
295 1039 454 1071 Dinolochus
469 1046 670 1084 Syracusanus,
682 1047 760 1087 poeta
776 1057 909 1091 comicus,
922 1059 987 1094 Epi-

683 1084 689 1087 .
871 1084 909 1091 νννν
922 1084 971 1094 -Γ-

193 1084 297 1112 τὴπηηὶ
311 1087 482 1124 discipulus,
501 1097 701 1128 quatuortlccim
716 1100 864 1131 Commdias
889 1105 986 1135 Dorice

193 1131 315 1164 scripsit.

227 1178 270 1206 50.
296 1179 470 1215 Epicharmus
488 1193 566 1220 poeta
586 1191 708 1219 comicas
723 1193 923 1230 Syracusanus,
941 1200 983 1226 vel

190 1232 224 1254 cx
238 1225 335 1254 Castro
354 1231 454 1264 oppido
471 1232 608 1267 Sicauico,
625 1236 785 1274 l’ythagorw
797 1243 917 1275 auditor,
936 1252 981 1272 co-

192 1277 319 1302 moediam
328 1277 435 1310 primus
451 1279 565 1314 invenit,
579 1283 699 1318 itemque
716 1290 772 1313 tres
786 1288 891 1316 litteras
905 1290 979 1318 Crte-

190 1328 235 1347 cas
248 1321 382 1356 duplices.
398 1324 498 1353 Multas
511 1334 643 1362 pra-terea
659 1330 809 1360 Comoadias
821 1335 917 1364 edidit.
933 1337 982 1364 llic

187 1367 222 1394 ab
243 1368 361 1396 llieronc
377 1372 508 1400 multatus
530 1380 582 1408 est,
600 1377 673 1410 quod
688 1378 807 1407 lascivos
824 1389 920 1409 versus
933 1392 978 1411 co~

186 1421 244 1439 rain
261 1415 354 1450 regina
374 1418 527 1447 recitasset.

220 1460 265 1506 ξι.
290 1462 416 1490 Eudoxus
435 1465 555 1499 Siculus,
581 1468 740 1503 Agathoclis
765 1474 871 1506 tyranni
894 1474 975 1507 ﬁlius,

548 1494 554 1499 ,
606 1494 619 1503 υ
766 1494 871 1506 .J.-.....
894 1494 975 1507 ........,

186 1494 264 1539 po‘eta
290 1511 423 1543 comicus,
448 1513 548 1540 multas
575 1517 731 1549 composuit
756 1518 917 1553 Comwdias,
944 1530 976 1549 ex

182 1554 285 1587 quibus
301 1556 386 1583 octies
400 1560 513 1592 adeptus
527 1565 567 1586 est
580 1561 733 1590 victoriam.

217 1599 262 1625 5'2.
281 1600 490 1636 Themistogenes
508 1604 706 1640 Syracusanus,
722 1611 870 1641 historicus
888 1624 893 1641 :
911 1616 973 1650 Cyri
989 1602 1010 1630 ε

182 1647 248 1679 regis
262 1656 409 1680 incursum,
426 1655 450 1676 et
466 1650 497 1677 de
517 1654 608 1685 patria
622 1663 681 1686 sua,
701 1658 784 1684 multa
798 1664 972 1697 conscripsit.

216 1693 250 1720 55
285 1693 435 1722 Thcodortts
456 1697 644 1732 Syracusanus
670 1708 771 1736 oramr,
799 1707 846 1740 qui
874 1715 973 1741 przctcr

179 1739 213 1764 ali
227 1749 243 1770 ι,
259 1742 343 1766 multa
357 1742 389 1767 tle
404 1750 431 1769 re
444 1745 558 1770 militari
572 1750 738 1781 composuit.

213 1786 259 1813 Si.
283 1786 434 1815 Theocritus
472 1790 672 1826 Syracusanus,
697 1803 776 1830 poeta
800 1802 968 1833 pra‘slantis-

177 1831 274 1862 simus,
289 1832 476 1862 Bucolicorum
492 1844 590 1865 auctor
606 1840 729 1869 iIIUstris.
749 1843 844 1872 Plures
860 1850 969 1883 scripsit

178 1877 291 1913 Erlogos
306 1880 414 1908 diverso
435 1883 577 1918 idiomate,
594 1894 712 1921 quorum
731 1890 765 1918 59
777 1898 894 1921 exstant.
913 1895 967 1923 Bu-

175 1928 293 1955 colicum
321 1938 418 1964 geniis,
444 1937 473 1959 ut
505 1935 616 1969 quidam
646 1938 733 1971 aiunt,
760 1942 902 1970 inventum
926 1952 968 1973 est

173 1975 245 2007 apud
274 1974 508 2012 Laccdmmonios,
535 1987 565 2008 ut
591 1983 648 2017 alii,
679 1987 751 2020 ame
782 1988 964 2024 Tyndaridam

172 2020 274 2047 Sicilia:
290 2023 398 2056 urbem,
411 2033 467 2060 quo
483 2031 605 2062 tempore
621 2030 732 2060 Orestes
744 2042 806 2062 cum
825 2036 964 2072 lphigenia

173 2065 263 2094 Dianae
279 2069 456 2098 simulacrum
474 2081 507 2100 ex
520 2073 619 2103 Tauris
632 2081 793 2112 reportmit.
808 2083 872 2114 Alii,
890 2086 962 2119 quod

172 2114 265 2140 verius
279 2120 331 2147 est,
348 2116 491 2151 Syracusis
507 2120 647 2150 inventum
666 2133 803 2154 asserunt.
820 2128 885 2156 Nam
900 2139 961 2158 cum

171 2159 335 2194 Syracusani
363 2169 424 2197 pest
449 2167 550 2194 inultas
582 2170 733 2199 seditiones
758 2181 789 2200 ac
814 2175 906 2204 clades
927 2179 960 2205 ad

168 2208 343 2235 concordiam
377 2210 468 2238 Dium:
491 2222 574 2248 opera
613 2217 769 2251 rediissem,
793 2221 884 2250 Dorici
910 2232 959 2258 pa-

167 2257 256 2281 stores
274 2254 324 2282 hoc
333 2258 464 2286 carminis
477 2268 578 2295 genere
594 2264 741 2297 pSalientcs
759 2259 871 2296 Dianam
886 2271 960 2299 cele-

167 2298 293 2327 lirarnut.

200 2346 245 2372 55.
273 2347 375 2375 Callias
406 2350 607 2387 Syracusanus,
635 2356 793 2393 historicus,
821 2361 956 2391 Historias

166 2392 257 2425 plures
277 2396 397 2430 scripsit,
415 2403 443 2424 et
459 2399 485 2426 in
504 2400 548 2428 his
574 2402 727 2437 ΑῃιιιΙιυνΙίε
745 2406 829 2434 Siculi
848 2411 956 2445 tyranni

163 2443 247 2471 gula.

198 2484 243 2511 56.
262 2485 361 2519 Corax,
379 2489 436 2515 sive
452 2489 553 2518 Corvus
574 2492 680 2526 Latine,
698 2495 898 2532 Syracusanus,
912 2502 953 2528 in-

162 2536 260 2558 ventor
278 2538 306 2560 ct
327 2535 472 2563 ordinatur
489 2538 557 2564 artis
573 2539 717 2569 rhetorica,-
734 2551 792 2571 sne
816 2548 952 2575 oratoriae.

160 2576 226 2604 Nam
243 2587 305 2605 cum
326 2580 491 2616 Syracusani
509 2591 524 2610 a
544 2586 688 2620 tyrannide
709 2588 790 2616 liberi
805 2599 837 2618 ae
858 2595 949 2627 pacati

160 2624 230 2651 inter
252 2633 282 2652 se
302 2628 498 2661 rempublicam
528 2632 711 2666 ordinassent.
738 2637 842 2670 priums
863 2639 950 2668 Corax

158 2671 262 2706 i:.cepit
276 2681 305 2700 se
320 2682 449 2703 cieret-re
471 2682 499 2704 et
522 2678 547 2705 vi
564 2679 698 2708 orationis
723 2686 888 2717 persuadere
919 2695 950 2715 ac

156 2717 331 2752 dissuadere,
358 2729 526 2758 tuonerequc
545 2734 640 2754 omnes
665 2728 698 2754 ad
721 2729 791 2756 bene
813 2737 840 2758 et,
863 2733 949 2761 libere

157 2765 314 2799 \ivcnduul,
331 2772 359 2794 ct
372 2768 408 2795 ob
424 2769 450 2796 id
476 2772 612 2800 universis
635 2775 808 2808 gratissimus
830 2780 945 2807 exstitit.

157 2810 181 2837 I5
194 2811 347 2840 orationem
378 2815 405 2841 in
436 2817 487 2844 tria
507 2817 612 2850 divisit,
626 2821 733 2848 scilicet
749 2822 776 2849 iu
790 2825 945 2858 exordium,

155 2859 344 2885 narrationem
356 2866 381 2887 et
399 2862 537 2898 epilogum
551 2873 557 2897 ;
573 2871 738 2902 rogatosquc
749 2876 763 2895 a
774 2871 942 2903 roncivibus,

153 2909 241 2929 artem
251 2904 359 2938 pellice
369 2906 444 2940 legit,
456 2912 481 2935 et
493 2910 732 2946 multescrudivit,
746 2922 862 2949 quorum
875 2926 944 2946 unus

805 162 1060 198 CONS'l‘ANTlNl
1083 169 1267 202 LASCARIS

1805 186 1852 217 9Ξῦ

1020 230 1044 258 Δ
1061 229 1146 257 Tum
1162 232 1219 259 sive
1235 232 1338 261 Ctesias
1353 235 1405 263 init
1419 243 1452 263 ex
1467 238 1627 268 concivihns
1641 248 1759 276 pauper.
1773 245 1818 278 qui
1831 245 1852 272 si

1059 282 1145 304 artem
1157 279 1348 313 addidit-isset,
1359 281 1497 317 duplicem
1507 286 1673 319 promiserat
1682 289 1850 317 mercedem:

1058 322 1172 350 edoctus
1189 332 1255 352 vero
1272 327 1436 360 promissam
1455 331 1575 365 negavit.
1592 332 1632 360 Ad
1652 334 1790 369 judicium
1807 344 1852 363 vo-

1057 373 1137 395 catus
1160 368 1249 397 Tisias
1265 371 1397 400 Coracem
1415 374 1596 412 interrogavit
1621 387 1628 404 :
1646 368 1787 412 Quidnam
1812 389 1852 409 est

1057 422 1102 442 ars
1113 416 1252 444 oratoria?
1267 419 1311 445 cui
1323 418 1412 447 Corax
1429 423 1582 456 respondit,
1595 424 1784 453 l’ersuadendi
1797 436 1849 455 ars.

1056 461 1146 489 Tisias
1165 469 1257 492 autent
1284 466 1318 493 ab
1335 467 1402 494 artis
1419 468 1470 496 hac
1486 469 1650 499 ditliuitione
1678 472 1716 499 ita
1735 474 1825 508 argu't
1843 484 1848 500 :

1055 508 1084 535 Si
1106 517 1268 544 persnasero
1297 512 1357 544 tibi,
1382 513 1484 547 Corax,
1511 520 1639 552 tanquam
1665 520 1847 553 persuadens,

1054 562 1108 582 non
1122 556 1239 588 solvam.
1253 566 1315 586 nam
1328 559 1379 587 vici
1398 569 1405 586 :
1421 561 1444 588 si
1462 570 1527 589 vero
1538 571 1592 591 non
1605 571 1781 599 persuasero.
1795 575 1847 593 nou

1053 602 1167 635 solvam,
1190 612 1252 631 nam
1278 613 1333 633 non
1359 609 1528 641 persuadens
1555 619 1609 638 non
1633 612 1721 640 didici
1748 619 1847 640 artem.

1052 648 1140 676 Corax
1171 658 1238 678 vero
1254 660 1269 678 e
1285 654 1425 682 contrario
1442 664 1449 682 :
1464 655 1521 684 luto
1550 658 1572 684 si
1602 666 1771 693 persuasi-ro
1788 659 1845 691 tibi.

1051 694 1136 728 Tisia,
1154 698 1319 730 promissum
1336 701 1444 734 capiam
1461 707 1490 729 ut
1510 703 1598 730 victor
1616 713 1623 731 ι
1638 705 1661 732 si
1678 702 1775 732 autem
1793 714 1846 733 nuit

1048 748 1223 777 persuasero,
1249 745 1332 772 etiam
1359 747 1515 775 mercedem
1541 750 1643 780 solves.
1668 759 1735 778 cum
1766 752 1846 779 talem

1048 787 1160 816 fecerim
1177 794 1213 823 te,
1233 794 1263 817 ut
1278 793 1446 826 persuadere
1462 803 1517 822 non
1534 797 1687 831 potuerim.
1702 798 1783 825 Tune
1804 799 1847 833 ju-

1047 834 1123 861 dices
1135 836 1280 872 utriusque
1292 840 1426 874 argutiam
1441 842 1530 869 mirati
1543 843 1662 871 clamare
1674 850 1843 878 corperum:

1046 880 1107 908 Mali
1128 884 1202 910 corvi
1223 885 1324 912 malum
1339 893 1432 917 ovum.
1457 888 1552 921 idest,
1568 891 1645 923 gravi
1669 896 1844 925 praeceptore

1043 928 1155 962 gravior
1171 929 1336 965 discipulus,
1360 933 1434 967 quod
1453 935 1554 963 deinde
1572 937 1733 972 prolapsum
1751 943 1795 965 cst
1814 938 1841 965 in

1041 976 1226 1008 proverbium.
1255 979 1363 1012 quoties
1388 987 1403 1006 e
1429 981 1500 1007 malo
1533 982 1634 1010 malum
1660 984 1767 1019 prodit.
1794 984 1842 1011 llic

1042 1019 1140 1054 Corax,
1162 1028 1230 1050 teste
1249 1024 1405 1057 Aristotele,
1431 1026 1588 1055 Oratorium
1612 1029 1720 1063 primus
1749 1036 1836 1058 artem

1039 1067 1129 1095 edidit.

1074 1114 1118 1140 257.
1134 1115 1234 1152 Ctesias
1246 1117 1302 1144 sive
1314 1119 1396 1146 Tisias
1406 1119 1596 1156 Syracusanus
1610 1123 1715 1151 dudum
1731 1133 1837 1152 menm-

1038 1165 1124 1194 ratus,
1137 1162 1244 1190 Coi-ocis
1258 1165 1379 1198 praedicti
1393 1166 1545 1202 discipulus
1556 1174 1584 1196 et
1600 1170 1696 1198 rhetor
1713 1178 1836 1201 astutus.

1038 1206 1135 1234 llnsA.
1150 1208 1256 1236 Cellius
1273 1211 1448 1247 Protagoram
1473 1220 1500 1241 ct
1530 1216 1675 1243 Evathlum
1700 1219 1832 1253 appellat.

1071 1254 1114 1280 38.
1139 1254 1229 1290 Lysias
1248 1257 1292 1284 ille
1307 1259 1486 1287 suavissimus
1500 1259 1730 1297 orator,'Cephali
1745 1265 1830 1298 illius,

1036 1299 1111 1327 Tisia:
1128 1302 1278 1337 discipulus
1293 1310 1320 1331 et
1338 1304 1455 1340 (ἔοι-θὴν,
1482 1308 1682 1342 Syracusanus,
1710 1319 1783 1338 unus
1798 1320 1831 1338 cx

1033 1346 1126 1372 decem
1155 1349 1262 1382 taiagnis
1286 1352 1443 1379 oratoribus
1471 1353 1592 1386 Cnet-im,
1621 1356 1715 1389 plures
1743 1358 1830 1384 edidit

1034 1390 1177 1425 Epistolas,
1188 1396 1276 1421 Artem
1286 1398 1443 1431 oratoriam,
1453 1398 1592 1427 Orationes
1603 1402 1630 1428 nl
1645 1411 1674 1429 ra
1685 1409 1828 1437 trecentas,

1030 1445 1063 1464 ex
1077 1439 1178 1473 quibus
1189 1449 1282 1474 pauczc
1297 1448 1416 1471 exstant.

1066 1483 1110 1510 39.
1130 1483 1294 1513 Menecrates
1318 1487 1519 1523 Syracusanus,
1541 1494 1665 1521 medicus
1677 1497 1827 1524 celeberri-

1029 1538 1100 1563 mus,
1118 1531 1270 1561 hominem
1288 1536 1419 1564 comitiali
1436 1539 1531 1565 morbo
1550 1540 1696 1569 liberabat.
1716 1544 1767 1570 llic
1781 1544 1826 1571 Jo-

1029 1584 1089 1604 vem
1113 1585 1141 1605 se
1159 1580 1261 1611 vorari,
1282 1589 1329 1608 eos
1349 1587 1440 1609 autem
1459 1584 1511 1612 sibi
1533 1586 1670 1619 subditos,
1693 1598 1765 1624 quos
1780 1598 1823 1618 sa-

1028 1622 1121 1654 nabat,
1137 1624 1232 1652 voluit.

1065 1670 1108 1696 ιθ.
1120 1669 1245 1699 Simmias
1257 1673 1447 1709 Syracusanus
1457 1679 1638 1715 philosophus
1648 1681 1697 1709 fuit
1709 1691 1742 1710 ar
1754 1683 1823 1711 Stil-

1026 1717 1101 1749 ponis
1117 1718 1238 1751 auditor,
1261 1722 1339 1755 cujus
1361 1724 1444 1751 tiliam
1468 1734 1564 1760 parum
1583 1728 1710 1762 pudieam
1730 1730 1820 1757 duxit.

1062 1763 1106 1790 Η.
1127 1763 1260 1793 Monimus
1277 1767 1477 1803 Syracusanus,
1505 1773 1684 1809 philosophus
1700 1776 1821 1812 Cynicus

1024 1813 1052 1835 et
1067 1809 1195 1845 Diogenis
1210 1813 1304 1847 Cynici
1318 1815 1389 1844 {ilius
1404 1826 1411 1843 :
1428 1819 1469 1844 vir
1481 1826 1545 1846 sane
1556 1820 1781 1855 elegantissimus
1791 1829 1819 1851 et

1024 1855 1243 1890 copiosissimus.
1261 1862 1346 1887 ninlta
1361 1862 1472 1897 scripsit
1489 1866 1514 1891 in
1532 1865 1713 1902 Philosophia.
1729 1870 1818 1897 fatuu-

1024 1901 1065 1928 lus
1085 1909 1178 1931 autem
1195 1906 1285 1933 fuerat
1298 1908 1440 1943 cujusdam
1457 1912 1585 1939 mensarii
1597 1913 1746 1943 Corinthii.
1767 1916 1817 1944 llic

1023 1954 1179 1984 contempla
1192 1952 1289 1986 gloria,
1303 1955 1446 1983 veritatem
1462 1965 1572 1992 semper
1583 1962 1710 1994 appetiit.

1057 1995 1102 2024 42.
1121 1996 1242 2024 Moschus
1262 1999 1461 2035 Syracusanus,
1480 2007 1675 2038 grammaticus
1690 2013 1716 2036 et
1734 2014 1813 2043 poeta

1019 2040 1081 2073 fuit,
1096 2043 1142 2076 qui
1158 2044 1241 2071 multa
1256 2046 1377 2080 scripsit,
1392 2055 1472 2082 quem
1487 2050 1586 2084 opinor
1597 2058 1623 2079 et
1638 2053 1813 2082 Moschioaem

1020 2088 1198 2122 appellatum.

1054 2134 1098 2161 45.
1113 2135 1271 2172 Sosiphanes
1288 2137 1492 2174 Syracusanus,
1514 2148 1593 2177 poeta
1610 2146 1734 2173 comicus
1753 2148 1810 2175 sire

1018 2181 1149 2215 tragicus,
1175 2184 1349 2219 synchronus
1385 2186 1534 2222 Euripidis,
1564 2198 1635 2218 unus
1671 2200 1686 2219 e
1711 2201 1810 2227 septem

1017 2228 1126 2263 tragicis
1145 2233 1268 2264 tempore
1283 2232 1402 2267 Philippi
1417 2239 1444 2261 et
1457 2235 1617 2265 Alexandri.
1634 2238 1728 2267 Mimos
1745 2242 1808 2268 viri-

977 2273 1050 2306 Dles
1076 2283 1108 2301 ac
1124 2275 1274 2308 muliebres,
1299 2280 1443 2313 tragazdius
1462 2280 1496 2307 75
1520 2284 1636 2318 scripsit,
1660 2286 1689 2312 in
1713 2289 1806 2322 quibus

1011 2320 1114 2354 septies
1137 2321 1254 2355 palmata
1271 2323 1384 2358 adeptus
1409 2331 1464 2353 est.
1486 2327 1553 2355 ltem
1568 2330 1621 2356 alia
1646 2335 1700 2358 tam
1717 2341 1805 2361 metro

1009 2373 1091 2400 quam
1113 2375 1205 2402 prosa.
1234 2368 1375 2398 Platonem
1401 2372 1483 2408 hujus
1509 2382 1635 2409 poemata
1654 2378 1802 2414 legentem,

1008 2421 1136 2440 somnum
1153 2416 1260 2450 cepisse
1275 2418 1364 2446 aiunt.

1043 2460 1088 2486 44.
1109 2459 1248 2489 Philemon
1272 2463 1473 2501 Syracusanus,
1488 2474 1569 2503 poeta
1589 2472 1713 2501 comicus
1734 2479 1802 2502 teni-

1007 2512 1072 2538 pore
1097 2506 1256 2539 Alexandri,
1276 2516 1363 2538 annos
1380 2512 1448 2540 vixit
1473 2514 1518 2546 90,
1532 2521 1560 2543 et
1576 2517 1688 2544 totidem
1714 2519 1802 2547 edidit

1004 2550 1160 2586 Coinwdias,
1180 2555 1304 2589 obiitque
1320 2565 1353 2584 ex
1368 2559 1525 2588 vehementi
1541 2562 1609 2590 risu.

1041 2597 1087 2625 45.
1105 2598 1232 2626 Philistus
1247 2601 1436 2639 Syracusanus
1462 2606 1503 2633 vel
1523 2607 1694 2644 Naucratita,
1713 2611 1798 2641 histo-

1004 2643 1090 2676 ricus,
1106 2645 1183 2679 plura
1202 2647 1310 2682 scripsit
1327 2649 1358 2676 de
1374 2649 1477 2679 Sicilia.
1496 2653 1659 2684 Fuitatlinis
1677 2643 1795 2695 Dionysii

1003 2689 1120 2723 tyranni.
1148 2694 1176 2717 et
1203 2692 1271 2719 obiit
1294 2692 1320 2719 iu
1353 2694 1425 2723 bello
1448 2705 1543 2726 contra
1566 2689 1795 2738 Carthagineu'ses

1001 2739 1088 2768 gesto.

1036 2781 1078 2808 46.
1101 2782 1228 2811 Philistus
1239 2787 1309 2814 alius
1324 2787 1525 2824 Syracusanus,
1539 2794 1699 2832 historicus,
1715 2800 1792 2834 plura

999 2829 1108 2863 scripsit
1119 2831 1154 2856 De
1162 2833 1237 2858 rebus
1253 2833 1430 2870 .L’gyptiacis,
1442 2837 1515 2867 libris
1526 2840 1591 2875 XII;
1605 2843 1642 2870 De
1653 2829 1790 2877 Sicoiiicis.

999 2873 1071 2901 libris
1088 2876 1135 2903 .lt'l.
1162 2878 1227 2905 ltcm
1246 2880 1285 2906 De
1301 2880 1415 2914 Baccho,
1441 2885 1478 2911 Dc
1505 2873 1636 2923 theologia
1652 2873 1791 2926 [Εςιυμιίιιἐ

998 2930 1055 2949 t'tlllt
1075 2922 1147 2950 libris
1175 2924 1214 2956 l'l,
1242 2925 1289 2953 Dc'
1306 2927 1382 2963 Syria
1400 2935 1423 2956 ct
1444 2930 1535 2966 Liliya.
1564 2934 1613 2963 llic
1630 2944 1644 2963 a
1662 2937 1790 2974 Dionysio

1007 921 1029 949 Β
