4098 6414
390 430 492 495 9ΞῙ

1476 433 1569 492 DE
1613 428 2177 492 SCllIPTOlll'BUS
2221 431 2337 491 SIC
2353 431 2398 491 U
2415 431 2553 493 HS.

3557 431 3665 495 922

393 544 611 596 seniore
642 543 694 596 in
723 542 981 598 exsilium
1018 555 1198 612 actus,
1241 543 1310 598 ibi
1342 546 1536 600 bonam
1570 545 1821 598 Historia:
1858 558 1975 611 par~
2011 547 2054 602 Α
2086 539 2342 594 manibus
2374 541 2616 601 laurum,
2648 540 2878 608 gloriam
2921 540 3008 594 dei
3063 545 3383 611 quaeritans.
3433 542 3665 597 Athenis

397 648 502 689 tem
527 637 788 692 absolvit.

464 730 553 781 Η.
598 729 857 783 Phormus
903 729 1297 800 Syracusanus,
1337 741 1495 799 poeta
1537 730 1802 795 comicus,
1851 729 1978 798 Epi-

393 820 600 872 charmi
636 822 842 880 socius.
878 825 1145 877 commdia:
1187 824 1462 887 inventor,
1509 839 1631 876 cum
1686 839 1754 876 eo
1789 833 1979 891 gratus

392 912 490 966 Gel
516 915 585 963 »ηἰ
624 926 880 983 tyranno,
915 926 970 970 et
1002 917 1241 970 lilimum
1273 919 1392 986 ejus
1429 926 1753 986 prmeeptor.
1787 916 1982 969 Plures

395 1002 688 1057 (,‘muaatlias
719 1008 956 1074 scripsit.
993 1009 1209 1062 Primus
1240 1020 1389 1063 veste
1422 1009 1577 1062 talari
1615 1023 1746 1061 usus
1776 1015 1882 1068 est.
1925 1015 1981 1060 et

397 1109 559 1147 seena
596 1111 661 1148 ex
695 1098 930 1165 pellibus
971 1099 1173 1154 rubris.

466 1185 558 1240 48.
606 1187 884 1242 Philemon
949 1188 1350 1260 Syracusanus,
1411 1192 1526 1247 sive
1599 1191 1980 1253 Atheniensis.

397 1287 555 1344 pacta
589 1282 856 1343 comicus,
894 1283 1064 1336 tnulta
1099 1283 1292 1348 edidit,
1337 1301 1506 1338 unmn
1556 1301 1720 1354 supra
1756 1295 1980 1339 centum

397 1381 571 1419 annos
601 1369 754 1433 vixit,
778 1385 904 1424 eum
930 1371 1186 1426 sensibus
1209 1389 1432 1443 semper
1455 1375 1666 1429 anliilis.
1694 1374 1980 1429 Postremo

401 1458 794 1515 sulidurmiens
848 1463 987 1517 vidit
1020 1479 1217 1520 novem
1253 1467 1466 1536 puellas
1511 1467 1680 1522 domo
1728 1484 1826 1522 sua
1888 1483 1982 1523 ex-

398 1563 616 1613 euntes,
633 1568 768 1622 quas
789 1569 912 1608 cum
945 1556 1337 1628 interrogasset
1363 1576 1464 1614 cur
1485 1560 1734 1614 exirent?
1759 1575 1981 1628 restion-

398 1643 617 1706 derunt,
654 1645 772 1698 Non
815 1647 943 1701 licet
976 1651 1212 1718 amplius
1247 1651 1390 1706 hanc
1428 1656 1652 1706 domum
1679 1652 1928 1709 habitare
1965 1670 1980 1707 :

400 1746 455 1789 et
513 1739 932 1808 expergefacuts
994 1747 1236 1798 narravit
1299 1745 1409 1798 lilio
1464 1746 1753 1810 visionem,
1817 1748 1974 1815 perli-

399 1825 656 1895 ciensque
685 1830 831 1898 quod
862 1833 1250 1902 componebat,
1277 1834 1692 1891 obdorniisscns
1727 1837 1978 1908 spiritum

397 1929 602 1972 emisit.
880 1989 886 1997 .

473 2011 564 2065 49.
616 2011 897 2070 Philemon
935 2016 1100 2088 hujus
1131 2018 1294 2082 (ilius,
1327 2023 1571 2077 comicus
1602 2022 1788 2078 itident
1825 2033 1984 2093 poeta

397 2118 628 2173 quatuor
657 2111 904 2164 exaravit
924 2109 1244 2167 Commdias.

472 2200 561 2253 5η.
609 2201 830 2256 Nicclas
863 2203 1226 2274 philosophus
1273 2205 1671 2279 Syracusanus,
1708 2210 1985 2266 dixitom-

401 2295 492 2345 nia
531 2295 645 2347 lieri
696 2296 980 2350 harmonia
1015 2307 1070 2351 et
1103 2301 1455 2367 necessitate,
1506 2312 1820 2374 terramque
1865 2321 1983 2359 mo-

403 2388 516 2441 veri
545 2388 698 2456 juxta
728 2388 963 2456 prirnmu
1002 2391 1292 2455 circulum,
1323 2405 1380 2449 ut
1409 2392 1486 2448 ait
1516 2395 1797 2451 Laertius.

477 2479 565 2532 5|.
608 2477 846 2548 Orpheus
901 2481 1336 2549 Camarincnsis,
1367 2487 1580 2555 epicus,
1613 2489 1704 2557 qui
1743 2489 1986 2544 carmine

401 2572 716 2640 composuit
746 2573 1052 2627 descensum
1078 2576 1148 2627 ad
1175 2576 1398 2645 inferos,
1433 2589 1490 2632 ct
1517 2579 1620 2632 alia
1650 2584 1842 2634 multa.

475 2664 562 2716 52.
607 2662 916 2734 Timagoras
965 2664 1235 2729 Gclcnsis,
1300 2669 1662 2739 philosophus
1709 2688 1774 2727 ac
1821 2672 1982 2727 Theo-

401 2755 606 2823 phrasti
653 2755 982 2825 discipulus,
1035 2767 1088 2811 et
1136 2760 1261 2812 inde
1313 2759 1566 2832 Stilponis
1600 2765 1858 2834 snperius
1891 2783 1989 2820 no-

403 2849 617 2902 minati.

477 2940 567 2994 55.
613 2939 861 2994 Euclides
918 2940 1193 3009 Gelensis,
1257 2947 1621 3017 philosophus
1675 2948 1991 3004 Platonicus

401 3053 466 3092 ac
501 3048 780 3106 geometra
821 3040 1329 3106 przestantissimus,
1359 3039 1505 3093 alius
1533 3039 1727 3095 fuitab
1765 3041 1858 3097 illo
1885 3042 1991 3096 Me-

401 3130 643 3198 garensi,
679 3129 746 3184 de
773 3144 882 3198 quo
913 3129 1185 3196 Laertius,
1227 3139 1283 3184 et
1319 3131 1414 3199 qui
1464 3130 1710 3202 dialogos
1743 3134 1989 3202 scripsit,

405 3231 465 3275 ut
508 3224 584 3275 ait
644 3222 873 3277 Proclus
922 3222 975 3276 in
1033 3222 1278 3277 secundo
1339 3238 1594 3279 sermone
1640 3225 1695 3280 in
1752 3227 1987 3296 primum

407 3314 673 3368 Euclidis.
716 3313 894 3385 thue
927 3315 1120 3370 scribit
1157 3314 1364 3379 lleron,
1402 3316 1538 3371 vixit
1569 3325 1816 3389 tempore
1860 3320 1989 3375 Pto-

403 3407 579 3460 lemati
616 3406 802 3476 primi,
832 3407 1022 3477 junior
1052 3406 1301 3470 Platone,
1329 3409 1423 3462 sed
1457 3413 1728 3465 vetustior
1784 3412 1989 3467 Erato-

406 3501 604 3554 sthene
638 3510 694 3553 ct
727 3500 1083 3564 Archimede.
1119 3501 1336 3575 fuitque
1366 3501 1593 3568 Gelous,
1620 3513 1680 3558 ut
1711 3519 1779 3559 ex
1809 3508 1994 3562 verbis

410 3596 609 3650 Laertii
666 3595 962 3665 colligitur.
1021 3597 1183 3652 Multa
1241 3599 1310 3652 ab
1353 3599 1578 3654 Eudoxo
1624 3608 1679 3654 et
1713 3598 1994 3655 Thcaatcto

413 3701 622 3757 sumpta
673 3689 925 3758 pet-letit,
979 3689 1313 3760 scripsitque
1370 3690 1772 3744 Elementorum
1831 3691 1994 3747 libros

410 3779 577 3846 XIII;
626 3797 748 3833 nam
784 3781 873 3834 alii
927 3780 1039 3834 duo
1070 3782 1242 3836 additi
1280 3783 1507 3838 fuerunt
1551 3784 1620 3837 ab
1663 3782 1908 3852 Ilypsicle
1946 3793 1995 3837 et

408 3875 644 3927 Aristero
705 3874 780 3942 (ι)
838 3873 966 3927 item
1040 3872 1323 3937 Musicani,
1381 3871 1592 3944 Optica.
1666 3873 1994 3944 Catoptrica,

413 3965 787 4030 l’hwnomena,
811 3963 1132 4031 Porismata,
1160 3964 1479 4032 Dedomena,
1501 3981 1618 4034 qua:
1639 3966 1822 4034 potius
1837 3965 1998 4019 Theo—

413 4061 496 4110 nis
554 4068 703 4112 sunt.
761 4057 878 4121 llic,
932 4068 991 4112 ut
1033 4059 1113 4112 ait
1164 4058 1408 4124 Procles,
1462 4074 1489 4110 a
1529 4057 1822 4112 l’telemteo
1872 4074 1998 4129 rege

415 4153 808 4220 interrogatus,
860 4161 1079 4205 essetne
1116 4149 1223 4203 ulla
1260 4149 1326 4204 ad
1360 4149 1715 4219 geometriam
1747 4151 1844 4202 via‘
1869 4166 2002 4205 con-

413 4245 581 4296 eisior
617 4258 780 4312 quam
823 4243 1197 4307 eleiueutaris,
1251 4241 1536 4310 reSpondit
1571 4259 1584 4295 :
1622 4258 1728 4296 non
1779 4258 1896 4296 esse
1931 4241 1997 4296 ad

411 4336 765 4407 geometriam
822 4335 1215 4406 capessendam
1272 4335 1488 4403 regiam
1549 4335 1687 4388 viam
1737 4336 2002 4390 ealleinve

414 4427 608 4481 ullum.

487 4521 576 4575 fit.
622 4522 932 4574 Aristoteles
966 4522 1186 4575 Siculus
1217 4532 1404 4575 orator
1460 4523 1614 4587 piura
1668 4521 1998 4591 composuit,

2083 633 2301 703 publice
2333 633 2486 701 legit,
2519 633 2740 701 scripsit
2771 633 3016 687 carmine
3052 632 3128 685 De
3159 634 3494 687 naturalibus
3529 644 3578 688 et
3604 635 3667 687 de

2080 724 2537 791 puri/icationibus
2567 726 2737 780 libros
2775 725 2936 790 duos,
2988 727 3328 781 carminibus
3373 727 3670 796 quinquies

2084 817 2250 870 mille.
2288 817 2420 871 Item
2465 817 2540 869 De
2571 813 2852 883 medicina,
2895 827 3072 873 metro
3101 829 3157 873 et
3189 835 3371 890 prosa.
3409 820 3666 875 Nonnulli

2087 917 2216 961 tunc
2271 909 2510 971 primum
2576 919 2857 964 oratorem
2917 908 3086 965 fuisse
3141 914 3348 965 aiunt:
3397 911 3491 965 sed
3547 913 3670 980 ejus

2084 1000 2251 1052 vitam
2317 999 2569 1055 Laertius
2629 1001 2738 1055 late
2798 1002 3014 1058 scribit.
3075 1003 3246 1058 Periit
3311 1004 3365 1058 in
3415 1004 3669 1059 inccndio

2086 1089 2300 1145 Aitumo
2334 1109 2347 1145 :
2384 1107 2507 1144 nam
2547 1107 2651 1145 una
2703 1108 2769 1146 ex
2811 1093 2931 1163 ejus
2976 1093 3216 1164 crepidis
3265 1095 3452 1159 trucis,
3500 1111 3666 1166 quam

2086 1182 2300 1236 llainina
2347 1181 2646 1246 cruciavit,
2689 1183 2836 1237 circa
2884 1183 3089 1239 montis
3121 1194 3390 1238 craterem
3447 1194 3664 1255 reperta

2083 1282 2188 1329 est.

2159 1367 2249 1422 57.
2297 1367 2640 1437 Empedocles
2678 1367 2818 1424 alter
2846 1369 3255 1440 Agrigentinus,
3285 1369 3445 1439 primi
3479 1385 3670 1440 nepos,

2089 1466 2252 1524 poeta
2306 1458 2568 1528 tragicus,
2616 1459 2840 1530 scripsit
2877 1458 3180 1529 Tragwdias
3231 1468 3464 1529 quatuor
3508 1476 3672 1527 supra

2085 1552 2290 1620 viginti.

2161 1643 2250 1699 58.
2296 1641 2558 1698 Carcinus
2606 1643 3018 1714 Agrigentinus,
3078 1654 3234 1713 poeta
3273 1644 3510 1714 tragicus
3542 1642 3676 1697 Tra-

2088 1735 2284 1803 gazdias
2325 1735 2384 1788 l6
2421 1735 2730 1804 composuit

2163 1829 2249 1882 £9.
2301 1826 2545 1881 Metellus
2579 1828 2993 1898 Agrigentinus,
3043 1827 3127 1881 vir
3161 1827 3356 1884 doctus
3395 1838 3453 1882 et
3500 1829 3674 1883 musi-

2021 1919 2060 1972 B
2090 1937 2189 1976 cus
2218 1921 2471 1985 eximius,
2503 1920 2766 1976 musicam
2799 1918 3078 1974 Platonem
3105 1920 3314 1975 docuit.

2161 2012 2253 2066 60.
2295 2011 2462 2065 Polus
2519 2012 2932 2082 Agrigentinus,
2991 2023 3180 2067 orator
3227 2022 3282 2070 et
3330 2029 3556 2085 magnus
3585 2030 3674 2070 so-

2093 2105 2294 2175 pltisla,
2335 2104 2543 2174 Gorgia:
2598 2103 2858 2158 Leontini
2905 2103 3236 2174 discipulus.
3288 2102 3590 2158 Cra’corum
3623 2114 3673 2160 et

2090 2199 2458 2261 barbarorum,
2490 2198 2577 2265 qui
2605 2198 2661 2250 in
2695 2195 2909 2265 Trojam
2945 2197 3160 2266 fuerant
3189 2201 3433 2265 profecti,
3468 2196 3674 2252 Getica-

2088 2289 2286 2359 logiam
2312 2291 2590 2358 exposuit.

2161 2380 2250 2434 (il.
2299 2381 2636 2436 Telemachus
2671 2382 3158 2452 Agrigentinorum
3186 2385 3442 2456 princeps
3475 2383 3677 2440 litteris

2092 2473 2312 2527 deditus
2363 2490 2378 2528 :
2435 2482 2483 2526 et
2532 2473 2906 2546 CalcyOpensis
2955 2491 2984 2528 a
3031 2491 3142 2545 quo
3193 2476 3509 2530 Eumenides
3589 2479 3676 2530 iti-

2093 2579 2357 2630 structus,
2414 2568 2571 2636 cujus
2614 2568 3181 2623 lilius.Cnessidamus
3213 2584 3367 2639 pater
3423 2569 3675 2624 Theronis

2095 2659 2312 2729 tyranni
2357 2660 2842 2730 Agrigentinorum
2875 2672 2930 2718 et
2960 2660 3272 2716 Xenocratis
3305 2678 3323 2716 :
3355 2663 3446 2732 qui
3482 2679 3676 2718 omnes

2091 2754 2348 2806 studiosi.

2160 2844 2248 2898 6'2.
2275 2844 2526 2898 Phalaris
2557 2845 2956 2916 Astypalensis,
3013 2846 3185 2917 patria
3214 2859 3460 2918 privatus
3489 2849 3696 2920 sus-pi:

2091 2941 2249 2993 cione
2282 2939 2609 3009 tyrannidis,
2655 2941 2709 2993 in
2742 2938 2987 2994 Siciliam
3024 2941 3196 3006 venit,
3227 2957 3292 2996 ac
3323 2955 3488 2997 suasu
3532 2943 3675 2995 ami-

2091 3043 2284 3083 corum
2334 3029 2570 3083 eﬂeetus
2613 3039 2698 3084 est
2730 3030 3216 3101 Agrigentinorum
3262 3043 3544 3105 tyrannus.
3585 3037 3678 3092 Vir

2088 3111 2224 3176 sane
2268 3124 2538 3176 maximus
2567 3123 2807 3193 ingenio,
2853 3123 3160 3187 studiosus,
3204 3141 3268 3180 ac.
3307 3143 3435 3197 erga
3476 3131 3678 3199 probos

2092 3225 2148 3268 et
2196 3215 2473 3270 litteratos
2521 3217 2969 3273 liberalissimus.
3025 3218 3198 3290 llujus
3251 3221 3418 3276 vitam
3463 3222 3680 3294 Jupiter

2095 3308 2312 3364 duobus
2343 3311 2504 3364 annis
2537 3311 2905 3381 prolongavit,
2941 3322 2999 3366 ut
3035 3313 3109 3368 ait
3151 3312 3486 3384 Stephanus,
3529 3321 3675 3389 quod

2099 3403 2414 3456 humaniter
2466 3412 2760 3457 tractasset
2811 3402 3158 3458 Charitonem
3209 3417 3256 3461 et
3292 3408 3678 3482 Menalippum.

2099 3493 2199 3548 llic
2225 3495 2278 3546 in
2301 3503 2626 3548 tauroanieo
2661 3495 2920 3549 [‘crillum
2960 3500 3214 3552 tormenti
3251 3500 3370 3565 ejus
3397 3513 3679 3560 auctorem

2098 3587 2336 3654 primum
2380 3589 2534 3640 exuri
2591 3590 2775 3656 jussit,
2823 3589 2984 3659 cujus
3037 3589 3295 3659 Epistula:
3343 3607 3473 3650 sunt
3507 3599 3682 3654 notis-

2097 3681 2271 3733 simae.

2169 3773 2256 3826 65.
2311 3770 2609 3828 Demetr'us
2690 3771 2911 3830 Siculus
2991 3773 3326 3843 Calactinus,
3382 3779 3682 3843 historicus

2103 3865 2611 3934 praestzuitissimus,
2658 3865 2726 3921 ΞΟ
2755 3868 2915 3922 libros
2959 3867 3024 3921 de
3063 3869 3190 3924 Asia
3219 3879 3268 3923 et
3293 3869 3510 3944 Europa
3552 3891 3685 3932 con-

2100 3956 2339 4023 scripsit.

2173 4047 2262 4101 σι.
2305 4046 2548 4101 (Ia-cilius
2577 4049 2668 4119 qtti
2700 4060 2757 4106 et
2785 4053 3151 4127 At'cliagulltus
3184 4063 3504 4134 vocabatur,
3529 4066 3686 4122 Sicu-

2106 4139 2191 4193 lus
2222 4154 2285 4193 ex
2319 4139 2534 4194 Calaeta
2572 4143 2798 4212 oppido,
2840 4145 3064 4203 Graecus
3105 4154 3328 4208 natione
3375 4173 3438 4211 ac
3477 4159 3682 4230 lingua,

2103 4228 2325 4284 Judzeus
2352 4240 2530 4285 tamen
2563 4237 2704 4302 lege,
2731 4247 2918 4292 orator
2947 4244 3454 4308 pra-stantiSsimus.
3497 4228 3685 4306 Bona:

2109 4330 2356 4390 tempore
2380 4325 2610 4392 Augusti
2640 4327 2873 4385 Caesaris
2900 4331 3120 4399 publice
3153 4336 3302 4405 legit.
3344 4339 3508 4394 Multa
3538 4358 3686 4396 eom-

2109 4416 2310 4483 posuit,
2336 4416 2532 4472 Contra
2566 4420 2802 4490 Phrygas
2831 4424 2991 4478 libros
3017 4428 3167 4491 duos,
3203 4430 3517 4502 Elegantius
3549 4439 3688 4491 Alti-

2107 4525 2196 4561 cas
2228 4511 2528 4564 δυευιιάιιηι
2556 4513 2854 4582 elementa,
2908 4534 3030 4587 qua:
3077 4523 3259 4577 adhuc
3291 4527 3434 4594 apud
3461 4528 3687 4584 Suidam

412 4625 465 4668 ct
485 4612 792 4669 Orationem
820 4625 1005 4667 contra
1049 4615 1427 4684 panegyricum
1473 4613 1723 4668 Isocratis
1751 4615 1990 4667 oratoris.

2109 4604 2394 4674 leguntur:
2417 4605 2494 4658 Ile
2517 4610 2916 4676 comparatione
2947 4611 3301 4670 Demosthenis
3323 4631 3371 4670 et
3390 4619 3691 4688 .Eschinis;

487 4704 573 4756 55.
618 4705 789 4756 Acron
833 4704 1246 4773 Agrigentinus,
1290 4704 1492 4758 nohiiis
1543 4704 1900 4774 phil0s0phus
1936 4719 1998 4758 ac

415 4796 682 4856 medicus,
719 4794 1048 4864 Hippocrate
1096 4797 1396 4865 antiquior,
1432 4797 1676 4851 Xenonis
1707 4797 1870 4851 ﬁlius.
1901 4794 2000 4850 llic

413 4889 642 4942 Athenis
680 4889 894 4956 publice.
945 4888 1150 4957 legerat
1182 4905 1286 4942 una
1323 4905 1445 4943 cum
1479 4890 1790 4959 Empedocle
1820 4889 1998 4958 philo-

414 4983 612 5050 snpho,
641 4984 922 5049 multaque
959 4980 1152 5035 Dorice
1185 4983 1408 5052 scripsit
1442 4984 1514 5035 Ile
1542 4984 1822 5036 medicina.
1861 4982 1998 5035 lluic

417 5073 664 5126 tribui-re
703 5073 1049 5141 epitaphium
1088 5073 1221 5127 illud
1259 5074 1404 5144 quod
1448 5074 1615 5130 refert
1660 5073 1912 5128 Laertius
1945 5074 1998 5126 in

418 5166 533 5220 Vita
567 5166 913 5236 Empedoclis
947 5182 962 5218 :

415 5299 673 5373 Acronem
703 5317 969 5373 summum
1013 5305 1271 5355 medicum
1296 5318 1358 5356 ea:
1385 5302 1685 5373 Acragante
1707 5305 1999 5372 profectum

493 5371 703 5425 Verticis
735 5372 926 5426 excelsi
954 5375 1093 5426 celsa
1123 5374 1369 5442 sepulcra
1406 5371 1606 5428 tenent.

485 5526 574 5581 56.
619 5525 964 5597 Empedocles
1005 5530 1396 5600 Agrigentinus
1450 5532 1648 5585 nobilis
1713 5547 1778 5586 ac
1826 5532 2002 5597 dives,

416 5618 784 5686 philosOphas
833 5619 1254 5692 PythagOricus.
1289 5637 1548 5676 coronam
1580 5638 1802 5678 auream
1829 5625 1886 5677 in
1913 5640 2003 5678 ca-

419 5709 533 5777 pite
574 5709 805 5775 teri-bat,
839 5723 895 5764 et
925 5711 979 5764 in
1033 5712 1268 5780 pedibus
1318 5728 1465 5768 :euca
1517 5714 1802 5782 sutelaria,
1854 5726 1909 5770 et
1948 5719 2004 5772 in

487 5868 562 5938 (ι)
606 5865 768 5938 Lege,
799 5868 1046 5922 Arista'a.

2111 4696 2238 4750 item
2274 4699 2637 4754 Demosthenis
2671 4711 2718 4754 et
2748 4700 3055 4769 Ciceronis;
3091 4709 3216 4761 item
3245 4710 3318 4764 De
3343 4714 3480 4782 stylo
3514 4722 3687 4770 decem

2108 4799 2380 4844 oratorum
2417 4791 2656 4847 (ἐι-σιτίων.

2179 4883 2268 4937 05.
2318 4881 2507 4938 Thales
2573 4887 2792 4945 Siculus
2843 4887 3176 4959 Calaetinus,
3227 4907 3436 4962 orator,
3489 4917 3693 4958 succes-

2107 4976 2280 5029 siones
2311 4977 2741 5047 philosOphorum
2773 4997 2838 5036 ac
2867 4993 3134 5038 sectarum
3164 4988 3475 5059 descripsit.

2182 5069 2269 5123 06.
2319 5069 2575 5139 Theognis
2609 5073 2826 5130 riculus
2862 5075 3212 5145 Megarensis,
3250 5099 3406 5151 poem
3437 5087 3693 5143 moralis—

2110 5162 2283 5216 simus
2329 5173 2384 5217 et
2421 5167 2834 5232 admonitivus,
2890 5171 3075 5238 plures
3121 5173 3316 5243 elegias
3351 5181 3690 5247 composuit,

2111 5269 2345 5321 quantm
2377 5264 2594 5308 exstant
2643 5259 2921 5314 nonnulla:
2951 5275 3001 5313 ei
3032 5263 3449 5321 admonitorium
3478 5285 3688 5335 poema.

2182 5344 2274 5398 67.
2313 5343 2513 5399 Probus
2539 5347 2624 5401 vir
2649 5348 3001 5406 doctissimus
3031 5370 3094 5405 ex
3128 5355 3385 5425 Lilyhzeo,
3431 5361 3496 5413 ad
3532 5377 3694 5429 quem

2111 5437 2405 5491 videndum
2443 5449 2499 5492 et
2523 5439 2856 5495 audiendum
2888 5458 3111 5498 venerat
3139 5445 3474 5518 Porphyrius
3505 5453 3619 5507 ille.

2183 5529 2271 5583 68.
2315 5528 2651 5584 Stesichorus
2704 5531 3071 5599 llimcrensis,
3131 5551 3288 5606 poeta
3331 5543 3538 5611 lyricus
3597 5560 3692 5598 cx-

2114 5623 2540 5678 eellentiSsimus
2575 5641 2637 5680 ac
2665 5627 3050 5697 philosophus,
3089 5640 3336 5702 tempore
3365 5635 3696 5693 Phalaridis.

2117 5716 2214 5772 llic
2244 5718 2408 5773 Tisias
2437 5721 2758 5789 vocabatur,
2782 5731 2838 5777 et
2861 5725 3121 5794 quoniam
3151 5729 3406 5784 choream
3435 5731 3696 5801 instituit,
