4098 6416
479 440 586 504 923

1655 437 2163 498 CONSTANTINI
2207 438 2570 497 LASCARIS

3641 437 3704 500 ('2
3716 439 3736 500 I

481 550 839 606 Stesichorus
894 549 1197 620 appellatus
1234 559 1340 616 est,
1373 548 1533 618 quasi
1590 559 1764 602 stator
1824 547 2062 601 chorem.
2098 553 2138 608 Α
2171 547 2355 615 potius
2388 547 2631 600 Milesius
2665 546 2786 610 fuit,
2823 546 3182 616 philosophus
3211 561 3274 600 ac
3303 555 3460 616 poeta
3501 547 3739 602 moralis-

484 644 708 697 Fratres
737 643 928 695 habuit
961 641 1226 694 .llariunm
1251 651 1582 710 geometram
1607 651 1662 694 et
1687 639 2061 710 Halianactem

484 736 920 805 legumlatorem,
961 736 1014 786 fil
1041 749 1213 802 asque
1243 733 1616 787 doctissimas.
1671 732 1830 786 Plura
1870 709 2064 785 Dorice

483 829 724 895 scripsit,
785 842 1019 895 quorum
1078 823 1212 878 nihil
1261 835 1462 880 exstat.
1515 825 1660 879 Idem
1701 837 1826 878 cum
1877 831 2062 876 contra

487 920 742 974 Helenam
786 918 1112 986 scripsisset,
1147 917 1324 970 visum
1352 917 1558 970 amisit.
1598 915 1885 968 Palinodia
1915 930 2066 968 com-

487 1015 662 1080 posita
697 1012 1062 1079 recuperavit.
1101 1011 1199 1064 l-Iic
1232 1009 1376 1062 [ilius
1402 1009 1508 1063 fuit
1536 1009 1837 1077 Euphemii,
1871 1017 1929 1060 ut
1970 1007 2063 1060 alii

486 1104 794 1171 linphorbit‘,
821 1113 880 1157 ut
909 1104 1000 1157 alii
1035 1102 1291 1165 Euclidis,
1319 1113 1378 1156 ut
1399 1103 1488 1156 alii
1514 1101 1718 1170 Uyctis,
1743 1109 1802 1153 ut
1831 1099 1920 1152 alii
1959 1097 2071 1151 lle-

401 1253 412 1264 ,
480 1198 638 1250 siodi.
668 1197 924 1252 Nonnulli
955 1194 1232 1248 Metauria:
1255 1203 1435 1247 ortum
1468 1203 1777 1246 memorant
1806 1193 1860 1246 in
1889 1190 2062 1254 Italia,

485 1289 732 1342 nonnulli
765 1289 818 1341 in
845 1288 1050 1356 oppido
1101 1287 1364 1340 Palautho
1415 1285 1687 1350 Arcadiae,
1733 1292 1899 1353 atque
1937 1284 2065 1336 inde

487 1378 780 1450 profugum
802 1377 1065 1432 Catanam
1084 1381 1322 1436 venisse.
1343 1377 1530 1446 ibique
1547 1375 1869 1429 defunctum
1894 1391 1909 1427 :
1937 1385 2066 1428 ante

485 1473 730 1527 civitatis
769 1483 982 1542 portam
1007 1487 1131 1541 quae
1172 1473 1242 1526 ab
1279 1471 1452 1541 ipsius
1478 1470 1696 1525 nomine
1729 1468 2066 1524 Stesichoria

394 1628 400 1632 _
487 1565 630 1618 dicta
649 1573 753 1627 est,
781 1566 903 1635 ejus
921 1565 1234 1634 sepulcrum
1259 1575 1384 1618 octo
1411 1563 1696 1619 columnas
1727 1562 2066 1630 totidemque

489 1657 694 1726 gradus
723 1665 776 1709 et
809 1656 1040 1724 angulos
1091 1653 1352 1717 habebat,
1395 1654 1465 1708 de
1505 1668 1615 1722 quo
1662 1651 1844 1706 adhuc
1886 1659 2068 1704 exstat

486 1749 880 1804 testudinatum
902 1757 1342 1812 monumentum,
1365 1760 1528 1816 quam
1554 1745 1616 1798 D.
1645 1743 1825 1799 Maria:
1847 1741 2066 1798 Bethle-

482 1842 718 1898 emiticze
743 1839 924 1896 a-derri
960 1849 1181 1894 vocant.

554 1936 644 1990 69.
689 1933 999 2004 Pliocylides
1059 1932 1280 1988 Siculus
1332 1945 1397 1986 ex
1451 1932 1654 2002 oppido
1715 1931 1895 2002 Mylis,
1957 1931 2062 1986 nisi

2167 641 2338 692 simus
2389 649 2448 691 et
2505 637 2898 701 admouitivns,
2959 640 3303 708 synchronus
3383 623 3762 706 Theognidis,

2167 748 2290 784 nam
2325 742 2554 800 uterque
2583 731 2787 784 claruit
2819 741 2940 798 post
2991 731 3194 785 bellum
3237 730 3538 800 Trojauutn
3586 729 3740 784 anuis

2169 823 2294 876 567.
2351 822 2447 876 llic
2501 821 2668 874 multa
2705 825 2946 874 carmina
2991 832 3040 873 et
3074 823 3241 890 elegos
3281 820 3521 889 scripsit.
3565 819 3743 872 I‘Ixstat

2166 919 2284 982 ejus
2334 917 2748 969 admauitoriunt
2809 933 2995 986 poema
3054 917 3279 970 heroico
3338 923 3518 968 metro
3573 913 3742 967 utilis-

2167 1007 2385 1060 simum.

2243 1100 2330 1154 70.
2364 1096 2587 1169 Pythias
2613 1105 2669 1152 et
2699 1097 2907 1152 Damon
2939 1097 3130 1159 Siculi,
3157 1095 3538 1167 Pythagoricae
3563 1105 3740 1156 sectm.

2169 1191 2404 1244 maxima
2465 1190 2696 1245 invicem
2779 1191 3015 1247 amicitia
3100 1191 3402 1261 conjuncti.
3505 1189 3742 1254 Quorum

2171 1285 2405 1338 alterum
2462 1298 2588 1338 cum
2646 1285 2938 1356 Dionysius
2993 1283 3373 1354 Syracusanus
3427 1283 3744 1337 interimere

2168 1376 2527 1442 decrevisset,
2551 1374 2713 1445 eique
2738 1385 2957 1444 tempus
2975 1375 3417 1436 determinasset,
3443 1384 3504 1427 ut
3521 1374 3742 1427 domum

2171 1466 2452 1537 profectus
2499 1484 2588 1524 res
2635 1483 2763 1524 suas
2798 1469 3106 1534 ordinaret,
3153 1468 3292 1522 alter
3331 1468 3531 1520 vadem
3566 1481 3625 1519 se
3669 1474 3747 1534 ty-

2169 1578 2341 1616 ranno
2387 1577 2488 1630 pro
2519 1561 2680 1616 amici
2736 1561 2914 1616 reditu
2969 1561 3190 1624 obtulit,
3242 1568 3432 1614 certus
3484 1559 3554 1612 de
3589 1557 3746 1612 amici

2168 1657 2496 1708 constantia.
2539 1655 2650 1710 Nec
2692 1671 2818 1709 cum
2855 1655 3044 1722 opinio
3097 1653 3324 1720 fefellit;
3376 1668 3504 1706 nam
3556 1653 3646 1705 ille
3683 1648 3746 1704 ad

2169 1745 2359 1800 horam
2391 1747 2745 1800 constitutam
2793 1749 3193 1815 superveniens
3221 1746 3418 1799 vadem
3472 1744 3746 1798 liberavit.

2170 1839 2413 1904 Quorum
2448 1838 2740 1910 Dionysius
2763 1837 2922 1892 fidem
2951 1839 3274 1902 admiratus,
3309 1853 3463 1891 reum
3496 1835 3747 1895 absolvit,

2170 1943 2375 1997 eosque
2397 1929 2594 1995 oravit,
2620 1938 2677 1982 ut
2697 1944 2757 1984 se
2782 1930 3003 1985 tertium
3030 1929 3083 1984 in
3107 1929 3396 1984 sodalitate
3419 1929 3750 1996 reciperent.

963 2266 2260 2525 CONSTANTINI
2371 2332 3335 2525 LASCARIS'

1915 2645 2280 2702 ΒΥΖΑΝΤιΝΙ

1101 2818 1285 2931 DE
1378 2817 2412 2935 scmeroamus
2491 2817 3100 2976 GR/ECIS.

1790 3041 2046 3100 PATRIA
2081 3041 2447 3097 CALABBIS.

1387 3182 1602 3248 (Fabric.
1629 3182 1933 3235 Bibliotheca
1966 3185 2151 3239 Greca,
2177 3182 2258 3232 ed.
2290 3180 2336 3243 I,
2365 3189 2480 3230 tom.
2504 3182 2626 3243 XIV,
2655 3198 2702 3247 p.
2734 3180 2838 3246 εἰ.)

565 3518 960 3578 Constantinus
991 3519 1243 3578 Lasearis
1274 3520 1559 3576 ALPIIONSO
1589 3521 1890 3592 Aragonio,
1919 3521 2074 3576 Cala-
2105 3524 2528 3595 B'Plierecyd.:nt
2591 3522 2976 3594 philosophum
3029 3521 3262 3589 audivit,
3329 3536 3442 3592 quo
3505 3521 3760 3579 defuncto

495 3614 633 3671 δύω
653 3615 803 3681 duci,
836 3615 1089 3669 salutem.

569 3709 623 3763 1.
655 3708 792 3763 Cum
817 3709 908 3762 diu
940 3717 1122 3761 mente
1147 3707 1505 3773 revolverem,
1532 3707 1908 3762 illustrissime
1929 3707 2080 3777 prin-

496 3814 648 3866 ceps,
683 3808 949 3867 quantum
989 3808 1081 3852 tua
1117 3809 1168 3854 te
1204 3799 1620 3868 opulentissima
1649 3799 1902 3854 Calabria
1930 3801 2082 3854 dele-

499 3901 634 3957 ctet,
659 3902 774 3946 tum
813 3901 1040 3961 propter
1073 3888 1320 3946 diversas
1363 3891 1416 3946 in
1445 3909 1508 3946 ea
1553 3892 1829 3958 civitates,
1857 3893 2079 3962 Oppida,

499 3985 671 4044 vicos,
725 3993 836 4036 tmn
868 3993 1092 4052 propter
1141 3982 1570 4053 jucundissimos
1619 3995 1852 4046 montes,
1892 3983 2081 4046 colles,

489 4089 712 4145 magna,
747 4074 992 4137 ﬂuiuina,
1020 4090 1122 4128 nec
1154 4090 1261 4128 non
1297 4083 1354 4128 et
1410 4073 1516 4128 alia
1567 4084 1672 4127 tam
1715 4074 2084 4130 admiratione

501 4184 666 4238 quam
701 4168 864 4221 laude
894 4167 1080 4236 digna,
1139 4175 1203 4220 ut
1247 4166 1568 4220 venationes
1598 4177 1654 4222 et
1693 4167 2081 4221 honestissima

502 4259 752 4328 corporis
778 4258 1042 4311 exercitia
1078 4257 1328 4314 omittam
1359 4272 1375 4312 :
1415 4256 1631 4312 decrevi
1664 4257 1906 4311 illustres
1937 4258 2086 4310 viros

507 4370 570 4404 ac
601 4350 956 4420 philosophos
985 4349 1104 4417 ejus
1122 4349 1420 4417 provinciae
1448 4349 1687 4402 breviter
1720 4349 1816 4403 tibi
1848 4364 2084 4403 comme-

514 4458 750 4497 morare.
790 4441 1052 4494 Existimo
1081 4442 1229 4495 enim
1269 4439 1320 4493 id
1351 4455 1457 4494 non
1496 4455 1674 4509 parva:
1717 4441 1813 4493 tibi
1842 4440 2084 4493 delecta-

510 4535 646 4588 tioni
686 4537 956 4597 fututum,
1011 4550 1132 4586 cum
1167 4534 1244 4586 sis
1275 4531 1710 4600 speculationum
1760 4541 1814 4586 et
1845 4532 2086 4600 antiqui-

511 4637 683 4682 tatum
759 4627 1223 4680 studiosissimus.
1299 4623 1512 4688 Quibus
1589 4624 1755 4677 rebus
1815 4633 2082 4691 quantum

507 4716 759 4772 Calabria
789 4716 1086 4778 redundet,
1120 4716 1163 4768 si
1194 4714 1473 4782 eitplicarc
1508 4713 1727 4774 vellem,
1770 4727 1911 4781 opus
1941 4722 2088 4766 esset

510 4809 718 4879 ingenti
751 4807 1053 4860 volumine.
1091 4806 1261 4859 Video
1301 4803 1449 4857 enim
1484 4819 1581 4872 per
1614 4803 1878 4858 Calabros
1907 4802 2091 4872 philo-

509 4902 715 4969 sophos
757 4900 988 4961 Italiam,
1033 4896 1276 4949 Siciliam
1308 4911 1370 4948 ac
1403 4908 1612 4963 partem
1637 4894 1860 4949 Gracche
1887 4905 2085 4948 nostra:
2115 4881 2157 4933 ο

515 4991 816 5046 illustratas
844 4989 1036 5043 fuisse.
1073 4985 1274 5041 Verum
1311 5001 1412 5056 ego
1448 4987 1500 5038 iit
1537 4987 2094 5054 eompendiumviros

511 5084 715 5138 litteris
737 5097 801 5135 ac
825 5083 1028 5134 virtute
1061 5079 1324 5148 insignes,
1361 5093 1499 5148 quos
1529 5077 1782 5131 Calabria
1810 5078 1938 5129 olim
1967 5092 2092 5144 pro-

521 5174 669 5238 tulit,
712 5184 1029 5240 Congeram,
1068 5168 1338 5236 incipiens
1384 5183 1412 5219 a
1455 5164 1817 5234 philosophiae
1863 5171 2091 5232 parente

513 5281 578 5322 ac
605 5265 887 5322 uberrimo
914 5262 1063 5315 fonte
1093 5259 1421 5330 Pythagora.

581 5357 636 5410 2.
690 5356 1022 5425 Pythagoras
1075 5353 1258 5420 itaque
1310 5360 1520 5420 patrem
1573 5349 1768 5403 habuit
1819 5345 2093 5400 Timesar-

512 5450 703 5512 chum,
733 5445 1015 5500 aurificem
1047 5442 1214 5497 Italiae
1235 5441 1506 5504 Graecum,
1530 5441 1624 5509 qui
1655 5440 1722 5492 ab
1756 5438 1948 5492 insulis
1965 5437 2095 5506 Tyr-

516 5559 558 5596 r.
585 5540 706 5594 enis
738 5541 898 5606 (quas
928 5535 1292 5589 Athenienses
1326 5532 1626 5603 Tyrrhenis
1659 5527 1906 5597 expulsis
1941 5528 2094 5581 babi-

517 5628 728 5699 taruut)
762 5629 814 5682 in
841 5627 1077 5681 Satniam
1108 5627 1340 5679 insulam
1365 5622 1662 5692 profectus,
1691 5634 1914 5673 uxorem
1938 5616 2092 5670 duxit

516 5724 776 5784 Samiam,
814 5735 935 5787 quae
988 5719 1351 5788 Pythagoram
1399 5715 1644 5770 Samium
1697 5721 2085 5780 cognomento,

517 5811 750 5882 peperit.
797 5809 895 5863 Ilic
946 5809 1298 5877 Pythagoras,
1356 5807 1408 5859 in
1470 5805 1640 5876 Scyro
1686 5801 1861 5856 insula
1913 5801 2092 5856 vicina

2179 3614 2463 3686 Egyptios
2495 3631 2560 3670 ac
2607 3615 2935 3687 Babylonios
2965 3615 3162 3685 Magos
3202 3614 3359 3682 adiit,
3395 3615 3545 3670 unde
3591 3613 3760 3684 philo-

2182 3709 2434 3776 soptiiam
2465 3722 2528 3761 ac
2571 3709 2704 3762 alias
2754 3707 3013 3762 scientias
3043 3708 3268 3761 Samum
3303 3709 3512 3762 attulit.
3547 3706 3645 3764 Ubi
3668 3703 3757 3758 de-

2183 3800 2392 3855 functis
2426 3801 2776 3869 parentibus,
2804 3799 3100 3870 Polydeuci
3134 3799 3352 3869 fugiens
3386 3799 3752 3871 tyrannidem,

2184 3909 2306 3946 cum
2361 3893 2645 3961 discipulis
2680 3893 2796 3947 fere
2842 3891 3096 3947 ducentis
3146 3893 3442 3947 Crotonem
3487 3908 3552 3947 ac
3597 3891 3757 3946 Meta-

2186 3995 2428 4052 puntuni-
2457 3983 2727 4038 Calabria:
2769 3984 3023 4038 civitates
3075 3971 3353 4052 profectus
3397 3985 3644 4039 incol-iit.
3680 3979 3751 4036 Ibi

2185 4075 2438 4145 discipuli
2459 4076 2527 4130 ab
2543 4090 2609 4128 eo
2623 4075 2800 4132 edocti
2823 4077 3126 4130 amicorum
3146 4078 3286 4129 bona
3305 4077 3622 4131 communia
3641 4087 3754 4129 esse

2185 4167 2776 4230 debere,concordiam
2799 4179 2853 4222 et
2880 4168 3275 4239 rempublicam
3304 4169 3447 4223 inter
3475 4184 3540 4223 se
3579 4181 3763 4236 quam-

2188 4261 2310 4315 da°n
2337 4261 2755 4320 constituentes.
2787 4262 3156 4316 communiter
3186 4261 3464 4314 vixerunt.
3493 4262 3759 4332 Pythago-

2189 4371 2275 4410 ras
2323 4357 2524 4410 multos
2567 4354 2848 4419 Calabros,
2888 4351 3104 4407 Graecos
3138 4361 3196 4406 et
3238 4351 3375 4406 alios
3410 4351 3554 4406 ultra
3606 4351 3759 4420 quiu-

2189 4457 2380 4516 gentus
2456 4446 2696 4500 reddidit
2744 4443 3115 4498 doctissimos.
3172 4443 3346 4512 Leges
3395 4441 3601 4497 Graecis
3663 4438 3750 4508 qui

2191 4539 2402 4593 Italiam
2440 4537 2763 4590 habitabant
2803 4537 3114 4591 constituit.
3167 4536 3303 4590 Dum
3344 4535 3638 4591 Crotonem
3669 4538 3756 4587 ha-

2193 4628 2412 4686 bitaret.
2450 4642 2674 4679 uxorem
2715 4627 3134 4688 duxitTheano,
3159 4625 3404 4680 Brontini
3437 4607 3759 4682 Crotoniatae

2195 4718 2376 4780 Iiliam,
2415 4734 2534 4784 qua:
2567 4732 2596 4770 a
2626 4716 2746 4770 viro
2780 4717 3075 4783 instructa,
3110 4719 3276 4772 multa
3309 4719 3502 4774 Dorice
3527 4717 3756 4788 scripsit,

2195 4812 2270 4864 De
2296 4813 2402 4864 vita
2429 4812 2525 4863 viri
2557 4810 2637 4862 sui
2667 4819 2722 4864 et
2749 4808 3013 4878 Epistolas
3043 4814 3289 4866 mora'es.
3325 4812 3401 4866 Ex
3435 4812 3536 4866 hac
3568 4810 3758 4881 Pytha-

2195 4917 2356 4970 goras
2409 4901 2653 4970 suscepit
2704 4900 2982 4969 Telaugen
3039 4903 3300 4972 gymnasii
3354 4917 3756 4962 successorem,

2197 5005 2360 5057 qttcllt
2415 4989 2570 5042 multi
2626 5000 2678 5043 et
2711 4989 3070 5058 Empedocles
3126 4994 3217 5047 ille
3247 4995 3637 5063 Agrigentinus
3667 5008 3756 5046 ait-

2198 5081 2371 5134 diere.
2407 5081 2507 5134 Hic
2528 5093 2765 5151 quatuor
2792 5083 2963 5139 libros
2986 5089 3294 5155 composuit
3322 5087 3395 5141 De
3426 5088 3647 5147 tetradc,
3669 5096 3764 5154 pro,

2199 5187 2307 5243 quo
2331 5171 2569 5243 Aigyptii
2620 5175 2796 5243 ipsum
2829 5175 2988 5231 deum
3025 5178 3322 5232 habebant.
3363 5179 3528 5234 Filias
3589 5187 3757 5233 autem

2206 5275 2317 5318 tres
2343 5264 2558 5328 habuit,
2595 5265 2732 5320 duas
2761 5267 2948 5338 Alyam
2991 5280 3045 5323 et
3068 5269 3359 5339 Erigonem
3392 5273 3614 5340 peritas,
3638 5281 3764 5337 qua-

2205 5373 2323 5410 rum
2350 5368 2568 5412 exstant
2591 5359 2844 5426 Epistula:
2877 5377 2889 5414 :
2916 5369 2966 5415 et
2992 5363 3206 5416 tertiam
3234 5364 3402 5417 Damo
3420 5364 3758 5419 ditissimann

2210 5431 2298 5480 cui
2327 5429 2568 5483 moriens
2600 5441 2710 5483 tres
2733 5432 2923 5494 IIIJI‘OS,
2956 5448 3094 5499 quos
3123 5443 3508 5503 composuerat
3555 5435 3760 5502 legavit.

2205 5522 2528 5590 przeeipieus
2559 5531 2617 5575 ut
2646 5522 2771 5577 illos
2793 5539 3076 5593 nunquam
3101 5536 3254 5579 extra
3283 5525 3430 5582 fores
3451 5527 3646 5582 aedium
3672 5522 3763 5574 da-

2203 5622 2305 5665 ret.
2355 5613 2486 5677 Qu;e
2532 5612 2704 5667 libros
2737 5615 2873 5668 tanti
2931 5615 3080 5679 fecit,
3113 5627 3175 5670 ut
3214 5632 3282 5671 ne
3315 5617 3497 5687 inopia
3553 5615 3763 5686 quidem

2199 5715 2383 5759 coacta
2425 5721 2521 5762 eos
2564 5707 2904 5776 produxerit,
2968 5723 3094 5761 cum
3143 5724 3340 5778 magno
3375 5712 3608 5765 vendere
3646 5715 3762 5774 p05-

2201 5811 2305 5854 set.
2341 5799 2467 5854 ΙΙωο
2495 5801 2735 5857 iuoriens
2759 5803 2930 5858 libros
2974 5802 3198 5859 Biscala:
3225 5805 3349 5858 tiliae
3375 5803 3569 5858 eadem
3603 5810 3703 5868 qua
3729 5807 3758 5845 ³
