4098 6408
463 414 565 476 92E

1484 425 1581 484 DE
1622 429 2182 490 SCRIPTOEHRUS
2221 435 2612 496 CALAlllilS.

3609 453 3715 515 9'26

465 538 616 596 patre
649 539 933 598 acceperat
960 533 1272 588 conditione
1299 537 1535 605 reliquit.
1565 541 1672 593 llac
1702 558 1829 594 vero
1852 543 2047 596 defun-
2077 552 2119 604 Α
2153 565 2258 604 non
2315 555 2432 606 sine
2469 557 2681 609 Archiv.
2712 598 2724 619 ,
2770 546 2862 628 qui
2917 572 3044 617 tunc
3085 566 3383 637 Syracusas
3422 574 3712 640 condebat,

470 628 542 640 ,μ
605 621 728 640 ...ΑΛ
774 621 835 640 μ,
899 623 1012 640 ῃ...
1058 629 1068 640 ,
1250 625 1286 640 ..
1331 628 1362 640 ,.
1527 631 1536 639 .
2013 627 2020 632 ε

463 628 546 674 cta
604 621 730 674 libri
769 621 835 674 ad
896 623 1199 677 Philolaum
1250 625 1669 696 Pythagoricum
1723 627 2042 698 pervenere.

539 713 592 766 3.
625 712 895 770 Zamolxis
928 715 1154 786 Scytha,
1187 717 1505 788 Pythagora:
1545 737 1758 782 servus.
1793 726 2041 796 philoso-

468 805 610 872 phus
644 805 912 860 maximus
947 809 1067 861 fuit.
1101 810 1178 863 Ad
1202 799 1346 863 hunc
1372 813 1619 880 aliosque
1654 814 2044 882 Pythagoricos

466 894 733 948 videndos
785 897 1117 953 Anacharsis
1169 901 1368 971 Scytha
1419 904 1783 973 philosophus
1823 907 1893 960 ab
1934 906 2042 978 lly-

466 987 746 1053 perbOteis
779 989 1002 1059 Scythis
1035 992 1086 1046 in
1115 993 1422 1048 Calabriam
1465 997 1614 1050 venit
1642 1006 1887 1066 tempore
1907 999 2044 1052 Pha-

466 1077 680 1141 laridis,
705 1081 861 1149 Clljlls
880 1081 1137 1149 Epistula:
1167 1084 1348 1137 adhuc
1380 1095 1618 1139 exstant.
1647 1083 1801 1140 Hunc
1825 1086 2043 1141 Zamol~

468 1166 559 1218 xin
595 1176 649 1220 et
674 1167 904 1223 latorem
939 1171 1119 1240 legum
1149 1174 1362 1244 Scytha;
1386 1176 1469 1229 sui
1497 1175 1833 1230 habuerunt.

538 1258 591 1311 4.
616 1257 894 1314 Philut'aus
914 1261 1250 1324 Crotoniata.
1273 1265 1662 1336 Pythagoricus
1679 1267 2041 1338 philosophus

470 1349 681 1417 primus
731 1349 1048 1422 Pythagorae
1090 1367 1303 1409 secreta
1352 1356 1542 1422 edidit,
1591 1375 1618 1411 a
1659 1373 1767 1427 quo
1796 1359 2041 1427 pecunitn

468 1442 830 1508 cupidissimo
862 1445 1016 1500 Plato
1067 1447 1159 1501 ille
1208 1448 1556 1504 Atheniensis
1600 1450 1651 1502 iu
1703 1451 1906 1504 Italiam
1943 1467 2029 1506 ve-

469 1531 627 1585 niens
665 1534 729 1586 ad
779 1533 1166 1605 Pythagoricos
1211 1539 1490 1600 visendos.
1535 1550 1646 1594 tres
1689 1541 1863 1596 libros
1915 1543 2037 1598 illos

469 1617 783 1688 Pythagorx
832 1623 1037 1676 dudum
1083 1637 1414 1680 memoratos
1449 1626 1580 1680 emit
1633 1644 1699 1680 xt.
1725 1630 1886 1682 minis
1917 1631 2039 1684 Ale-

471 1707 771 1768 xandrinis,
814 1725 952 1777 quas
1003 1711 1288 1781 Dionysius
1347 1715 1622 1768 secundus
1674 1717 2039 1786 Syracusano-

472 1811 590 1848 rum
627 1805 892 1867 tyranuus
921 1800 1106 1855 solvit.
1139 1801 1212 1854 Ex
1231 1801 1433 1872 quibus
1463 1803 1618 1856 libris
1639 1804 1794 1860 lectis
1816 1807 2037 1861 tradunt

468 1883 749 1942 Platonem
775 1892 1151 1959 composuisse
1191 1893 1571 1962 gravissimum
1604 1895 1734 1951 illud
1779 1913 1916 1968 opus
1958 1899 2033 1953 De
2068 1893 2108 1947 Β

466 1990 658 2033 natura
700 1985 900 2047 mumti,
948 1984 1002 2037 in
1042 2001 1151 2054 quo
1206 1987 1455 2040 Timazum
1506 1988 1658 2043 illum
1703 1988 2029 2050 Locrensem

467 2071 658 2125 Dorice
699 2073 1008 2142 loquentem
1043 2077 1276 2131 inducit.

537 2161 592 2214 5.
625 2160 892 2215 Αιειιισυοη
934 2163 1302 2233 Crotoniates,
1359 2167 1758 2239 Pythagoricus
1790 2171 2034 2241 philoso-

465 2253 606 2320 phus
634 2270 696 2308 ac
734 2257 992 2312 medicns-
1014 2260 1498 2326 prtestantissimus
1529 2262 1650 2326 fuit,
1687 2263 1781 2332 qui
1814 2265 1881 2319 de
1908 2264 2030 2334 phi-

465 2346 708 2414 losophia
762 2363 826 2401 ac
867 2349 1136 2404 medicina
1191 2353 1472 2422 complura
1517 2354 1755 2423 scripsit,
1798 2357 2032 2412 animam

463 2438 824 2492 immortalem
852 2439 1008 2503 dixit,
1035 2456 1098 2494 ac
1129 2453 1392 2510 perpetuo
1435 2445 1643 2498 moveri
1673 2446 1846 2500 instar
1878 2449 2028 2503 solis.

533 2524 566 2578 6
621 2524 787 2579 Milon
830 2527 1166 2594 Crotoniata,
1205 2530 1598 2602 Pythagoricus
1619 2536 2030 2603 celeberrimus,

461 2629 488 2667 a
520 2615 682 2681 cujus
716 2617 883 2670 domo
933 2619 1154 2674 incensa
1192 2622 1320 2674 dum
1349 2623 1488 2691 fugit
1519 2623 1877 2696 Pythagoras,
1908 2645 2030 2684 cum

459 2705 708 2773 pluribus
738 2708 1022 2776 discipulis
1049 2727 1078 2765 a
1113 2715 1552 2780 persecutoribus
1590 2727 1907 2787 peremptus
1926 2730 2026 2775 est.

532 2795 585 2846 7.
619 2795 923 2852 Democides
961 2799 1307 2863 Crotoniata,
1343 2805 1424 2856 vir
1456 2810 1650 2862 doetus
1683 2823 1746 2862 ac
1787 2811 2032 2867 medicus

458 2888 753 2952 cxrcllcns,
794 2899 1036 2960 tempore
1066 2892 1211 2948 Darii
1249 2894 1456 2950 ﬂoruit.

532 2979 584 3033 8.
620 2980 856 3048 Orpheus
908 2983 1224 3040 Crotoniata
1269 3003 1298 3042 a
1348 2989 1725 3060 Pythagoricis
1765 2993 2030 3058 eruditus,

462 3071 761 3139 Epicureus
793 3075 868 3142 (l)
900 3075 1021 3139 fuit,
1049 3075 1336 3132 Pisistrato
1357 3080 1774 3137 Atheniensium
1805 3097 2034 3157 tyranno

454 3165 704 3226 adhaesit.
766 3167 858 3221 uhi
915 3183 1040 3222 cum
1089 3170 1352 3240 degeret,
1398 3173 1755 3244 Argonautica
1808 3178 2030 3235 heroico

402 3271 407 3274 ’
453 3260 695 3310 carmine
727 3258 875 3321 lusit,
903 3269 960 3314 et
985 3261 1110 3315 alia.

519 3349 574 3403 9.
613 3351 783 3403 Ascon
835 3350 1171 3419 Crotoniata,
1225 3354 1620 3426 Pythagoricus
1669 3361 2028 3432 philosophus

453 3437 557 3494 fuit
583 3449 639 3494 et
668 3443 836 3495 multa
869 3446 1196 3512 composuit.
1238 3447 1342 3501 Sed
1372 3464 1495 3502 cum
1520 3466 1698 3504 sermo
1721 3453 1783 3506 de
1804 3453 2028 3508 Crotone

453 3531 826 3594 praecesserit,
854 3545 1226 3600 opportunum
1262 3537 1438 3590 visum
1455 3547 1540 3592 est
1574 3540 1778 3609 aliquid
1805 3542 1871 3595 de
1897 3544 2028 3596 civi-

451 3620 578 3673 tatis
601 3620 811 3687 origiue
845 3622 1050 3677 dicere.
1081 3624 1307 3688 Croton,
1342 3627 1613 3684 Strabone
1645 3640 1804 3694 teste,
1835 3634 2026 3688 civitas

455 3710 579 3762 olim
597 3711 783 3766 Cra-ca
803 3712 926 3774 luit.
954 3731 1011 3768 re
1047 3714 1240 3770 bellica
1269 3716 1576 3792 litterisque
1613 3718 2022 3785 ﬂorentissima,

454 3812 626 3856 mater
659 3805 987 3859 athletarum
1012 3807 1268 3873 celebris,
1289 3823 1525 3877 quorum
1551 3822 1758 3880 septem
1794 3811 1849 3866 itt
1881 3813 2025 3870 ludis

345 3956 364 3961 _
455 3896 618 3950 ttnius
651 3898 988 3967 Olympiadis
1015 3911 1244 3957 caeteros
1274 3918 1466 3957 omnes
1489 3909 2023 3972 superaruntz-unde

452 3985 650 4038 merito
681 3996 736 4040 et
768 3988 870 4042 hoc
893 3990 1335 4046 tuneferebatur
1369 4008 1383 4045 :
1410 3992 1712 4046 Postremus
1745 3993 2025 4048 Crotonia-

449 4085 625 4128 tarum
671 4078 716 4130 is
743 4079 947 4148 primus
986 4088 1102 4145 est;
1151 4090 1419 4150 vetusque
1449 4092 1534 4138 est
1579 4083 1721 4151 apud
1769 4099 1868 4138 nos
1903 4100 2024 4152 pro-

445 4168 724 4233 verbium,
772 4168 908 4234 Quid
950 4170 1180 4225 Crotone
1225 4172 1533 4227 salubrius?
1578 4174 1752 4244 llujus
1785 4176 2022 4230 civitatis

445 4256 656 4324 primus
692 4259 942 4313 conditor
976 4262 1077 4315 fuit
1108 4262 1421 4333 'Mystellus,
1456 4265 1696 4319 Achivus
1739 4266 2020 4321 nobilissi-

443 4364 588 4416 mus,
613 4349 704 4418 qui
729 4350 796 4404 de
815 4350 1114 4406 habitanda
1137 4354 1352 4408 colonia
1381 4357 1657 4410 consuluit
1679 4357 2018 4426 Apollinem,

443 4455 554 4506 quo
582 4449 826 4509 tempore
856 4442 1093 4498 Archias
1122 4444 1444 4500 Corinthius
1474 4447 1542 4500 de
1573 4448 1877 4504 condendis
1919 4451 2020 4520 Sy-

2149 644 2438 712 adjutorio.
2475 647 2618 700 Hem
2653 649 2935 719 Mystcllus
3004 655 3152 708 aliud
3193 675 3415 728 (μιιίψώ
3449 663 3582 717 satis
3605 682 3717 717 atu-

2149 734 2372 804 biguunt
2425 741 2709 794 oraculum
2740 745 3015 813 accepisse
3055 747 3250 814 fertur,
3305 751 3356 803 id
3395 765 3578 808 autem
3611 759 3718 810 tale

2148 825 2297 880 fuit:
2339 829 2432 883 Ubi
2483 834 2545 882 ab
2597 835 2784 887 tet/tria
2833 840 3069 904 pluvium
3127 844 3403 905 invenies,
3451 847 3710 900 civitatem

2145 920 2364 983 a‘diﬁca.
2423 922 2528 977 Sed
2575 941 2698 980 cum
2735 927 2948 982 Aithria
3009 934 3358 988 serenitatem
3412 940 3705 1006 signiticet,

2143 1011 2402 1066 confusus
2445 1015 2534 1068 ille
2580 1017 2741 1071 deum
2785 1037 2891 1073 non
2943 1023 3287 1094 intelligebat
3314 1045 3325 1079 :
3353 1045 3544 1083 verum
3585 1048 3710 1086 eum

2144 1104 2312 1156 multa
2343 1115 2398 1158 et
2425 1108 2629 1174 Apulia:
2657 1119 2711 1160 et
2738 1109 3004 1166 Calabria:
3039 1115 3158 1168 loca
3194 1132 3560 1187 peragrasSct.
3590 1138 3710 1188 per-

2144 1195 2296 1248 venit
2351 1198 2570 1252 tandem
2617 1201 2683 1254 ad
2733 1201 2908 1256 lrcum
2958 1207 3161 1273 ipsum,
3198 1207 3290 1261 ubi
3327 1225 3449 1262 cum
3492 1210 3711 1267 [Ethria

2143 1284 2316 1354 ipsius
2360 1290 2668 1343 concubina
2697 1290 2842 1361 longi
2881 1293 3102 1348 itineris
3129 1295 3318 1352 labore
3355 1298 3492 1352 fessa
3532 1301 3709 1370 lacry-

2143 1395 2258 1433 mas
2306 1381 2510 1436 aﬂ‘atim
2563 1386 2860 1453 emisisset,
2910 1387 3048 1443 adeo
3093 1401 3147 1443 ut
3183 1399 3322 1445 terra
3374 1394 3708 1461 madelieret,

2141 1473 2409 1527 intellexit
2471 1475 2753 1544 Mystellus
2805 1480 3126 1543 oraculum,
3186 1481 3373 1553 ibique
3431 1475 3706 1540 civitatéu

2138 1565 2410 1628 condidit.
2455 1570 2704 1638 undique
2730 1572 2794 1625 ad
2830 1575 3319 1628 novamcolouiatn
3355 1578 3548 1632 incolis
3580 1595 3709 1633 cou-

2137 1657 2514 1722 currentibus,
2549 1660 2736 1716 multis
2771 1671 2954 1716 tamen
2999 1674 3127 1719 ante
3151 1666 3469 1738 Pythagorze
3501 1671 3706 1724 adven-

2141 1756 2253 1800 tum
2293 1751 2471 1803 annis.
2516 1751 2639 1805 Fuit
2682 1753 2847 1821 igitur
2895 1754 3101 1809 Croton
3144 1759 3337 1812 civitas
3393 1761 3618 1827 privatis
3653 1773 3707 1816 et

2139 1841 2372 1908 publicis
2405 1845 2572 1912 gestis
2597 1847 2877 1914 przeclara.
2905 1849 3036 1902 Nam
3071 1866 3177 1903 uua
3211 1867 3334 1905 cum
3355 1853 3556 1908 Grtccis
3584 1855 3706 1909 aliis

2135 1933 2403 1988 adversus
2467 1937 2678 1992 vicinos
2726 1938 2991 1996 barbaros
3035 1941 3354 2006 dimicavit,
3414 1946 3706 2016 pluresque

2136 2024 2283 2078 viros
2318 2028 2694 2096 magnanimos
2718 2030 2994 2097 produxit,
3025 2032 3076 2085 in
3107 2034 3308 2101 quibus
3337 2047 3392 2090 et
3422 2036 3702 2106 Phayllum

2136 2117 2287 2172 illum
2316 2121 2598 2181 athletam,
2631 2123 2944 2177 saltatorem
2991 2127 3514 2182 excellentissimum
3553 2147 3564 2181 :
3609 2132 3701 2199 qui

2139 2210 2362 2264 trireme
2420 2226 2518 2264 sua
2556 2221 2743 2265 vectus
2790 2212 2842 2266 in
2904 2214 3169 2269 auxilium
3216 2214 3529 2272 Graecorum
3577 2235 3701 2273 (ιιι-ιι

2135 2301 2569 2356 Atheniensibus
2589 2312 2646 2356 et
2670 2304 3104 2361 Lacedaemoniis
3135 2318 3323 2363 contra
3344 2310 3577 2366 Xerxem
3606 2329 3704 2382 pu-

2134 2393 2341 2461 gnavit.
2370 2392 2821 2462 Cujus'heneﬂeii
2847 2409 2969 2468 post
2995 2401 3198 2456 multos
3235 2418 3409 2459 annos
3447 2408 3702 2460 recorda-

2139 2493 2224 2538 tus
2249 2485 2577 2551 Alexander,
2606 2487 2674 2542 ah
2700 2488 2825 2542 Asia
2873 2503 2998 2544 cum
3035 2493 3156 2546 aliis
3185 2491 3386 2550 Crzecis
3415 2505 3471 2551 et
3511 2497 3702 2553 Croto-

2135 2574 2298 2630 niatis
2380 2577 2550 2645 spolia
2627 2577 2986 2633 barbarorum
3058 2581 3228 2636 misit.
3299 2583 3402 2639 Sed
3483 2587 3704 2641 omissis

2133 2668 2466 2724 Crotoniatis
2492 2671 2556 2723 ad
2595 2669 2896 2727 Locrenses
2926 2683 3088 2742 atque
3118 2675 3256 2730 alios
3285 2679 3590 2734 veniamus.

2209 2761 2291 2813 10.
2338 2761 2563 2815 Timtrus
2619 2762 2908 2818 Locrensis
2964 2767 3377 2836 Pythagoricus,
3431 2772 3701 2828 maximus

2135 2850 2518 2920 philosoiiltus,
2539 2852 2604 2906 ad
2630 2869 2791 2922 quem
2815 2855 3111 2910 videndum
3136 2851 3391 2914 vcnit'ille
3416 2863 3700 2929 sapientis-

2133 2943 2306 2994 simus
2338 2943 2504 3007 Plato,
2533 2945 2624 3013 qui
2656 2961 2780 2999 eum
2813 2946 2864 3000 iu
2893 2949 3153 3014 Operibus
3190 2949 3262 3004 De
3293 2963 3489 3010 natura
3520 2957 3700 3009 mundi

2135 3033 2458 3098 introduxit,
2493 3039 2544 3090 in
2574 3038 2788 3108 dialogo
2821 3039 3031 3093 scilicet
3065 3041 3278 3096 Timwo.

2210 3125 2292 3176 il.
2327 3124 2560 3196 Eurytus
2597 3126 2907 3191 Locrensis,
2955 3129 3068 3185 sive
3104 3131 3456 3197 Tarentinus,
3492 3138 3700 3206 utqui-

2057 3224 2098 3282 ο
2133 3215 2254 3268 dam
2271 3218 2586 3284 opinantur,
2611 3220 2999 3290 Pythagoricus
3017 3223 3373 3293 philosophus
3394 3225 3516 3295 fuit,
3535 3244 3697 3299 quem

2130 3309 2291 3362 etiam
2317 3312 2450 3364 vidit
2482 3313 2651 3367 Plato.
2930 3383 2932 3385 q

2205 3401 2291 3456 12.
2317 3402 2576 3458 Zdeucus
2597 3405 2909 3468 Locrensis,
2929 3408 3326 3480 Pythagoricus
3345 3411 3698 3483 philosophus

2128 3504 2183 3546 et
2213 3494 2558 3562 legumlator,
2590 3499 2916 3554 concivibus
2941 3501 3057 3555 suis
3087 3500 3260 3572 legem
3293 3503 3462 3564 dedit.
3496 3520 3696 3560 consuo

2127 3581 2274 3638 lente
2297 3583 2557 3640 Minerva.

2202 3677 2288 3729 15.
2338 3677 2545 3733 Theano
2584 3679 2874 3736 Locrensis
2905 3683 3123 3748 mulier,
3165 3694 3318 3739 vates
3362 3685 3528 3756 lyrica
3565 3687 3690 3751 fuit,

2126 3781 2248 3834 quae
2290 3768 2479 3839 lyricis
2536 3772 2788 3828 versibus
2809 3774 2876 3828 de
2923 3776 3094 3844 patria
3137 3793 3235 3832 sua
3271 3779 3438 3832 multa
3472 3792 3692 3848 compo-

2125 3862 2256 3916 suit.

2195 3973 2283 4027 H.
2312 3972 2633 4028 Xenocrates
2667 3975 2976 4044 Locrensis,
3018 3988 3176 4048 poeta
3208 3979 3463 4036 heroicus
3488 3996 3551 4038 ac
3570 3999 3688 4038 mu-

2124 4066 2271 4118 sicus
2300 4066 2793 4124 excellentissimus
2826 4071 2948 4124 fuit.

2197 4155 2283 4209 15.
2326 4156 2698 4226 Euryphonius
2730 4160 3026 4217 Lot-rcnsis
3063 4163 3144 4216 vir
3183 4163 3378 4219 doctus
3407 4181 3470 4218 ac
3515 4165 3688 4219 citha-

2124 4249 2308 4303 rmdus
2341 4251 2574 4304 eximius
2630 4251 2754 4307 fuit.
2813 4252 2982 4322 Hujus
3012 4254 3140 4308 olitn
3189 4266 3367 4309 statua
3418 4259 3684 4311 citharam

2125 4345 2318 4391 tenens
2353 4339 2495 4408 apud
2526 4339 2729 4394 Locros
2761 4342 2881 4396 fuit.
2915 4343 3266 4398 Locrensium
3297 4348 3444 4399 enim
3495 4347 3687 4400 civitas

2123 4426 2251 4478 olim
2282 4428 2509 4505 insignit;
2542 4431 2664 4490 fuit,
2699 4431 2790 4499 qui
2814 4432 2991 4485 Coloni
3027 4434 3252 4500 profecti
3285 4446 3413 4488 sunt
3440 4452 3469 4489 a
3495 4435 3687 4490 Locris

443 4531 651 4585 mensis
695 4532 986 4586 consil-mm
1034 4536 1275 4602 petebat.
1323 4535 1572 4606 Cumque
1620 4539 1784 4593 amba
1829 4556 1858 4593 a
1913 4516 2016 4596 (ιέο
2050 4551 2095 4607 D
2120 4516 2341 4571 Cretum
2373 4519 2508 4574 lines
2544 4522 2938 4586 habitantibus,
2975 4525 3228 4579 Evandro
3259 4529 3505 4590 ductore,
3526 4529 3686 4595 paulo

442 4623 918 4691 interrogarentur
939 4627 1070 4693 quid
1103 4627 1155 4679 in
1180 4626 1480 4682 condendis
1495 4630 1721 4685 urbibus
1738 4641 2013 4700 optarent.

442 4711 672 4766 Archias
734 4715 996 4781 divitias,
1057 4717 1431 4771 salubritatem
1489 4720 1768 4791 Mystellus
1831 4723 2013 4793 elegit.

445 4800 598 4856 Unde
640 4802 844 4858 factum
887 4815 972 4859 est
1023 4816 1083 4860 ut
1117 4807 1401 4879 Syracusae
1425 4810 1652 4874 divitiis,
1687 4813 1891 4869 Croton
1929 4832 2012 4869 sa-

435 4892 698 4947 lubritate
724 4894 1005 4964 gauderet.
1049 4897 1330 4968 Mystellus
1363 4900 1530 4970 igitur
1552 4903 1641 4959 ubi
1676 4906 1913 4973 primum
1944 4907 2012 4960 ad

437 4985 894 5041 considerandum
919 4987 1097 5044 locum
1137 4993 1307 5058 venit,
1338 5008 1462 5047 cum
1505 4995 1732 5051 vidisset
1765 4997 2010 5068 Sybarim

435 5078 777 5137 aediﬁcatam.
833 5080 904 5132 ita
943 5092 1065 5149 post
1106 5099 1132 5135 a
1180 5084 1345 5138 ﬂuvio
1393 5088 1824 5156 denominatam,
1874 5092 2014 5144 hanc

436 5168 872 5230 pra-stantiorcm
911 5171 1275 5236 existimavit,
1305 5163 1678 5244 reversusque
1711 5177 1777 5230 ad
1825 5177 2010 5240 deum,

435 5255 680 5326 Sy‘aariui
719 5259 955 5325 petebat.
990 5261 1264 5316 Turbatus
1307 5279 1437 5318 vero
1481 5269 1615 5321 deus
1646 5268 1746 5322 hos
1785 5268 2012 5337 protulit

433 5363 590 5402 VCI‘SU
601 5366 625 5404 S
657 5369 670 5404 Ξ

430 5437 596 5516 Terga
630 5443 816 5509 brevis,
859 5444 1119 5514 Mystelle,
1156 5456 1244 5498 tuo
1277 5448 1340 5499 de
1360 5458 1568 5516 pectore
1604 5452 1786 5505 omitte
1823 5468 1836 5481 '

429 5513 631 5562 (.wteru
666 5513 991 5581 perquirens,
1028 5518 1233 5588 frustra
1267 5533 1328 5568 en
1360 5513 1578 5571 uentris
1611 5522 1816 5588 iniqua,

427 5582 490 5630 At
524 5590 719 5633 rectum
751 5582 1096 5654 quodcunque
1134 5587 1316 5647 datur,
1347 5595 1401 5638 tu
1433 5588 1589 5641 laude
1620 5582 1867 5657 probato.

425 5697 556 5761 Qum
625 5712 748 5770 cum
810 5699 1094 5765 audiisset,
1143 5716 1396 5756 reversus
1457 5706 1646 5760 urbem
1695 5709 2000 5776 consuluit,

493 5831 568 5899 (l)
599 5829 904 5899 Epicureus
938 5845 1064 5889 ante
1103 5835 1420 5904 l'lpirttrutn.

2124 4617 2245 4676 post
2276 4612 2548 4665 Conditam
2572 4615 2862 4668 Crotonem
2891 4631 2954 4668 ac
2982 4617 3300 4687 Syracusas.
3325 4618 3477 4673 Nunc
3500 4631 3683 4675 autem

2121 4699 2186 4752 de
2220 4702 2541 4768 quihusdam
2575 4705 2833 4773 Rheginis
2858 4706 3169 4765 dicendum.

2191 4793 2275 4846 16.
2312 4793 2541 4850 Glaucus
2580 4799 2968 4867 Pythagoricus
2988 4811 3040 4854 et
3078 4803 3316 4856 musicus
3343 4805 3683 4858 exet-llentis-

2117 4885 2309 4952 simus,
2339 4887 2638 4958 Rhegiuus,
2683 4893 3006 4955 Democrito,
3051 4909 3209 4960 quem
3265 4897 3379 4964 ipse
3416 4897 3684 4967 Pythago-

2116 4992 2267 5031 reum
2299 4979 2466 5034 fuisse
2490 4983 2709 5046 asserit,
2742 4995 3258 5053 contemporaneus.

2189 5069 2280 5122 17.
2314 5071 2688 5125 Andromadas
2738 5073 3132 5144 Pythagoricus
3161 5077 3516 5146 philosophus
3545 5093 3681 5147 (ιιιο-

2113 5177 2219 5229 que
2253 5162 2533 5232 Rheginus
2559 5174 2616 5217 et
2648 5165 2976 5233 legumlator
3012 5167 3134 5229 fuit,
3173 5169 3264 5236 qui
3306 5167 3682 5224 Chalcidensi-

2109 5241 2214 5306 bus
2243 5252 2530 5306 Thrarian.
2561 5255 2937 5309 habitantibus
2964 5258 3110 5326 leges
3137 5259 3306 5312 dedit.

2185 5346 2273 5399 ‘18.
2313 5345 2642 5416 Pythagoras
2692 5347 2830 5400 alter
2877 5349 3178 5418 ltlteginns,
3233 5352 3314 5403 vir
3344 5354 3591 5412 eruditus
3622 5364 3679 5411 et

2108 5439 2410 5490 statuarius
2441 5437 2954 5504 excellentissimus,
2989 5440 3194 5507 primus
3215 5451 3516 5498 statuarum
3550 5461 3678 5515 pro-

2110 5528 2414 5596 portionem
2461 5529 2854 5590 consideravit.
2891 5531 3192 5598 distipulus
3247 5535 3488 5588 Clearchi
3523 5537 3674 5592 lihe-

2108 5620 2240 5688 gini,
2285 5635 2445 5688 quem
2488 5621 2776 5675 Eucherius
2816 5623 3135 5681 Corinthius
3191 5627 3473 5693 docuerat,
3510 5641 3570 5683 ut
3598 5635 3674 5686 ait

2109 5711 2426 5766 Pausanias.
