4098 6396
480 418 584 482 927

1618 415 2044 478 CONSTANTI
2061 414 2141 474 Nl
2192 414 2563 474 LASCARIS

3655 413 3753 476 928

552 531 646 586 19.
700 531 921 601 Hippias
975 529 1256 599 Rheginus
1302 539 1490 583 orator
1524 539 1581 584 ct
1613 530 1913 584 historicus
1936 529 2071 585 luit.
2102 530 2149 586 Α
2250 527 2345 581 29.
2381 524 2691 580 Heraclides
2725 523 3064 580 Tarentinus
3095 518 3178 578 \ir
3203 521 3489 585 eruditus.
3521 522 3757 580 medicus

481 625 575 696 qui
633 626 843 693 primus
899 623 1063 677 Italia:
1129 636 1194 676 ac
1261 622 1462 676 Siciliic
1515 638 1699 677 rerum
1771 621 2064 678 llistnriam

481 717 724 786 seripsit.

549 823 641 876 ‘20.
683 822 870 892 Ibycus
924 830 1081 892 poeta
1128 822 1332 894 lyricus
1370 838 1513 877 unus
1547 838 1579 875 c
1611 836 1807 875 novem
1845 821 2066 877 vatibus

479 915 673 976 lyricis
706 915 1006 983 praeclaris,
1045 915 1308 969 Messanae
1363 925 1525 969 natus
1568 927 1654 968 est
1695 914 1949 984 Rhegino
1997 928 2064 969 ex

482 1016 659 1073 patre.
696 1005 791 1060 llis
839 1007 1053 1076 prituus
1079 1007 1400 1061 sambucam
1449 1004 2065 1060 instrumentumCala-

478 1099 706 1153 brorum
741 1099 973 1175 invenit,
1011 1099 1294 1168 multaque
1330 1098 1637 1166 composuit
1670 1098 1842 1169 Iyt'ico
1864 1107 2061 1151 metro.

475 1192 731 1262 Cumque
765 1207 862 1259 per
898 1191 1212 1247 Calabriam
1245 1194 1353 1246 iter
1379 1191 1606 1255 faceret,
1654 1191 1709 1246 in
1750 1192 1886 1245 silva
1923 1207 2065 1260 qua-

477 1289 605 1343 dam
645 1289 700 1342 in
743 1289 988 1345 latrones
1022 1289 1239 1352 incidit,
1274 1305 1303 1342 a
1334 1289 1536 1357 quibus
1565 1304 1690 1344 cum
1736 1304 1797 1342 se
1834 1286 2066 1339 omnino

479 1379 715 1433 sentiret
776 1382 1249 1438 interliciendmu.
1288 1382 1521 1451 gruibus
1550 1381 1693 1451 forte
1752 1381 2067 1435 volantibus

478 1479 545 1525 ad
577 1488 673 1526 eas
701 1474 841 1526 dixit
869 1495 883 1528 :
926 1474 1035 1527 Vos
1072 1476 1262 1530 sallcm
1290 1477 1486 1529 mortis
1524 1490 1658 1528 mcze
1689 1485 1857 1528 testes
1886 1474 2064 1539 eritis,

480 1580 646 1632 quem
681 1565 755 1618 iiIi
807 1566 839 1618 d
881 1566 1125 1621 ridentes
1178 1568 1530 1622 interfecere.
1587 1565 1694 1619 Sed
1738 1565 2063 1635 pncsagium

480 1660 617 1711 lides
644 1674 852 1715 Secuta.
895 1661 1026 1714 Nam
1054 1677 1176 1713 cum
1210 1661 1454 1715 latrones
1490 1660 1542 1715 in
1577 1659 1793 1714 theatro
1825 1659 2064 1729 quodam

480 1753 545 1805 ad
604 1767 697 1817 sne
738 1756 963 1806 tandum
1007 1750 1287 1816 sederent,
1333 1763 1499 1823 atque
1540 1768 1705 1822 grues
1744 1766 1875 1807 casu
1936 1751 2068 1805 illuc

484 1846 810 1907 transirent,
840 1847 979 1899 alter
1014 1846 1173 1900 alteri
1213 1847 1404 1901 dixere
1441 1866 1454 1899 :
1494 1845 1634 1900 Ecce
1687 1859 1850 1915 grues
1893 1842 2063 1914 Ibyci.

481 1940 639 2005 Quod
670 1954 794 1991 cum
832 1940 1054 2007 quidam
1090 1938 1454 2003 audivissent,
1491 1939 1541 1990 id
1565 1937 1708 2006 quod
1745 1946 1867 1991 erat
1896 1936 2046 2004 suspi

482 2045 674 2085 cantes
705 2039 853 2099 (nam
880 2032 1098 2095 vulgata
1120 2037 1298 2086 luerat
1319 2031 1601 2085 homicidii
1631 2028 1796 2101 fama)
1831 2028 2068 2084 retulere

486 2123 730 2177 civitatis
758 2124 1088 2181 reetoribus.
1112 2138 1346 2192 quorum
1381 2122 1639 2177 mandato
1661 2123 1903 2177 latrones
1924 2120 2067 2189 capti

485 2231 550 2270 ac
593 2217 891 2285 diligenter
944 2218 1243 2270 examinati
1288 2217 1500 2270 facinus
1551 2214 1789 2271 confessi
1837 2230 1901 2270 ac
1944 2231 2067 2269 mox

489 2308 979 2376 suspcmliuenccti
1003 2317 1150 2363 sunt.
1176 2306 1314 2363 Hinc
1344 2306 1699 2377 proverbium
1722 2316 1902 2360 ortum
1926 2308 2070 2374 apud

483 2399 707 2455 Gnecos
723 2399 1064 2471 Latinosque
1085 2401 1501 2469 jnreconsultos
1529 2419 1542 2456 :
1570 2400 1748 2458 Grues
1772 2400 1944 2472 Ibyci,
1966 2399 2070 2454 hoc
2127 2399 2133 2415 '

484 2502 571 2548 est
606 2508 693 2547 res
722 2506 871 2547 certa
908 2494 1186 2565 certisque
1218 2494 1438 2549 iudiciis
1472 2493 1786 2550 manifesta.

556 2599 648 2653 2t.
685 2600 952 2672 Rhegium
985 2602 1204 2664 civitas,
1255 2611 1316 2656 ut
1355 2600 1432 2655 ait
1468 2599 1690 2664 Strabo,
1713 2616 1743 2654 a
1768 2600 2075 2670 rumpenda

485 2693 655 2756 dicta,
687 2695 837 2759 quod
879 2695 953 2749 ibi
988 2694 1176 2750 Sicilia
1217 2693 1386 2748 maris
1433 2702 1570 2748 testu
1612 2701 1702 2747 aut
1741 2701 1898 2747 terra:
1923 2704 2072 2747 motu

485 2787 557 2840 ab
590 2786 741 2840 Italia
767 2788 839 2841 sit
878 2787 1134 2857 abrupta.
1169 2786 1409 2857 Rhegini
1436 2796 1622 2841 autem
1650 2783 1825 2841 Graeci
1853 2786 2081 2839 fuerunt.

484 2878 668 2933 coloni
704 2877 1183 2942 Chalcidensium,
1215 2896 1341 2933 eum
1392 2889 1448 2934 et
1490 2878 1895 2933 Lacedaemonii
1937 2895 2077 2933 nou-

490 2970 630 3024 nulli
674 2971 729 3025 in
763 2970 1077 3027 Calabriam
1114 2973 1608 3040 transmigrarunt.

560 3075 651 3130 22.
683 3075 907 3131 Alcman
966 3088 1124 3146 poeta
1179 3076 1384 3146 lyricus
1415 3094 1479 3133 ex
1515 3077 1762 3133 Messana
1796 3077 1901 3132 fuit
1942 3077 2079 3133 civi-

492 3175 605 3222 tate
636 3168 1039 3228 vetustissima,
1078 3169 1291 3239 Rhegio
1316 3169 1522 3225 vicina.

566 3273 656 3328 23.
689 3271 1056 3343 Cynomaclms
1083 3272 1388 3339 Thurinus,
1418 3274 1513 3346 qui
1532 3273 1601 3330 de
1628 3274 2081 3346 philosophorum
2118 3267 2159 3322 Ο

493 3364 860 3435 opinionibus
899 3364 1123 3435 scripsit
1163 3365 1402 3435 primus.

562 3470 655 3525 25.
691 3469 877 3526 Alexis
903 3487 968 3526 es
992 3471 1185 3526 eadem
1213 3470 1428 3526 Titurio
1460 3472 1598 3528 urbe
1625 3483 1786 3544 poeta
1808 3474 2077 3540 comicus,

488 3563 586 3633 qui
619 3561 892 3616 ducentas
909 3571 967 3616 et
991 3562 1354 3632 quadraginta
1388 3565 1691 3621 comoedias
1715 3565 1912 3621 edidit.

559 3668 634 3724 25
686 3667 955 3738 Hippasus
1002 3667 1432 3738 Metapontinus,
1469 3670 1836 3742 philosophus
1876 3673 2083 3744 Pytha-

490 3761 740 3831 goricus.
771 3760 866 3831 qui
921 3761 1210 3817 definitum
1261 3779 1387 3820 esse
1450 3772 1669 3834 tempus
1705 3764 1841 3819 dixit
1887 3765 2077 3819 mundi

494 3855 848 3908 mutationes.
878 3853 1226 3923 Metapontus
1250 3871 1379 3911 vero
1413 3855 1520 3910 fuit
1548 3855 1814 3927 oppidum
1854 3871 1884 3909 a
1917 3857 2084 3928 Pyliis

492 3947 800 4011 conditum,
847 3949 944 4017 qnl
994 3946 1158 4017 Troia
1192 3956 1350 4018 capta
1406 3962 1532 4004 cum
1581 3948 1816 4004 Nestore
1865 3951 2085 4020 nat-iga-

494 4051 647 4095 runt.
1560 4044 1565 4052 '

560 4144 654 4201 26.
692 4148 955 4216 Archytas
978 4144 1334 4215 Mnesagorte,
1367 4145 1450 4199 vel
1477 4154 1538 4199 ιιι
1559 4145 1651 4225 alii
1682 4145 1882 4202 Aistici
1912 4146 2078 4209 filius,

491 4236 852 4303 Tarentinus,
880 4238 1118 4293 eximius
1143 4237 1539 4310 Pythagoricus
1572 4239 1934 4309 pItIIOSOpIIIIS
1956 4239 2081 4298 fuit,

495 4342 560 4381 ac
590 4338 871 4399 geometra
908 4329 1161 4399 insignis.
1200 4329 1300 4384 llic
1339 4330 1623 4386 Platonem
1658 4333 1711 4390 in
1747 4331 1931 4387 Sicilia
1954 4344 2083 4386 tunc

494 4437 620 4473 cum
666 4420 927 4492 Dionysio
959 4431 1265 4477 morantem
1289 4438 1389 4492 per
1416 4424 1631 4479 litteras
1656 4426 1871 4479 monuit
1908 4435 1966 4478 ιιι
1998 4435 2077 4494 ty-

495 4527 730 4566 rannum
774 4522 1016 4568 caveret.
1048 4514 1133 4568 Ab
1164 4515 1271 4569 hoc
1311 4513 1575 4568 Eudoxus
1605 4513 1840 4569 Cnidius
1862 4514 2083 4569 [Baebi-

2092 1895 2145 1955 «Β

2174 621 2596 676 celeberrimus.

2245 714 2335 769 50.
2376 713 2566 768 Rhinlo
2588 713 2948 776 Tarentinus,
2981 720 3143 783 poeta
3174 710 3444 768 comicus.

2245 806 2335 860 5|.
2366 804 2715 861 Parmenides
2747 805 3140 878 Pythagoricus
3163 804 3533 876 phil050phus
3557 804 3758 868 Eleata,

2174 900 2244 955 ab
2319 900 2443 955 Elea
2501 899 2724 955 civitate
2789 897 3159 953 Pltoccnsittm
3223 907 3463 962 vetusta,
3522 912 3682 967 quam
3734 913 3761 950 a

2173 993 2324 1048 fonte
2371 993 2608 1059 qundam
2664 991 2852 1047 Helam
2912 991 3206 1057 vocabant,
3228 991 3358 1045 inde
3402 1004 3535 1044 vero
3560 989 3763 1043 Heliam

2173 1086 2481 1141 etVeliam.
2518 1085 2619 1140 llic
2646 1086 2906 1140 inventor
2935 1082 3266 1146 dialecticae,
3291 1083 3536 1137 mundos
3581 1081 3766 1150 plures

2174 1194 2299 1234 esse
2334 1179 2494 1234 dixit.
2536 1179 2742 1233 Contra
2788 1175 3102 1233 Nearchum
3156 1177 3275 1232 sive
3322 1174 3762 1230 Diomedontem.

2178 1275 2353 1328 armis
2379 1274 2435 1327 in
2467 1272 2665 1343 Lipara
2693 1270 2901 1342 partis
2931 1269 3276 1340 conspiravit
3318 1286 3333 1324 :
3368 1278 3427 1323 et
3464 1267 3744 1335 interroga

2176 1377 2284 1429 tus,
2305 1367 2522 1436 tyranni
2545 1379 2736 1418 aurem
2762 1363 2879 1418 sive
2901 1377 3096 1417 nasum
3128 1359 3416 1415 mordicus
3432 1358 3765 1429 praecidisse,

2173 1471 2227 1515 et
2253 1459 2552 1514 absciSsatlt
2570 1458 2673 1512 sibi
2705 1458 2945 1527 linguam
2978 1457 3031 1509 in
3060 1470 3155 1509 ora
3178 1453 3396 1524 tyranni
3424 1451 3767 1521 conspuisse,

2183 1566 2456 1627 tyrannus
2480 1563 2664 1608 autetn
2697 1567 2724 1605 a
2767 1551 2973 1622 populo
3003 1549 3283 1620 lapidibus
3310 1547 3550 1602 obrutus
3586 1544 3767 1616 perhi-

2176 1649 2358 1700 betur.
3056 1658 3064 1693 :

2244 1738 2337 1792 3‘2.
2386 1735 2723 1790 Phat'orinus
2760 1734 2830 1789 ab
2879 1733 2983 1789 hac
3038 1732 3216 1796 Velia,
3254 1741 3315 1787 ttt
3366 1730 3650 1793 nonnulli,
3691 1727 3769 1782 vir

2177 1831 2558 1893 doctiSsimus,
2587 1831 2682 1899 qui
2707 1829 2776 1883 de
2816 1827 3189 1899 philosolihia.
3217 1826 3498 1880 rhetorice
3519 1833 3577 1879 et
3603 1823 3771 1876 histo-

2178 1928 2259 1979 ria
2295 1924 2466 1979 multa
2486 1921 2565 1978 ‘et
2614 1922 3142 1990 tuaetzlara‘scripsit
3170 1937 3184 1974 :
3225 1919 3533 1973 l’lntarcho
3560 1917 3766 1979 socius,

2176 2033 2299 2074 cum
2328 2032 2438 2088 quo
2467 2019 2569 2071 sub
2606 2016 2842 2086 'l'rajano
2883 2016 3089 2068 floruit.

2249 2113 2336 2164 5-5.
2362 2109 2700 2182 Empedocles
2716 2108 2964 2169 Siculus,
2985 2106 3388 2179 Pythagoricus
3406 2101 3769 2175 philosophus

2178 2217 2233 2259 et
2262 2214 2475 2266 orator,
2507 2219 2536 2256 ιι
2585 2218 2694 2273 quo
2728 2201 2957 2272 Gorgias
3000 2200 3307 2255 Leontinus
3344 2198 3557 2268 aliique
3600 2194 3768 2261 Siculi

2179 2307 2235 2352 et
2265 2296 2671 2367 philosophiam
2703 2304 2761 2350 et
2798 2296 3098 2349 oratoriam
3133 2294 3419 2349 audivere.
3649 2284 3664 2299 ”

2253 2392 2344 2445 54.
2379 2390 2699 2444 Charomlas
2724 2387 3074 2447 Catanensis,
3103 2385 3505 2458 Pythagoricus
3530 2382 3771 2455 philoso-

2183 2487 2347 2555 phus,
2382 2485 2531 2554 leges
2551 2482 2699 2537 dedit
2726 2481 3185 2537 Chalcidensibus
3214 2480 3464 2536 Siciliam
3484 2489 3543 2534 et
3567 2475 3769 2532 Italiam

2184 2578 2591 2634 habitantibus.

2255 2671 2347 2726 55.
2385 2668 2603 2740 Pythias
2628 2678 2677 2724 et
2724 2668 2954 2731 Damon,
2981 2665 3345 2739 Syracusani,
3365 2662 3652 2731 singulare
3675 2671 3769 2728 par

2184 2767 2517 2829 amicorum,
2568 2780 2807 2835 quorum
2855 2765 2999 2818 alter
3056 2779 3156 2833 pro
3200 2762 3380 2817 altero
3424 2772 3554 2816 sese
3606 2753 3766 2812 morti

2183 2856 2397 2910 addixit
2427 2872 2443 2923 ;
2485 2853 2553 2909 de
2591 2855 2796 2925 quibus
2826 2852 3178 2909 Plutarchus.

2260 2948 2349 3003 56.
2383 2946 2490 3002 S-d
2519 2957 2789 3017 praetereo
2823 2948 2965 3001 alios
2998 2954 3221 3000 nostros
3255 2943 3483 3000 Grzecos
3506 2940 3770 3013 Pythago-

2189 3038 2332 3094 ricos
2348 3038 2604 3099 Asianos.
2631 3036 2932 3102 Eudoxum,
2956 3036 3328 3109 XenOphancm
3343 3032 3768 3106 Colophonium.

2185 3131 2510 3205 Leucippum
2580 3131 2851 3196 Eleatem,
2899 3130 3195 3195 Melinum,
3233 3130 3621 3190 Democriteus,
3670 3120 3772 3176 lle-

2195 3227 2469 3289 raclitum,
2499 3225 2899 3295 Nausiphanem
2933 3233 2991 3279 et
3022 3223 3341 3285 Naucidem,
3372 3233 3616 3291 quorum
3652 3214 3773 3285 Ερὲ·

2190 3335 2349 3374 curus
2383 3319 2694 3389 discipulus
2730 3319 2859 3374 fuit.
2908 3316 3119 3374 Omitto
3169 3317 3463 3370 civitatum
3511 3311 3770 3383 origines,

2186 3424 2339 3485 gesta
2363 3422 2421 3467 et
2450 3412 2839 3483 antiquitates,
2859 3421 2916 3468 et
2943 3412 3048 3466 alia
3073 3427 3197 3481 qua:
3221 3422 3273 3465 te
3301 3406 3768 3465 studiosissimum

2185 3521 2252 3562 ac
2276 3504 2571 3561 Strabonis
2597 3505 2904 3576 geographi
2936 3503 3430 3561 familiariSsimnm
3465 3502 3638 3556 latere
3664 3508 3770 3548 non

2188 3605 2440 3666 possunt.
2500 3595 2701 3650 Verum
2740 3595 2875 3650 illud
2930 3597 3130 3651 iterum
3162 3595 3370 3663 absque
3403 3596 3613 3645 rubore
3665 3598 3773 3639 tue-

2188 3689 2442 3752 ntorabo,
2467 3687 2705 3753 Italiam,
2743 3686 2991 3742 Siciliam
3023 3702 3090 3741 ac
3126 3700 3374 3754 magnam
3409 3681 3639 3738 Graecia:
3679 3687 3770 3731 no-

2187 3787 2314 3834 stra:
2357 3789 2573 3851 partem
2606 3779 2851 3849 primum
2879 3777 3157 3834 Calabria:
3188 3788 3295 3832 tua:
3336 3775 3545 3838 altrici,
3575 3766 3769 3827 deinde
3860 3819 3865 3825 .

2187 3871 2513 3943 Pythagorae
2557 3872 2789 3942 suisque
2838 3871 3225 3943 Pythagoricis
3253 3869 3497 3924 maxime
3548 3863 3764 3920 debere.

2186 3946 2438 4036 Natn'per
2460 3978 2635 4019 annos
2656 3975 2982 4034 nongentos,
3004 3963 3072 4019 ab
3095 3963 3215 4032 ipso
3235 3962 3450 4017 scilicet
3471 3958 3769 4032 Pythagora

2189 4071 2365 4126 usque
2395 4055 2464 4111 ad
2491 4055 2920 4110 Constantinum
2964 4057 3363 4125 imperatorem
3407 4052 3768 4123 cognomento

2189 4150 2468 4220 Magnum,
2509 4148 2762 4205 doctrina
2802 4148 2919 4219 ipsa
2969 4157 3027 4205 et
3075 4157 3224 4204 seeta
3274 4145 3633 4218 Pythagorica
3679 4150 3769 4209 per

2186 4243 2366 4298 dictas
2398 4243 2651 4309 regiones
2677 4240 2880 4295 ﬂoruit.
2915 4238 3024 4295 Sed
3049 4255 3152 4295 enr
3188 4238 3306 4293 Itzl'c
3324 4237 3391 4292 ad
3425 4252 3515 4293 me
3543 4226 3769 4291 scribis?

2190 4336 2426 4405 inquies.
2455 4336 2521 4392 Ut
2553 4337 2656 4397 sic,
2698 4334 2744 4390 si
2772 4332 2887 4389 sint
2922 4332 3018 4387 tibi
3051 4344 3200 4392 nuta,
3230 4331 3479 4401 gratuler
3529 4325 3720 4385 scienti
3750 4335 3761 4370 :

2188 4428 2276 4484 sin
2312 4444 2468 4492 vero,
2521 4437 2583 4482 ut
2617 4435 2744 4480 nota
2777 4424 3003 4489 faciam,
3038 4433 3201 4493 teque
3229 4422 3428 4477 ducem
3459 4410 3766 4475 illustrissi-

2189 4534 2364 4586 mum,
2399 4533 2628 4574 snmnta:
2658 4518 2772 4589 spei
2805 4518 3237 4579 adulescentem,
3268 4516 3523 4584 exemplo
3553 4521 3632 4565 tot
3655 4516 3767 4561 tan-

496 4598 751 4660 nis‘lilins
769 4608 1130 4676 geometriam
1158 4608 1368 4662 didicit.
1400 4609 1500 4663 Hic
1520 4607 1725 4663 cubum
1755 4609 1968 4677 primus
2000 4609 2081 4662 in-
2118 4618 2158 4671 ι)
2191 4620 2490 4679 torumque
2521 4609 3009 4679 philosophorum,
3029 4626 3172 4678 quos
3197 4621 3287 4662 tua
3310 4607 3566 4662 Calabria
3585 4595 3767 4674 genui!

495 4686 668 4760 venit,
703 4707 755 4751 et
790 4713 887 4767 per
919 4709 1127 4753 motum
1175 4699 1513 4754 semicirculi
1561 4700 1616 4753 in
1654 4700 1906 4769 cylindro
1936 4700 2076 4754 duas

498 4776 707 4843 medias
730 4791 1181 4858 proportionalcs
1213 4808 1229 4846 :
1260 4790 1479 4860 fuitque
1502 4790 1880 4853 mechanicas,
1912 4802 1969 4844 et
1989 4808 2082 4845 co-

494 4879 736 4934 lumbam
766 4881 1004 4951 Iigncaut
1044 4897 1142 4952 per
1173 4896 1233 4936 se
1265 4883 1543 4936 volantem
1578 4883 1910 4937 construxit.

562 4972 654 5027 27.
691 4971 904 5044 Lysides
928 4972 1267 5028 Tarentinus
1297 4974 1693 5044 Pythagoricus
1721 4976 2081 5045 philusophns

492 5064 619 5130 fuit,
651 5069 812 5133 cujus
847 5066 1106 5135 Epistula!
1127 5064 1310 5119 adhuc
1338 5048 1576 5120 exstant.

564 5161 658 5214 “28.
688 5159 1019 5215 Aristonicus
1039 5158 1396 5224 Tarentinus,
1441 5161 1831 5231 philosophus.

2191 4704 2567 4772 erudivitquc.
2599 4705 2666 4756 ad
2725 4703 2942 4758 culmen
2997 4705 3263 4757 virtutum
3299 4716 3366 4755 ac
3408 4699 3764 4754 maximarum

2190 4796 2373 4852 rerum
2391 4796 2711 4851 aviditatem
2741 4797 3021 4852 cohorter.
3042 4796 3189 4851 Bene
3223 4796 3405 4849 valeas
3435 4808 3500 4847 ac
3520 4793 3614 4845 diu
3642 4782 3763 4841 felix

2189 4896 2248 4941 et
2276 4885 2487 4940 dudum
2540 4885 2830 4939 memorati
2866 4883 3221 4940 Constantini
3261 4882 3458 4938 similis
3500 4883 3669 4938 vivas,
3716 4877 3767 4924 el

2190 4976 2726 5044 Constantinopolim
2760 4977 2897 5030 mihi
2938 4979 3173 5046 patriam
3208 4975 3483 5029 infelicem
3514 4988 3543 5027 a
3576 4966 3766 5026 barba-

2194 5082 2386 5122 rorum
2425 5075 2696 5134 potestate
2744 5066 3018 5132 γὶιιιιεερε,
3056 5081 3254 5137 meque
3287 5075 3392 5122 tuae
3426 5052 3766 5120 celsitudinis

2195 5159 2465 5229 obsequio
2495 5148 2746 5230 paratum
2779 5161 3052 5233 recipias!
