4098 6400
548 402 659 464 935

1707 401 2220 463 CONSTANTINI
2255 403 2639 465 JASCARIS

3701 416 3794 478 93G

551 518 768 570 nescire
819 514 994 586 pudor
1045 522 1214 580 esset,
1276 512 1558 585 magisque
1612 528 1802 567 eorum
1840 531 2023 569 sermo
2076 515 2125 569 in

2237 533 2371 585 τερα
2420 519 2656 585 ἀγνοεῖν·
2691 519 2790 574 καὶ
2833 521 3034 592 μᾶλλον
3083 523 3239 592 λόγος
3292 526 3484 582 αὐτῶν
3521 527 3579 580 ἐν
3616 529 3801 603 Ἰταλία

547 609 724 675 Italia,
770 624 934 677 quam
959 608 1012 661 in
1041 606 1246 662 Grmcia
1275 607 1347 661 ob
1375 609 1670 662 continuas
1700 609 1881 678 gentis
1901 607 2128 662 calami-

549 711 690 756 tates
722 701 950 770 vigeret.
999 697 1065 754 Et
1120 699 1174 753 ni
1226 699 1519 753 seiolornnt
1575 699 1775 754 invidia
1827 709 1884 754 et
1933 710 2126 770 poten-

547 793 683 846 tium
720 789 1068 845 illiberalitas
1099 789 1491 860 prohibuisset,
1526 791 1704 844 omnia
1739 790 1944 846 Gra‘cis
1986 791 2132 846 litte-

545 883 623 937 ris
664 884 821 952 plena
851 897 968 936 arvo
1014 890 1227 944 nostro,
1275 881 1444 934 Vt'ltlli
1474 882 1911 950 veterumlonge
1959 884 2128 936 mira-

544 975 739 1028 biliutn
779 972 1153 1026 Romanorum
1189 970 1534 1040 temporibus
1566 959 1888 1026 evasissent.
1911 972 1986 1027 .ld
2029 987 2128 1025 an-

543 1075 652 1118 tem
687 1066 887 1118 bonum
926 1077 1022 1130 per
1050 1061 1231 1116 varias
1273 1062 1500 1116 insitum
1529 1071 1613 1116 est
1640 1062 1936 1132 cpitomas,
1993 1078 2128 1127 qua-

545 1174 668 1210 rum
702 1157 984 1226 angustias
1018 1163 1073 1209 ct
1095 1155 1217 1209 viva
1247 1170 1376 1218 vos,
1405 1164 1461 1209 ct
1497 1154 1840 1209 audientium
1883 1154 2126 1208 studium

544 1247 859 1317 supplevit;
896 1245 1054 1300 multi
1101 1246 1250 1299 enim
1301 1245 1535 1314 juvenes
1569 1253 1623 1300 et
1665 1260 1827 1300 senes
1857 1245 2129 1299 addisce-

548 1341 716 1402 bant,
766 1337 912 1407 quod
966 1351 1064 1406 per
1107 1336 1524 1407 Mosclt0pulu1n
1574 1336 1692 1390 lieri
1733 1352 1842 1389 non
1893 1345 2125 1405 poterat,

545 1445 670 1484 cum
710 1429 826 1496 ipse
853 1443 882 1482 c
913 1427 1072 1483 Creta
1123 1427 1490 1482 Mediolanum
1531 1428 1786 1482 venisset
1831 1427 1934 1482 sub
1978 1430 2128 1497 prin-

545 1522 667 1590 cipe
714 1521 935 1587 Slurtia,
980 1536 1010 1575 τι
1060 1536 1170 1590 quo
1226 1520 1392 1574 etiam
1439 1535 1542 1589 ego
1587 1519 1842 1574 mercede
1891 1521 2127 1576 donatus

545 1628 690 1666 sunt.
727 1612 941 1666 Nullam
979 1628 1110 1666 vero
1148 1612 1336 1666 utilem
1383 1613 1673 1670 inveniens
1717 1613 2018 1683 epitomen,
2063 1629 2129 1668 ex

545 1702 827 1756 veteribus
858 1703 1252 1772 grammaticis,
1283 1717 1422 1772 quos
1467 1719 1663 1773 magno
1707 1704 1893 1758 labore
1930 1715 2125 1760 nactus

541 1811 688 1858 sum,
729 1796 1030 1849 multorum
1063 1795 1331 1864 cpitomas
1371 1797 1424 1850 in
1457 1797 1691 1866 gratiam
1732 1797 2128 1867 discipulorum

2239 609 2271 678 ἦ
2318 612 2376 664 ἐν
2414 611 2630 666 Ἐλλάδι
2681 613 2902 681 ἐγένετο
2945 616 3035 670 διὰ
3073 618 3172 681 τὰς
3225 623 3480 688 συνεχεῖς
3530 622 3802 693 δυστυχίας

2238 703 2333 754 τοῦ
2361 703 2572 771 γένους.
2625 705 2736 758 Καὶ
2781 708 2831 758 εί
2886 708 2960 778 μὴ
2993 709 3185 776 φθόνος
3231 711 3340 764 τῶν
3395 714 3556 781 ὀλίγα
3601 717 3806 770 εἰδότων

2238 795 2334 846 καλ⁵
2366 795 2624 862 φειδωλία
2655 797 2765 849 τῶν
2792 799 3138 867 κρατούντων
3169 801 3401 869 ἐκώλυε,
3431 806 3614 858 πάντα
3649 810 3810 874 μεστὰ

2235 884 2412 953 λόγων
2467 886 2803 959 Ἑλληνικῶν
2849 891 2938 958 ἐφ’
2980 891 3136 961 ἡμῶν
3191 894 3464 962 ἐγεγόνει,
3498 895 3699 966 ὥσπερ
3729 895 3812 947 ἐπὶ

2233 978 2344 1031 τῶν
2375 979 2628 1033 παλαιῶν
2661 980 2888 1034 ἐκείνων
2919 981 3254 1045 θαυμαστῶν
3291 985 3614 1054 Ῥωμαίων.
3659 988 3812 1039 Τουτὶ

2235 1071 2291 1124 δὲ
2314 1069 2381 1124 δι’
2413 1071 2691 1140 ὲπιτομῶν
2713 1073 2989 1144 διαφόρων
3015 1075 3077 1127 τὸ
3113 1076 3278 1129 καλὸν
3304 1079 3616 1147 ἐφυτεύθη·
3650 1071 3728 1131 ὧν
3755 1079 3810 1130 τὸ

2235 1161 2422 1215 στενὸν
2467 1163 2502 1232 ἢ
2559 1180 2618 1217 τε
2669 1163 2821 1228 ζῶσα.
2867 1165 3022 1237 φωνὴ
3060 1169 3480 1240 ἀνεπλήρωσεν,
3513 1171 3555 1239 ἠ
3600 1184 3658 1222 τε
3709 1170 3811 1221 τῶν

2235 1255 2542 1307 ἀκουόντων
2567 1255 2794 1325 σπουδή·
2827 1257 3014 1311 πολλοί
3044 1275 3102 1310 τε
3150 1259 3259 1329 γὰρ
3308 1261 3426 1313 νέοι
3482 1262 3677 1330 ἄνδρες
3726 1273 3814 1314 και

2233 1346 2492 1414 γέροντες
2521 1347 2752 1414 ἔμαθον·
2806 1348 2836 1401 ὃ
2888 1349 2987 1419 οὐχ
3041 1346 3154 1404 οἷόν
3205 1369 3261 1404 τε
3311 1347 3382 1422 ἦν
3437 1353 3696 1421 γενέσθαι
3733 1353 3817 1405 δὰ

2233 1438 2644 1506 Μοσχοπούλου,
2681 1441 2770 1494 ὅτε
2804 1441 2899 1495 καὶ
2929 1442 3091 1506 αὐτὸς
3117 1446 3198 1506 είς
3229 1445 3572 1498 Μεδιόλανον
3605 1447 3646 1497 Κ
3658 1449 3816 1517 ρήτη-

2233 1530 2325 1582 θεν
2357 1532 2663 1602 ἀφιγμένος
2697 1535 2790 1588 ἐπὶ
2842 1535 3107 1606 ἄρχοντος
3159 1538 3434 1608 Σφορτίου
3470 1541 3565 1607 ὑφ’
3607 1535 3670 1594 οὗ
3723 1542 3812 1593 καὶ

2236 1621 2620 1692 μεμίσθωμαι.
2649 1625 2942 1696 Μηδεμίαν
2987 1643 3045 1679 τε
3090 1629 3364 1699 ἐπιτομὴν
3411 1630 3704 1700 χρησίμην
3735 1633 3815 1682 εὖ*

2238 1712 2369 1784 ρὼν,
2392 1714 2486 1783 ἀφ’
2512 1712 2586 1768 ὧν
2615 1716 2807 1786 ἔτυχον
2838 1717 3070 1788 νομίσας
3100 1721 3350 1773 παλαιῶν
3377 1723 3814 1792 γραμματικῶν,

2236 1805 2507 1875 ima-09.1;
2553 1806 2768 1860 πολλῶν
2805 1808 3076 1872 συνέταξα
3121 1813 3234 1872 τοῖς
3269 1811 3553 1881 μαθηταῖς
3599 1813 3818 1883 xopta-

544 1887 855 1956 composui,
889 1887 981 1955 qui
1032 1896 1089 1941 et
1143 1887 1304 1942 multi
1356 1896 1515 1942 erant
1563 1897 1619 1943 et
1664 1888 1954 1958 ingeniosi.
2016 1888 2125 1942 l‘ri-

2238 1913 2402 1965 μενος
2430 1896 2645 1960 πολλοῖς
2695 1893 2816 1952 οὖσι
2865 1900 2961 1954 καὶ
2995 1901 3217 1971 λογίοις·
3251 1905 3478 1972 πρῶτον
3527 1905 3667 1971 περὶ
3713 1904 3816 1972 τῆς

545 1996 696 2036 mum
730 1981 794 2034 de
821 1979 1173 2033 declinatione
1207 1987 1319 2032 octo
1349 1981 1584 2049 partium
1638 1983 1893 2036 orationis
1920 2023 1935 2047 ,
1984 1982 2129 2034 aliis-

545 2086 645 2140 que
673 2071 985 2124 necessariis
1023 2069 1288 2139 (scripsi);
1335 2071 1661 2134 secundum,
1693 2071 1757 2124 de
1784 2073 1996 2141 syntaxi
2018 2088 2130 2125 ver-

547 2165 732 2216 borum
786 2161 1074 2214 secundum
1131 2160 1350 2214 Latinos
1390 2178 1403 2214 :
1441 2161 1662 2216 tertium
1713 2163 2129 2232 copiosissime,

543 2255 720 2308 multo
753 2253 1000 2308 adhibito
1033 2253 1245 2318 labore,
1268 2253 1330 2306 de
1364 2255 1574 2307 nomine
1599 2261 1646 2306 et
1667 2255 1866 2320 .eerbo;
1905 2255 2032 2308 item
2067 2257 2131 2308 ile

545 2345 844 2418 anomulis,
899 2347 962 2398 de
994 2347 1160 2416 tropis
1193 2355 1240 2398 et
1270 2343 1478 2414 .ﬁguris
1508 2347 1720 2415 poeticis
1751 2363 1811 2399 ac
1857 2347 2130 2401 rhetoricis

544 2440 794 2509 aliisque,
832 2437 1342 2508 quibusplurimos
1376 2437 1442 2491 ad
1473 2438 1910 2507 grammaticam,
1953 2439 2130 2507 poeti-

545 2549 664 2587 cam
717 2542 772 2586 et
825 2532 1154 2587 rhetoricam
1201 2529 1443 2586 erudivi.
1480 2529 1584 2584 Per
1631 2531 1900 2597 cpitomas
1943 2545 2125 2588 autem

543 2639 762 2693 semper
793 2624 1098 2679 domitum
1129 2621 1446 2685 Mediolani,
1479 2631 1594 2676 tum
1641 2621 1865 2694 Neapoli
1897 2640 1960 2679 ac
1993 2623 2130 2680 Mes-

542 2732 692 2772 sana:
721 2715 778 2770 iu
807 2714 1015 2780 Sicilia,
1050 2713 1252 2768 multos
1281 2714 1547 2784 adjuvans
1581 2723 1636 2768 et
1669 2714 1888 2770 Gnaeos
1936 2725 1991 2770 et
2021 2715 2125 2770 La-

541 2810 712 2863 tinos.
743 2807 929 2878 Itaque
958 2807 1026 2862 ab
1059 2807 1319 2877 epitomis
1348 2805 1594 2875 incipere
1632 2807 1858 2862 minime
1904 2807 2127 2863 indeco-

541 2918 700 2967 rum;
758 2915 937 2970 neque
967 2899 1090 2954 illas
1134 2907 1526 2961 contemnere,
1562 2915 1740 2970 neque
1789 2901 2121 2971 vituperare,

553 3005 614 3046 ut
645 2991 831 3047 stolidi
883 2989 1108 3060 quidam
1157 2989 1388 3053 faciunt,
1417 2999 1632 3055 oportet
1660 3007 1676 3057 ;
1708 2991 1978 3060 siquidem
2027 2997 2123 3048 ha-

541 3099 664 3138 rum
693 3097 797 3152 ope
823 3081 1022 3136 divites
1046 3087 1100 3136 et
1132 3095 1434 3151 pauperes,
1454 3081 1907 3152 pueri,juvenes,
1940 3099 2122 3152 senes,

2233 1987 2488 2053 κλίσεως
2519 1987 2639 2041 τῶν
2677 1988 2830 2042 ὀκτὼ
2885 1990 3084 2059 μερῶν
3121 1992 3230 2046 τοῦ
3255 1996 3448 2064 ,λόγου
3474 1996 3578 2048 καί
3615 1996 3816 2050 ἄλλων

2230 2078 2574 2146 ἀναγκαίων
2602 2095 2616 2109 °
2653 2081 2908 2152 δεύτερον
2962 2087 3094 2153 περὶ
3149 2087 3260 2155 τῆς
3307 2089 3671 2156 συντάξεως
3703 2090 3814 2142 τῶν

2224 2170 2513 2240 ῥημάτων
2565 2174 2720 2228 κατὰ
2768 2177 3108 2243 Λατίνους·
3144 2181 3331 2248 τρίτον
3385 2181 3810 2243 διεξοδικώτατα

2231 2261 2365 2329 περὶ
2393 2264 2687 2331 ὀνόματος
2715 2265 2813 2320 καὶ
2837 2267 3115 2336 ῥήματος
3148 2271 3321 2325 πολλὰ
3372 2274 3652 2342 πονήσας·
3684 2272 3808 2339 περὶ

2229 2353 2580 2421 ἀνωμάλων·
2610 2355 2747 2421 περὶ
2780 2358 3020 2424 τρόπων
3051 2359 3148 2412 καί
3208 2365 3548 2430 σχημάτων
3586 2379 3812 2429 ποιητι-

2231 2445 2353 2500 κῶν
2381 2447 2480 2500 καὶ
2498 2449 2858 2518 ῥητορικῶν,
2886 2454 2981 2505 καὶ
3016 2452 3195 2506 ἄλλων
3222 2450 3306 2518 οἷς
3334 2456 3630 2518 πλείστους
3660 2457 3813 2507 inat-

2229 2537 2397 2592 δευσα
2439 2542 2519 2604 είς
2549 2543 2952 2614 γραμματικὴν
2983 2547 3076 2600 καὶ
3117 2548 3444 2618 ῥητορικήν.
3498 2548 3613 2601 Καὶ
3641 2548 3726 2600 ἀεὶ
3749 2545 3814 2598 δ.’

2228 2629 2509 2700 επιτομῶν
2559 2631 2776 2697 ἐδίδαξα
2797 2634 2867 2687 ἐν
2914 2651 2973 2687 τε
3023 2635 3342 2704 Μεδιολάνῳ
3389 2639 3490 2691 καὶ
3539 2637 3813 2692 Νεαπόλει

2229 2725 2326 2776 καὶ
2348 2723 2613 2796 Μεσσήνῃ
2637 2725 2732 2794 τῆς
2747 2726 3039 2792 Σικελίας,
3065 2728 3297 2793 πολλοὺς
3327 2730 3811 2802 ὠφελήσαςιΐραι-

2218 2816 2359 2878 ακούς
2395 2815 2492 2869 καὶ
2537 2816 2824 2881 Λατίνους.
2875 2818 3066 2873 Ταῦτά
3107 2837 3190 2874 τοι
3235 2821 3388 2875 οὐδὲν
3438 2823 3676 2883 ἀπεικὸς
3718 2819 3809 2873 ἀπ’

2227 2908 2836 2980 ἐπιτομῶνᾶρξασθαι,
2861 2909 2974 2964 οὒτ’
3004 2912 3186 2966 αὐτῶν
3216 2914 3512 2985 ὀλιγωρεῖν
3546 2915 3655 2984 χρὴ
3691 2912 3808 2965 οὐτε

2227 3000 2538 3072 διασύρειν,
2575 3003 2711 3072 ὅπερ
2743 3002 2886 3066 τινὲς
2917 3003 3136 3072 εὐήθεις
3161 3006 3399 3060 ποιοῦσι.
3424 3007 3682 3061 Πλούσιοι
3709 3005 3810 3073 γὰρ

2229 3094 2324 3148 καὶ
2347 3095 2598 3165 πένητες,
2621 3096 2830 3160 παῖδες,
2855 3098 2989 3164 νέοι,
3012 3099 3226 3168 ἄνδρες,
3245 3100 3528 3170 γέροντες,
3550 3102 3808 3169 Ἕλληνες
3891 3114 3898 3119 ·

538 3176 660 3230 sive
701 3173 898 3239 Graeci,
959 3171 1076 3227 sive
1106 3171 1289 3227 Latini
1332 3172 1756 3242 .perdocentur;
1793 3187 2122 3248 praestatque

2229 3187 2324 3240 xui.
2339 3187 2580 3254 Λατῖνοι,
2604 3186 2672 3240 δι’
2697 3187 2881 3242 αὐτῶν
2904 3189 3273 3245 παιδεύονται·
3297 3193 3525 3262 ἄμεινόν
3551 3211 3612 3246 τε
3640 3193 3808 3257 ὀλιγο-

543 3282 736 3338 parum
767 3267 958 3319 doctos
990 3279 1132 3329 esse,
1165 3279 1328 3335 quam
1357 3265 1582 3319 omnino
1615 3265 1868 3323 indoctos
1893 3285 1908 3335 ;
1936 3284 1966 3322 a
1999 3286 2122 3338 par-

545 3359 628 3414 vis
659 3357 804 3412 enim
833 3356 1120 3428 principiis
1164 3357 1230 3412 ad
1272 3373 1465 3430 magna
1501 3360 1722 3428 provehi
1767 3361 1918 3416 licet.
1967 3363 2121 3430 Quod

542 3446 765 3517 quidem
803 3445 846 3500 si
878 3445 1024 3500 docti
1061 3445 1116 3500 in
1147 3444 1355 3502 Greecia
1409 3450 1667 3519 degentes
1708 3450 1990 3518 fecerunt,
2041 3469 2124 3509 nte

543 3541 624 3596 illi
655 3538 858 3594 multos
913 3538 1134 3608 ingenio
1180 3549 1515 3610 praestantes
1559 3541 1923 3598 edocuerunt.
1967 3545 2124 3602 Nunc

541 3647 675 3688 vero
698 3631 859 3701 longa
892 3628 1266 3685 detrectantes
1294 3640 1350 3684 et
1395 3632 1664 3700 epitomas
1691 3635 1990 3704 aspernati,
2034 3635 2124 3690 lit-

543 3733 786 3778 terarum
820 3736 1052 3792 prorsus
1099 3721 1272 3792 jejuni
1305 3733 1744 3792 permanserunt.
1778 3723 2122 3795 Quapropler

543 3829 738 3868 omnes
764 3813 1073 3868 litterarum
1106 3819 1385 3867 amatores
1419 3811 1618 3877 laudo,
1653 3812 1787 3882 qui,
1830 3815 2122 3885 cujuswn-

541 3920 650 3975 que
681 3904 790 3960 sint
833 3903 1034 3968 a-tatis,
1083 3903 1241 3959 facile
1291 3917 1521 3975 possunt
1551 3905 1620 3960 ab
1668 3907 1925 3976 epitomis
1975 3907 2122 3962 docti

543 3995 814 4068 magistri,
862 4010 1003 4066 quas
1046 3995 1398 4062 invenerint,
1447 3998 1692 4068 incipere
1721 4009 1776 4055 et
1806 4001 2125 4070 grannnati-

544 4104 665 4142 eam
713 4087 1040 4158 degustare,
1090 4102 1327 4159 quacum
1383 4087 1577 4144 audire
1610 4099 1666 4145 et
1694 4089 1877 4162 legere
1925 4091 2123 4163 jucun—

547 4178 680 4232 dum
715 4190 818 4233 est.
855 4177 996 4244 Quid
1026 4179 1174 4233 enim
1203 4177 1406 4236 litteris
1433 4180 1630 4236 melius
1657 4195 1722 4236 ac
1753 4181 2002 4237 beatius?
2029 4191 2125 4238 aut

545 4283 784 4339 quanam
816 4285 876 4324 re
901 4269 1066 4326 homo
1095 4269 1302 4325 homini
1325 4271 1630 4341 prteslabit,
1661 4272 1707 4327 si
1743 4271 1911 4330 luerit
1967 4274 2123 4328 indo-

541 4359 702 4414 ctus?
733 4359 790 4414 Si
825 4359 948 4429 quis
971 4361 1115 4416 enim
1142 4361 1295 4418 dives
1340 4362 1456 4417 illas
1484 4363 1838 4432 adipiscatur,
1867 4379 2121 4422 ornatum

540 4448 770 4505 babebit
802 4450 1026 4506 ‘divitiis
1058 4451 1317 4508 omnibus
1350 4455 1786 4524 praestantiorem
1815 4472 1834 4525 ;
1890 4458 1936 4514 si
1991 4473 2122 4514 vero

2228 3278 2421 3348 μαθείς
2443 3278 2709 3347 γενέσθαι
2742 3280 2774 3351 ἢ
2811 3280 3066 3351 ἀμαθεῖς.
3113 3283 3247 3336 ’Λπὸ
3293 3286 3402 3355 γὰρ
3450 3285 3674 3357 μικρῶν
3712 3287 3804 3352 ἀρ·

2224 3367 2338 3438 χῶν
2367 3368 2460 3421 ἐπὶ
2497 3369 2572 3424 ’τὰ
2619 3370 2793 3440 μείζω
2821 3373 3127 3444 ἀναχθῆναι
3155 3371 3267 3427 οἶόν
3309 3392 3387 3443 τε,
3423 3378 3565 3446 ὅπερ
3597 3377 3647 3429 εί
3674 3375 3720 3428 οἱ
3753 3375 3806 3424 ἐν

2225 3462 2290 3531 τῇ
2335 3459 2550 3517 Ἐλλάδι
2587 3462 2744 3527 ὄντες
2794 3463 2968 3533 λόγιοι
3026 3465 3271 3532 ἐποίουν,
3305 3467 3530 3538 ἀληθῶς
3580 3466 3802 3526 πολλοὺς

2223 3552 2449 3622 εὐφυεῖς
2503 3554 2664 3619 ὄντας
2721 3556 3026 3610 ἐπαίδευον·
3079 3558 3174 3612 νῦν
3223 3559 3279 3613 δὲ
3333 3560 3402 3614 τὰ
3465 3562 3571 3632 μὲν
3625 3552 3803 3628 μακρᾶ

2223 3643 2512 3708 ὀκνοῦντες
2536 3646 2644 3699 τῶν
2661 3645 2706 3700 δ’
2731 3647 3012 3716 επιτομῶν
3033 3648 3533 3720 καταφρονοῦντες,
3554 3652 3804 3719 ἄγευστοι

2223 3737 2400 3804 λόγων
2431 3738 2610 3810 πάντη
2651 3739 2980 3796 διατελοῦσι.
3012 3741 3105 3793 Διδ
3135 3743 3389 3813 παραινῶ
3421 3744 3639 3804 πάντας
3683 3739 3804 3799 τοὺς

2224 3831 2333 3886 τῶν
2363 3831 2537 3900 λόγων
2573 3833 2808 3902 ἐραστὰς
2836 3833 2953 3896 οἵας
2998 3832 3066 3887 ἂν
3097 3829 3207 3886 εἷεν
3247 3834 3470 3904 -ήλικίας
3501 3831 3795 3905 εὐπορούν-

2223 3941 2321 3989 τας
2349 3923 2533 3993 λογίου
2575 3925 2890 3997 καθηγητοῦ
2924 3925 3018 3979 ἀπ’
3053 3927 3332 3996 ὲπιτομῶν
3365 3911 3645 3999 ἄρξασθαι
3679 3924 3800 3977 οἴων

2223 4012 2288 4068 ἂν
2321 4015 2560 4084 τύχοιεν,
2621 4015 2719 4068 καὶ
2773 4017 3176 4086 γραμματικῆς
3213 4019 3630 4084 ἀπογεύσασθαι
3683 4011 3799 4084 μεθ’

2223 4100 2292 4178 ἧς
2325 4108 2422 4178 ἡδὺ
2451 4107 2514 4162 τὸ
2539 4108 2763 4163 ἀκούειν
2785 4115 2880 4164 καὶ
2907 4111 3326 4178 ἀναγινώσκειν.
3357 4111 3424 4164 Τί
3445 4113 3558 4185 γὰρ
3585 4113 3802 4181 ἄμεινον

2223 4195 2257 4266 ἢ
2290 4195 2781 4268 εὐδαιμονέστερον
2809 4199 3024 4268 λόγων.;
3069 4199 3101 4270 ἢ
3131 4202 3237 4253 τίνι
3273 4199 3569 4270 ἄνθρωπος
3598 4194 3801 4267 ἀνθρώ·

2225 4302 2328 4339 που
2360 4285 2552 4340 διοίσει
2611 4287 2832 4359 ἀμαθής
2879 4288 2994 4355 ὄ›ν;
3034 4287 3096 4342 ΕΞ
3150 4291 3252 4360 μὲν
3303 4291 3413 4362 γὰρ
3446 4291 3701 4352 πλούσιος
3731 4284 3800 4338 ὢν

2223 4381 2492 4452 τυγχάνῃ,
2543 4381 2748 4452 κόσμον
2780 4383 2892 4448 ἕξει
2927 4385 3164 4454 κρείττω
3201 4386 3435 4442 πλούτου
3481 4387 3685 4448 παντός
3707 4401 3722 4414 ⁵
3753 4379 3799 4433 ει

2224 4473 2281 4527 δὲ
2316 4473 2510 4542 πένης,
2544 4473 2894 4544 παραμύθιον
2921 4477 3054 4535 τῶν,
3087 4477 3278 4531 δεινῶν
3327 4479 3421 4532 καὶ
3460 4476 3801 4548 καταφρόνη-

543 4556 773 4612 pauper,
806 4544 1181 4598 molestiarum
1210 4545 1478 4611 solamen,
1503 4557 1559 4601 ct
1590 4547 1715 4602 vita:
1748 4549 2118 4620 miseriarum,

2231 4581 2315 4619 σιν
2340 4564 2450 4619 τῶν
2479 4564 2574 4620 τοῦ
2611 4566 2728 4636 βίου
2777 4567 3041 4640 λυπηρῶν
3091 4570 3302 4641 μυρίων
3344 4570 3536 4627 ὄντων.
3569 4569 3798 4627 Σπουδα-

543 4648 666 4702 quae
722 4643 852 4689 sunt
911 4634 1380 4702 innumerabiles,
1426 4645 1825 4707 contemptum.
1880 4639 2118 4696 Studen—

543 4726 671 4778 dum
726 4740 890 4794 porro
936 4735 1060 4792 est,
1105 4735 1163 4780 et
1211 4727 1491 4782 ornandus
1538 4729 1761 4785 animus
1793 4741 2121 4788 ornamento

544 4815 940 4884 pulcherrimo,
968 4832 1250 4886 nunquam
1287 4817 1602 4883 adimendo,
1633 4821 1767 4876 etin
1793 4822 1935 4879 vivis
1968 4839 2122 4879 mor-

545 4913 761 4978 tuisque
790 4919 1056 4964 aeternum
1092 4924 1475 4979 permansuro.

2231 4658 2388 4710 στέον
2420 4656 2485 4727 δὴ
2514 4660 2607 4711 καὶ
2638 4657 2740 4728 τὴν
2769 4659 2950 4731 ψυχὴν
2979 4663 3288 4731 κοσμητέον
3321 4663 3513 4734 κόσμῳ
3563 4662 3641 4732 τῷ
3673 4657 3797 4713 καὶ·

2228 4745 2396 4815 λίστῳ
2423 4750 2516 4801 καὶ
2571 4749 2919 4820 ἁναταιρέτῳ
2955 4749 3090 4814 ζῶσι
3138 4751 3232 4806 καὶ
3278 4753 3674 4824 τελευτήσασιν
3716 4745 3797 4800 ἀεὶ

2231 4838 2700 4908 περιδιαμὲνοντι.

616 5001 678 5056 F°
719 5002 810 5060 12.
843 5002 943 5057 llic
1000 5003 1192 5072 incipit
1236 5004 1350 5074 ipsa
1386 5005 1636 5062 Lascaris
1669 5013 2049 5082 grammatica,
2100 5018 2125 5073 ii

2246 5021 2410 5077 titulo
2446 5039 2462 5078 :
2495 5024 2797 5080 Μεθοδικὸν
2847 5029 2946 5097 τῆς
2995 5031 3225 5098 κλίσεως
3277 5034 3385 5088 τῶν
3421 5035 3567 5091 ὀκτὼ
3621 5028 3793 5108 μερῶν

540 5098 633 5152 τοῦ
682 5100 872 5168 λόγου,
926 5102 1182 5155 συντεθὲν
1262 5104 1413 5173 παρὰ
1453 5105 1860 5163 Κωνσταντίνου
1911 5113 2006 5165 τοῦ
2056 5115 2414 5186 Λασκάρεως.
2467 5119 2682 5175 Βιύλίον
2745 5124 2812 5180 α’.
2891 5128 3240 5197 Μειίὶοάὶεοιι,
3272 5134 3378 5187 sive
3403 5136 3539 5188 ratio
3607 5098 3791 5189 mel/to-

540 5198 660 5298 ch'co
684 5194 1054 5298 declinationis
1085 5205 1198 5249 octo
1229 5198 1462 5298 partium
1495 5199 1750 5253 orationis
1815 5218 1847 5255 a
1921 5201 2270 5260 Constantino
2316 5207 2540 5264 Lascari
2585 5219 2896 5284 composita.
2953 5219 3117 5275 Liber
3169 5239 3185 5276 ι
3227 5194 3448 5295 ’ἱιιοὶρίι
3495 5242 3510 5281 :
3565 5226 3793 5298 Γραμμα

541 5287 661 5340 ἐστὶ
705 5286 875 5388 μέρος
951 5287 1232 5388 ὲλαὲιστον
1272 5288 1456 5388 φωνῆς
1515 5291 1841 5362 ἀδιαίρετον.
1900 5294 2157 5352 Desinit:
2201 5293 2325 5352 Οίον
2394 5302 2710 5358 δυσαπιστῶ
2760 5308 3169 5378 δυσηπίστουν·
3202 5286 3520 5388 δυσαρεστῶ
3565 5286 3790 5386 δύσῆείέ·

545 5397 710 5433 στουν
735 5395 748 5409 ·
781 5381 1206 5451 εὐαγγελίζομαι
1234 5384 1682 5456 εὐηγγελισάμην
1709 5403 1724 5440 :
1754 5418 1824 5428 —
1847 5389 1950 5456 Qui
2011 5391 2125 5447 linis

2234 5395 2320 5450 ius
2387 5402 2615 5455 omnino
2645 5413 2728 5458 est
2775 5406 2828 5458 in
2868 5409 3106 5464 excusis.
3155 5409 3267 5467 Hoc
3302 5415 3358 5468 in
3390 5415 3532 5471 libro
3585 5412 3791 5472 deside-

543 5487 738 5533 rantur
774 5479 976 5548 capita,
1011 5493 1111 5534 seu
1155 5479 1429 5535 sectiones
1465 5479 1541 5534 De
1603 5483 1867 5552 speciebus
1927 5485 2199 5542 nominum
2263 5492 2643 5565 derivat.-rum,
2699 5500 2762 5554 de
2827 5503 3091 5572 speciebus
3141 5506 3341 5562 nomini
3407 5510 3677 5580 subjectis,
3732 5506 3790 5558 de

539 5571 993 5664 pra'positionibus
1030 5587 1321 5643 earumque
1349 5574 1573 5642 casibus,
1616 5575 1678 5628 de
1706 5576 2001 5646 spiritibus,
2051 5579 2116 5632 de
2151 5586 2466 5652 cognatione
2528 5598 2824 5661 temporum
2858 5571 2861 5572 ν
2891 5598 3186 5664 verborum,
3237 5600 3302 5653 de
3338 5571 3518 5657 verbis
3539 5571 3789 5658 anomalis

539 5681 634 5757 per
685 5665 925 5719 ordinem
975 5663 1324 5722 litterarum:
1368 5681 1491 5737 qua:
1539 5667 1762 5737 quidem
1817 5671 2002 5724 omnia
2055 5671 2110 5724 in
2149 5677 2368 5732 excusis
2443 5679 2571 5735 libri
2622 5699 2637 5737 I
2693 5687 3106 5757 exemplaribus
3155 5663 3426 5748 invenias.
3505 5694 3579 5749 At
3606 5701 3789 5750 contra

542 5751 598 5804 in
634 5765 741 5898 mla.
786 5753 978 5811 codice
1009 5756 1251 5812 occurrit
1300 5756 1376 5812 De
1428 5758 1744 5828 [oriimtione
1793 5770 2086 5832 temporum
2154 5765 2474 5836 verborum,
2517 5774 2664 5842 quod
2740 5777 2808 5832 ab
2857 5751 3005 5844 illis,
3064 5788 3258 5838 saltem
3317 5785 3392 5840 ita
3454 5785 3788 5858 inscriptum,

542 5855 673 5898 essu
698 5850 774 5898 at.
977 5860 980 5864 '

541 5850 774 5900 exsulat.
977 5860 980 5864 '
