4106 6402
616 379 3807 428 mm

3572 544 3589 567 ,Ι

786 410 2616 785 babaecalis
2773 410 3471 783 alii

1931 1075 2523 1190 NOTITIA

1338 1300 1435 1361 (Ex
1463 1295 1647 1346 Allatio‘
1672 1296 1737 1344 De
1767 1259 2059 1351 Theodoris,
2095 1294 2173 1354 ap.
2207 1292 2383 1343 Malum
2412 1292 2537 1344 Bibl.
2575 1297 2699 1345 Non.
2739 1297 2872 1355 PP.,
2908 1302 3024 1344 tom.
3059 1295 3116 1345 Vl
3146 1300 3164 1359 )

698 1634 1018 1690 Theodorus
1046 1631 1189 1688 Gaza
1217 1673 1232 1695 ,
1270 1635 1401 1688 urbe
1435 1633 1765 1688 Macedonia?
1803 1633 2194 1687 Thessalonica
2233 1634 2520 1698 oriundus,
2564 1637 2873 1689 instauran
2929 1636 3196 1693 Ferraria:
3235 1639 3550 1695 litterarum
3581 1643 3841 1711 gymnasio

625 1724 836 1795 primus
860 1720 1060 1777 studiis
1092 1719 1383 1790 praefectus
1410 1722 1468 1776 et
1500 1720 1816 1775 moderator
1858 1729 2078 1775 creatus
2102 1761 2116 1781 ,
2141 1719 2353 1775 litteras
2378 1723 2595 1777 Graecas
2630 1722 2847 1790 publice
2888 1724 3171 1793 professus
3199 1737 3304 1781 est.
3332 1727 3496 1781 Multa
3530 1728 3643 1795 ipse
3673 1733 3735 1783 de
3758 1744 3842 1782 suo

625 1812 866 1883 scripsit,
899 1812 1069 1867 multa
1101 1813 1265 1867 vertit
1320 1827 1349 1866 e
1392 1811 1584 1868 Graeco
1622 1814 1673 1865 in
1704 1811 1965 1868 Latinum
1995 1850 2009 1875 ,
2045 1820 2100 1864 et
2130 1825 2159 1865 e
2193 1810 2383 1864 Latino
2413 1811 2468 1863 in
2499 1812 2771 1865 Graecum.
2808 1811 3043 1881 Scripsit
3076 1812 3143 1867 de
3174 1829 3275 1869 suo
3302 1814 3490 1869 Graece
3524 1814 3846 1868 Institutionis

625 1901 987 1971 grammatice
1013 1899 1185 1954 libros
1209 1909 1470 1967 quatuor,
1503 1899 1734 1954 diversis
1767 1898 1905 1953 locis
1935 1899 2522 1967 impressos,Veneliis
2553 1899 2698 1969 apud
2726 1898 2955 1966 Aldum,
2984 1901 3210 1957 Basilea:
3243 1903 3386 1972 apud
3422 1902 3734 1965 Curionem,
3763 1903 3843 1955 Pao

630 1990 774 2045 risiis
802 1991 945 2058 apud
970 1987 1293 2046 Wechelum
1318 2006 1333 2056 ;
1362 2001 1417 2045 et
1443 1991 1764 2059 plerumque
1801 2006 1924 2043 cum
1950 1990 2205 2043 versione
2226 1984 2439 2040 Latina.
2464 1985 2747 2040 Postremo
2772 1986 2997 2041 Basilere
3019 1988 3163 2057 apud
3188 1990 3473 2043 Nicolaum
3498 1990 3842 2059 Brilingerum

628 2092 771 2131 anno
805 2076 1019 2130 Domini
1052 2076 1211 2130 1549.
1246 2077 1444 2141 Quanti
1474 2076 1827 2132 Robortellus
1858 2077 2054 2131 fecerit
2086 2076 2139 2129 in
2173 2072 2338 2127 rebus
2366 2070 2741 2140 grammaticis
2768 2072 3127 2140 disponendis
3152 2075 3448 2129 artiﬁcium
3486 2074 3661 2139 Gazae,
3684 2074 3842 2128 audia-

629 2180 751 2218 mus
776 2179 840 2218 ex
874 2163 993 2232 ipso
1024 2163 1077 2215 in
1111 2162 1547 2230 expositionibus
1592 2163 1719 2217 libri
1748 2164 2063 2233 Aristotelis
2094 2162 2160 2216 de
2208 2158 2421 2230 poetica
2456 2175 2470 2211 :
2503 2158 2639 2211 Hinc
2681 2157 2981 2212 Theodorus
3010 2159 3157 2213 Gaza
3182 2202 3196 2225 ,
3235 2164 3314 2216 vir
3359 2164 3692 2217 doctissimus
3715 2201 3728 2225 ,
3770 2166 3844 2225 qui

625 2266 830 2308 summo
864 2250 1073 2320 ingenio
1100 2249 1401 2307 metlrodum
1430 2248 1584 2304 illam
1620 2251 1975 2317 conscripsit,
2011 2250 2088 2304 ait
2118 2248 2211 2302 sub

2252 2245 2468 2301 initium
2506 2244 2625 2300 libri
2659 2247 2842 2314 quarti
2865 2258 2887 2297 .'
2914 2248 3118 2302 Λοιπὸν
3156 2248 3213 2302 δὲ
3250 2250 3379 2319 περὶ
3425 2249 3721 2313 συντάξεως
3753 2248 3844 2297 τῶν

628 2337 722 2391 τοῦ
753 2337 911 2403 λόγου
942 2335 1149 2405 μερῶν,
1182 2344 1291 2391 etc.
1330 2332 1460 2391 Ηωο
1506 2351 1599 2406 ego
1650 2335 1793 2391 volui
1823 2333 1978 2388 Gnate
2009 2334 2162 2388 verba
2217 2348 2501 2402 apponere,
2538 2334 2662 2401 quia
2694 2340 2841 2385 tanta
2869 2335 3097 2402 artiﬁcio
3126 2337 3372 2389 videntur
3405 2354 3517 2390 esse
3554 2335 3772 2405 prolata,
3800 2338 3844 2382 ut

517 2449 525 2456 ο
628 2439 884 2494 agnoscas
912 2422 1327 2476 emendatissimi
1362 2421 1511 2476 illius
1546 2422 1769 2475 hominis
1818 2422 2011 2473 miram
2053 2420 2342 2490 quamdam
2382 2420 2706 2474 industriam
2733 2421 2788 2472 in
2819 2422 3168 2477 discernenda
3205 2426 3447 2479 methodo
3478 2427 3577 2477 hac
3601 2432 3648 2476 et
3679 2421 3844 2473 distiu-

628 2512 834 2582 guenda
859 2526 876 2564 :
900 2509 1054 2565 sicuti
1093 2508 1219 2562 solet
1256 2508 1313 2561 in
1348 2510 1565 2578 reliquis
1620 2509 1821 2562 artibus
1870 2518 1917 2561 et
1974 2509 2199 2561 scientiis
2242 2508 2568 2571 Aristoteles,
2596 2523 2714 2560 cum
2744 2524 2872 2574 opus
2900 2518 3015 2562 est:
3047 2511 3280 2579 tantique
3312 2512 3569 2566 mehercle
3609 2510 3735 2578 facio
3761 2505 3844 2561 Ga-

625 2615 747 2652 zam
778 2601 832 2651 in
865 2601 958 2653 hac
984 2598 1282 2669 prcsertim
1313 2600 1502 2668 quarto
1530 2595 1662 2649 libro
1687 2636 1702 2661 ,
1736 2604 1791 2647 ut
1825 2595 1960 2650 nulli
1992 2604 2223 2649 veterum
2270 2590 2687 2664 postponendum
2718 2604 2918 2665 putem.
2948 2594 3226 2651 Theodori
3262 2596 3424 2655 Gazae
3464 2593 3848 2668 grammaticam

629 2688 790 2741 aliam
822 2687 893 2740 ab
914 2701 1116 2741 excusa
1148 2684 1317 2738 habet
1346 2683 1589 2738 Joannes
1621 2681 1949 2736 Sambucus.
1988 2682 2337 2751 (Gesnerus.)

704 2775 780 2829 De
813 2773 1070 2829 mensibus
1099 2773 1316 2837 Atticis,
1344 2770 1484 2825 liber
1519 2770 1740 2825 Grzrcus
1775 2770 2075 2838 impressus
2112 2769 2334 2824 Basilea:
2365 2766 2509 2838 apud
2541 2767 2841 2821 Robertum
2872 2766 3087 2824 Winter
3112 2784 3236 2824 cum
3268 2769 3469 2827 Latina
3502 2770 3737 2825 versione
3766 2764 3843 2821 Jo-

634 2862 831 2916 hannis
857 2858 1076 2927 I’erelli,
1107 2868 1164 2913 et
1195 2871 1343 2912 nunc
1390 2858 1571 2913 denuo
1599 2856 1653 2909 in
1682 2856 2011 2926 Uranologio
2040 2855 2284 2927 Dionysii
2321 2856 2547 2924 Petavii,
2579 2853 2806 2911 Lutetiae
2837 2858 2981 2927 apud
3012 2857 3396 2914 Sebastianum
3429 2859 3843 2931 Cramoysinunl.
3930 2884 3935 2889 ~

635 2947 793 3012 1630,
828 2947 884 3001 in
923 2946 1019 3003 fol.

716 3032 1150 3105 ΤΔντιρῤητικόν.
1180 3033 1411 3101 Εἴρηται
1436 3029 1785 3102 Βησσαρίωνι
1812 3028 1889 3099 τῷ
1922 3031 2239 3103 πατριάρχῃ
2271 3033 2330 3084 ὲν
2382 3032 2495 3093 τοῖς
2551 3030 2691 3101 ὑπὲρ
2728 3031 3015 3096 Πλάτωνος
3068 3032 3273 3101 λόγοις,
3328 3035 3405 3098 ὡς
3458 3022 3693 3089 ἐλπίσειε
3746 3030 3832 3100 μὲν

639 3122 865 3199 ἄλλαρτε
900 3122 1006 3172 τῶν
1036 3119 1468 3188 σπουδαιοτέρων
1508 3118 1881 3189 θεωρημάτων
1911 3119 2256 3182 ἐντεύξεσθαι
2304 3122 2362 3173 ὲν
2391 3120 2468 3189 τῷ
2496 3119 2586 3172 τοῦ
2615 3121 2990 3188 ἀντιλέγοντος
3032 3123 3277 3175 Πλάτωνι
3334 3123 3529 3195 βισλίῳ
3560 3138 3575 3154 ·
3604 3123 3693 3187 καὶ
3738 3120 3845 3186 περὶ

645 3208 827 3273 εἰδῶν,
857 3210 903 3259 εί
929 3206 1043 3260 ἔνια
1074 3207 1338 3276 χωριστὰ,
1362 3207 1409 3257 εί
1441 3204 1620 3258 πάντα
1650 3203 1950 3274 ἀχώριστα,
1984 3207 2076 3257 καὶ
2099 3208 2145 3257 εί
2175 3207 2437 3278 χωριστὰ,
2466 3207 2695 3276 πότερον
2722 3206 2842 3259 καθ’
2875 3209 3014 3263 αὐτὰ
3036 3209 3346 3277 ὑφεστῶτα.
3377 3211 3658 3279 ἧκείμενα
3679 3210 3729 3259 ὲν
3746 3207 3842 3257 ἑπι-

643 3294 835 3356 ιοὶαις.
857 3293 1163 3348 Orationem
1189 3292 1609 3346 antirrheticam.
1646 3290 1803 3343 Dicta
1842 3290 1940 3359 fuit
1970 3289 2269 3347 Bessarioni
2301 3296 2618 3364 patriarcha:
2640 3296 2695 3347 in
2722 3295 2786 3348 iis
2819 3312 2935 3365 qua:
2963 3297 3053 3351 ille
3079 3299 3213 3351 dixit
3242 3298 3299 3352 in
3340 3298 3486 3353 libris
3508 3314 3602 3370 pro
3628 3296 3843 3351 Platone.

639 3385 779 3448 quod
828 3391 1130 3453 sperauerat
1180 3383 1392 3453 quidem
1449 3380 1561 3435 alia
1600 3380 1823 3452 majoris
1855 3381 2019 3435 studii
2050 3384 2374 3437 theoremata
2399 3384 2631 3436 invenire
2659 3385 2712 3434 in
2740 3382 2874 3437 libro
2904 3384 3071 3447 illius,
3100 3385 3191 3451 qui
3225 3383 3441 3439 Platoni
3475 3383 3842 3441 routradicebat.

638 3469 706 3524 Et
760 3471 820 3524 de
878 3470 1161 3539 speciebus,
1218 3479 1397 3524 utrum
1445 3467 1637 3537 aliqua:
1687 3467 2008 3537 separabiles
2061 3470 2189 3535 sint,
2245 3486 2315 3523 an
2366 3488 2543 3525 omnes
2622 3475 3126 3543 inseparabilemet
3177 3480 3226 3535 si
3288 3483 3638 3551 separabilesl
3684 3487 3844 3549 utrum

636 3572 730 3627 per
753 3573 807 3612 se
843 3558 1151 3622 subsistant,
1183 3572 1254 3611 an
1277 3571 1397 3610 vero
1448 3555 1563 3609 sola
1598 3555 1917 3624 cogitatione
1951 3556 2339 3615 discernantur.
2384 3559 2442 3614 In
2485 3559 2687 3629 quibus
2716 3563 2880 3618 etiam
2923 3563 3096 3619 babes
3147 3579 3535 3638 argumentum
3594 3563 3845 3624 orationis.

638 3644 702 3700 P.
746 3644 834 3708 Ὦς
859 3645 1096 3697 ἐλπίσειε
1129 3644 1227 3713 μὲν
1254 3642 1432 3701 ἄλλων
1468 3659 1529 3696 τε
1559 3644 1690 3697 τῶν.

706 3733 841 3801 Περὶ
874 3731 1129 3786 ἀκουσίου
1170 3733 1261 3785 καὶ
1296 3731 1572 3785 ἑκουσίου.
1621 3730 1701 3785 De
1728 3731 2028 3790 voluntario
2058 3742 2107 3786 et
2156 3733 2327 3790 involu

2215 3733 2529 3790 voluntario.
2589 3737 2653 3793 P.
2685 3737 2819 3807 Περὶ
2849 3737 2906 3792 δὲ
2934 3738 3194 3793 ἀκουσίου
3245 3741 3341 3797 καὶ
3370 3742 3622 3798 ἑκουσίου
3655 3735 3836 3806 ἀπορή-

640 3837 783 3875 σειεν
809 3820 875 3878 ἄν
898 3837 982 3883 τις
1020 3822 1101 3882 είς
1128 3821 1196 3875 τὰ
1223 3819 1561 3873 καοέκαστα.

709 3908 831 3961 ὀτι
865 3909 897 3976 ἡ
921 3896 1082 3978 φύσις
1106 3907 1166 3960 οὺ
1192 3906 1531 3977 βουλεύεται.
1565 3906 1715 3973 Quod
1743 3917 1939 3963 natura
1966 3908 2185 3963 consilio
2230 3925 2309 3963 res

1114 3907 1166 3960 σὺ
1192 3906 1531 3977 βουλεύεται.
1565 3906 1715 3973 Quod
1743 3917 1939 3963 natura
1966 3908 2185 3963 consilio
2230 3925 2309 3963 res
2333 3927 2439 3963 non
2472 3913 2611 3980 gerit
2636 3912 2735 3983 (I).

708 3997 843 4064 Περὶ
868 3994 1251 4066 ἀρχαιολογίας
1280 3996 1389 4048 τῶν
1412 3994 1714 4080 Τουρξιίωνο
1755 3994 1831 4049 De
1862 3997 2064 4068 origine
2081 4006 2129 4051 et
2155 3999 2329 4073 antiqt

2222 3999 2475 4073 ιιὶῳιῑιαιε
2514 3998 2832 4070 Turcarum,
2894 4002 2961 4058 ad
3001 4000 3367 4062 Franciscum
3407 4006 3764 4080 Philelpbum.
3795 3996 3843 4050 Ρο

642 4085 776 4153 Περὶ
811 4082 1075 4149 Τούριιων
1108 4081 1253 4145 τίνες
1282 4080 1404 4137 ποτ’
1438 4078 1667 4147 ἃννεῐεν,
1710 4082 1808 4134 καὶ
1832 4083 1956 4135 ὅθεν
1986 4083 2084 4153 τὴν
2114 4084 2291 4154 ἀρχὴν
2318 4084 2653 4155 ὁρμηθέντες
2692 4089 2792 4158 (Ξ).

710 4170 982 4239 Epistolas
1019 4168 1225 4226 varias.
1265 4168 1286 4227 ι
1320 4166 1605 4222 Fratribus
1664 4169 1942 4223 Demetrio
1976 4177 2031 4223 et
2058 4170 2310 4240 Georgio.

2224 4173 2310 4238 gio.
2373 4170 2844 4246 P.At1voouy.éwp
2906 4194 2999 4247 μοι
3029 4179 3337 4235 ἔπιστετλαι
3361 4159 3515 4251 ὑμῖν.
3548 4180 3615 4237 II.
3683 4175 3845 4230 Deme’

642 4257 840 4313 metrio
866 4252 1195 4329 Sguropulo.
1231 4258 1297 4310 Ρ.
1329 4256 1691 4314 Διινά³πάλιν
1720 4257 2025 4327 ἀγγέλλεις,
2068 4256 2263 4326 εἴπερ(

2218 4258 2427 4313 »οὐδέν.
2486 4259 2614 4316 Haec
2643 4261 2875 4331 epistola
2925 4264 3127 4335 legitur
3164 4281 3384 4337 quoque
3451 4272 3505 4323 in
3541 4260 3839 4324 bibliotheca

646 4346 793 4415 regia
813 4344 1062 4400 Parisiis.
1095 4342 1187 4403 III.
1219 4343 1527 4401 Andronico
1550 4342 1784 4399 Callisti.
1815 4344 1875 4399 P.
1911 4345 2033 4397 Ὅτι
2065 4345 2126 4396 οὑ
2152 4362 2267 4397 συνι

2225 4347 2633 4415 ναποδημήσαις
2676 4351 2787 4412 τοῖς
2810 4350 2993 4414 ἄλλοις
3020 4352 3086 4404 σύ
3112 4370 3197 4420 γε.
3250 4354 3562 4411 IV.Eidem.
3601 4355 3656 4409 P.
3714 4347 3846 4399 Ἀπε·

641 4438 916 4503 κρινάμην
947 4432 1083 4501 πρὸς
1105 4433 1197 4485 τὸν
1230 4432 1501 4499 δεσπότην
1525 4432 1656 4503 περὶ
1714 4424 1791 4487 ὧν
1824 4432 2129 4504 γέγραφας.
2180 4431 2240 4487 γ.

2226 4469 2240 4487 .
2277 4432 2887 4495 Bessarionicardinali.
2920 4440 2981 4496 P.
3035 4442 3177 4512 Ἤδη
3207 4443 3306 4515 τὴν
3343 4447 3502 4515 ἱεράν
3562 4460 3652 4497 σου
3703 4443 3846 4500 κεφα⁶

642 4523 739 4594 λὴν
769 4526 825 4577 ὲν
854 4521 1077 4587 Κελτοῖς
1106 4518 1269 4576 εἶναι.
1296 4518 1387 4575 VI.
1424 4521 1634 4576 Eidem.
1662 4522 1725 4579 P.
1760 4523 1858 4575 Ἐκ
1888 4521 1997 4574 τῶν
2032 4521 2167 4591 πρὸς
2213 4537 2263 4572 τι

2222 4521 2340 4583 τοὺς
2388 4522 2653 4587 δεσπότας
2683 4525 3139 4597 ἀπεσταλμένων.
3177 4530 3289 4585 VII.
3328 4531 3562 4587 Eidem.
3598 4529 3653 4581 Ρ.
3710 4518 3843 4585 Ε⁶Χ⁰⁶

647 4624 745 4679 μαι
782 4610 963 4677 ἀγαθὰ
995 4609 1266 4667 πυθέσθαι
1296 4612 1429 4679 περὶ
1456 4610 1575 4668 σοῦ.
1608 4610 1746 4665 VIII.
1775 4610 1984 4667 Alexio.
2021 4611 2085 4662 P.
2121 4609 2135 4627 '
2163 4610 2208 4660 Η
2234 4626 2268 4659 τη

2234 4609 2309 4678 τῷ
2341 4608 2576 4679 δεσπότῃ
2610 4613 2868 4681 συμδᾶσα
2898 4616 3076 4680 νόσος.
3102 4616 3196 4676 IX.
3238 4618 3445 4671 Eidem.
3469 4621 3532 4672 P.
3561 4602 3841 4674 xstc-mi

644 4697 817 4768 τύχην
852 4690 991 4749 εἶδον
1020 4696 1110 4748 τὸν
1140 4695 1496 4751 λικεντιάτον.
1531 4696 1601 4750 Χ.
1630 4696 1933 4768 Pltilelpho.
1953 4698 2018 4751 P.
2050 4696 2124 4751 Οὐ
2155 4696 2265 4750 πάν

2221 4695 2314 4748 ιντ’
2346 4695 2524 4748 ἔοικεν
2558 4698 2779 4752 ἀσθενεῖ
2819 4700 2880 4752 τὸ
2916 4701 3113 4771 γῆρας.
3147 4704 3238 4758 XI.
3272 4705 3481 4761 Alexio.
3536 4707 3597 4759 P.
3660 4688 3842 4762 WW’"

648 4786 788 4855 μεθα
813 4787 893 4848 είς
924 4782 1258 4853 Βιττέρόιον,
1294 4784 1389 4836 καὶ
1414 4786 1482 4837 τὰ
1509 4785 1760 4854 αὐτοφυῆ
1787 4786 1969 4856 Θερμά
1999 4785 2194 4839 ὕδατα.
2222 4783 2342 4839 XII.
2404 4784 2618 4839 Eidem.
2660 4786 2724 4840 P.
2761 4788 3101 4847 Ἐπέσταλκά
3157 4810 3237 4847 σοι
3288 4796 3460 4862 μηνὸς
3520 4776 3844 4860 Φεὸρουαρίου

644 4875 922 4943 λήγοντος.
954 4870 1097 4925 XIII.
1127 4870 1336 4925 Eidem.
1363 4871 1421 4923 Ρ.
1454 4873 1545 4935 Δὶς
1578 4873 1894 4941 ἀπέστειλα,
1920 4877 1990 4931 τὰ
2033 4876 2133 4945 μὲν
2168 4876 2265 4941 πρί

2219 4875 2385 4941 ρῶτα.
2426 4874 2566 4930 XIV.
2597 4876 2803 4932 Eidem.
2838 4879 2898 4935 P.
2930 4879 3234 4954 Ἐκομίσθη
3270 4901 3363 4953 μοι
3419 4886 3455 4954 ἡ
3485 4873 3747 4941 επιστολὴν
3794 4866 3840 4931 ἣν

649 4959 1112 5029 ἑπτακαιδεκάτῃ.

718 5048 887 5101 Index
920 5044 1100 5114 regius
1128 5042 1312 5098 Sancti
1343 5043 1625 5100 Laurentii
1658 5056 1809 5103 notat
1842 5065 1855 5102 :
1887 5048 2138 5106 Theodori
2164 5052 2323 5111 Gaza
2352 5051 2687 5113 Temmachia
2724 5071 2743 5110 :
2782 5056 2847 5109 de
2876 5058 3052 5112 anima
3075 5099 3092 5123 ,
3129 5061 3195 5112 de
3223 5060 3520 5117 voluntario
3566 5066 3611 5114 et
3640 5043 3841 5108 ἱιιυοίαιι·

650 5138 811 5198 tario,
838 5132 1167 5200 deﬁnitiones
1197 5138 1245 5183 et
1281 5131 1604 5201 defensiones
1632 5146 1817 5189 contra
1848 5135 2182 5193 Plethonem.

718 5221 951 5290 Scripsit
986 5226 1251 5287 praeterea
1289 5220 1553 5284 carmina,
1614 5220 1847 5290 ideoque
1878 5225 2021 5277 inter
2054 5234 2244 5295 poetas
2278 5242 2339 5284 su

2221 5242 2244 5281 s
2278 5230 2362 5284 sui
2423 5236 2686 5303 temporis
2718 5242 2969 5288 recenset
2998 5247 3124 5287 eum
3155 5234 3429 5304 Gyraldus
3459 5235 3667 5300 dialogo
3696 5223 3729 5274 Ιδ
3756 5213 3842 5267 Au‘

648 5308 846 5367 dienda
879 5316 1045 5371 sunt,
1078 5320 1199 5376 qua:
1227 5304 1536 5363 Ludovicus
1561 5305 1740 5364 Carbo
1774 5310 1830 5367 in
1865 5313 2102 5381 quadam
2138 5316 2206 5369 de
2249 5318 2463 5374 artibus
2493 5320 2815 5375 liberalibus
2845 5320 3099 5375 oratione
3141 5324 3209 5375 ad
3244 5321 3568 5379 Leonellum
3599 5306 3839 5371 Εειϐηθθω

722 5485 981 5571 (unum
1013 5488 1269 5571 νίάεηὲυτ
1294 5490 1638 5571 ,Ῥοιτίὸθηάθ
1681 5504 1807 5571 (ιυέ
1846 5493 2102 5571 ρωὶῇευθ
2144 5492 2212 5571 de
2324 5568 2337 5571 _
2396 5500 2471 5569 (Ξ)
2512 5500 2695 5555 Edidit
2725 5502 2842 5569 ipse
2877 5500 3111 5556 Atlatius
3142 5502 3236 5556 Gr.
3258 5511 3313 5554 et
3344 5500 3465 5555 Lat.
3489 5502 3541 5558 in
3570 5470 3838 5567 δῃιιιηιίαίδν

653 5555 756 5616 hoc
785 5555 944 5611 Gaza:
974 5561 1240 5628 Opusculo
1275 5555 1535 5615 dicuntur
1566 5555 1714 5631 apud
1767 5555 2076 5620 Fabriciu'ut
2116 5567 2206 5621 ed.

654 5642 777 5688 uov.
806 5628 870 5682 'r.
898 5627 965 5683 χ.
995 5644 1049 5702 ρ.
1084 5629 1189 5684 aut
1220 5640 1273 5686 et
1296 5630 1418 5685 595.
1452 5632 1517 5683 Α.
1547 5631 1617 5687 ιι.

1810 5555 2076 5620 ιιιιτίεῖιῖω
2116 5567 2206 5621 ed.
2324 5555 2467 5625 mihi
2498 5555 2818 5640 pesterbz'e,
2856 5587 2910 5641 p.
2944 5555 3229 5643 5815mm.
3259 5573 3326 5627 A.
3362 5572 3430 5628 Μ.
