4106 6428
592 404 699 467 97ῦ
1892 410 1990 471 TU
2004 411 2356 472 EODOBUS
2392 411 2610 473 GAZA.
3714 415 3803 477 976

599 518 823 581 sentiat,
868 516 961 571 scd
996 517 1125 588 quid
1159 524 1353 573 auctor
1381 534 1541 588 quem
1577 521 1807 590 Stlscipit
1841 522 2334 590 interpretandum.
2367 521 2553 591 Neque
2588 519 2734 574 enim
2766 519 2948 574 simile
2978 520 3083 575 hoc
3114 524 3212 577 'es‘.
3244 521 3537 593 negotium,
3578 534 3726 593 atque
3757 526 3807 580 td

602 603 748 673 qutd
775 605 842 659 de
869 605 1142 674 Sophocle
1177 615 1345 673 atque
1379 602 1640 676 Euripide
1671 609 2059 663 circuit-fertur
2084 629 2097 662 :
2123 611 2317 663 horum
2342 609 2481 662 alter
2509 622 2775 677 personas
2802 606 2993 675 quales
3025 606 3298 669 fuissent,
3340 609 3477 662 alter
3507 611 3683 679 quales
3707 626 3812 671 esse

590 694 913 748 debuissem
938 708 1056 748 sese
1087 692 1342 764 ellingerc
1367 692 1644 763 professus
1670 706 1770 749 est.
1803 699 1871 749 At
1897 695 2122 751 Latinus
2151 697 2243 765 qui
2276 696 2461 752 Gra'ca
2496 696 2782 764 ignorarit,
2812 695 2855 749 si
2883 695 2932 750 ei
2956 697 3282 752 auctoritate
3301 697 3652 769 Theophrasti
3675 711 3811 756 uten-

592 784 719 836 dum
750 782 843 846 sit,
876 781 1012 838 falso
1045 797 1262 850 semper
1292 782 1525 852 imponit
1574 783 1776 851 aliquid
1810 785 1886 837 illi
1937 800 2003 837 ex
2056 784 2375 847 Theodoro,
2404 782 2553 851 quod
2603 784 2720 853 ipse
2763 784 2831 838 de
2894 798 2997 838 suo
3044 800 3323 854 nunquam
3380 789 3715 856 prompserit.
3756 789 3814 843 Et

594 877 854 934 prmterea
887 869 1061 937 pingit
1105 870 1407 922 orationem
1445 883 1599 922 suam
1637 869 1807 925 variis
1839 870 2037 925 modis.
2080 871 2247 926 Multa
2274 887 2343 926 ex
2391 871 2776 941 Theophrasto
2806 871 3047 927 subticet
3082 888 3097 925 :
3132 888 3314 942 neque
3360 889 3425 927 es
3474 874 3643 930 ollicio
3675 891 3811 945 para-

598 958 835 1025 phrasta:
883 958 1029 1025 quod
1084 971 1229 1024 saepe
1269 957 1578 1025 proﬁtetur.
1630 957 2066 1027 interpretatur:
2104 958 2403 1014 verborum
2438 957 2606 1025 ﬂexu,
2649 965 2704 1013 et
2741 957 2927 1013 verbis
2966 959 3351 1014 alterationem
3412 960 3815 1029 significantibus

593 1056 693 1111 pro
721 1043 811 1109 iis,
861 1058 981 1106 qum
1010 1042 1255 1097 habitum
1287 1044 1596 1112 signiﬁcant
1635 1060 1778 1115 saepe
1810 1046 2078 1108 abutitur,
2112 1045 2449 1102 antecedens
2479 1061 2653 1115 genus
2700 1062 2801 1115 pro
2835 1045 3021 1117 specie
3051 1048 3418 1117 consequenti
3476 1048 3667 1117 ponit:
3707 1050 3815 1103 trita

588 1131 757 1187 verba
790 1132 1022 1200 defugit,
1070 1133 1317 1203 vitioque
1343 1132 1445 1188 sibi
1489 1131 1757 1202 peculiari
1822 1135 2248 1205 perplexissime
2275 1132 2457 1200 docet,
2486 1131 2838 1188 Lalinitatem
2866 1148 2975 1188 non
3006 1134 3257 1189 sustinet.
3293 1134 3362 1189 Et
3390 1133 3519 1205 quid
3552 1123 3688 1190 non?
3716 1135 3818 1201 Hic,

591 1219 846 1291 inquam,
869 1218 1195 1275 Theodorus
1215 1262 1231 1285 ,
1281 1217 1376 1288 qui
1404 1221 1557 1289 juxta
1589 1236 1715 1276 eum
1750 1220 2123 1294 ignarissimis
2145 1224 2355 1286 nescit,
2393 1230 2449 1277 et
2478 1220 2891 1277 eruditissimus
2921 1232 2977 1277 et
3010 1222 3458 1291 sapientissimus
3504 1223 3821 1292 reputabitur

591 1305 890 1377 Crispino?
924 1307 1094 1362 Error
1119 1306 1490 1384 eruditionem
1524 1308 1702 1379 pellit.
1740 1309 2045 1379 ignorantia
2078 1308 2424 1381 sapientiam.
2450 1307 2565 1364 Nisi
2597 1308 2652 1362 id
2686 1324 2907 1379 quoque
2939 1324 3065 1364 cum
3094 1318 3170 1365 tot
3202 1309 3327 1364 aliis
3353 1309 3630 1366 innocenti
3657 1311 3821 1380 appia.

594 1402 777 1461 gatnr,
812 1395 965 1449 illum
991 1408 1102 1449 non
1142 1408 1210 1449 ex
1239 1392 1588 1465 ignoratione
1612 1395 1709 1450 sed
1756 1396 1963 1451 malitia
1994 1395 2303 1451 deerrasse.
2342 1392 2452 1449 Sed
2484 1394 2609 1463 quis
2653 1394 2707 1449 id
2740 1395 2973 1451 credet?
2997 1395 3105 1452 Sed
3139 1398 3412 1468 pellamus
3468 1413 3499 1451 a
3561 1398 3827 1454 Theodoro

593 1481 853 1535 aemulum
884 1480 1245 1552 Scaligerum,
1278 1481 1426 1552 quod
1459 1496 1791 1552 possumus;
1822 1491 1878 1538 et
1909 1497 2073 1553 quam
2116 1482 2416 1537 bonorillce
2445 1481 2515 1536 de
2541 1481 2834 1539 Theodoro
2861 1484 3031 1539 locuti
3069 1484 3182 1541 sint
3223 1484 3511 1541 Theodori
3561 1485 3661 1540 viri
3704 1485 3825 1540 alias

593 1568 773 1639 probi,
815 1578 872 1624 et
922 1571 1070 1625 omni
1103 1571 1460 1626 scientiarum
1512 1585 1713 1641 genere
1760 1571 2195 1635 instructissimi,
2229 1569 2539 1627 audiamus.
2592 1566 2853 1626 Nicolaus
2883 1570 3236 1628 Secundinus
3268 1572 3327 1627 in
3361 1571 3597 1641 epistola
3634 1573 3697 1627 ad
3728 1573 3825 1628 An-

592 1656 878 1713 dronicum
907 1656 1115 1714 Callisti
1141 1678 1154 1712 :
1196 1657 1499 1728 Ἦχθὲσθην
1553 1659 1651 1728 μὲν
1677 1654 1770 1713 οὖν
1799 1658 2061 1728 Θεοδώρῳ
2087 1675 2213 1729 apo:

2204 1657 2639 1729 πηλακιζομένῳ,
2677 1659 2771 1712 καὶ
2806 1658 2995 1722 κακῶς
3029 1659 3092 1713 ού
3122 1660 3219 1727 ξὺν
3246 1660 3376 1733 δίκῃ
3411 1660 3691 1724 ἀκούοντι,
3720 1661 3825 1720 ταῖς

590 1745 648 1796 δέ
688 1761 752 1808 γε
785 1749 905 1823 cui;
939 1747 1075 1816 ὑπὲρ
1109 1747 1280 1802 αὐτοῦ
1314 1764 1457 1802 κατα
1485 1747 1652 1810 πόδας
1687 1746 2064 1819 ἐντετυχηκὼς
2104 1747 2480 1818 ἀντιλήψεσιν,
2522 1748 2702 1819 ἣσθην
2730 1747 2827 1801 καὶ
2854 1746 3041 1817 ἥσθην.
3064 1747 3436 1820 διαφερόντως
3468 1789 3485 1812 ,
3532 1747 3737 1802 πολλῶν
3773 1766 3827 1816 γε

590 1831 775 1885 ἕνεκα·
809 1833 1089 1904 Θεόδωρον
1116 1838 1227 1903 γὰρ
1254 1835 1432 1904 ἔγωγε
1464 1834 1609 1889 πάνυ
1646 1836 1809 1905 φιλῶ,
1839 1836 1933 1889 καὶ
1974 1837 2103 1906 περὶ
2138 1834 2393 1889 πλείστου
2422 1835 2512 1887 τὸν
2546 1834 2721 1903 ἄνδρα
2753 1834 3020 1902 ποιοῦμαι
3051 1850 3068 1868 ο
3113 1834 3330 1905 ἄγαμαί
3364 1852 3427 1890 τε
3459 1838 3522 1888 οὐ
3562 1836 3718 1906 μόνον
3749 1838 3829 1888 αύ-

589 1920 686 1972 τοῦ
712 1921 836 1984 τοὺς
864 1921 1076 1989 λόγους,
1113 1925 1207 1976 καὶ
1229 1923 1353 1993 τὴν,
1379 1923 1507 1992 περὶ
1538 1924 1720 1976 πᾶσαν
1753 1923 2087 1993 ἐπιστήμην,
2125 1924 2365 1993 σπουδὴν
2407 1923 2504 1976 καὶ
2552 1922 2862 1992 άκριὸειαν,
2901 1922 3038 1977 ἀλλὰ
3068 1923 3204 1977 πολὺ
3237 1923 3442 1993 μᾶλλον
3476 1925 3537 1979 τὸ
3582 1920 3727 1995 ἦθος,
3748 1923 3829 1993 τὴν

590 2008 820 2077 ἀρετὴν,
852 2011 914 2061 τὸ
948 2011 1169 2079 σεμνὸν,
1200 2012 1261 2064 τὸ
1291 2011 1511 2080 σῶφρον
1550 2014 1608 2064 ἐν
1646 2012 1748 2083 βίῳ
1777 2012 1872 2066 καὶ
1922 2011 2174 2079 κόσμιον,
2212 2014 2274 2067 τό
2312 2032 2377 2084 γε
2408 2014 2537 2084 περὶ
2568 2013 2732 2069 πάνθ’
2761 2012 2899 2085 ὁμοῦ
2934 2016 3005 2069 τὰ
3031 2015 3173 2070 καλὰ
3197 2016 3423 2085 εὐφυὲς,
3446 2018 3540 2070 καὶ
3568 2017 3684 2069 λίαν
3715 2016 3831 2085 imi-

593 2095 772 2160 σολον,
807 2098 882 2161 ὡς
913 2098 969 2152 εἴ
993 2116 1077 2162 τις
1106 2101 1357 2165 παιδείας
1378 2100 1543 2155 ἕνεκα
1571 2102 1948 2170 παντοδαπῆς,
1998 2102 2098 2155 καὶ
2128 2102 2229 2172 τῆς
2264 2103 2395 2175 περὶ
2417 2103 2479 2156 τὸ
2502 2099 2636 2173 ἦθος
2675 2103 3053 2173 χρηστότητος
3077 2102 3186 2157 τῶν
3218 2103 3344 2158 καθ’
3381 2104 3534 2174 ἡμᾶς
3583 2102 3829 2172 Ἑλλήνων

588 2185 663 2235 τὰ
696 2184 891 2253 πρῶτα
920 2187 1013 2239 τὸν
1038 2186 1207 2255 ἄνδρα
1226 2187 1396 2256 λέγοι,
1432 2188 1508 2258 μὴ
1536 2188 1602 2242 ἂν
1636 2188 1956 2260 ἁμαρτῆσαι
1985 2188 2085 2258 τῆς
2113 2188 2209 2260 άλη

2208 2190 2397 2260 ιθείας.
2448 2188 2694 2244 Graviter
2736 2193 2917 2259 itaque
2955 2190 3091 2257 tuli,
3124 2192 3265 2258 quod
3310 2190 3612 2247 Theodorus
3650 2190 3829 2262 probris

592 2280 755 2341 atque
790 2275 1080 2343 ignominia
1106 2264 1391 2346 afficiatur,
1424 2276 1673 2347 maleque
1702 2284 1898 2347 prater
1923 2276 2007 2346 fas
2036 2292 2192 2333 omne
2216 2279 2425 2332 audiat.
2468 2277 2660 2334 Verum
2689 2295 2807 2332 cum
2835 2286 2953 2333 tuas
2990 2296 3087 2351 pro
3120 2279 3214 2334 illo
3244 2284 3612 2353 responsiones
3640 2280 3707 2335 ad
3733 2296 3831 2334 rer-

590 2360 715 2413 bum
747 2362 1106 2433 perlegissent,
1140 2366 1335 2435 gaudio
1362 2365 1575 2436 affectus
1608 2380 1751 2428 sum,
1788 2379 1949 2434 eoque
1976 2366 2234 2431 maxime,
2264 2366 2460 2420 multas
2490 2365 2553 2420 ob
2585 2382 2797 2421 causas.
2822 2368 3068 2437 Namque
3098 2384 3191 2439 ego
3221 2367 3551 2423 Theodorum
3581 2369 3831 2437 insigniter

590 2466 735 2515 amo,
768 2458 816 2504 et
848 2453 1072 2508 maximi
1100 2454 1261 2525 facio,
1293 2456 1636 2525 admirorque
1679 2470 1783 2508 non
1825 2462 2035 2509 tantum
2065 2451 2218 2509 illius
2251 2468 2542 2519 sermones,
2572 2462 2622 2506 et
2650 2455 2791 2509 circa
2824 2469 2977 2508 omne
3019 2457 3389 2509 doctrinarum
3430 2473 3598 2527 genus
3625 2457 3831 2511 studium

590 2554 654 2591 ac
680 2537 1035 2606 diligentiam,
1070 2541 1161 2594 sed
1187 2544 1358 2614 magis
1393 2558 1586 2607 mores,
1620 2542 1892 2607 virtutem,
1923 2544 2259 2614 gravitatem,
2295 2541 2419 2595 vita
2450 2556 2655 2611 quoque
2681 2542 3053 2595 castimoniam
3085 2552 3137 2595 et
3171 2544 3439 2607 decorem,
3474 2560 3568 2598 nec
3593 2560 3693 2598 non
3713 2544 3829 2596 circa

588 2627 726 2681 bona
761 2629 938 2683 omnia
969 2628 1134 2683 simul
1162 2629 1517 2698 aptitudinem
1554 2638 1603 2683 et
1632 2629 1905 2685 solertiam
1931 2671 1946 2693 ,
1979 2630 2111 2685 adeo
2139 2638 2193 2682 ut
2219 2628 2267 2682 si
2298 2629 2415 2699 quis
2450 2644 2570 2681 eum
2610 2638 2825 2699 propter
2856 2630 3214 2684 omnimodam
3242 2630 3594 2685 eruditionem
3614 2673 3628 2694 ,
3666 2639 3713 2683 et
3740 2644 3830 2680 mo—

594 2725 711 2768 rum
744 2717 1057 2781 probitatem
1088 2716 1305 2775 Creatis.
1341 2718 1433 2786 qui
1459 2720 1558 2772 hac
1595 2728 1753 2773 celate
1790 2720 2005 2781 vivunt,
2032 2726 2325 2788 anteponat
2363 2725 2413 2769 et
2455 2715 2731 2785 praferavt,
2781 2734 2813 2770 a
2844 2717 3070 2770 veritate
3112 2734 3219 2771 non
3249 2717 3603 2772 aberraoerit.
3636 2717 3697 2772 Et
3732 2729 3831 2770 car-

587 2802 790 2858 dinalis
819 2802 1106 2858 Bessarion
1132 2803 1184 2857 in
1221 2804 1452 2874 cpistola
1488 2804 1556 2859 ad
1596 2805 1853 2861 eumdem
1886 2805 2263 2867 Theodorum.
2292 2820 2410 2873 qua:
2452 2819 2515 2857 ea:
2556 2804 3087 2875 interpretationibus
3112 2803 3458 2873 Theophrasti
3489 2815 3538 2859 et
3566 2800 3834 2860 Aristotelis

583 2888 864 2943 commoda
886 2890 965 2944 rei
1000 2890 1281 2946 litterarite
1308 2902 1632 2962 proventura
1663 2894 1765 2948 sibi
1788 2894 2114 2964 promiserit.
2136 2895 2362 2963 ingenue
2383 2892 2654 2962 confessus
2679 2902 2782 2947 est.
2810 2892 2985 2947 Verba
3012 2893 3420 2963 elegantissima
3453 2894 3831 2949 exscribastlr-

587 2977 661 3029 Σὺ
686 2975 744 3030 δὲ
784 2976 850 3030 τά
887 2977 1023 3049 Περὶ
1064 2980 1252 3047 φυτῶν
1291 2979 1667 3051 Θεοφράστου,
1702 2982 1798 3034 καὶ
1836 2980 1906 3033 τά
1973 2980 2386 3050 Ἀριστοτέλους
2425 2980 2775 3052 ὲρμήνευσας
2822 2981 3195 3052 Προϐλήματα
3218 3020 3233 3049 ,
3272 2991 3321 3036 et
3352 2991 3546 3037 ca'tera
3590 2996 3701 3051 qua:
3730 2979 3833 3048 jam

589 3064 854 3119 edidimus
883 3082 1075 3136 supra.
1125 3064 1255 3121 Vide
1285 3071 1388 3121 col.
1422 3068 1559 3135 685,
1586 3070 1725 3123 inter
1749 3067 2079 3122 Bessarionis
2118 3068 2387 3138 epistolas.
3548 3133 3556 3140 ,

657 3153 849 3210 Liceat
899 3157 1036 3211 mihi
1081 3157 1170 3213 hic
1206 3159 1388 3213 obiter
1451 3160 1694 3229 iniquam
1752 3173 1816 3215 ac
1873 3168 2137 3228 perpetuo
2216 3158 2569 3213 comitantem
2646 3158 2914 3214 litteratos
2967 3157 3219 3214 homines
3280 3159 3538 3217 amictam
3596 3175 3660 3216 ac
3697 3158 3832 3213 inise-

594 3261 712 3302 τοίη
761 3251 1134 3308 conditionem
1193 3253 1506 3324 deplorare.
1573 3253 1899 3309 Theodorus
1954 3252 2121 3320 Gaza,
2180 3253 2272 3322 qui
2340 3254 2461 3308 vir!
2524 3263 2605 3310 tot
2660 3253 2967 3309 studiorum
3000 3254 3279 3311 laboribus
3334 3256 3485 3321 apud
3543 3256 3749 3313 Graecos
3790 3262 3834 3308 et

595 3344 820 3402 Latinos
885 3350 1171 3417 emeritus,
1241 3361 1321 3406 tot
1367 3349 1741 3406 voluminibus
1809 3349 2129 3420 compositis
2179 3350 2359 3405 clarus
2416 3359 2473 3404 et
2519 3350 2875 3421 conspicuus,
2932 3364 3149 3405 summo
3190 3351 3441 3408 Pontilici
3486 3360 3668 3417 notus,
3723 3366 3835 3422 pur-

600 3444 816 3509 puratis
872 3445 1131 3502 Patribus
1181 3447 1406 3514 cbarus,
1461 3448 1515 3503 in
1564 3447 1716 3503 Italia
1758 3446 2065 3502 studiorum
2107 3446 2320 3512 altrice,
2390 3446 2767 3514 spectantibus
2824 3446 3169 3517 principibus
3234 3448 3370 3503 viris
3397 3458 3457 3504 et
3489 3448 3835 3506 laudantibus,

596 3539 675 3591 ita
700 3551 843 3607 eget,
896 3550 956 3593 ut
1008 3556 1111 3596 nec
1140 3540 1244 3596 sibi
1303 3540 1449 3597 unde
1496 3544 1646 3595 vivat
1692 3540 1842 3596 domi
1900 3541 2003 3606 sit;
2060 3549 2117 3596 et
2183 3553 2252 3595 ne
2290 3539 2357 3595 ad
2390 3539 2798 3595 mendicitatem
2829 3554 2889 3595 se
2933 3539 3274 3604 detruderet,
3317 3540 3565 3596 animum
3612 3535 3837 3595 astudiis

591 3630 935 3698 abstrahere,
957 3634 1196 3689 etaliclti
1215 3635 1373 3705 agelli
1396 3633 1584 3705 glebas
1636 3632 1819 3689 colere
1840 3633 2073 3704 cogitur.
2127 3633 2247 3689 Non
2289 3631 2572 3689 crederem
2600 3632 2717 3702 ipse
2751 3631 2959 3699 hercle,
2983 3631 3041 3686 ni
3060 3631 3837 3688 idemmet‘l‘heodorusiatem-

589 3736 700 3795 tur,
719 3737 775 3784 et
799 3745 953 3786 suam
984 3730 1128 3787 banc
1146 3741 1440 3803 egestatem
1457 3738 1757 3800 exponeret
1794 3730 1848 3785 in
1867 3730 2099 3800 epistola
2137 3729 2207 3785 ad

2252 3728 2589 3783 Demetrium
2624 3726 2995 3801 Sguropulum
3017 3744 3033 3784 :
3059 3727 3419 3798 Παράδειγμα
3440 3728 3492 3782 δ’
3521 3728 3650 3791 ἴσως
3676 3725 3736 3780 ἂν
3763 3723 3833 3790 είη

587 3824 651 3877 οὐ
686 3825 891 3895 φαῦλον
946 3827 1133 3882 καὶτὸ
1180 3828 1487 3899 ἡμέτερον·
1526 3827 1690 3897 ἡμεῖς
1739 3826 1850 3898 γὰρ
1882 3824 2221 3898 ἀποροῦντές
2279 3841 2411 3877 ποτε
2457 3823 2663 3896 τρόπου
2711 3821 2917 3887 παντὸς
2956 3826 3039 3889 είς
3094 3825 3187 3878 τὸν
3215 3824 3330 3895 βίον
3355 3824 3576 3897 ἑτέρου,
3609 3822 3837 3882 λαύόντες

586 3923 790 3994 χωρίον
839 3925 1232 3995 ἐγεωργοῦμεν
1253 3942 1268 3957 ’
1305 3927 1402 3979 καὶ
1429 3926 1608 4000 ταύτῃ
1638 3924 1709 3978 τὰ
1739 3922 2027 3995 ἐπιτήδεια
2084 3920 2461 3993 ποριζόμενοι.
2497 3921 2676 3975 οὐδενὶ
2728 3921 3042 3991 γεγόναμεν
3098 3920 3351 3992 φορτικοί
3378 3937 3439 3974 τε
3488 3922 3586 3976 καὶ
3607 3917 3837 3988 ἐπαχθεῖς

589 4016 876 4082 αἰτοῦντες
897 4034 912 4047 ”
954 4018 1040 4073 σοι
1066 4019 1250 4090 μέντοι
1276 4035 1342 4089 γε
1369 4019 1600 4089 οὐδεμία
1657 4016 1879 4087 ἀνάγκη
1910 4018 2181 4087 γεωργεῖν
2200 4030 2217 4045 ⁸
2282 4015 2411 4085 ἐμοὶ
2444 4015 2544 4087 μὲν
2572 4014 2679 4087 γάρ
2716 4016 2743 4068 ό
2783 4014 2907 4068 τότε
2956 4013 3196 4083 πόλεμος
3240 4013 3496 4069 ὲπέκλειε
3537 4016 3636 4087 τὴν
3658 4016 3732 4076 εἰς
3758 4010 3839 4068 τὰς

590 4113 779 4176 πόλεις
805 4111 925 4166 όδόν
947 4126 963 4141 ⁸
988 4111 1054 4166 σὺ
1090 4110 1136 4164 δ’
1166 4113 1225 4165 ὲν
1256 4112 1573 4183 Φλωρεντίᾳ
1607 4109 1679 4178 εἴ,
1714 4110 1871 4165 πόλει
1902 4107 2356 4182 ποριστικωτάτῃ
2384 4108 2629 4178 ἑκάστῳ,
2656 4108 2804 4175 άπερ
2844 4107 2914 4162 ἂν
2942 4106 3291 4175 ἐπιτηδεύειν
3325 4108 3645 4178 προέληται.
3673 4106 3840 4159 Exem-

591 4208 713 4275 plar
738 4207 935 4277 fuerint
971 4207 1196 4277 fortasse
1222 4222 1329 4261 non
1367 4205 1570 4261 malum
1599 4221 1682 4261 res
1729 4215 1942 4261 nostra.
1989 4202 2150 4260 Nobis
2177 4205 2318 4259 enim
2348 4220 2469 4258 cum
2503 4218 2722 4275 prorsus
2740 4218 2845 4256 non
2883 4210 3214 4273 suppeterent
3267 4203 3389 4258 rita:
3424 4203 3734 4263 necessaria,
3759 4212 3840 4252 so-

588 4315 759 4359 stram
788 4304 844 4358 in
877 4302 1050 4359 alieno
1075 4319 1205 4375 agro
1236 4302 1455 4359 colendo
1476 4318 1693 4373 operam
1718 4300 2129 4365 colloeaoimus;
2151 4302 2327 4370 sicque
2357 4300 2655 4354 necessaria
2675 4308 3070 4369 comparantes,
3106 4300 3308 4353 nemini
3332 4313 3516 4353 sumus
3537 4293 3841 4370 quatritaudo

591 4412 761 4467 neque
804 4396 1011 4452 molesti
1046 4412 1213 4467 neque
1248 4397 1437 4452 odiosi.
1492 4394 1663 4451 Nulla
1708 4410 1831 4451 vero
1880 4395 2016 4463 cogit
2047 4395 2325 4449 necessitas
2361 4402 2411 4447 te
2460 4408 2616 4464 agros
2664 4390 2851 4447 colere.
2886 4389 3020 4446 Mihi
3045 4391 3307 4445 enimvero
3344 4390 3538 4448 bellum
3568 4389 3703 4464 quod
3747 4393 3841 4440 tum

589 4496 893 4563 gerebatur,
925 4496 997 4550 ad
1021 4496 1174 4550 urbes
1208 4495 1415 4550 aditum
1460 4492 1866 4550 intercludebat.
1897 4490 1972 4546 Tu
2002 4507 2119 4566 vero
2166 4488 2459 4546 Florentia:
2506 4488 2809 4543 immoraris
2837 4488 2892 4542 in
2916 4485 3044 4541 urbe
3082 4488 3522 4556 fructuosissima,
3541 4498 3591 4543 et
3616 4495 3841 4560 perquam

590 4595 865 4647 commoda
887 4593 1125 4649 omnibus
1170 4593 1262 4664 qui
1293 4593 1535 4647 animum
1578 4589 1649 4645 ad
1677 4589 1894 4661 aliquod
1922 4590 2229 4643 exercitium
2283 4586 2661 4659 applicuerint.
2682 4583 2751 4639 Et
2787 4585 2841 4639 in
2868 4583 3097 4654 epistola
3128 4583 3198 4640 ad
3214 4583 3590 4640 Andronicum
3626 4575 3838 4637 Callisti:

591 4688 683 4740 Σοὶ
713 4687 771 4740 δὲ
804 4686 998 4757 πίνητι
1020 4686 1137 4741 ὅντι
1173 4687 1413 4758 ἀπορίαν
1442 4687 1553 4740 τῶν
1583 4686 1847 4740 τοιούτων
1880 4684 2156 4757 ὑπάρχειν
2190 4684 2434 4755 ἀνάγκη,
2486 4677 2602 4737 οἷόν
2634 4698 2687 4736 τι
2732 4680 2907 4751 κάμοὶ
2940 4679 3237 4749 συμϐαίνει
3271 4679 3524 4735 νοσοῦντι
3547 4696 3561 4710 ⁸
3605 4680 3771 4733 καίτοι
3799 4671 3840 4721 οἱ

591 4785 853 4839 δεσπόται
878 4783 1037 4854 ἡμῶν
1063 4783 1474 4854 διαταττόμενοι
1497 4783 1634 4853 ἡμῖν
1664 4783 1733 4837 τά
1761 4782 2068 4853 ἐπιτήδεια,
2115 4781 2432 4851 τάναγκαῖα
2463 4779 2629 4851 μόνον
2679 4778 2758 4849 τῷ
2792 4777 3095 4846 ὑγιαίνοντι
3127 4776 3398 4846 ὁρίζουσι,
3468 4778 3629 4831 νόσου
3683 4774 3735 4827 δὲ
3761 4768 3839 4821 καὶ

595 4879 1023 4950 συμπτωμάτων
1053 4876 1314 4930 τοιούτων
1366 4874 1719 4947 προμήθειαν
1755 4875 1893 4946 ἡμῖν
1946 4875 2209 4945 οὐδεμίαν
2259 4872 2568 4937 ποιοῦνται,
2611 4872 2689 4935 ὡς
2735 4873 2846 4943 άρα
2882 4874 2947 4926 ἐκ
2975 4872 3137 4943 δρυὸς
3171 4872 3206 4940 ἢ
3242 4875 3471 4942 πέτρας,
3513 4871 3650 4926 ἀλλὰ
3698 4865 3766 4936 μὴ
3791 4859 3839 4921 ἕξ

584 4975 903 5045 ἀνθρώπων
926 4968 1339 5040 γεγενημένοις.
1372 4968 1491 5024 Tibi
1539 4982 1683 5032 vero,
1723 4983 1841 5023 cum
1866 4984 2073 5038 pauper
2102 4968 2199 5033 sis,

2227 4982 2432 5022 necesse
2453 4977 2529 5022 est
2551 4974 2607 5019 ut
2634 4983 2811 5021 rerum
2851 4965 3153 5035 hujusmodi
3189 4966 3372 5037 inopia
3414 4965 3699 5035 premaris;
3724 4955 3838 5029 (μιοά

596 5071 722 5125 mihi
760 5085 964 5141 quoque
1014 5066 1153 5122 male
1197 5064 1409 5120 habenti
1445 5064 1725 5134 contingit.
1783 5062 1995 5118 Domini
2044 5063 2303 5133 siquidem
2371 5062 2539 5118 nostri
2587 5061 2733 5115 nobis
2775 5061 3071 5116 necessaria
3122 5059 3538 5130 suppeditantes,
3571 5048 3838 5112 necessaria

593 5166 921 5219 solummodo
936 5175 1068 5215 sano
1091 5158 1429 5223 ministrant;
1450 5156 1915 5227 argritudinisoero
1948 5166 1998 5208 et
2038 5154 2295 5210 similium
2334 5156 2681 5210 accidentium
2712 5154 2917 5208 nullam
2942 5169 3126 5209 curam
3159 5154 3476 5221 suscipiunt,
3513 5168 3577 5205 ac
3606 5152 3651 5204 si
3682 5161 3765 5202 nos
3785 5154 3837 5195 ex

595 5271 789 5327 quercu
811 5253 891 5308 vel
918 5268 1074 5316 saxo,
1112 5258 1161 5304 et
1193 5265 1295 5304 non
1334 5264 1399 5304 ea:
1437 5248 1752 5307 hominibus.
1775 5249 2022 5319 prognati
2040 5264 2290 5304 essemus.
2318 5245 2364 5304 Ο
2390 5263 2587 5303 manus
2610 5247 2917 5319 principum
2952 5246 3173 5318 pumice
3221 5246 3341 5318 ipso
3383 5240 3678 5300 aridioresl
3713 5253 3744 5293 ο
3771 5233 3835 5289 όὶο

597 5352 763 5409 vitias
805 5350 1115 5406 luculentas
1161 5356 1404 5418 egestate
1434 5345 1549 5413 ipsa
1580 5344 1861 5397 avariores
1891 5342 1907 5396 ι
1946 5342 2055 5398 Sed
2089 5344 2158 5398 ad
2191 5343 2397 5416 scripta
2430 5342 2737 5399 Theodori.

671 5465 875 5520 Pra-ter
912 5461 1428 5532 interpretationem
1477 5472 1659 5522 suam,
1691 5456 2019 5513 divisionem
2050 5471 2273 5528 quoque
2317 5457 2583 5513 librorum
2618 5455 2945 5512 Theodorus
2992 5454 3061 5511 de
3116 5469 3219 5511 suo
3271 5452 3480 5510 attulit.
3514 5447 3820 5509 Franciarus

600 5551 871 5608 Patricius
896 5549 1309 5605 Diseussionum
1328 5544 1812 5619 peripatetiearnm
1841 5543 1987 5598 libro
2032 5541 2106 5597 XI
2143 5559 2158 5596 :
2186 5543 2334 5599 Inter
2348 5562 2453 5609 eos,
2475 5546 2566 5609 qui
2593 5542 2941 5600 aristotelicos
2962 5544 3125 5598 libros
3145 5558 3209 5597 ex
3232 5541 3416 5598 erco
3437 5542 3649 5596 Latinos
3672 5539 3833 5619 fect".

604 5641 898 5698 Theodorus
928 5640 1073 5696 Gaza
1100 5656 1197 5693 suo
1222 5637 1451 5707 quodam
1480 5636 1632 5689 modo
1666 5637 1730 5687 ab
1765 5634 2047 5688 Aoerroico
2074 5635 2361 5704 differente,
2389 5634 2546 5686 libros
2572 5633 2625 5685 in
2649 5633 2828 5700 capita
2851 5633 3040 5696 secuit,
3071 5631 3210 5701 quod
3237 5631 3364 5685 item
3391 5640 3439 5683 et
3475 5618 3835 5713 Argyr-epulati!

606 5736 656 5776 et
691 5725 1081 5790 Bessarionem,
1115 5734 1164 5778 et
1192 5706 1328 5778 alios
1367 5725 1611 5777 existimo
1646 5722 1867 5790 fecisse:
1898 5731 1955 5775 ut
1984 5721 2148 5775 uariis
2180 5717 2669 5775 modis'Aristotelis
2701 5719 2823 5771 libri
2857 5735 2951 5786 pro
2990 5719 3246 5789 cujusque
3275 5718 3504 5772 arbitrio
3536 5716 3637 5767 sint
3656 5706 3820 5763 divisi.

616 5821 735 5861 cum
764 5811 871 5876 ipse
905 5784 1132 5879 integros
1160 5822 1314 5879 atque
1345 5784 1679 5863 continuatos
1712 5809 1997 5878 scripserit,
2042 5808 2224 5877 quales
2258 5806 2320 5859 ab
2352 5805 2487 5858 .tldo
2533 5806 2745 5876 ejusque
2782 5784 3064 5859 .‘teredibui
3094 5784 3191 5872 θεέ,
3217 5803 3442 5859 Basilea:
3488 5810 3658 5858 autem
3691 5784 3832 5851 ειηισί
