4106 6402
483 341 587 402 977
1960 345 2006 404 1\
2020 346 2104 404 ’Π

2117 344 2297 404 ITIA.
3632 352 3735 412 973

487 455 721 523 expressi
756 453 993 522 fuerunt.
1029 453 1348 509 Maussacus
1385 454 1534 510 dicto
1566 455 1689 511 loco
1727 472 1740 510 :
1772 455 2071 511 Theodorus
2098 456 2245 513 Gaza
2277 465 2389 526 post
2423 458 2704 513 Averroem
2740 461 2889 514 modo
2914 478 3009 515 suo
3046 460 3343 515 Aristotelis
3378 468 3578 513 textum
3610 477 3727 514 ver-

489 543 668 606 tendo,
698 543 752 596 in
784 543 960 612 capita
994 544 1179 608 secuit,
1212 552 1260 596 et
1299 550 1414 611 post
1446 560 1565 597 eum
1602 544 1754 599 multi
1784 544 1881 598 alii
1912 547 2245 613 interpretes,
2275 554 2331 599 ut
2376 547 2761 617 Argyrnpulus,
2797 547 3101 602 Bessarion.
3138 548 3335 617 aliique
3379 565 3473 618 pro
3518 547 3735 602 libidine

495 632 735 697 quisque.
784 628 927 682 Nam
976 630 1269 683 Aristotelis
1310 630 1454 691 libri.
1494 640 1617 685 ante
1663 634 1997 700 interpretes,
2032 648 2138 685 uno
2169 643 2347 687 tenore
2378 633 2701 702 legebantur,
2745 650 2839 687 nee
2868 643 3018 688 erant
3062 636 3294 688 distincti
3324 637 3498 688 autin
3534 638 3733 703 capita.

495 727 589 772 aut
613 720 667 772 in
694 735 951 782 summas,
980 730 1074 773 aut
1101 722 1155 774 in
1182 719 1319 774 alias
1342 721 1614 785 sectiones,
1648 738 1779 791 quas
1801 722 2114 790 interpretes
2138 722 2293 786 primi
2318 720 2591 775 induxere.
2626 720 2771 775 Unde
2792 722 2851 789 [it
2884 731 2939 774 ut
2980 725 3214 792 antiqua:
3237 722 3488 776 editiones
3518 739 3733 789 aperum

495 807 796 861 Aristotelis
820 806 964 871 Aldi,
989 808 1104 861 sine
1138 809 1455 863 sectionibus
1481 819 1528 861 et
1570 811 1909 865 divisionibus
1934 810 2057 863 ullis
2086 809 2368 863 videantur
2395 820 2413 859 :
2440 825 2544 861 non
2582 809 2721 860 enim
2759 819 2994 861 secuerat
3027 809 3367 878 philosophus
3405 808 3567 862 libros
3588 826 3734 868 suos,

494 894 585 946 sed
614 895 859 947 oratione
878 895 1129 949 continua
1160 897 1463 964 scripserat,
1493 907 1549 950 ut
1581 908 1629 951 et
1657 897 1885 953 Plinius.
1919 895 2193 967 Quidquid
2230 896 2302 951 sit
2328 894 2396 947 de
2426 896 2737 961 Aristotele,
2764 897 2829 949 de
2852 897 3027 950 Plinio
3054 898 3209 963 plane
3232 896 3426 950 falsum
3452 907 3557 959 cst,
3587 913 3738 949 mun-

497 996 605 1050 que
634 982 743 1037 .ille
784 990 959 1037 totum
1003 983 1259 1038 Historiae
1290 999 1402 1038 sua:
1441 984 1639 1039 librum
1677 986 1913 1055 primum
1958 985 2012 1040 in
2061 999 2128 1039 eo
2164 983 2545 1051 consumpsit;
2582 993 2633 1036 et
2671 983 2735 1034 ad
2769 983 3155 1052 Vespasianum
3207 984 3462 1051 prmiatus
3512 984 3685 1037 fuerat
3721 1002 3736 1035 :

498 1070 624 1139 quia
653 1069 1085 1140 occupationibus
1119 1073 1223 1123 tuis
1247 1072 1453 1140 publico
1493 1073 1626 1124 bono
1657 1074 1980 1141 parcendum
2017 1082 2151 1133 erat,
2185 1071 2311 1142 quid
2360 1071 2581 1140 singulis
2613 1073 2943 1124 contineatur
2973 1072 3115 1126 libris
3139 1112 3155 1136 ,
3194 1074 3311 1125 huic
3352 1071 3586 1139 epistoltc
3617 1072 3742 1124 sub-

502 1156 677 1219 iunxi,
711 1172 1019 1223 summaque
1045 1173 1196 1218 cura,
1220 1175 1285 1211 ne
1310 1158 1648 1229 perlegendos
1682 1176 1767 1212 eos
1788 1160 2026 1222 haberes,
2052 1176 2266 1228 operam
2302 1158 2440 1211 dedi.
2472 1158 2544 1211 Tu
2570 1174 2662 1226 per
2689 1161 2804 1223 hoc,
2840 1168 2886 1211 et
2914 1159 3035 1212 aliis
3063 1158 3333 1226 prwstabis
3356 1174 3418 1211 ne
3445 1158 3739 1228 pertegant.

506 1243 609 1298 Sed
646 1254 701 1297 ut
733 1245 952 1315 quisque
974 1246 1353 1299 desideraverit
1382 1246 1608 1318 aliquid,
1649 1250 1703 1300 in
1732 1257 1938 1301 tantum
1967 1254 2194 1319 quierat,
2225 1256 2276 1301 et
2306 1248 2435 1300 sciat
2464 1262 2565 1315 quo
2590 1244 2703 1299 loco
2732 1246 2988 1299 inveniat.

577 1330 655 1385 Ex
693 1331 849 1387 libris
892 1330 968 1387 De
1012 1332 1341 1388 animalibus
1372 1350 1541 1388 unum
1581 1336 1805 1399 exemit,
1836 1344 1891 1387 et
1918 1334 2169 1389 ordinem
2209 1334 2445 1388 aliorum
2490 1332 2819 1388 immutavit.
2847 1330 2965 1401 Ipse
2999 1332 3053 1385 in
3106 1347 3205 1387 sua
3241 1330 3602 1401 prmi-alioue:
3640 1330 3744 1384 Sed

506 1436 811 1489 quanquam
857 1419 1002 1474 libris
1042 1436 1225 1475 novem
1246 1422 1613 1491 interpretatio
1642 1425 1752 1476 ἠως
1783 1423 2143 1478 Historiarum
2177 1430 2541 1486 consumatur,
2582 1434 2760 1475 tamen
2801 1421 2889 1490 qui
2930 1437 3099 1475 nonus
3140 1423 3195 1475 in
3230 1420 3519 1490 exemplari
3563 1422 3746 1476 Graeco

511 1509 836 1573 continetur,
871 1509 1011 1562 hunc
1041 1525 1134 1579 ego
1166 1510 1443 1575 septimum
1483 1509 1755 1575 collocavi,
1792 1529 1884 1566 nec
1914 1523 2108 1565 temere
2134 1512 2334 1582 factum
2367 1514 2626 1566 existimo.
2668 1512 2858 1581 Agitur
2892 1512 3033 1564 enim
3062 1512 3117 1565 in
3150 1527 3210 1564 eo
3248 1510 3311 1563 de
3339 1512 3566 1564 hominis
3592 1527 3748 1579 gene-

511 1596 737 1658 ratione,
764 1612 922 1664 quam
949 1612 1058 1649 rem
1083 1596 1388 1650 Aristoteles
1409 1602 1657 1652 continuo
1688 1617 1719 1652 α
1749 1601 2088 1669 generatione
2118 1601 2435 1654 animalium
2462 1598 2742 1670 pollicetur
2762 1599 3170 1667 explicaturum.
3201 1597 3389 1667 Itaque
3415 1614 3535 1650 cum
3565 1599 3750 1666 quinto

510 1691 560 1735 et
585 1692 732 1736 sexto
765 1692 1073 1737 (ceterorum
1114 1684 1432 1739 animalium
1469 1687 1858 1756 generationem
1886 1689 2233 1756 exposuisset,
2266 1688 2403 1742 nulli
2430 1690 2645 1743 dubium
2679 1705 2788 1742 esse
2809 1689 2981 1750 debet,
3012 1689 3137 1756 quin
3174 1687 3264 1740 ille
3292 1689 3575 1756 septimum
3612 1688 3750 1739 hunc

512 1769 811 1825 collocarit.
859 1768 965 1824 Sed
1004 1771 1275 1840 Apellicon
1318 1771 1495 1836 Teius,
1531 1776 1595 1827 de
1639 1789 1741 1843 quo
1782 1772 1975 1828 Strabo
2010 1777 2188 1846 plura,
2222 1786 2280 1830 ut
2325 1776 2436 1832 alia
2483 1776 2747 1847 permulta
2791 1776 2847 1829 in
2876 1775 3225 1829 exscribendis
3253 1773 3560 1829 Aristotelis
3601 1773 3751 1827 libris

514 1857 845 1927 depravavit,
887 1859 963 1912 sic
1003 1867 1328 1927 permutasse
1362 1859 1590 1923 videtur,
1634 1861 1944 1915 existimans
1986 1861 2231 1918 ultimum
2266 1881 2377 1919 esse
2416 1865 2577 1919 totius
2606 1863 2864 1919 Historiis
2910 1862 3298 1927 collocandum,
3348 1862 3599 1931 quoniam
3632 1878 3751 1915 cum

516 1943 819 1997 Aristoteles
866 1960 1024 2013 agere
1065 1945 1129 1998 de
1172 1947 1510 2014 generatione
1550 1948 1827 2016 inciperet,
1862 1946 2050 2001 ultimo
2088 1950 2200 2004 loco
2234 1951 2300 2006 de
2329 1952 2535 2006 homine
2563 1952 2826 2004 dicturum
2867 1949 3133 2018 pollicitus
3172 1959 3270 2003 est.
3318 1936 3549 2002 Et'suut
3591 1949 3756 2001 etiam

517 2030 845 2099 exemplaria
870 2040 980 2084 tum
1006 2032 1190 2087 (ἔνατα
1217 2043 1326 2087 tum
1358 2033 1514 2087 etiam
1539 2031 1757 2100 Latina,
1783 2052 1902 2106 qua:
1925 2035 2115 2089 habent
2138 2037 2493 2107 fragmentum
2516 2038 2783 2108 quoddam
2802 2038 3032 2093 historiis
3049 2037 3291 2091 additum
3320 2051 3339 2090 :
3366 2036 3457 2090 sed
3486 2036 3539 2089 id
3566 2051 3758 2089 causas

517 2120 778 2182 quasdam
812 2120 1117 2175 materiales
1144 2134 1462 2194 agentesque
1492 2125 1847 2193 generationis
1878 2132 2125 2178 humana
2158 2127 2395 2194 exponit,
2423 2142 2526 2180 non
2555 2127 2825 2180 historiam
2853 2124 3241 2195 complectitur.
3269 2123 3457 2191 Itaque
3491 2137 3595 2175 non
3621 2124 3760 2175 inter

520 2209 751 2263 historice
790 2210 951 2263 libros
984 2210 1081 2263 hoc
1121 2227 1214 2280 ego
1251 2212 1552 2282 ponendum
1582 2212 1730 2266 duxi.
1759 2210 1861 2266 Sed
1890 2213 1936 2266 si
1964 2210 2328 2268 collocandum
2357 2214 2565 2285 uspiam
2595 2224 2692 2278 est,
2727 2214 2874 2268 libris
2913 2213 2976 2267 de
3015 2212 3373 2284 generatione,
3412 2224 3527 2263 meo
3549 2208 3761 2280 quidem

524 2296 742 2361 iudicio,
766 2296 1213 2367 conjungendum.

594 2385 768 2440 Vertit
798 2387 928 2441 item
953 2388 1202 2441 homilias
1218 2390 1447 2459 quinque
1463 2387 1692 2443 Joannis
1716 2387 2071 2457 Chrysostomi
2088 2386 2153 2441 de
2175 2386 2687 2455 incomprehensibili
2718 2386 2813 2440 Dei
2840 2397 3057 2446 natura,
3083 2384 3382 2453 impressas
3404 2396 3529 2437 cum
3551 2379 3764 2435 caeteris

523 2473 901 2545 Cbrysostomi
936 2473 1149 2529 Latinis
1188 2478 1470 2545 operibus.
1504 2476 1711 2531 Scribit
1749 2488 1929 2531 autem
1960 2475 2283 2529 Theodorus
2316 2476 2370 2527 iu
2418 2474 2735 2543 pra-latione
2768 2490 2932 2543 super
2965 2474 3063 2527 has
3092 2470 3367 2537 homilias,
3406 2470 3572 2527 etiam
3608 2465 3767 2522 Mau—

525 2564 635 2618 ritii
664 2566 999 2635 imperatoris
1032 2566 1190 2620 libros
1217 2564 1291 2619 De
1325 2583 1381 2619 re
1415 2566 1641 2620 militari
1682 2567 1915 2619 vertisse.
1952 2563 2231 2618 Paschalis
2290 2560 2477 2616 Gallus
2509 2573 2594 2617 et.
2619 2562 2860 2617 Joannes
2914 2560 3258 2616 Sebcncbius
3287 2558 3539 2613 scribunt
3576 2555 3769 2609 viden-

526 2650 651 2703 dum
683 2668 803 2706 esse
833 2669 901 2705 an
930 2652 1257 2707 Theodorus
1281 2652 1422 2707 Gaza
1464 2661 1697 2707 verterit
1727 2653 2064 2718 Aphorismos
2095 2650 2457 2718 Hippocratis.

602 2738 675 2792 Ex
710 2739 907 2795 Latino
959 2756 1091 2795 vero
1124 2742 1178 2795 in
1207 2741 1459 2797 Graecum
1495 2755 1805 2795 sermonem
1836 2740 2113 2795 transtulit
2138 2738 2404 2794 Ciceronis
2444 2739 2519 2792 Ile
2552 2747 2815 2794 senectute
2862 2738 3074 2791 librum.
3102 2744 3155 2789 et
3183 2732 3456 2789 Somnium
3484 2727 3767 2797 Scipionis.

532 2843 651 2894 qua
680 2828 971 2898 aliquoties
994 2830 1105 2899 jam
1144 2839 1272 2885 sunt
1302 2843 1527 2882 excusa.
1562 2826 1694 2881 Item
1722 2826 1949 2881 Joannis
1978 2826 2244 2881 Michaelis
2276 2826 2623 2881 Savonarolaz
2660 2826 2906 2880 Patavini
2950 2824 3024 2877 De
3056 2817 3521 2891 physiognomonia
3553 2814 3769 2870 librant.

533 2936 639 2973 una
700 2936 817 2972 cum
864 2898 1003 2972 libro
1022 2918 1100 2972 De
1141 2918 1363 2982 balneis,
1398 2916 1638 2973 Joannes
1685 2916 1955 2987 Georgius
1991 2916 2335 2971 Srhencbius
2385 2916 2436 2968 in
2468 2914 2725 2968 Billliotlt.
2766 2913 2996 2967 medica.
3046 2906 3339 2977 Epistolam
3379 2902 3448 2958 ad
3489 2898 3772 2955 Lentulum

533 3014 763 3074 primaut
809 3008 1098 3075 Ciceronis,
1132 3019 1192 3065 ut
1228 3010 1397 3065 refert
1430 3008 1679 3063 Andreas
1724 3008 1985 3062 Schottus
2033 3004 2268 3061 Tullian.
2311 3014 2497 3076 qucc.~t.
2531 3004 2627 3059 lib.
2680 3020 2755 3066 ιν,
2806 3018 2927 3071 cap.
2962 3002 3049 3062 1-2,
3098 2995 3345 3091 quamvis
3377 2993 3428 3091 id
3473 2999 3778 3091 non‘cerlo

533 3099 784 3152 allirinet.
823 3098 1111 3164 Quomodo
1138 3100 1265 3153 item
1300 3116 1328 3153 a
1369 3097 1666 3153 Theodoro
1704 3096 1870 3159 Gaza,
1899 3098 2013 3151 sive
2044 3111 2154 3165 quo
2180 3096 2311 3154 alio.
2346 3093 2555 3150 Nicolai
2599 3091 2637 3145 V
2685 3092 2914 3146 Romani
2946 3085 3211 3158 pontiﬁcis
3234 3079 3511 3151 epistolam
3541 3076 3606 3132 ad
3636 3076 3781 3129 Con-

536 3188 837 3239 stantinum
892 3187 1149 3242 ultimum
1191 3187 1515 3243 Graecorum
1568 3188 1982 3256 imperatorem.
2027 3184 2215 3241 Graece
2256 3183 2559 3254 Latineque
2604 3183 2747 3238 hanc
2793 3180 2967 3236 edidit
3006 3172 3282 3230 Arcadius
3326 3171 3472 3224 inter
3512 3165 3777 3237 opuscula

537 3289 700 3327 aurea
743 3274 928 3329 “omni
958 3275 1112 3329 1630.
2101 3302 2119 3318 ο
3255 3349 3266 3352 _
3532 3342 3541 3352 .

618 3364 767 3417 Iader
796 3362 1147 3418 Theodorum
1178 3372 1235 3418 et
1269 3363 1573 3418 Gemistum
1608 3362 1922 3416 simultates
1952 3361 2143 3424 fuisse,
2168 3366 2225 3413 et
2256 3359 2426 3413 variis
2456 3373 2515 3412 se
2547 3355 2793 3426 scriptis,
2823 3354 2969 3409 dicta
3002 3349 3329 3438 relellendo,
3365 3358 3469 3398 nec
3499 3349 3622 3396 sine
3650 3354 3789 3438 con-

538 3453 676 3507 vitio
703 3451 1060 3522 proscidisse,
1086 3466 1211 3506 cum
1248 3466 1348 3505 nos
1378 3452 1435 3505 in
1470 3458 1708 3505 tractatu
1742 3451 1817 3505 De
1849 3463 2107 3505 mensura
2156 3458 2460 3517 temporum
2494 3445 2846 3513 antiquorum
2876 3440 2995 3494 fuse
3028 3436 3400 3509 probavimus,
3431 3440 3549 3528 tum
3579 3436 3784 3528 scripta

541 3518 734 3596 eorum
768 3540 1116 3611 apertissime
1151 3542 1403 3595 reboant.
1445 3540 1582 3594 Iline
1625 3540 1828 3593 factum
1892 3548 1977 3593 est
2022 3548 2079 3590 ut
2110 3534 2203 3589 alii
2242 3533 2415 3588 Graeci
2447 3548 2510 3587 ea
2549 3531 2664 3599 ipsa
2700 3537 2883 3617 aetate,
2917 3526 3352 3617 licet‘minorum
3403 3522 3653 3617 gentium
3683 3518 3785 3617 dii,

545 3634 600 3688 in
648 3604 830 3686 varias
869 3631 1028 3686 scissi
1079 3638 1284 3699 partes,
1339 3632 1480 3686 alius
1524 3631 1853 3687 Gemistutn,
1891 3628 2033 3681 alius
2078 3625 2455 3681 Theodorum,
2488 3616 2725 3688 vulgatis
2763 3610 3155 3703 scriptionibus
3198 3604 3791 3703 _oppugnave-rint.v«-l

550 3721 921 3775 defenderint.
955 3694 1305 3775 Theodorum
1334 3720 1637 3774 insectatus
1666 3727 1751 3772 est
1784 3716 2008 3769 Michael
2038 3712 2375 3782 Apostolius,
2406 3707 2711 3762 Gemistum
2741 3701 3049 3792 defensans.
3090 3696 3417 3792 Michael-ein
3444 3694 3795 3792 Andronicus

546 3809 781 3875 Callisti,
817 3809 1095 3865 Theodori
1138 3824 1357 3865 causam
1401 3808 1734 3877 suscipiens.
1771 3780 2133 3875 oppugnavit.
2161 3800 2235 3857 Ut
2276 3812 2399 3853 sese
2441 3796 2496 3849 in
2538 3794 2641 3880 hac
2666 3789 2994 3880 tlel'eiisione
3038 3784 3271 3880 gesserit
3304 3780 3793 3880 andronicusdatc

549 3866 788 3968 explicat
812 3896 1071 3953 Nicolaus
1095 3897 1445 3953 Secundinus
1475 3896 1528 3949 in
1558 3866 1789 3964 epistola
1810 3866 1884 3946 ad
1918 3866 2175 3946 cumdem
2199 3882 2573 3942 Andronicum
2607 3878 2704 3948 (l).
2739 3876 2940 3933 Verum
2958 3887 3073 3969 ego
3100 3869 3440 3969 iniquissime
3466 3866 3636 3969 Musis
3659 3866 3797 3969 ipsis

553 3963 812 4055 iniuriam
848 3988 1108 4049 facerem,
1144 3985 1188 4041 si
1222 3963 1710 4051 prudentissimam
1744 3991 1909 4051 atque
1942 3979 2392 4050 ingenuissimam
2421 3972 2720 4029 cardinalis
2753 3964 3099 4061 Bessarionis
3124 3963 3328 4061 deinec
3351 3963 3569 4059 negotio
3594 3963 3798 4028 episto-

552 4049 660 4128 lain
694 4073 759 4127 ad
794 4072 1118 4128 Micllaelem
1156 4049 1526 4142 Apostolium,
1562 4084 1750 4124 rarum
1787 4049 2156 4138 scriptoribus
2184 4068 2602 4127 documentum,
2634 4074 2700 4114 es
2728 4056 2865 4112 meis
2897 4051 3135 4142 cimeliis
3168 4049 3260 4142 llic
3299 4049 3508 4142 primus
3533 4060 3641 4142 non
3675 4058 3802 4142 pro-

554 4176 786 4217 merem.
825 4160 900 4216 Ea
928 4173 1112 4216 autem
1148 4132 1233 4217 est
1268 4180 1282 4216 :
1326 4132 1651 4229 Βησσσίρῖων
1687 4132 2010 4227 καρδινᾶλις
2040 4157 2175 4228 Μιχα

2181 4157 2308 4229 ιήλῳ
2338 4150 2417 4224 τῷ
2445 4148 2753 4217 Ἀποστὸλῃ
2788 4143 3021 4216 χαίρειν.
3068 4138 3321 4208 ’Δφικετο
3366 4136 3444 4199 ὡς
3478 4135 3626 4205 ἡμᾶς
3672 4132 3802 4204 βρα-

553 4248 776 4319 δύτιρον
807 4250 928 4318 μὲν,
967 4259 1066 4306 etc.
1116 4247 1239 4304 Vide
1266 4265 1429 4319 supra
1480 4246 1583 4301 col.
1618 4244 1749 4301 687.

630 4381 707 4453 (I)
744 4380 930 4437 Exstat
962 4394 1152 4450 supra,
1184 4378 1294 4435 col.
1327 4377 1451 4433 691.
1484 4375 1639 4431 Ευιτ.
1677 4374 1848 4430 Pun.

565 4484 3785 4530 _________________________________________.___________..

1544 4678 2148 4795 NOTITIA
2226 4672 2823 4787 ALTERA.

909 4914 1231 4976 (Boernerus,
1271 4906 1334 4956 de
1356 4900 1631 4957 hominibus
1652 4899 1835 4954 armis
1864 4902 2147 4951 Grizcarum
2168 4894 2447 4948 litterarum
2468 4892 2519 4944 in
2540 4890 2694 4943 Italia
2727 4881 3150 4940 instauratoribus.
3178 4885 3357 4949 Lipsls
3380 4881 3546 4947 1750.)

642 5229 966 5289 Theodorus
1004 5204 1168 5297 Gaza,
1199 5224 1735 5287 Thessalonicensis,
1761 5222 2075 5278 Graecarum
2107 5219 2419 5272 litterarum
2450 5215 2503 5268 in
2538 5211 2687 5266 Italia
2708 5195 3822 5300 instauratorum,Lcoinmunifere

574 5285 1177 5385 scusu',vdoctissirnus',
1210 5285 1530 5373 victricibus
1555 5285 1730 5371 armis
1748 5310 2009 5366 Graeciam
2049 5314 2396 5376 pervastante
2432 5306 2711 5362 Amurate,
2746 5297 2804 5388 in
2837 5289 3229 5388 Ital-innima“
3258 5285 3355 5388 (II),
3412 5285 3820 5388 εοᾷερςςξξξὶᾐξιξ.

576 5366 1184 5478 allvn'ilndvlb'nj'edlil
1238 5404 1457 5474 assequi
1489 5414 1802 5471 possumus,
1836 5366 2104 5464 tempore,
2151 5409 2262 5465 quo
2307 5391 2584 5480 Barbarus
2615 5386 2851 5480 natalem
2874 5378 3149 5480 Tlleodoiri

581 5456 1457 5559 :JJ
1476 5456 1700 5545 éraeciie
1730 5456 1914 5538 lumen
1946 5456 2320 5549 expugnavit;
2355 5478 2407 5533 id
2434 5476 2581 5547 quod
2618 5472 2807 5567 saeculi
2840 5466 3051 5567 quinti.
3076 5463 3275 5567 άεοῖξιξί
3311 5456 3830 5567 ῑςίεξείπξξῗῌξξίξξῇίιξ

578 5544 1334 5656 ἤΙῐιιῖξιξι-έιιιί
1359 5544 1501 5634 Gaia
1534 5572 1784 5644 pervenit
1815 5580 1870 5626 et
1900 5544 2175 5639 exquisita
2212 5567 2403 5623 Latine
2430 5544 2687 5633 loquendi
2723 5554 2955 5613 scientia
2986 5551 3055 5607 ad
3103 5548 3456 5607 excitandum
3515 5544 3829 5600 Graecarum

767 5692 1753 5827 'lltdgsﬁlﬁlizeiglgbdgestidio
1784 5757 2154 5815 narrationem
2624 5660 3834 5806 dgiridilltmcilim:miliarii}duliiani;
