  <div class='ocr_page' id='page_1' title='image "/cluster/home/n/w/nwhite01/storage/ocr_20150623/161/coo.31924054870666/582.png"; bbox 0 0 4106 6402; ppageno 0'>
   <div class='ocr_carea' id='block_1_1' title="bbox 520 368 3770 441">
    <p class='ocr_par' dir='ltr' id='par_1_1' title="bbox 520 368 3770 441">
     <span class='ocr_line' id='line_1_1' title="bbox 520 368 3770 441; baseline -0.003 0"><span class='ocrx_word' id='word_1_1' title='bbox 520 378 627 441; x_wconf 76' lang='lat'><strong>98&#39;)</strong></span> <span class='ocrx_word' id='word_1_2' title='bbox 1778 372 2172 437; x_wconf 73' lang='lat' dir='ltr'><strong>LAUDATIO</strong></span> <span class='ocrx_word' id='word_1_3' title='bbox 2207 372 2453 434; x_wconf 56' lang='lat' dir='ltr'><strong>CANlS.</strong></span> <span class='ocrx_word' id='word_1_4' title='bbox 3663 368 3770 432; x_wconf 71' lang='lat'><strong>996</strong></span> 
     </span>
    </p>
   </div>
   <div class='ocr_carea' id='block_1_2' title="bbox 522 486 3773 560">
    <p class='ocr_par' dir='ltr' id='par_1_2' title="bbox 522 486 3773 560">
     <span class='ocr_line' id='line_1_2' title="bbox 522 486 3773 560; baseline -0.001 -19"><span class='ocrx_word' id='word_1_5' title='bbox 522 489 582 543; x_wconf 84' lang='lat' dir='ltr'><strong>P.</strong></span> <span class='ocrx_word' id='word_1_6' title='bbox 614 486 891 545; x_wconf 76' lang='lat' dir='ltr'><strong>Arcadius</strong></span> <span class='ocrx_word' id='word_1_7' title='bbox 927 488 1163 545; x_wconf 77' lang='lat' dir='ltr'><strong>inseruit</strong></span> <span class='ocrx_word' id='word_1_8' title='bbox 1203 489 1484 559; x_wconf 79' lang='lat' dir='ltr'><strong>opusculis</strong></span> <span class='ocrx_word' id='word_1_9' title='bbox 1510 488 1850 560; x_wconf 90' lang='lat' dir='ltr'><strong>theologieis,</strong></span> <span class='ocrx_word' id='word_1_10' title='bbox 1883 489 2067 542; x_wconf 72' lang='lat' dir='ltr'><strong>Romae</strong></span> <span class='ocrx_word' id='word_1_11' title='bbox 2118 488 2301 549; x_wconf 81' lang='lat' dir='ltr'><strong>editis,</strong></span> <span class='ocrx_word' id='word_1_12' title='bbox 2353 502 2497 541; x_wconf 79' lang='lat' dir='ltr'><strong>mmo</strong></span> <span class='ocrx_word' id='word_1_13' title='bbox 2554 486 2797 542; x_wconf 66' lang='lat'><strong>“330.111</strong></span> <span class='ocrx_word' id='word_1_14' title='bbox 2864 487 3113 541; x_wconf 60' lang='lat' dir='ltr'><strong>Cra‘cttm</strong></span> <span class='ocrx_word' id='word_1_15' title='bbox 3184 498 3493 538; x_wconf 83' lang='lat' dir='ltr'><strong>sermonem</strong></span> <span class='ocrx_word' id='word_1_16' title='bbox 3551 500 3773 554; x_wconf 89' lang='lat' dir='ltr'><strong>quoque</strong></span> 
     </span>
    </p>
   </div>
   <div class='ocr_carea' id='block_1_3' title="bbox 521 574 2462 642">
    <p class='ocr_par' dir='ltr' id='par_1_3' title="bbox 521 574 2462 642">
     <span class='ocr_line' id='line_1_3' title="bbox 521 574 2462 642; baseline 0.001 -15"><span class='ocrx_word' id='word_1_17' title='bbox 521 575 802 629; x_wconf 76' lang='lat' dir='ltr'><strong>transtulit</strong></span> <span class='ocrx_word' id='word_1_18' title='bbox 842 574 1008 631; x_wconf 75' lang='lat' dir='ltr'><strong>Mie‘h.</strong></span> <span class='ocrx_word' id='word_1_19' title='bbox 1046 576 1393 630; x_wconf 63' lang='lat' dir='ltr'><strong>Savouarola:</strong></span> <span class='ocrx_word' id='word_1_20' title='bbox 1414 576 1501 630; x_wconf 77' lang='lat' dir='ltr'><strong>&#39;De</strong></span> <span class='ocrx_word' id='word_1_21' title='bbox 1528 576 1920 631; x_wconf 69' lang='lat' dir='ltr'><strong>balneis&#39;ltalize</strong></span> <span class='ocrx_word' id='word_1_22' title='bbox 1954 575 2126 630; x_wconf 87' lang='lat' dir='ltr'><strong>libros</strong></span> <span class='ocrx_word' id='word_1_23' title='bbox 2155 575 2293 628; x_wconf 89' lang='lat' dir='ltr'><strong>duos</strong></span> <span class='ocrx_word' id='word_1_24' title='bbox 2327 576 2462 642; x_wconf 54' lang='lat'><strong>(2(3).</strong></span> 
     </span>
    </p>
   </div>
   <div class='ocr_carea' id='block_1_4' title="bbox 594 684 3775 756">
    <p class='ocr_par' dir='ltr' id='par_1_4' title="bbox 594 684 3775 756">
     <span class='ocr_line' id='line_1_4' title="bbox 594 684 3775 756; baseline 0 -17"><span class='ocrx_word' id='word_1_25' title='bbox 594 686 740 739; x_wconf 88' lang='lat' dir='ltr'><strong>lnter</strong></span> <span class='ocrx_word' id='word_1_26' title='bbox 774 684 932 741; x_wconf 63' lang='lat' dir='ltr'><strong>Gaza:</strong></span> <span class='ocrx_word' id='word_1_27' title='bbox 964 686 1226 740; x_wconf 76' lang='grc' dir='ltr'><strong>ἀνέκδοτα</strong></span> <span class='ocrx_word' id='word_1_28' title='bbox 1256 701 1377 756; x_wconf 67' lang='lat' dir='ltr'><strong>quae</strong></span> <span class='ocrx_word' id='word_1_29' title='bbox 1405 685 1459 739; x_wconf 91' lang='lat' dir='ltr'><strong>in</strong></span> <span class='ocrx_word' id='word_1_30' title='bbox 1494 686 1660 739; x_wconf 71' lang='lat' dir='ltr'><strong>ltalim</strong></span> <span class='ocrx_word' id='word_1_31' title='bbox 1694 687 1925 740; x_wconf 77' lang='lat' dir='ltr'><strong>maxime</strong></span> <span class='ocrx_word' id='word_1_32' title='bbox 1957 696 2011 740; x_wconf 77' lang='lat' dir='ltr'><strong>et</strong></span> <span class='ocrx_word' id='word_1_33' title='bbox 2038 686 2225 741; x_wconf 72' lang='lat' dir='ltr'><strong>Galliae</strong></span> <span class='ocrx_word' id='word_1_34' title='bbox 2256 686 2601 741; x_wconf 74' lang='lat' dir='ltr'><strong>bibliothecis</strong></span> <span class='ocrx_word' id='word_1_35' title='bbox 2654 696 3035 748; x_wconf 77' lang='lat' dir='ltr'><strong>asservantur,</strong></span> <span class='ocrx_word' id='word_1_36' title='bbox 3087 695 3287 755; x_wconf 82' lang='lat' dir='ltr'><strong>pra-ter</strong></span> <span class='ocrx_word' id='word_1_37' title='bbox 3338 687 3604 754; x_wconf 68' lang='lat' dir='ltr'><strong>epistolas</strong></span> <span class='ocrx_word' id='word_1_38' title='bbox 3654 688 3775 756; x_wconf 77' lang='lat' dir='ltr'><strong>ejus</strong></span> 
     </span>
    </p>
   </div>
   <div class='ocr_carea' id='block_1_5' title="bbox 523 775 3771 846">
    <p class='ocr_par' dir='ltr' id='par_1_5' title="bbox 523 775 3771 846">
     <span class='ocr_line' id='line_1_5' title="bbox 523 775 3771 846; baseline 0.001 -18"><span class='ocrx_word' id='word_1_39' title='bbox 523 775 863 846; x_wconf 66' lang='lat' dir='ltr'><strong>praecipuum</strong></span> <span class='ocrx_word' id='word_1_40' title='bbox 898 776 1012 830; x_wconf 71' lang='lat' dir='ltr'><strong>fere</strong></span> <span class='ocrx_word' id='word_1_41' title='bbox 1053 775 1316 845; x_wconf 85' lang='lat' dir='ltr'><strong>scriptum</strong></span> <span class='ocrx_word' id='word_1_42' title='bbox 1354 787 1456 839; x_wconf 90' lang='lat' dir='ltr'><strong>est,</strong></span> <span class='ocrx_word' id='word_1_43' title='bbox 1486 777 1633 846; x_wconf 82' lang='lat' dir='ltr'><strong>quod</strong></span> <span class='ocrx_word' id='word_1_44' title='bbox 1666 776 1951 831; x_wconf 83' lang='lat' dir='ltr'><strong>Plethonis</strong></span> <span class='ocrx_word' id='word_1_45' title='bbox 1983 776 2056 830; x_wconf 90' lang='lat' dir='ltr'><strong>De</strong></span> <span class='ocrx_word' id='word_1_46' title='bbox 2099 775 2408 829; x_wconf 76' lang='lat' dir='ltr'><strong>differentia</strong></span> <span class='ocrx_word' id='word_1_47' title='bbox 2444 776 2735 829; x_wconf 76' lang='lat' dir='ltr'><strong>Platonica:</strong></span> <span class='ocrx_word' id='word_1_48' title='bbox 2782 784 2944 844; x_wconf 82' lang='lat' dir='ltr'><strong>atque</strong></span> <span class='ocrx_word' id='word_1_49' title='bbox 3006 776 3371 831; x_wconf 69' lang='lat' dir='ltr'><strong>Aristotelian</strong></span> <span class='ocrx_word' id='word_1_50' title='bbox 3407 777 3771 844; x_wconf 71' lang='lat' dir='ltr'><strong>philos0pbiae</strong></span> 
     </span>
    </p>
   </div>
   <div class='ocr_carea' id='block_1_6' title="bbox 522 862 3776 934">
    <p class='ocr_par' dir='ltr' id='par_1_6' title="bbox 522 862 3776 934">
     <span class='ocr_line' id='line_1_6' title="bbox 522 862 3776 934; baseline 0 -17"><span class='ocrx_word' id='word_1_51' title='bbox 522 863 781 934; x_wconf 86' lang='lat' dir='ltr'><strong>opposuit</strong></span> <span class='ocrx_word' id='word_1_52' title='bbox 809 862 954 917; x_wconf 87' lang='lat' dir='ltr'><strong>libro</strong></span> <span class='ocrx_word' id='word_1_53' title='bbox 991 870 1047 918; x_wconf 89' lang='lat' dir='ltr'><strong>et</strong></span> <span class='ocrx_word' id='word_1_54' title='bbox 1094 878 1205 933; x_wconf 89' lang='lat' dir='ltr'><strong>quo</strong></span> <span class='ocrx_word' id='word_1_55' title='bbox 1234 862 1585 918; x_wconf 84' lang='lat' dir='ltr'><strong>Aristotelem</strong></span> <span class='ocrx_word' id='word_1_56' title='bbox 1636 873 1831 918; x_wconf 88' lang='lat' dir='ltr'><strong>contra</strong></span> <span class='ocrx_word' id='word_1_57' title='bbox 1897 864 2049 917; x_wconf 91' lang='lat' dir='ltr'><strong>illum</strong></span> <span class='ocrx_word' id='word_1_58' title='bbox 2099 864 2366 919; x_wconf 90' lang='lat' dir='ltr'><strong>defendit.</strong></span> <span class='ocrx_word' id='word_1_59' title='bbox 2418 864 2759 933; x_wconf 81' lang='lat' dir='ltr'><strong>lmpugnnvit</strong></span> <span class='ocrx_word' id='word_1_60' title='bbox 2812 862 2862 916; x_wconf 91' lang='lat' dir='ltr'><strong>id</strong></span> <span class='ocrx_word' id='word_1_61' title='bbox 2926 864 3104 931; x_wconf 79' lang='lat' dir='ltr'><strong>ipsum</strong></span> <span class='ocrx_word' id='word_1_62' title='bbox 3178 862 3343 917; x_wconf 83' lang='lat' dir='ltr'><strong>Mich.</strong></span> <span class='ocrx_word' id='word_1_63' title='bbox 3412 865 3776 933; x_wconf 70' lang='lat' dir='ltr'><strong>Apostolias;</strong></span> 
     </span>
    </p>
   </div>
   <div class='ocr_carea' id='block_1_7' title="bbox 523 948 3782 1022">
    <p class='ocr_par' dir='ltr' id='par_1_7' title="bbox 523 948 3782 1022">
     <span class='ocr_line' id='line_1_7' title="bbox 523 948 3782 1022; baseline 0 -16"><span class='ocrx_word' id='word_1_64' title='bbox 523 952 681 1021; x_wconf 70' lang='lat' dir='ltr'><strong>cuius</strong></span> <span class='ocrx_word' id='word_1_65' title='bbox 707 967 839 1006; x_wconf 83' lang='lat' dir='ltr'><strong>vero</strong></span> <span class='ocrx_word' id='word_1_66' title='bbox 872 953 1237 1006; x_wconf 84' lang='lat' dir='ltr'><strong>temeritatem</strong></span> <span class='ocrx_word' id='word_1_67' title='bbox 1280 952 1520 1021; x_wconf 78' lang='lat' dir='ltr'><strong>graviter</strong></span> <span class='ocrx_word' id='word_1_68' title='bbox 1553 952 1804 1022; x_wconf 78' lang='lat' dir='ltr'><strong>coarguit</strong></span> <span class='ocrx_word' id='word_1_69' title='bbox 1866 951 2180 1013; x_wconf 80' lang='lat' dir='ltr'><strong>Bessarion,</strong></span> <span class='ocrx_word' id='word_1_70' title='bbox 2232 966 2505 1020; x_wconf 80' lang='lat' dir='ltr'><strong>quemque</strong></span> <span class='ocrx_word' id='word_1_71' title='bbox 2558 951 2758 1018; x_wconf 85' lang='lat' dir='ltr'><strong>scripta</strong></span> <span class='ocrx_word' id='word_1_72' title='bbox 2802 966 2901 1019; x_wconf 92' lang='lat' dir='ltr'><strong>pro</strong></span> <span class='ocrx_word' id='word_1_73' title='bbox 2946 948 3091 1004; x_wconf 83' lang='lat' dir='ltr'><strong>Gaza</strong></span> <span class='ocrx_word' id='word_1_74' title='bbox 3120 950 3396 1020; x_wconf 85' lang='lat' dir='ltr'><strong>apologia.</strong></span> <span class='ocrx_word' id='word_1_75' title='bbox 3430 952 3782 1007; x_wconf 69' lang='lat' dir='ltr'><strong>Andronicus</strong></span> 
     </span>
    </p>
   </div>
   <div class='ocr_carea' id='block_1_8' title="bbox 518 1036 2752 1109">
    <p class='ocr_par' dir='ltr' id='par_1_8' title="bbox 518 1036 2752 1109">
     <span class='ocr_line' id='line_1_8' title="bbox 518 1036 2752 1109; baseline -0.002 -14"><span class='ocrx_word' id='word_1_76' title='bbox 518 1039 801 1105; x_wconf 79' lang='lat' dir='ltr'><strong>Callistus,</strong></span> <span class='ocrx_word' id='word_1_77' title='bbox 848 1036 1177 1104; x_wconf 89' lang='lat' dir='ltr'><strong>confutavit,</strong></span> <span class='ocrx_word' id='word_1_78' title='bbox 1204 1044 1273 1093; x_wconf 87' lang='lat' dir='ltr'><strong>de</strong></span> <span class='ocrx_word' id='word_1_79' title='bbox 1303 1054 1435 1109; x_wconf 92' lang='lat' dir='ltr'><strong>quo,</strong></span> <span class='ocrx_word' id='word_1_80' title='bbox 1470 1040 1525 1092; x_wconf 91' lang='lat' dir='ltr'><strong>in</strong></span> <span class='ocrx_word' id='word_1_81' title='bbox 1560 1038 1722 1109; x_wconf 81' lang='lat' dir='ltr'><strong>hujus</strong></span> <span class='ocrx_word' id='word_1_82' title='bbox 1754 1048 1810 1094; x_wconf 91' lang='lat' dir='ltr'><strong>et</strong></span> <span class='ocrx_word' id='word_1_83' title='bbox 1843 1038 2112 1109; x_wconf 72' lang='lat' dir='ltr'><strong>Apostolii</strong></span> <span class='ocrx_word' id='word_1_84' title='bbox 2134 1039 2255 1095; x_wconf 71' lang='lat' dir='ltr'><strong>Vita</strong></span> <span class='ocrx_word' id='word_1_85' title='bbox 2287 1038 2444 1108; x_wconf 72' lang='lat' dir='ltr'><strong>plura</strong></span> <span class='ocrx_word' id='word_1_86' title='bbox 2483 1037 2752 1093; x_wconf 84' lang='lat' dir='ltr'><strong>dicemus.</strong></span> 
     </span>
    </p>
   </div>
   <div class='ocr_carea' id='block_1_9' title="bbox 601 1151 3781 1225">
    <p class='ocr_par' dir='ltr' id='par_1_9' title="bbox 601 1151 3781 1225">
     <span class='ocr_line' id='line_1_9' title="bbox 601 1151 3781 1225; baseline -0.001 -14"><span class='ocrx_word' id='word_1_87' title='bbox 601 1152 782 1220; x_wconf 76' lang='lat' dir='ltr'><strong>Juvat,</strong></span> <span class='ocrx_word' id='word_1_88' title='bbox 812 1164 935 1225; x_wconf 90' lang='lat' dir='ltr'><strong>post</strong></span> <span class='ocrx_word' id='word_1_89' title='bbox 985 1168 1050 1208; x_wconf 87' lang='lat' dir='ltr'><strong>ea</strong></span> <span class='ocrx_word' id='word_1_90' title='bbox 1085 1168 1205 1223; x_wconf 63' lang='lat' dir='ltr'><strong>quae</strong></span> <span class='ocrx_word' id='word_1_91' title='bbox 1231 1152 1299 1207; x_wconf 92' lang='lat' dir='ltr'><strong>de</strong></span> <span class='ocrx_word' id='word_1_92' title='bbox 1332 1152 1492 1207; x_wconf 57' lang='lat' dir='ltr'><strong>Gaza:</strong></span> <span class='ocrx_word' id='word_1_93' title='bbox 1531 1164 1694 1222; x_wconf 80' lang='lat' dir='ltr'><strong>atque</strong></span> <span class='ocrx_word' id='word_1_94' title='bbox 1724 1153 2079 1222; x_wconf 76' lang='lat' dir='ltr'><strong>Trapezuutii</strong></span> <span class='ocrx_word' id='word_1_95' title='bbox 2133 1154 2241 1208; x_wconf 85' lang='lat' dir='ltr'><strong>vita</strong></span> <span class='ocrx_word' id='word_1_96' title='bbox 2279 1162 2335 1207; x_wconf 89' lang='lat' dir='ltr'><strong>et</strong></span> <span class='ocrx_word' id='word_1_97' title='bbox 2386 1151 2607 1222; x_wconf 73' lang='lat' dir='ltr'><strong>scriptis</strong></span> <span class='ocrx_word' id='word_1_98' title='bbox 2646 1154 2901 1224; x_wconf 73' lang='lat' dir='ltr'><strong>exposita</strong></span> <span class='ocrx_word' id='word_1_99' title='bbox 2953 1163 3103 1216; x_wconf 84' lang='lat' dir='ltr'><strong>sunt,</strong></span> <span class='ocrx_word' id='word_1_100' title='bbox 3138 1152 3344 1209; x_wconf 84' lang='lat' dir='ltr'><strong>intueri</strong></span> <span class='ocrx_word' id='word_1_101' title='bbox 3396 1152 3781 1209; x_wconf 74' lang='lat' dir='ltr'><strong>incredibilem</strong></span> 
     </span>
    </p>
   </div>
   <div class='ocr_carea' id='block_1_10' title="bbox 528 1241 3783 1317">
    <p class='ocr_par' dir='ltr' id='par_1_10' title="bbox 528 1241 3783 1317">
     <span class='ocr_line' id='line_1_10' title="bbox 528 1241 3783 1317; baseline 0 -21"><span class='ocrx_word' id='word_1_102' title='bbox 528 1243 873 1307; x_wconf 87' lang='lat' dir='ltr'><strong>varietatem,</strong></span> <span class='ocrx_word' id='word_1_103' title='bbox 906 1257 1014 1311; x_wconf 91' lang='lat' dir='ltr'><strong>qua</strong></span> <span class='ocrx_word' id='word_1_104' title='bbox 1042 1241 1098 1295; x_wconf 91' lang='lat' dir='ltr'><strong>hi</strong></span> <span class='ocrx_word' id='word_1_105' title='bbox 1134 1241 1431 1301; x_wconf 88' lang='lat' dir='ltr'><strong>duumviri.</strong></span> <span class='ocrx_word' id='word_1_106' title='bbox 1466 1241 1744 1294; x_wconf 90' lang='lat' dir='ltr'><strong>couununi</strong></span> <span class='ocrx_word' id='word_1_107' title='bbox 1790 1244 1968 1310; x_wconf 86' lang='lat' dir='ltr'><strong>gentis</strong></span> <span class='ocrx_word' id='word_1_108' title='bbox 1997 1252 2147 1308; x_wconf 87' lang='lat' dir='ltr'><strong>ortu,</strong></span> <span class='ocrx_word' id='word_1_109' title='bbox 2181 1244 2604 1311; x_wconf 88' lang='lat' dir='ltr'><strong>studiorumque</strong></span> <span class='ocrx_word' id='word_1_110' title='bbox 2630 1244 2893 1298; x_wconf 80' lang='lat' dir='ltr'><strong>societate</strong></span> <span class='ocrx_word' id='word_1_111' title='bbox 2926 1244 3250 1311; x_wconf 81' lang='lat' dir='ltr'><strong>.‘coujuncti,</strong></span> <span class='ocrx_word' id='word_1_112' title='bbox 3316 1242 3487 1296; x_wconf 88' lang='lat' dir='ltr'><strong>animi</strong></span> <span class='ocrx_word' id='word_1_113' title='bbox 3542 1258 3783 1317; x_wconf 83' lang='lat' dir='ltr'><strong>propen-</strong></span> 
     </span>
    </p>
   </div>
   <div class='ocr_carea' id='block_1_11' title="bbox 532 1328 3786 1402">
    <p class='ocr_par' dir='ltr' id='par_1_11' title="bbox 532 1328 3786 1402">
     <span class='ocr_line' id='line_1_11' title="bbox 532 1328 3786 1402; baseline 0 -19"><span class='ocrx_word' id='word_1_114' title='bbox 532 1330 806 1394; x_wconf 89' lang='lat' dir='ltr'><strong>sionibus,</strong></span> <span class='ocrx_word' id='word_1_115' title='bbox 856 1340 971 1384; x_wconf 90' lang='lat' dir='ltr'><strong>tum</strong></span> <span class='ocrx_word' id='word_1_116' title='bbox 1004 1330 1279 1393; x_wconf 89' lang='lat' dir='ltr'><strong>moribus,</strong></span> <span class='ocrx_word' id='word_1_117' title='bbox 1318 1328 1537 1382; x_wconf 89' lang='lat' dir='ltr'><strong>fortuna</strong></span> <span class='ocrx_word' id='word_1_118' title='bbox 1576 1336 1632 1382; x_wconf 90' lang='lat' dir='ltr'><strong>et</strong></span> <span class='ocrx_word' id='word_1_119' title='bbox 1664 1328 1787 1382; x_wconf 63' lang='lat' dir='ltr'><strong>vitae</strong></span> <span class='ocrx_word' id='word_1_120' title='bbox 1817 1343 2113 1398; x_wconf 87' lang='lat' dir='ltr'><strong>rerumque</strong></span> <span class='ocrx_word' id='word_1_121' title='bbox 2142 1333 2293 1385; x_wconf 89' lang='lat' dir='ltr'><strong>exitu</strong></span> <span class='ocrx_word' id='word_1_122' title='bbox 2325 1330 2759 1402; x_wconf 80' lang='lat' dir='ltr'><strong>distinguuntur.</strong></span> <span class='ocrx_word' id='word_1_123' title='bbox 2800 1332 2935 1387; x_wconf 78' lang='lat' dir='ltr'><strong>Erat</strong></span> <span class='ocrx_word' id='word_1_124' title='bbox 2967 1330 3294 1386; x_wconf 84' lang='lat' dir='ltr'><strong>Theodorus</strong></span> <span class='ocrx_word' id='word_1_125' title='bbox 3345 1330 3519 1386; x_wconf 82' lang='lat' dir='ltr'><strong>sedati</strong></span> <span class='ocrx_word' id='word_1_126' title='bbox 3558 1332 3786 1401; x_wconf 84' lang='lat' dir='ltr'><strong>ingenii,</strong></span> 
     </span>
    </p>
   </div>
   <div class='ocr_carea' id='block_1_12' title="bbox 535 1414 3789 1493">
    <p class='ocr_par' dir='ltr' id='par_1_12' title="bbox 535 1414 3789 1493">
     <span class='ocr_line' id='line_1_12' title="bbox 535 1414 3789 1493; baseline 0 -24"><span class='ocrx_word' id='word_1_127' title='bbox 535 1418 842 1493; x_wconf 78' lang='lat' dir='ltr'><strong>mentisque</strong></span> <span class='ocrx_word' id='word_1_128' title='bbox 873 1416 1195 1487; x_wconf 73' lang='lat' dir='ltr'><strong>composita:</strong></span> <span class='ocrx_word' id='word_1_129' title='bbox 1218 1424 1273 1469; x_wconf 92' lang='lat' dir='ltr'><strong>et</strong></span> <span class='ocrx_word' id='word_1_130' title='bbox 1306 1414 1622 1469; x_wconf 66' lang='lat' dir='ltr'><strong>Graecorum</strong></span> <span class='ocrx_word' id='word_1_131' title='bbox 1672 1414 2128 1481; x_wconf 77' lang='lat' dir='ltr'><strong>modestissimus,</strong></span> <span class='ocrx_word' id='word_1_132' title='bbox 2184 1418 2277 1487; x_wconf 88' lang='lat' dir='ltr'><strong>qui</strong></span> <span class='ocrx_word' id='word_1_133' title='bbox 2318 1434 2501 1473; x_wconf 75' lang='lat' dir='ltr'><strong>aecum</strong></span> <span class='ocrx_word' id='word_1_134' title='bbox 2546 1434 2766 1487; x_wconf 75' lang='lat' dir='ltr'><strong>seraper</strong></span> <span class='ocrx_word' id='word_1_135' title='bbox 2801 1417 3122 1473; x_wconf 82' lang='lat' dir='ltr'><strong>morabatur</strong></span> <span class='ocrx_word' id='word_1_136' title='bbox 3166 1426 3225 1473; x_wconf 89' lang='lat' dir='ltr'><strong>et</strong></span> <span class='ocrx_word' id='word_1_137' title='bbox 3288 1418 3483 1474; x_wconf 84' lang='lat' dir='ltr'><strong>honori</strong></span> <span class='ocrx_word' id='word_1_138' title='bbox 3514 1428 3568 1472; x_wconf 93' lang='lat' dir='ltr'><strong>et</strong></span> <span class='ocrx_word' id='word_1_139' title='bbox 3602 1417 3789 1487; x_wconf 83' lang='lat' dir='ltr'><strong>glorla:</strong></span> 
     </span>
    </p>
   </div>
   <div class='ocr_carea' id='block_1_13' title="bbox 533 1500 3786 1581">
    <p class='ocr_par' dir='ltr' id='par_1_13' title="bbox 533 1500 3786 1581">
     <span class='ocr_line' id='line_1_13' title="bbox 533 1500 3786 1581; baseline 0.001 -24"><span class='ocrx_word' id='word_1_140' title='bbox 533 1503 835 1581; x_wconf 83' lang='lat' dir='ltr'><strong>prudentia</strong></span> <span class='ocrx_word' id='word_1_141' title='bbox 871 1512 929 1559; x_wconf 91' lang='lat' dir='ltr'><strong>et</strong></span> <span class='ocrx_word' id='word_1_142' title='bbox 958 1504 1173 1558; x_wconf 83' lang='lat' dir='ltr'><strong>ratione</strong></span> <span class='ocrx_word' id='word_1_143' title='bbox 1206 1504 1431 1557; x_wconf 89' lang='lat' dir='ltr'><strong>modum</strong></span> <span class='ocrx_word' id='word_1_144' title='bbox 1463 1501 1763 1558; x_wconf 82' lang='lat' dir='ltr'><strong>statuebat.</strong></span> <span class='ocrx_word' id='word_1_145' title='bbox 1832 1500 2121 1572; x_wconf 84' lang='lat' dir='ltr'><strong>&#39;Georgius</strong></span> <span class='ocrx_word' id='word_1_146' title='bbox 2167 1519 2316 1568; x_wconf 83' lang='lat' dir='ltr'><strong>vero,</strong></span> <span class='ocrx_word' id='word_1_147' title='bbox 2377 1506 2719 1576; x_wconf 67' lang='lat' dir='ltr'><strong>prwsidentis</strong></span> <span class='ocrx_word' id='word_1_148' title='bbox 2774 1505 2945 1560; x_wconf 88' lang='lat' dir='ltr'><strong>animi</strong></span> <span class='ocrx_word' id='word_1_149' title='bbox 2980 1517 3035 1561; x_wconf 93' lang='lat' dir='ltr'><strong>ct</strong></span> <span class='ocrx_word' id='word_1_150' title='bbox 3090 1507 3347 1575; x_wconf 74' lang='lat' dir='ltr'><strong>projeetze</strong></span> <span class='ocrx_word' id='word_1_151' title='bbox 3376 1505 3786 1576; x_wconf 82' lang='lat' dir='ltr'><strong>eminentisque</strong></span> 
     </span>
    </p>
   </div>
   <div class='ocr_carea' id='block_1_14' title="bbox 532 1588 3784 1663">
    <p class='ocr_par' dir='ltr' id='par_1_14' title="bbox 532 1588 3784 1663">
     <span class='ocr_line' id='line_1_14' title="bbox 532 1588 3784 1663; baseline 0.002 -21"><span class='ocrx_word' id='word_1_152' title='bbox 532 1591 809 1645; x_wconf 89' lang='lat' dir='ltr'><strong>interdum</strong></span> <span class='ocrx_word' id='word_1_153' title='bbox 843 1590 1084 1645; x_wconf 70' lang='lat' dir='ltr'><strong>audacia:</strong></span> <span class='ocrx_word' id='word_1_154' title='bbox 1121 1590 1308 1653; x_wconf 92' lang='lat' dir='ltr'><strong>homo,</strong></span> <span class='ocrx_word' id='word_1_155' title='bbox 1336 1590 1544 1660; x_wconf 86' lang='lat' dir='ltr'><strong>impetu</strong></span> <span class='ocrx_word' id='word_1_156' title='bbox 1570 1599 1627 1645; x_wconf 89' lang='lat' dir='ltr'><strong>et</strong></span> <span class='ocrx_word' id='word_1_157' title='bbox 1665 1588 1887 1643; x_wconf 85' lang='lat' dir='ltr'><strong>levitate</strong></span> <span class='ocrx_word' id='word_1_158' title='bbox 1920 1589 2061 1642; x_wconf 90' lang='lat' dir='ltr'><strong>ultra</strong></span> <span class='ocrx_word' id='word_1_159' title='bbox 2108 1591 2257 1648; x_wconf 81' lang='lat' dir='ltr'><strong>vices</strong></span> <span class='ocrx_word' id='word_1_160' title='bbox 2287 1592 2598 1658; x_wconf 83' lang='lat' dir='ltr'><strong>ferebatur,</strong></span> <span class='ocrx_word' id='word_1_161' title='bbox 2638 1608 2693 1648; x_wconf 88' lang='lat' dir='ltr'><strong>et</strong></span> <span class='ocrx_word' id='word_1_162' title='bbox 2725 1593 2861 1649; x_wconf 82' lang='lat' dir='ltr'><strong>nihil</strong></span> <span class='ocrx_word' id='word_1_163' title='bbox 2892 1608 3002 1648; x_wconf 87' lang='lat' dir='ltr'><strong>non</strong></span> <span class='ocrx_word' id='word_1_164' title='bbox 3047 1594 3151 1649; x_wconf 88' lang='lat' dir='ltr'><strong>uisi</strong></span> <span class='ocrx_word' id='word_1_165' title='bbox 3193 1608 3476 1663; x_wconf 83' lang='lat' dir='ltr'><strong>arrOgaus,</strong></span> <span class='ocrx_word' id='word_1_166' title='bbox 3530 1594 3784 1649; x_wconf 88' lang='lat' dir='ltr'><strong>eminere</strong></span> 
     </span>
    </p>
   </div>
   <div class='ocr_carea' id='block_1_15' title="bbox 532 1665 3792 1751">
    <p class='ocr_par' dir='ltr' id='par_1_15' title="bbox 532 1665 3792 1751">
     <span class='ocr_line' id='line_1_15' title="bbox 532 1665 3792 1751; baseline -0 -18"><span class='ocrx_word' id='word_1_167' title='bbox 532 1693 750 1748; x_wconf 86' lang='lat' dir='ltr'><strong>semper</strong></span> <span class='ocrx_word' id='word_1_168' title='bbox 776 1678 1052 1733; x_wconf 84' lang='lat' dir='ltr'><strong>studebat.</strong></span> <span class='ocrx_word' id='word_1_169' title='bbox 1083 1678 1324 1749; x_wconf 87' lang='lat' dir='ltr'><strong>Uterque</strong></span> <span class='ocrx_word' id='word_1_170' title='bbox 1359 1693 1591 1749; x_wconf 84' lang='lat' dir='ltr'><strong>magnus</strong></span> <span class='ocrx_word' id='word_1_171' title='bbox 1625 1677 1772 1733; x_wconf 89' lang='lat' dir='ltr'><strong>inter</strong></span> <span class='ocrx_word' id='word_1_172' title='bbox 1838 1665 2087 1733; x_wconf 60' lang='lat' dir='ltr'><strong>erudito&#39;s</strong></span> <span class='ocrx_word' id='word_1_173' title='bbox 2129 1680 2305 1736; x_wconf 89' lang='lat' dir='ltr'><strong>videri</strong></span> <span class='ocrx_word' id='word_1_174' title='bbox 2361 1682 2599 1746; x_wconf 68' lang='lat' dir='ltr'><strong>valebat,</strong></span> <span class='ocrx_word' id='word_1_175' title='bbox 2650 1682 2739 1736; x_wconf 81' lang='lat' dir='ltr'><strong>ille</strong></span> <span class='ocrx_word' id='word_1_176' title='bbox 2788 1682 2844 1735; x_wconf 83' lang='lat' dir='ltr'><strong>in</strong></span> <span class='ocrx_word' id='word_1_177' title='bbox 2896 1681 3121 1736; x_wconf 64' lang='lat' dir='ltr'><strong>Gracia:</strong></span> <span class='ocrx_word' id='word_1_178' title='bbox 3177 1683 3411 1751; x_wconf 82' lang='lat' dir='ltr'><strong>pariter,</strong></span> <span class='ocrx_word' id='word_1_179' title='bbox 3468 1692 3635 1751; x_wconf 84' lang='lat' dir='ltr'><strong>atque</strong></span> <span class='ocrx_word' id='word_1_180' title='bbox 3686 1681 3792 1734; x_wconf 73' lang='lat' dir='ltr'><strong>lto-</strong></span> 
     </span>
    </p>
   </div>
   <div class='ocr_carea' id='block_1_16' title="bbox 535 1764 3785 1839">
    <p class='ocr_par' dir='ltr' id='par_1_16' title="bbox 535 1764 3785 1839">
     <span class='ocr_line' id='line_1_16' title="bbox 535 1764 3785 1839; baseline -0.001 -19"><span class='ocrx_word' id='word_1_181' title='bbox 535 1782 711 1823; x_wconf 69' lang='lat' dir='ltr'><strong>mana:</strong></span> <span class='ocrx_word' id='word_1_182' title='bbox 737 1768 1065 1823; x_wconf 62' lang='lat' dir='ltr'><strong>litteraturae</strong></span> <span class='ocrx_word' id='word_1_183' title='bbox 1091 1768 1365 1839; x_wconf 66' lang='lat' dir='ltr'><strong>praesidiis</strong></span> <span class='ocrx_word' id='word_1_184' title='bbox 1402 1766 1647 1833; x_wconf 79' lang='lat' dir='ltr'><strong>innixus,</strong></span> <span class='ocrx_word' id='word_1_185' title='bbox 1688 1766 1778 1821; x_wconf 87' lang='lat' dir='ltr'><strong>hic</strong></span> <span class='ocrx_word' id='word_1_186' title='bbox 1832 1766 2066 1821; x_wconf 87' lang='lat' dir='ltr'><strong>nimium</strong></span> <span class='ocrx_word' id='word_1_187' title='bbox 2106 1766 2307 1837; x_wconf 87' lang='lat' dir='ltr'><strong>ingenii</strong></span> <span class='ocrx_word' id='word_1_188' title='bbox 2346 1764 2594 1819; x_wconf 82' lang='lat' dir='ltr'><strong>facultati</strong></span> <span class='ocrx_word' id='word_1_189' title='bbox 2649 1765 2845 1827; x_wconf 85' lang='lat' dir='ltr'><strong>fidens,</strong></span> <span class='ocrx_word' id='word_1_190' title='bbox 2886 1776 2941 1819; x_wconf 90' lang='lat' dir='ltr'><strong>et</strong></span> <span class='ocrx_word' id='word_1_191' title='bbox 2971 1765 3359 1834; x_wconf 86' lang='lat' dir='ltr'><strong>intempestiva</strong></span> <span class='ocrx_word' id='word_1_192' title='bbox 3393 1773 3560 1833; x_wconf 78' lang='lat' dir='ltr'><strong>parta:</strong></span> <span class='ocrx_word' id='word_1_193' title='bbox 3593 1768 3785 1836; x_wconf 91' lang='lat' dir='ltr'><strong>cogni-</strong></span> 
     </span>
    </p>
   </div>
   <div class='ocr_carea' id='block_1_17' title="bbox 536 1852 3796 1925">
    <p class='ocr_par' dir='ltr' id='par_1_17' title="bbox 536 1852 3796 1925">
     <span class='ocr_line' id='line_1_17' title="bbox 536 1852 3796 1925; baseline -0.001 -17"><span class='ocrx_word' id='word_1_194' title='bbox 536 1856 704 1909; x_wconf 89' lang='lat' dir='ltr'><strong>tionis</strong></span> <span class='ocrx_word' id='word_1_195' title='bbox 733 1858 1091 1925; x_wconf 80' lang='lat' dir='ltr'><strong>persuasioue</strong></span> <span class='ocrx_word' id='word_1_196' title='bbox 1115 1855 1362 1921; x_wconf 84' lang='lat' dir='ltr'><strong>inﬂatus,</strong></span> <span class='ocrx_word' id='word_1_197' title='bbox 1397 1855 1486 1910; x_wconf 92' lang='lat' dir='ltr'><strong>ille</strong></span> <span class='ocrx_word' id='word_1_198' title='bbox 1517 1854 1582 1909; x_wconf 90' lang='lat' dir='ltr'><strong>ad</strong></span> <span class='ocrx_word' id='word_1_199' title='bbox 1615 1853 1895 1909; x_wconf 88' lang='lat' dir='ltr'><strong>edendum</strong></span> <span class='ocrx_word' id='word_1_200' title='bbox 1933 1857 2080 1923; x_wconf 86' lang='lat' dir='ltr'><strong>quod</strong></span> <span class='ocrx_word' id='word_1_201' title='bbox 2135 1861 2541 1908; x_wconf 82' lang='lat' dir='ltr'><strong>commentatus</strong></span> <span class='ocrx_word' id='word_1_202' title='bbox 2583 1862 2724 1915; x_wconf 86' lang='lat' dir='ltr'><strong>erat,</strong></span> <span class='ocrx_word' id='word_1_203' title='bbox 2787 1853 3024 1917; x_wconf 77' lang='lat' dir='ltr'><strong>tardior,</strong></span> <span class='ocrx_word' id='word_1_204' title='bbox 3075 1852 3428 1906; x_wconf 80' lang='lat' dir='ltr'><strong>emendando</strong></span> <span class='ocrx_word' id='word_1_205' title='bbox 3461 1852 3609 1922; x_wconf 91' lang='lat' dir='ltr'><strong>quod</strong></span> <span class='ocrx_word' id='word_1_206' title='bbox 3657 1853 3796 1906; x_wconf 90' lang='lat' dir='ltr'><strong>scri-</strong></span> 
     </span>
    </p>
   </div>
   <div class='ocr_carea' id='block_1_18' title="bbox 536 1939 3792 2013">
    <p class='ocr_par' dir='ltr' id='par_1_18' title="bbox 536 1939 3792 2013">
     <span class='ocr_line' id='line_1_18' title="bbox 536 1939 3792 2013; baseline -0.001 -18"><span class='ocrx_word' id='word_1_207' title='bbox 536 1952 737 2013; x_wconf 85' lang='lat' dir='ltr'><strong>pserat,</strong></span> <span class='ocrx_word' id='word_1_208' title='bbox 770 1958 1051 2013; x_wconf 78' lang='lat' dir='ltr'><strong>nunquam</strong></span> <span class='ocrx_word' id='word_1_209' title='bbox 1082 1944 1333 1999; x_wconf 79' lang='lat' dir='ltr'><strong>defessus</strong></span> <span class='ocrx_word' id='word_1_210' title='bbox 1365 1960 1381 2009; x_wconf 87' lang='lat'><strong>;</strong></span> <span class='ocrx_word' id='word_1_211' title='bbox 1414 1942 1505 1996; x_wconf 89' lang='lat' dir='ltr'><strong>hic</strong></span> <span class='ocrx_word' id='word_1_212' title='bbox 1537 1941 1804 2011; x_wconf 73' lang='lat' dir='ltr'><strong>pmeipiti</strong></span> <span class='ocrx_word' id='word_1_213' title='bbox 1865 1941 2214 1996; x_wconf 90' lang='lat' dir='ltr'><strong>festinatione</strong></span> <span class='ocrx_word' id='word_1_214' title='bbox 2259 1940 2461 1994; x_wconf 88' lang='lat' dir='ltr'><strong>crudos</strong></span> <span class='ocrx_word' id='word_1_215' title='bbox 2518 1954 2667 2010; x_wconf 69' lang='lat' dir='ltr'><strong>stepe</strong></span> <span class='ocrx_word' id='word_1_216' title='bbox 2714 1940 2937 1995; x_wconf 88' lang='lat' dir='ltr'><strong>labores</strong></span> <span class='ocrx_word' id='word_1_217' title='bbox 2992 1941 3045 1994; x_wconf 90' lang='lat' dir='ltr'><strong>in</strong></span> <span class='ocrx_word' id='word_1_218' title='bbox 3097 1939 3377 2008; x_wconf 87' lang='lat' dir='ltr'><strong>publicum</strong></span> <span class='ocrx_word' id='word_1_219' title='bbox 3436 1941 3792 2010; x_wconf 73' lang='lat' dir='ltr'><strong>protrudens,</strong></span> 
     </span>
    </p>
   </div>
   <div class='ocr_carea' id='block_1_19' title="bbox 534 2024 3794 2100">
    <p class='ocr_par' dir='ltr' id='par_1_19' title="bbox 534 2024 3794 2100">
     <span class='ocr_line' id='line_1_19' title="bbox 534 2024 3794 2100; baseline -0.001 -16"><span class='ocrx_word' id='word_1_220' title='bbox 534 2045 895 2100; x_wconf 88' lang='lat' dir='ltr'><strong>errorumque</strong></span> <span class='ocrx_word' id='word_1_221' title='bbox 929 2031 1132 2099; x_wconf 85' lang='lat' dir='ltr'><strong>quibus</strong></span> <span class='ocrx_word' id='word_1_222' title='bbox 1163 2031 1470 2100; x_wconf 88' lang='lat' dir='ltr'><strong>implicitus</strong></span> <span class='ocrx_word' id='word_1_223' title='bbox 1512 2040 1631 2084; x_wconf 86' lang='lat' dir='ltr'><strong>erat</strong></span> <span class='ocrx_word' id='word_1_224' title='bbox 1662 2038 1846 2084; x_wconf 88' lang='lat' dir='ltr'><strong>tenax.</strong></span> <span class='ocrx_word' id='word_1_225' title='bbox 1892 2027 2033 2084; x_wconf 87' lang='lat' dir='ltr'><strong>Tum</strong></span> <span class='ocrx_word' id='word_1_226' title='bbox 2064 2042 2196 2082; x_wconf 83' lang='lat' dir='ltr'><strong>vero</strong></span> <span class='ocrx_word' id='word_1_227' title='bbox 2222 2024 2649 2096; x_wconf 84' lang='lat' dir='ltr'><strong>Trapezuntius,</strong></span> <span class='ocrx_word' id='word_1_228' title='bbox 2702 2028 2932 2081; x_wconf 89' lang='lat' dir='ltr'><strong>multum</strong></span> <span class='ocrx_word' id='word_1_229' title='bbox 2961 2025 3195 2097; x_wconf 88' lang='lat' dir='ltr'><strong>agendo,</strong></span> <span class='ocrx_word' id='word_1_230' title='bbox 3230 2027 3464 2081; x_wconf 90' lang='lat' dir='ltr'><strong>multum</strong></span> <span class='ocrx_word' id='word_1_231' title='bbox 3492 2029 3747 2097; x_wconf 86' lang='lat' dir='ltr'><strong>peccabat</strong></span> <span class='ocrx_word' id='word_1_232' title='bbox 3780 2046 3794 2082; x_wconf 85' lang='lat'>:</span> 
     </span>
    </p>
   </div>
   <div class='ocr_carea' id='block_1_20' title="bbox 536 2115 3791 2192">
    <p class='ocr_par' dir='ltr' id='par_1_20' title="bbox 536 2115 3791 2192">
     <span class='ocr_line' id='line_1_20' title="bbox 536 2115 3791 2192; baseline -0.002 -15"><span class='ocrx_word' id='word_1_233' title='bbox 536 2122 703 2186; x_wconf 75' lang='lat' dir='ltr'><strong>Gaza,</strong></span> <span class='ocrx_word' id='word_1_234' title='bbox 738 2136 910 2192; x_wconf 80' lang='lat' dir='ltr'><strong>pauca</strong></span> <span class='ocrx_word' id='word_1_235' title='bbox 945 2119 1260 2192; x_wconf 79' lang='lat' dir='ltr'><strong>exhibendo</strong></span> <span class='ocrx_word' id='word_1_236' title='bbox 1314 2136 1503 2191; x_wconf 85' lang='lat' dir='ltr'><strong>magna</strong></span> <span class='ocrx_word' id='word_1_237' title='bbox 1535 2119 1700 2174; x_wconf 87' lang='lat' dir='ltr'><strong>dabat</strong></span> <span class='ocrx_word' id='word_1_238' title='bbox 1755 2136 1769 2172; x_wconf 90' lang='lat'>:</span> <span class='ocrx_word' id='word_1_239' title='bbox 1823 2118 1933 2181; x_wconf 89' lang='lat' dir='ltr'><strong>hic,</strong></span> <span class='ocrx_word' id='word_1_240' title='bbox 1991 2118 2179 2173; x_wconf 73' lang='lat' dir='ltr'><strong>Grtnce</strong></span> <span class='ocrx_word' id='word_1_241' title='bbox 2222 2116 2595 2180; x_wconf 78' lang='lat' dir='ltr'><strong>doctissimus,</strong></span> <span class='ocrx_word' id='word_1_242' title='bbox 2640 2115 2883 2185; x_wconf 89' lang='lat' dir='ltr'><strong>linguam</strong></span> <span class='ocrx_word' id='word_1_243' title='bbox 2928 2115 3227 2185; x_wconf 75' lang='lat' dir='ltr'><strong>Quiritium</strong></span> <span class='ocrx_word' id='word_1_244' title='bbox 3289 2117 3527 2183; x_wconf 74' lang='lat' dir='ltr'><strong>graviter</strong></span> <span class='ocrx_word' id='word_1_245' title='bbox 3579 2119 3791 2172; x_wconf 82' lang='lat' dir='ltr'><strong>excole-</strong></span> 
     </span>
    </p>
   </div>
   <div class='ocr_carea' id='block_1_21' title="bbox 552 2188 3800 2279">
    <p class='ocr_par' dir='ltr' id='par_1_21' title="bbox 552 2188 3800 2279">
     <span class='ocr_line' id='line_1_21' title="bbox 552 2188 3800 2279; baseline -0.002 -16"><span class='ocrx_word' id='word_1_246' title='bbox 552 2212 663 2274; x_wconf 85' lang='lat' dir='ltr'><strong>bat,</strong></span> <span class='ocrx_word' id='word_1_247' title='bbox 698 2188 789 2265; x_wconf 85' lang='lat' dir='ltr'><strong>ille</strong></span> <span class='ocrx_word' id='word_1_248' title='bbox 841 2210 897 2263; x_wconf 88' lang='lat' dir='ltr'><strong>in</strong></span> <span class='ocrx_word' id='word_1_249' title='bbox 931 2208 1105 2279; x_wconf 87' lang='lat' dir='ltr'><strong>patria</strong></span> <span class='ocrx_word' id='word_1_250' title='bbox 1127 2188 1317 2278; x_wconf 48' lang='lat' dir='ltr'><strong>&#39;lingua</strong></span> <span class='ocrx_word' id='word_1_251' title='bbox 1345 2188 1650 2277; x_wconf 69' lang='lat' dir='ltr'><strong>peregrinae</strong></span> <span class='ocrx_word' id='word_1_252' title='bbox 1696 2207 1944 2276; x_wconf 66' lang='lat' dir='ltr'><strong>praesidia</strong></span> <span class='ocrx_word' id='word_1_253' title='bbox 1984 2203 2306 2260; x_wconf 86' lang='lat' dir='ltr'><strong>collocabat.</strong></span> <span class='ocrx_word' id='word_1_254' title='bbox 2354 2200 2602 2273; x_wconf 80' lang='lat' dir='ltr'><strong>Uterque</strong></span> <span class='ocrx_word' id='word_1_255' title='bbox 2656 2202 2894 2256; x_wconf 88' lang='lat' dir='ltr'><strong>rhetoris</strong></span> <span class='ocrx_word' id='word_1_256' title='bbox 2938 2217 3231 2271; x_wconf 85' lang='lat' dir='ltr'><strong>personam</strong></span> <span class='ocrx_word' id='word_1_257' title='bbox 3278 2219 3405 2258; x_wconf 88' lang='lat' dir='ltr'><strong>cum</strong></span> <span class='ocrx_word' id='word_1_258' title='bbox 3438 2204 3600 2259; x_wconf 87' lang='lat' dir='ltr'><strong>laude</strong></span> <span class='ocrx_word' id='word_1_259' title='bbox 3631 2212 3800 2259; x_wconf 83' lang='lat' dir='ltr'><strong>susti-</strong></span> 
     </span>
    </p>
   </div>
   <div class='ocr_carea' id='block_1_22' title="bbox 540 2289 3795 2365">
    <p class='ocr_par' dir='ltr' id='par_1_22' title="bbox 540 2289 3795 2365">
     <span class='ocr_line' id='line_1_22' title="bbox 540 2289 3795 2365; baseline -0.001 -14"><span class='ocrx_word' id='word_1_260' title='bbox 540 2299 724 2362; x_wconf 80' lang='lat' dir='ltr'><strong>nebat,</strong></span> <span class='ocrx_word' id='word_1_261' title='bbox 782 2297 925 2351; x_wconf 86' lang='lat' dir='ltr'><strong>Gaza</strong></span> <span class='ocrx_word' id='word_1_262' title='bbox 995 2306 1201 2359; x_wconf 87' lang='lat' dir='ltr'><strong>autem,</strong></span> <span class='ocrx_word' id='word_1_263' title='bbox 1263 2295 1483 2350; x_wconf 87' lang='lat' dir='ltr'><strong>dicendi</strong></span> <span class='ocrx_word' id='word_1_264' title='bbox 1525 2297 1576 2349; x_wconf 88' lang='lat' dir='ltr'><strong>vi</strong></span> <span class='ocrx_word' id='word_1_265' title='bbox 1628 2308 1693 2349; x_wconf 89' lang='lat' dir='ltr'><strong>ac</strong></span> <span class='ocrx_word' id='word_1_266' title='bbox 1742 2294 2027 2365; x_wconf 74' lang='lat' dir='ltr'><strong>gravitate,</strong></span> <span class='ocrx_word' id='word_1_267' title='bbox 2078 2310 2185 2348; x_wconf 90' lang='lat' dir='ltr'><strong>non</strong></span> <span class='ocrx_word' id='word_1_268' title='bbox 2253 2291 2631 2360; x_wconf 81' lang='lat' dir='ltr'><strong>Aphthonium</strong></span> <span class='ocrx_word' id='word_1_269' title='bbox 2681 2289 3045 2346; x_wconf 83' lang='lat' dir='ltr'><strong>&#39;l&#39;heonumve</strong></span> <span class='ocrx_word' id='word_1_270' title='bbox 3102 2290 3421 2360; x_wconf 88' lang='lat' dir='ltr'><strong>quemdam,</strong></span> <span class='ocrx_word' id='word_1_271' title='bbox 3463 2293 3556 2346; x_wconf 91' lang='lat' dir='ltr'><strong>sed</strong></span> <span class='ocrx_word' id='word_1_272' title='bbox 3619 2294 3795 2362; x_wconf 88' lang='lat' dir='ltr'><strong>ipsum</strong></span> 
     </span>
    </p>
   </div>
   <div class='ocr_carea' id='block_1_23' title="bbox 542 2365 3799 2451">
    <p class='ocr_par' dir='ltr' id='par_1_23' title="bbox 542 2365 3799 2451">
     <span class='ocr_line' id='line_1_23' title="bbox 542 2365 3799 2451; baseline -0.001 -12"><span class='ocrx_word' id='word_1_273' title='bbox 542 2383 962 2439; x_wconf 80' lang='lat' dir='ltr'><strong>Demosthenem</strong></span> <span class='ocrx_word' id='word_1_274' title='bbox 1018 2382 1254 2437; x_wconf 86' lang='lat' dir='ltr'><strong>reddere</strong></span> <span class='ocrx_word' id='word_1_275' title='bbox 1286 2381 1605 2437; x_wconf 88' lang='lat' dir='ltr'><strong>videbatur.</strong></span> <span class='ocrx_word' id='word_1_276' title='bbox 1666 2380 1719 2435; x_wconf 82' lang='lat' dir='ltr'><strong>ls</strong></span> <span class='ocrx_word' id='word_1_277' title='bbox 1748 2382 1955 2435; x_wconf 79' lang='lat' dir='ltr'><strong>nullius</strong></span> <span class='ocrx_word' id='word_1_278' title='bbox 2004 2380 2195 2435; x_wconf 81' lang='lat' dir='ltr'><strong>laudes</strong></span> <span class='ocrx_word' id='word_1_279' title='bbox 2240 2381 2511 2442; x_wconf 66' lang='lat' dir='ltr'><strong>teutabat,</strong></span> <span class='ocrx_word' id='word_1_280' title='bbox 2564 2390 2620 2434; x_wconf 92' lang='lat' dir='ltr'><strong>et</strong></span> <span class='ocrx_word' id='word_1_281' title='bbox 2667 2395 2823 2434; x_wconf 88' lang='lat' dir='ltr'><strong>suam</strong></span> <span class='ocrx_word' id='word_1_282' title='bbox 2873 2380 2979 2435; x_wconf 81' lang='lat' dir='ltr'><strong>sibi</strong></span> <span class='ocrx_word' id='word_1_283' title='bbox 3038 2382 3266 2451; x_wconf 75' lang='lat' dir='ltr'><strong>gloriam</strong></span> <span class='ocrx_word' id='word_1_284' title='bbox 3309 2365 3535 2437; x_wconf 25' lang='lat' dir='ltr'><strong>.virtute</strong></span> <span class='ocrx_word' id='word_1_285' title='bbox 3582 2392 3639 2437; x_wconf 74' lang='lat' dir='ltr'><strong>et</strong></span> <span class='ocrx_word' id='word_1_286' title='bbox 3703 2386 3799 2437; x_wconf 89' lang='lat' dir='ltr'><strong>ho-</strong></span> 
     </span>
    </p>
   </div>
   <div class='ocr_carea' id='block_1_24' title="bbox 542 2468 3801 2542">
    <p class='ocr_par' dir='ltr' id='par_1_24' title="bbox 542 2468 3801 2542">
     <span class='ocr_line' id='line_1_24' title="bbox 542 2468 3801 2542; baseline -0.001 -16"><span class='ocrx_word' id='word_1_287' title='bbox 542 2481 751 2527; x_wconf 74' lang='lat' dir='ltr'><strong>nestate</strong></span> <span class='ocrx_word' id='word_1_288' title='bbox 801 2472 997 2539; x_wconf 80' lang='lat' dir='ltr'><strong>agendi</strong></span> <span class='ocrx_word' id='word_1_289' title='bbox 1034 2470 1434 2542; x_wconf 85' lang='lat' dir='ltr'><strong>comparabat:</strong></span> <span class='ocrx_word' id='word_1_290' title='bbox 1488 2468 1899 2538; x_wconf 83' lang='lat' dir='ltr'><strong>Trapezuntius</strong></span> <span class='ocrx_word' id='word_1_291' title='bbox 1944 2468 2193 2524; x_wconf 87' lang='lat' dir='ltr'><strong>eruditos</strong></span> <span class='ocrx_word' id='word_1_292' title='bbox 2238 2468 2457 2538; x_wconf 83' lang='lat' dir='ltr'><strong>injuriis</strong></span> <span class='ocrx_word' id='word_1_293' title='bbox 2493 2469 2819 2533; x_wconf 86' lang='lat' dir='ltr'><strong>lacessebat,</strong></span> <span class='ocrx_word' id='word_1_294' title='bbox 2870 2478 2926 2523; x_wconf 90' lang='lat' dir='ltr'><strong>et</strong></span> <span class='ocrx_word' id='word_1_295' title='bbox 2974 2468 3191 2524; x_wconf 88' lang='lat' dir='ltr'><strong>laudem</strong></span> <span class='ocrx_word' id='word_1_296' title='bbox 3241 2470 3639 2524; x_wconf 80' lang='lat' dir='ltr'><strong>obtrectatione</strong></span> <span class='ocrx_word' id='word_1_297' title='bbox 3677 2488 3801 2540; x_wconf 69' lang='lat' dir='ltr'><strong>par-</strong></span> 
     </span>
    </p>
   </div>
   <div class='ocr_carea' id='block_1_25' title="bbox 542 2554 3797 2628">
    <p class='ocr_par' dir='ltr' id='par_1_25' title="bbox 542 2554 3797 2628">
     <span class='ocr_line' id='line_1_25' title="bbox 542 2554 3797 2628; baseline -0.001 -14"><span class='ocrx_word' id='word_1_298' title='bbox 542 2570 651 2614; x_wconf 84' lang='lat' dir='ltr'><strong>tam</strong></span> <span class='ocrx_word' id='word_1_299' title='bbox 689 2560 931 2614; x_wconf 86' lang='lat' dir='ltr'><strong>ultorum</strong></span> <span class='ocrx_word' id='word_1_300' title='bbox 964 2559 1173 2613; x_wconf 87' lang='lat' dir='ltr'><strong>virtute</strong></span> <span class='ocrx_word' id='word_1_301' title='bbox 1206 2554 1519 2613; x_wconf 87' lang='lat' dir='ltr'><strong>amittebat.</strong></span> <span class='ocrx_word' id='word_1_302' title='bbox 1556 2557 1870 2611; x_wconf 79' lang='lat' dir='ltr'><strong>Amicitiam</strong></span> <span class='ocrx_word' id='word_1_303' title='bbox 1922 2556 2065 2610; x_wconf 88' lang='lat' dir='ltr'><strong>alter</strong></span> <span class='ocrx_word' id='word_1_304' title='bbox 2088 2555 2291 2621; x_wconf 80' lang='lat' dir='ltr'><strong>ollieio,</strong></span> <span class='ocrx_word' id='word_1_305' title='bbox 2338 2558 2574 2612; x_wconf 81' lang='lat' dir='ltr'><strong>utilitate</strong></span> <span class='ocrx_word' id='word_1_306' title='bbox 2603 2557 2745 2612; x_wconf 88' lang='lat' dir='ltr'><strong>alter</strong></span> <span class='ocrx_word' id='word_1_307' title='bbox 2790 2558 3144 2612; x_wconf 84' lang='lat' dir='ltr'><strong>metiebatur.</strong></span> <span class='ocrx_word' id='word_1_308' title='bbox 3177 2557 3335 2612; x_wconf 88' lang='lat' dir='ltr'><strong>Hune</strong></span> <span class='ocrx_word' id='word_1_309' title='bbox 3365 2566 3550 2626; x_wconf 66' lang='lat' dir='ltr'><strong>patrate</strong></span> <span class='ocrx_word' id='word_1_310' title='bbox 3579 2560 3797 2628; x_wconf 85' lang='lat' dir='ltr'><strong>puduit.</strong></span> 
     </span>
    </p>
   </div>
   <div class='ocr_carea' id='block_1_26' title="bbox 541 2642 3801 2716">
    <p class='ocr_par' dir='ltr' id='par_1_26' title="bbox 541 2642 3801 2716">
     <span class='ocr_line' id='line_1_26' title="bbox 541 2642 3801 2716; baseline -0 -18"><span class='ocrx_word' id='word_1_311' title='bbox 541 2648 630 2703; x_wconf 88' lang='lat' dir='ltr'><strong>ille</strong></span> <span class='ocrx_word' id='word_1_312' title='bbox 672 2663 868 2703; x_wconf 84' lang='lat' dir='ltr'><strong>amore</strong></span> <span class='ocrx_word' id='word_1_313' title='bbox 906 2662 1037 2702; x_wconf 82' lang='lat' dir='ltr'><strong>vero</strong></span> <span class='ocrx_word' id='word_1_314' title='bbox 1085 2646 1337 2701; x_wconf 82' lang='lat' dir='ltr'><strong>eamdem</strong></span> <span class='ocrx_word' id='word_1_315' title='bbox 1393 2654 1718 2716; x_wconf 89' lang='lat' dir='ltr'><strong>prosecutus</strong></span> <span class='ocrx_word' id='word_1_316' title='bbox 1752 2654 1857 2707; x_wconf 87' lang='lat' dir='ltr'><strong>est,</strong></span> <span class='ocrx_word' id='word_1_317' title='bbox 1906 2658 2077 2712; x_wconf 84' lang='lat' dir='ltr'><strong>seque</strong></span> <span class='ocrx_word' id='word_1_318' title='bbox 2119 2642 2189 2699; x_wconf 90' lang='lat' dir='ltr'><strong>ab</strong></span> <span class='ocrx_word' id='word_1_319' title='bbox 2251 2644 2346 2698; x_wconf 81' lang='lat' dir='ltr'><strong>illa</strong></span> <span class='ocrx_word' id='word_1_320' title='bbox 2393 2644 2501 2699; x_wconf 89' lang='lat' dir='ltr'><strong>dici</strong></span> <span class='ocrx_word' id='word_1_321' title='bbox 2542 2660 2761 2714; x_wconf 84' lang='lat' dir='ltr'><strong>semper</strong></span> <span class='ocrx_word' id='word_1_322' title='bbox 2821 2644 3016 2698; x_wconf 81' lang='lat' dir='ltr'><strong>voluit.</strong></span> <span class='ocrx_word' id='word_1_323' title='bbox 3067 2644 3499 2713; x_wconf 80' lang='lat' dir='ltr'><strong>Trapezuutium</strong></span> <span class='ocrx_word' id='word_1_324' title='bbox 3554 2646 3801 2707; x_wconf 83' lang='lat' dir='ltr'><strong>fortuna,</strong></span> 
     </span>
    </p>
   </div>
   <div class='ocr_carea' id='block_1_27' title="bbox 538 2731 3799 2804">
    <p class='ocr_par' dir='ltr' id='par_1_27' title="bbox 538 2731 3799 2804">
     <span class='ocr_line' id='line_1_27' title="bbox 538 2731 3799 2804; baseline -0.001 -17"><span class='ocrx_word' id='word_1_325' title='bbox 538 2743 732 2804; x_wconf 87' lang='lat' dir='ltr'><strong>sponte</strong></span> <span class='ocrx_word' id='word_1_326' title='bbox 760 2745 1082 2801; x_wconf 83' lang='lat' dir='ltr'><strong>consecuta,</strong></span> <span class='ocrx_word' id='word_1_327' title='bbox 1117 2734 1227 2789; x_wconf 89' lang='lat' dir='ltr'><strong>cito</strong></span> <span class='ocrx_word' id='word_1_328' title='bbox 1262 2733 1552 2789; x_wconf 85' lang='lat' dir='ltr'><strong>deseruit:</strong></span> <span class='ocrx_word' id='word_1_329' title='bbox 1602 2733 1828 2795; x_wconf 82' lang='lat' dir='ltr'><strong>Gazam,</strong></span> <span class='ocrx_word' id='word_1_330' title='bbox 1879 2732 2097 2787; x_wconf 80' lang='lat' dir='ltr'><strong>tardius</strong></span> <span class='ocrx_word' id='word_1_331' title='bbox 2158 2733 2380 2801; x_wconf 85' lang='lat' dir='ltr'><strong>quidem</strong></span> <span class='ocrx_word' id='word_1_332' title='bbox 2435 2734 2747 2797; x_wconf 86' lang='lat' dir='ltr'><strong>conciliata,</strong></span> <span class='ocrx_word' id='word_1_333' title='bbox 2801 2732 3020 2803; x_wconf 77' lang='lat' dir='ltr'><strong>longius</strong></span> <span class='ocrx_word' id='word_1_334' title='bbox 3069 2732 3228 2786; x_wconf 85' lang='lat' dir='ltr'><strong>fovit.</strong></span> <span class='ocrx_word' id='word_1_335' title='bbox 3294 2731 3599 2801; x_wconf 90' lang='lat' dir='ltr'><strong>Utrumque</strong></span> <span class='ocrx_word' id='word_1_336' title='bbox 3645 2747 3799 2785; x_wconf 68' lang='lat' dir='ltr'><strong>com-</strong></span> 
     </span>
    </p>
   </div>
   <div class='ocr_carea' id='block_1_28' title="bbox 542 2820 3802 2894">
    <p class='ocr_par' dir='ltr' id='par_1_28' title="bbox 542 2820 3802 2894">
     <span class='ocr_line' id='line_1_28' title="bbox 542 2820 3802 2894; baseline -0.001 -18"><span class='ocrx_word' id='word_1_337' title='bbox 542 2837 707 2879; x_wconf 74' lang='lat' dir='ltr'><strong>nime</strong></span> <span class='ocrx_word' id='word_1_338' title='bbox 737 2824 910 2879; x_wconf 88' lang='lat' dir='ltr'><strong>fatum</strong></span> <span class='ocrx_word' id='word_1_339' title='bbox 946 2823 1120 2894; x_wconf 87' lang='lat' dir='ltr'><strong>patria</strong></span> <span class='ocrx_word' id='word_1_340' title='bbox 1152 2822 1350 2879; x_wconf 86' lang='lat' dir='ltr'><strong>cedere</strong></span> <span class='ocrx_word' id='word_1_341' title='bbox 1383 2822 1605 2891; x_wconf 87' lang='lat' dir='ltr'><strong>coegit:</strong></span> <span class='ocrx_word' id='word_1_342' title='bbox 1662 2820 1756 2876; x_wconf 89' lang='lat' dir='ltr'><strong>sed</strong></span> <span class='ocrx_word' id='word_1_343' title='bbox 1790 2821 2021 2873; x_wconf 87' lang='lat' dir='ltr'><strong>alterum</strong></span> <span class='ocrx_word' id='word_1_344' title='bbox 2042 2823 2330 2891; x_wconf 85' lang='lat' dir='ltr'><strong>perpetuis</strong></span> <span class='ocrx_word' id='word_1_345' title='bbox 2355 2822 2466 2891; x_wconf 83' lang='lat' dir='ltr'><strong>egit</strong></span> <span class='ocrx_word' id='word_1_346' title='bbox 2497 2822 2804 2883; x_wconf 88' lang='lat' dir='ltr'><strong>erroribus,</strong></span> <span class='ocrx_word' id='word_1_347' title='bbox 2848 2830 2927 2884; x_wconf 89' lang='lat' dir='ltr'><strong>et,</strong></span> <span class='ocrx_word' id='word_1_348' title='bbox 2963 2829 3022 2872; x_wconf 90' lang='lat' dir='ltr'><strong>ut</strong></span> <span class='ocrx_word' id='word_1_349' title='bbox 3054 2821 3198 2875; x_wconf 89' lang='lat' dir='ltr'><strong>inter</strong></span> <span class='ocrx_word' id='word_1_350' title='bbox 3231 2820 3551 2889; x_wconf 78' lang='lat' dir='ltr'><strong>peregrinos</strong></span> <span class='ocrx_word' id='word_1_351' title='bbox 3581 2834 3802 2891; x_wconf 87' lang='lat' dir='ltr'><strong>semper</strong></span> 
     </span>
    </p>
   </div>
   <div class='ocr_carea' id='block_1_29' title="bbox 546 2906 3803 2983">
    <p class='ocr_par' dir='ltr' id='par_1_29' title="bbox 546 2906 3803 2983">
     <span class='ocr_line' id='line_1_29' title="bbox 546 2906 3803 2983; baseline -0.002 -16"><span class='ocrx_word' id='word_1_352' title='bbox 546 2913 1015 2983; x_wconf 78' lang='lat' dir='ltr'><strong>peregrinaretur,</strong></span> <span class='ocrx_word' id='word_1_353' title='bbox 1047 2913 1233 2967; x_wconf 77' lang='lat' dir='ltr'><strong>effecit</strong></span> <span class='ocrx_word' id='word_1_354' title='bbox 1267 2929 1284 2979; x_wconf 64' lang='grc' dir='ltr'>ε</span> <span class='ocrx_word' id='word_1_355' title='bbox 1315 2913 1475 2967; x_wconf 82' lang='lat' dir='ltr'><strong>alteri</strong></span> <span class='ocrx_word' id='word_1_356' title='bbox 1523 2915 1704 2965; x_wconf 81' lang='lat' dir='ltr'><strong>autem</strong></span> <span class='ocrx_word' id='word_1_357' title='bbox 1760 2910 1910 2964; x_wconf 72' lang='lat' dir='ltr'><strong>inter</strong></span> <span class='ocrx_word' id='word_1_358' title='bbox 1960 2910 2298 2978; x_wconf 79' lang='lat' dir='ltr'><strong>alienigenas</strong></span> <span class='ocrx_word' id='word_1_359' title='bbox 2348 2910 2538 2978; x_wconf 65' lang='lat' dir='ltr'><strong>patria:</strong></span> <span class='ocrx_word' id='word_1_360' title='bbox 2575 2908 2845 2963; x_wconf 80' lang='lat' dir='ltr'><strong>beneﬁcia</strong></span> <span class='ocrx_word' id='word_1_361' title='bbox 2884 2906 3147 2965; x_wconf 88' lang='lat' dir='ltr'><strong>reddidit.</strong></span> <span class='ocrx_word' id='word_1_362' title='bbox 3204 2909 3609 2978; x_wconf 83' lang='lat' dir='ltr'><strong>&#39;l‘rapezuutms</strong></span> <span class='ocrx_word' id='word_1_363' title='bbox 3643 2910 3803 2962; x_wconf 85' lang='lat' dir='ltr'><strong>deui-</strong></span> 
     </span>
    </p>
   </div>
   <div class='ocr_carea' id='block_1_30' title="bbox 537 2998 3803 3077">
    <p class='ocr_par' dir='ltr' id='par_1_30' title="bbox 537 2998 3803 3077">
     <span class='ocr_line' id='line_1_30' title="bbox 537 2998 3803 3077; baseline -0.003 -16"><span class='ocrx_word' id='word_1_364' title='bbox 537 3022 644 3077; x_wconf 79' lang='lat' dir='ltr'><strong>que</strong></span> <span class='ocrx_word' id='word_1_365' title='bbox 690 3006 892 3061; x_wconf 85' lang='lat' dir='ltr'><strong>misere</strong></span> <span class='ocrx_word' id='word_1_366' title='bbox 948 3005 1102 3071; x_wconf 80' lang='lat' dir='ltr'><strong>vixit,</strong></span> <span class='ocrx_word' id='word_1_367' title='bbox 1158 3004 1314 3074; x_wconf 79' lang='lat' dir='ltr'><strong>pejus</strong></span> <span class='ocrx_word' id='word_1_368' title='bbox 1376 3013 1628 3056; x_wconf 69' lang='lat' dir='ltr'><strong>intortuus</strong></span> <span class='ocrx_word' id='word_1_369' title='bbox 1675 3009 1801 3057; x_wconf 84' lang='lat' dir='ltr'><strong>est:</strong></span> <span class='ocrx_word' id='word_1_370' title='bbox 1856 2998 2000 3055; x_wconf 84' lang='lat' dir='ltr'><strong>Gaza</strong></span> <span class='ocrx_word' id='word_1_371' title='bbox 2074 3000 2404 3054; x_wconf 86' lang='lat' dir='ltr'><strong>detrimenta</strong></span> <span class='ocrx_word' id='word_1_372' title='bbox 2454 3002 2577 3053; x_wconf 66' lang='lat' dir='ltr'><strong>vitae</strong></span> <span class='ocrx_word' id='word_1_373' title='bbox 2640 2998 2859 3067; x_wconf 75' lang='lat' dir='ltr'><strong>placido</strong></span> <span class='ocrx_word' id='word_1_374' title='bbox 2918 3002 3116 3053; x_wconf 88' lang='lat' dir='ltr'><strong>mortis</strong></span> <span class='ocrx_word' id='word_1_375' title='bbox 3194 3012 3396 3068; x_wconf 83' lang='lat' dir='ltr'><strong>genere</strong></span> <span class='ocrx_word' id='word_1_376' title='bbox 3453 2999 3803 3063; x_wconf 77' lang='lat' dir='ltr'><strong>rcusolatus,</strong></span> 
     </span>
    </p>
   </div>
   <div class='ocr_carea' id='block_1_31' title="bbox 539 3087 3809 3162">
    <p class='ocr_par' dir='ltr' id='par_1_31' title="bbox 539 3087 3809 3162">
     <span class='ocr_line' id='line_1_31' title="bbox 539 3087 3809 3162; baseline -0.003 -12"><span class='ocrx_word' id='word_1_377' title='bbox 539 3105 596 3150; x_wconf 86' lang='lat' dir='ltr'><strong>et</strong></span> <span class='ocrx_word' id='word_1_378' title='bbox 648 3110 772 3149; x_wconf 88' lang='lat' dir='ltr'><strong>cum</strong></span> <span class='ocrx_word' id='word_1_379' title='bbox 823 3094 916 3148; x_wconf 83' lang='lat' dir='ltr'><strong>ille</strong></span> <span class='ocrx_word' id='word_1_380' title='bbox 974 3109 1142 3148; x_wconf 74' lang='lat' dir='ltr'><strong>senex</strong></span> <span class='ocrx_word' id='word_1_381' title='bbox 1196 3104 1586 3160; x_wconf 79' lang='lat' dir='ltr'><strong>repuerascere</strong></span> <span class='ocrx_word' id='word_1_382' title='bbox 1638 3088 1937 3151; x_wconf 86' lang='lat' dir='ltr'><strong>videretur,</strong></span> <span class='ocrx_word' id='word_1_383' title='bbox 1995 3088 2089 3142; x_wconf 82' lang='lat' dir='ltr'><strong>hic</strong></span> <span class='ocrx_word' id='word_1_384' title='bbox 2136 3087 2311 3143; x_wconf 84' lang='lat' dir='ltr'><strong>virilis</strong></span> <span class='ocrx_word' id='word_1_385' title='bbox 2364 3090 2540 3145; x_wconf 79' lang='lat' dir='ltr'><strong>a-tatis</strong></span> <span class='ocrx_word' id='word_1_386' title='bbox 2583 3091 2826 3162; x_wconf 85' lang='lat' dir='ltr'><strong>vigorem</strong></span> <span class='ocrx_word' id='word_1_387' title='bbox 2879 3090 2946 3144; x_wconf 90' lang='lat' dir='ltr'><strong>ad</strong></span> <span class='ocrx_word' id='word_1_388' title='bbox 2990 3104 3295 3147; x_wconf 59' lang='lat' dir='ltr'><strong>extremam</strong></span> <span class='ocrx_word' id='word_1_389' title='bbox 3332 3103 3504 3160; x_wconf 88' lang='lat' dir='ltr'><strong>usque</strong></span> <span class='ocrx_word' id='word_1_390' title='bbox 3554 3098 3809 3145; x_wconf 85' lang='lat' dir='ltr'><strong>senectu-</strong></span> 
     </span>
    </p>
   </div>
   <div class='ocr_carea' id='block_1_32' title="bbox 539 3183 943 3239">
    <p class='ocr_par' dir='ltr' id='par_1_32' title="bbox 539 3183 943 3239">
     <span class='ocr_line' id='line_1_32' title="bbox 539 3183 943 3239; baseline -0.002 -1"><span class='ocrx_word' id='word_1_391' title='bbox 539 3195 647 3239; x_wconf 89' lang='lat' dir='ltr'><strong>tem</strong></span> <span class='ocrx_word' id='word_1_392' title='bbox 679 3183 943 3237; x_wconf 84' lang='lat' dir='ltr'><strong>servavit.</strong></span> 
     </span>
    </p>
   </div>
   <div class='ocr_carea' id='block_1_33' title="bbox 608 3289 1347 3363">
    <p class='ocr_par' dir='ltr' id='par_1_33' title="bbox 608 3289 1347 3363">
     <span class='ocr_line' id='line_1_33' title="bbox 608 3289 1347 3363; baseline -0.004 -18"><span class='ocrx_word' id='word_1_393' title='bbox 608 3292 719 3363; x_wconf 66' lang='grc' dir='ltr'>(Ξιί)</span> <span class='ocrx_word' id='word_1_394' title='bbox 757 3292 877 3349; x_wconf 75' lang='lat' dir='ltr'><strong>Vid.</strong></span> <span class='ocrx_word' id='word_1_395' title='bbox 910 3290 1134 3352; x_wconf 83' lang='lat' dir='ltr'><strong>Hodius,</strong></span> <span class='ocrx_word' id='word_1_396' title='bbox 1170 3305 1225 3361; x_wconf 89' lang='lat' dir='ltr'><strong>p.</strong></span> <span class='ocrx_word' id='word_1_397' title='bbox 1256 3289 1347 3343; x_wconf 70' lang='grc' dir='ltr'><strong>Ἡ.</strong></span> 
     </span>
    </p>
   </div>
   <div class='ocr_carea' id='block_1_34' title="bbox 545 3473 2050 3519">
    <p class='ocr_par' dir='ltr' id='par_1_34' title="bbox 550 3473 2050 3519">
     <span class='ocr_line' id='line_1_34' title="bbox 550 3473 2050 3519; baseline -0.011 4"><span class='ocrx_word' id='word_1_398' title='bbox 1272 3502 1821 3514; x_wconf 64' lang='lat' dir='ltr'><em>W</em></span> <span class='ocrx_word' id='word_1_399' title='bbox 1836 3502 1945 3510; x_wconf 68' lang='grc'><strong>..-</strong></span> <span class='ocrx_word' id='word_1_400' title='bbox 1949 3473 2050 3509; x_wconf 60' lang='lat'><strong>—-_‘</strong></span> 
     </span>
    </p>
   </div>
   <div class='ocr_carea' id='block_1_35' title="bbox 1129 3589 2750 3804">
    <p class='ocr_par' dir='ltr' id='par_1_35' title="bbox 1129 3589 2750 3804">
     <span class='ocr_line' id='line_1_35' title="bbox 1129 3589 2750 3804; baseline -0.009 1"><span class='ocrx_word' id='word_1_401' title='bbox 1129 3589 1134 3593; x_wconf 54' lang='grc'><em>’</em></span> <span class='ocrx_word' id='word_1_402' title='bbox 1228 3662 2161 3804; x_wconf 76' lang='grc' dir='ltr'><strong>ΘΕΟΔΩΡΟΥ</strong></span> <span class='ocrx_word' id='word_1_403' title='bbox 2246 3661 2597 3793; x_wconf 76' lang='grc' dir='ltr'><strong>ΤΟΥ</strong></span> <span class='ocrx_word' id='word_1_404' title='bbox 2673 3665 2750 3790; x_wconf 84' lang='lat' dir='ltr'>I</span> 
     </span>
    </p>
   </div>
   <div class='ocr_carea' id='block_1_36' title="bbox 1499 3589 3120 3804">
    <p class='ocr_par' dir='ltr' id='par_1_36' title="bbox 1499 3620 3120 3799">
     <span class='ocr_line' id='line_1_36' title="bbox 1499 3620 3120 3799; baseline -0.006 -1"><span class='ocrx_word' id='word_1_405' title='bbox 1499 3662 2161 3799; x_wconf 72' lang='lat' dir='ltr'><strong>)AQPOI’</strong></span> <span class='ocrx_word' id='word_1_406' title='bbox 2246 3661 2597 3793; x_wconf 77' lang='grc' dir='ltr'><strong>ΤΟΥ</strong></span> <span class='ocrx_word' id='word_1_407' title='bbox 2673 3661 3120 3791; x_wconf 85' lang='lat' dir='ltr'><strong>I‘AZH</strong></span> 
     </span>
    </p>
   </div>
   <div class='ocr_carea' id='block_1_37' title="bbox 1638 3905 2719 3996">
    <p class='ocr_par' dir='ltr' id='par_1_37' title="bbox 1638 3905 2719 3996">
     <span class='ocr_line' id='line_1_37' title="bbox 1638 3905 2719 3996; baseline -0.009 1"><span class='ocrx_word' id='word_1_408' title='bbox 1638 3906 2020 3996; x_wconf 86' lang='grc' dir='ltr'>ΚΥΝΟΣ</span> <span class='ocrx_word' id='word_1_409' title='bbox 2093 3905 2719 3995; x_wconf 82' lang='grc' dir='ltr'><strong>ΕΓΚΩΜΙΟΝ.</strong></span> 
     </span>
    </p>
   </div>
   <div class='ocr_carea' id='block_1_38' title="bbox 1342 4275 3025 4445">
    <p class='ocr_par' dir='ltr' id='par_1_38' title="bbox 1342 4275 3025 4445">
     <span class='ocr_line' id='line_1_38' title="bbox 1342 4275 3025 4445; baseline -0.005 -9"><span class='ocrx_word' id='word_1_410' title='bbox 1342 4279 2344 4445; x_wconf 75' lang='lat' dir='ltr'><strong>THEODORI</strong></span> <span class='ocrx_word' id='word_1_411' title='bbox 2458 4275 3025 4434; x_wconf 80' lang='lat' dir='ltr'><strong>GAZ/E</strong></span> 
     </span>
    </p>
   </div>
   <div class='ocr_carea' id='block_1_39' title="bbox 1648 4514 2793 4655">
    <p class='ocr_par' dir='ltr' id='par_1_39' title="bbox 1648 4514 2793 4655">
     <span class='ocr_line' id='line_1_39' title="bbox 1648 4514 2793 4655; baseline -0.002 -4"><span class='ocrx_word' id='word_1_412' title='bbox 1648 4561 2259 4655; x_wconf 76' lang='lat' dir='ltr'><strong>LAUDA’llO</strong></span> <span class='ocrx_word' id='word_1_413' title='bbox 2333 4562 2717 4653; x_wconf 82' lang='lat' dir='ltr'><strong>CANIS.</strong></span> <span class='ocrx_word' id='word_1_414' title='bbox 2787 4514 2793 4519; x_wconf 62' lang='grc'><em>’</em></span> 
     </span>
    </p>
   </div>
   <div class='ocr_carea' id='block_1_40' title="bbox 1532 4764 2971 4845">
    <p class='ocr_par' dir='ltr' id='par_1_40' title="bbox 1532 4764 2971 4845">
     <span class='ocr_line' id='line_1_40' title="bbox 1532 4764 2971 4845; baseline -0.006 -27"><span class='ocrx_word' id='word_1_415' title='bbox 1532 4770 1684 4832; x_wconf 78' lang='lat' dir='ltr'><strong>(Aug.</strong></span> <span class='ocrx_word' id='word_1_416' title='bbox 1716 4766 1804 4817; x_wconf 74' lang='lat' dir='ltr'><strong>Mai</strong></span> <span class='ocrx_word' id='word_1_417' title='bbox 1829 4766 1956 4817; x_wconf 76' lang='lat' dir='ltr'><strong>Bibl.</strong></span> <span class='ocrx_word' id='word_1_418' title='bbox 1983 4765 2120 4845; x_wconf 62' lang='lat' dir='ltr'><strong>Nora</strong></span> <span class='ocrx_word' id='word_1_419' title='bbox 2142 4767 2367 4823; x_wconf 80' lang='lat' dir='ltr'><strong>Patrum,</strong></span> <span class='ocrx_word' id='word_1_420' title='bbox 2388 4773 2504 4814; x_wconf 86' lang='lat' dir='ltr'><strong>tom.</strong></span> <span class='ocrx_word' id='word_1_421' title='bbox 2540 4766 2645 4817; x_wconf 83' lang='lat' dir='ltr'><strong>Vll.</strong></span> <span class='ocrx_word' id='word_1_422' title='bbox 2682 4778 2728 4826; x_wconf 89' lang='lat' dir='ltr'><strong>p.</strong></span> <span class='ocrx_word' id='word_1_423' title='bbox 2749 4764 2884 4827; x_wconf 74' lang='grc'><strong>203.)</strong></span> <span class='ocrx_word' id='word_1_424' title='bbox 2968 4776 2971 4777; x_wconf 53' lang='grc'><strong><em>⁷</em></strong></span> 
     </span>
    </p>
   </div>
   <div class='ocr_carea' id='block_1_41' title="bbox 626 5059 2247 5149">
    <p class='ocr_par' dir='ltr' id='par_1_41' title="bbox 626 5070 2218 5149">
     <span class='ocr_line' id='line_1_41' title="bbox 626 5070 2218 5149; baseline -0.007 -17"><span class='ocrx_word' id='word_1_425' title='bbox 626 5076 861 5149; x_wconf 79' lang='grc' dir='ltr'><strong>α’.Ἐγὼ</strong></span> <span class='ocrx_word' id='word_1_426' title='bbox 902 5075 1025 5148; x_wconf 72' lang='grc' dir='ltr'><strong>μὶν,</strong></span> <span class='ocrx_word' id='word_1_427' title='bbox 1060 5071 1107 5129; x_wconf 77' lang='grc' dir='ltr'><strong>ὦ</strong></span> <span class='ocrx_word' id='word_1_428' title='bbox 1147 5074 1281 5143; x_wconf 76' lang='grc' dir='ltr'><strong>ἄνερ</strong></span> <span class='ocrx_word' id='word_1_429' title='bbox 1313 5071 1689 5143; x_wconf 68' lang='grc' dir='ltr'>λαμπρότατε,</span> <span class='ocrx_word' id='word_1_430' title='bbox 1723 5070 1939 5137; x_wconf 76' lang='grc' dir='ltr'>ξύνοιδα</span> <span class='ocrx_word' id='word_1_431' title='bbox 1970 5072 2143 5140; x_wconf 70' lang='grc' dir='ltr'><strong>ὲμαυ-</strong></span> <span class='ocrx_word' id='word_1_432' title='bbox 2174 5082 2218 5134; x_wconf 75' lang='grc' dir='ltr'><strong>Α</strong></span> 
     </span>
    </p>
   </div>
   <div class='ocr_carea' id='block_1_42' title="bbox 2202 5059 3823 5149">
    <p class='ocr_par' dir='ltr' id='par_1_42' title="bbox 2202 5059 3823 5139">
     <span class='ocr_line' id='line_1_42' title="bbox 2202 5059 3823 5139; baseline -0.009 -14"><span class='ocrx_word' id='word_1_433' title='bbox 2202 5085 2218 5132; x_wconf 64' lang='grc' dir='ltr'><strong>ι</strong></span> <span class='ocrx_word' id='word_1_434' title='bbox 2324 5070 2374 5124; x_wconf 90' lang='lat' dir='ltr'><strong>l.</strong></span> <span class='ocrx_word' id='word_1_435' title='bbox 2415 5068 2701 5139; x_wconf 78' lang='lat' dir='ltr'><strong>Equidem,</strong></span> <span class='ocrx_word' id='word_1_436' title='bbox 2746 5066 2829 5121; x_wconf 93' lang='lat' dir='ltr'><strong>vir</strong></span> <span class='ocrx_word' id='word_1_437' title='bbox 2865 5064 3256 5126; x_wconf 88' lang='lat' dir='ltr'><strong>illustrissime,</strong></span> <span class='ocrx_word' id='word_1_438' title='bbox 3294 5060 3538 5130; x_wconf 88' lang='lat' dir='ltr'><strong>intelligo</strong></span> <span class='ocrx_word' id='word_1_439' title='bbox 3575 5059 3823 5129; x_wconf 74' lang='lat' dir='ltr'><strong>peregri-</strong></span> 
     </span>
    </p>
   </div>
   <div class='ocr_carea' id='block_1_43' title="bbox 550 5154 2171 5241">
    <p class='ocr_par' dir='ltr' id='par_1_43' title="bbox 550 5162 2137 5241">
     <span class='ocr_line' id='line_1_43' title="bbox 550 5162 2137 5241; baseline -0.006 -18"><span class='ocrx_word' id='word_1_440' title='bbox 550 5170 629 5241; x_wconf 84' lang='grc' dir='ltr'>τῷ</span> <span class='ocrx_word' id='word_1_441' title='bbox 654 5171 806 5236; x_wconf 79' lang='grc' dir='ltr'>ξένον</span> <span class='ocrx_word' id='word_1_442' title='bbox 837 5186 892 5223; x_wconf 83' lang='grc' dir='ltr'><strong>τι</strong></span> <span class='ocrx_word' id='word_1_443' title='bbox 940 5172 1036 5223; x_wconf 69' lang='grc' dir='ltr'><strong>καὶ</strong></span> <span class='ocrx_word' id='word_1_444' title='bbox 1087 5164 1580 5238; x_wconf 66' lang='grc' dir='ltr'>παρηλλαγμένον,</span> <span class='ocrx_word' id='word_1_445' title='bbox 1616 5163 1745 5227; x_wconf 77' lang='grc' dir='ltr'><strong>ἴσως</strong></span> <span class='ocrx_word' id='word_1_446' title='bbox 1780 5163 1837 5216; x_wconf 75' lang='grc' dir='ltr'><strong>δὲ</strong></span> <span class='ocrx_word' id='word_1_447' title='bbox 1887 5165 1983 5217; x_wconf 76' lang='grc' dir='ltr'><strong>καὶ</strong></span> <span class='ocrx_word' id='word_1_448' title='bbox 2014 5162 2137 5216; x_wconf 60' lang='grc' dir='ltr'>ἆτος</span> 
     </span>
    </p>
   </div>
   <div class='ocr_carea' id='block_1_44' title="bbox 2202 5154 3823 5241">
    <p class='ocr_par' dir='ltr' id='par_1_44' title="bbox 2242 5154 3823 5232">
     <span class='ocr_line' id='line_1_44' title="bbox 2242 5154 3823 5232; baseline -0.006 -15"><span class='ocrx_word' id='word_1_449' title='bbox 2242 5154 2371 5217; x_wconf 81' lang='lat' dir='ltr'><strong>unm</strong></span> <span class='ocrx_word' id='word_1_450' title='bbox 2403 5162 2535 5232; x_wconf 90' lang='lat' dir='ltr'><strong>quid</strong></span> <span class='ocrx_word' id='word_1_451' title='bbox 2583 5172 2640 5215; x_wconf 91' lang='lat' dir='ltr'><strong>et</strong></span> <span class='ocrx_word' id='word_1_452' title='bbox 2669 5160 2978 5219; x_wconf 88' lang='lat' dir='ltr'><strong>insolitum,</strong></span> <span class='ocrx_word' id='word_1_453' title='bbox 3026 5157 3259 5212; x_wconf 79' lang='lat' dir='ltr'><strong>fortasse</strong></span> <span class='ocrx_word' id='word_1_454' title='bbox 3293 5154 3459 5208; x_wconf 89' lang='lat' dir='ltr'><strong>etiam</strong></span> <span class='ocrx_word' id='word_1_455' title='bbox 3504 5154 3823 5212; x_wconf 88' lang='lat' dir='ltr'><strong>absurdum.</strong></span> 
     </span>
    </p>
   </div>
   <div class='ocr_carea' id='block_1_45' title="bbox 552 5248 2173 5323">
    <p class='ocr_par' dir='ltr' id='par_1_45' title="bbox 552 5253 2139 5323">
     <span class='ocr_line' id='line_1_45' title="bbox 552 5253 2139 5323; baseline -0.004 -9"><span class='ocrx_word' id='word_1_456' title='bbox 552 5277 655 5314; x_wconf 82' lang='grc' dir='ltr'><strong>πον</strong></span> <span class='ocrx_word' id='word_1_457' title='bbox 702 5259 970 5323; x_wconf 80' lang='grc' dir='ltr'><strong>ποιοῦντι,</strong></span> <span class='ocrx_word' id='word_1_458' title='bbox 1029 5260 1113 5313; x_wconf 82' lang='grc' dir='ltr'>ὅτι</span> <span class='ocrx_word' id='word_1_459' title='bbox 1166 5258 1276 5312; x_wconf 85' lang='grc' dir='ltr'>τῶν</span> <span class='ocrx_word' id='word_1_460' title='bbox 1310 5256 1486 5310; x_wconf 80' lang='grc' dir='ltr'><strong>ἄλλων</strong></span> <span class='ocrx_word' id='word_1_461' title='bbox 1538 5255 1606 5310; x_wconf 84' lang='grc' dir='ltr'><strong>τὰ</strong></span> <span class='ocrx_word' id='word_1_462' title='bbox 1660 5253 1754 5309; x_wconf 85' lang='grc' dir='ltr'><strong>ὑπ’</strong></span> <span class='ocrx_word' id='word_1_463' title='bbox 1811 5255 1990 5309; x_wconf 79' lang='grc' dir='ltr'>αὐτῶν</span> <span class='ocrx_word' id='word_1_464' title='bbox 2023 5257 2139 5316; x_wconf 76' lang='grc' dir='ltr'>τοῖς</span> 
     </span>
    </p>
   </div>
   <div class='ocr_carea' id='block_1_46' title="bbox 2205 5248 3826 5323">
    <p class='ocr_par' dir='ltr' id='par_1_46' title="bbox 2242 5248 3826 5322">
     <span class='ocr_line' id='line_1_46' title="bbox 2242 5248 3826 5322; baseline -0.004 -14"><span class='ocrx_word' id='word_1_465' title='bbox 2242 5270 2329 5308; x_wconf 88' lang='lat' dir='ltr'><strong>me</strong></span> <span class='ocrx_word' id='word_1_466' title='bbox 2367 5254 2570 5315; x_wconf 73' lang='lat' dir='ltr'><strong>facere,</strong></span> <span class='ocrx_word' id='word_1_467' title='bbox 2598 5252 2727 5322; x_wconf 90' lang='lat' dir='ltr'><strong>quia</strong></span> <span class='ocrx_word' id='word_1_468' title='bbox 2760 5251 2888 5305; x_wconf 92' lang='lat' dir='ltr'><strong>dum</strong></span> <span class='ocrx_word' id='word_1_469' title='bbox 2912 5252 3002 5306; x_wconf 88' lang='lat' dir='ltr'><strong>alii</strong></span> <span class='ocrx_word' id='word_1_470' title='bbox 3036 5248 3201 5303; x_wconf 81' lang='lat' dir='ltr'><strong>missa</strong></span> <span class='ocrx_word' id='word_1_471' title='bbox 3228 5264 3257 5301; x_wconf 91' lang='lat' dir='ltr'><strong>a</strong></span> <span class='ocrx_word' id='word_1_472' title='bbox 3281 5264 3340 5301; x_wconf 90' lang='lat' dir='ltr'><strong>se</strong></span> <span class='ocrx_word' id='word_1_473' title='bbox 3366 5249 3431 5299; x_wconf 89' lang='lat' dir='ltr'><strong>ad</strong></span> <span class='ocrx_word' id='word_1_474' title='bbox 3460 5248 3826 5302; x_wconf 81' lang='lat' dir='ltr'><strong>amieosdnua</strong></span> 
     </span>
    </p>
   </div>
   <div class='ocr_carea' id='block_1_47' title="bbox 554 5338 2175 5422">
    <p class='ocr_par' dir='ltr' id='par_1_47' title="bbox 554 5346 2141 5422">
     <span class='ocr_line' id='line_1_47' title="bbox 554 5346 2141 5422; baseline -0.003 -17"><span class='ocrx_word' id='word_1_475' title='bbox 554 5351 733 5422; x_wconf 80' lang='grc' dir='ltr'>φίλοις</span> <span class='ocrx_word' id='word_1_476' title='bbox 779 5352 1116 5422; x_wconf 76' lang='grc' dir='ltr'><strong>πεμπόμενα</strong></span> <span class='ocrx_word' id='word_1_477' title='bbox 1163 5349 1317 5419; x_wconf 79' lang='grc' dir='ltr'>δῶρα</span> <span class='ocrx_word' id='word_1_478' title='bbox 1350 5347 1733 5412; x_wconf 78' lang='grc' dir='ltr'>ιύτελιζὸντων</span> <span class='ocrx_word' id='word_1_479' title='bbox 1787 5363 1847 5399; x_wconf 86' lang='grc' dir='ltr'><strong>τε</strong></span> <span class='ocrx_word' id='word_1_480' title='bbox 1879 5346 1973 5398; x_wconf 68' lang='grc' dir='ltr'><strong>καὶ</strong></span> <span class='ocrx_word' id='word_1_481' title='bbox 2006 5349 2141 5400; x_wconf 65' lang='grc' dir='ltr'>ἀπο.</span> 
     </span>
    </p>
   </div>
   <div class='ocr_carea' id='block_1_48' title="bbox 2208 5338 3829 5422">
    <p class='ocr_par' dir='ltr' id='par_1_48' title="bbox 2245 5338 3829 5414">
     <span class='ocr_line' id='line_1_48' title="bbox 2245 5338 3829 5414; baseline -0.006 -14"><span class='ocrx_word' id='word_1_482' title='bbox 2245 5345 2575 5414; x_wconf 68' lang='lat' dir='ltr'><strong>depraaliant</strong></span> <span class='ocrx_word' id='word_1_483' title='bbox 2598 5357 2652 5399; x_wconf 85' lang='lat' dir='ltr'><strong>et</strong></span> <span class='ocrx_word' id='word_1_484' title='bbox 2682 5345 2867 5398; x_wconf 88' lang='lat' dir='ltr'><strong>verbis</strong></span> <span class='ocrx_word' id='word_1_485' title='bbox 2896 5348 3217 5403; x_wconf 87' lang='lat' dir='ltr'><strong>extenuant,</strong></span> <span class='ocrx_word' id='word_1_486' title='bbox 3247 5353 3348 5409; x_wconf 87' lang='lat' dir='ltr'><strong>ego</strong></span> <span class='ocrx_word' id='word_1_487' title='bbox 3365 5348 3557 5391; x_wconf 89' lang='lat' dir='ltr'><strong>eontra</strong></span> <span class='ocrx_word' id='word_1_488' title='bbox 3586 5338 3829 5405; x_wconf 75' lang='lat' dir='ltr'><strong>magnifi-</strong></span> 
     </span>
    </p>
   </div>
   <div class='ocr_carea' id='block_1_49' title="bbox 554 5434 2175 5514">
    <p class='ocr_par' dir='ltr' id='par_1_49' title="bbox 554 5435 2141 5514">
     <span class='ocr_line' id='line_1_49' title="bbox 554 5435 2141 5514; baseline -0.004 -18"><span class='ocrx_word' id='word_1_489' title='bbox 554 5443 993 5514; x_wconf 64' lang='grc' dir='ltr'><strong>σμικρυνὸντων,</strong></span> <span class='ocrx_word' id='word_1_490' title='bbox 1046 5438 1158 5509; x_wconf 74' lang='grc' dir='ltr'><strong>ἐγὼ</strong></span> <span class='ocrx_word' id='word_1_491' title='bbox 1192 5437 1503 5493; x_wconf 78' lang='grc' dir='ltr'>τούναντίον</span> <span class='ocrx_word' id='word_1_492' title='bbox 1549 5435 1737 5503; x_wconf 70' lang='grc' dir='ltr'>αὔξειν</span> <span class='ocrx_word' id='word_1_493' title='bbox 1786 5440 1880 5491; x_wconf 71' lang='grc' dir='ltr'>καὶ</span> <span class='ocrx_word' id='word_1_494' title='bbox 1910 5439 2141 5505; x_wconf 82' lang='grc' dir='ltr'><strong>κοσμεῖν</strong></span> 
     </span>
    </p>
   </div>
   <div class='ocr_carea' id='block_1_50' title="bbox 2211 5434 3832 5514">
    <p class='ocr_par' dir='ltr' id='par_1_50' title="bbox 2242 5434 3832 5509">
     <span class='ocr_line' id='line_1_50' title="bbox 2242 5434 3832 5509; baseline -0.006 -18"><span class='ocrx_word' id='word_1_495' title='bbox 2242 5456 2367 5494; x_wconf 86' lang='lat' dir='ltr'><strong>care</strong></span> <span class='ocrx_word' id='word_1_496' title='bbox 2424 5450 2479 5495; x_wconf 91' lang='lat' dir='ltr'><strong>et</strong></span> <span class='ocrx_word' id='word_1_497' title='bbox 2525 5454 2793 5493; x_wconf 78' lang='lat' dir='ltr'><strong>exornare</strong></span> <span class='ocrx_word' id='word_1_498' title='bbox 2857 5435 3169 5509; x_wconf 84' lang='lat' dir='ltr'><strong>aggredior.</strong></span> <span class='ocrx_word' id='word_1_499' title='bbox 3211 5434 3374 5503; x_wconf 78' lang='lat' dir='ltr'><strong>Atqui</strong></span> <span class='ocrx_word' id='word_1_500' title='bbox 3424 5448 3528 5487; x_wconf 87' lang='lat' dir='ltr'><strong>nec</strong></span> <span class='ocrx_word' id='word_1_501' title='bbox 3578 5434 3832 5504; x_wconf 84' lang='lat' dir='ltr'><strong>exemplo</strong></span> 
     </span>
    </p>
   </div>
   <div class='ocr_carea' id='block_1_51' title="bbox 552 5528 2173 5607">
    <p class='ocr_par' dir='ltr' id='par_1_51' title="bbox 552 5530 2137 5607">
     <span class='ocr_line' id='line_1_51' title="bbox 552 5530 2137 5607; baseline -0.004 -18"><span class='ocrx_word' id='word_1_502' title='bbox 552 5534 820 5607; x_wconf 71' lang='grc' dir='ltr'><strong>ἐπιχειρῶ</strong></span> <span class='ocrx_word' id='word_1_503' title='bbox 844 5552 858 5567; x_wconf 77' lang='grc' dir='ltr'><strong><em>ο</em></strong></span> <span class='ocrx_word' id='word_1_504' title='bbox 891 5536 1041 5604; x_wconf 73' lang='grc' dir='ltr'><strong>ὅμως</strong></span> <span class='ocrx_word' id='word_1_505' title='bbox 1069 5533 1128 5587; x_wconf 79' lang='grc' dir='ltr'><strong>δὲ</strong></span> <span class='ocrx_word' id='word_1_506' title='bbox 1150 5530 1277 5586; x_wconf 73' lang='grc' dir='ltr'>οὔτε</span> <span class='ocrx_word' id='word_1_507' title='bbox 1300 5530 1744 5602; x_wconf 74' lang='grc' dir='ltr'><strong>παραδείγματος</strong></span> <span class='ocrx_word' id='word_1_508' title='bbox 1771 5530 1986 5600; x_wconf 77' lang='grc' dir='ltr'><strong>ἀπορῶ,</strong></span> <span class='ocrx_word' id='word_1_509' title='bbox 2010 5530 2137 5583; x_wconf 72' lang='grc' dir='ltr'>οὔτε</span> 
     </span>
    </p>
   </div>
   <div class='ocr_carea' id='block_1_52' title="bbox 2212 5528 3833 5607">
    <p class='ocr_par' dir='ltr' id='par_1_52' title="bbox 2246 5528 3833 5604">
     <span class='ocr_line' id='line_1_52' title="bbox 2246 5528 3833 5604; baseline -0.008 -14"><span class='ocrx_word' id='word_1_510' title='bbox 2246 5536 2409 5604; x_wconf 87' lang='lat' dir='ltr'><strong>hujus</strong></span> <span class='ocrx_word' id='word_1_511' title='bbox 2460 5534 2536 5587; x_wconf 87' lang='lat' dir='ltr'><strong>rei</strong></span> <span class='ocrx_word' id='word_1_512' title='bbox 2570 5547 2754 5598; x_wconf 84' lang='lat' dir='ltr'><strong>careo,</strong></span> <span class='ocrx_word' id='word_1_513' title='bbox 2806 5547 2908 5585; x_wconf 83' lang='lat' dir='ltr'><strong>nec</strong></span> <span class='ocrx_word' id='word_1_514' title='bbox 2956 5528 3230 5600; x_wconf 84' lang='lat' dir='ltr'><strong>probabili</strong></span> <span class='ocrx_word' id='word_1_515' title='bbox 3280 5529 3535 5582; x_wconf 90' lang='lat' dir='ltr'><strong>obtentu.</strong></span> <span class='ocrx_word' id='word_1_516' title='bbox 3570 5528 3833 5594; x_wconf 82' lang='lat' dir='ltr'><strong>Exemplo</strong></span> 
     </span>
    </p>
   </div>
   <div class='ocr_carea' id='block_1_53' title="bbox 553 5619 2174 5697">
    <p class='ocr_par' dir='ltr' id='par_1_53' title="bbox 553 5622 2138 5696">
     <span class='ocr_line' id='line_1_53' title="bbox 553 5622 2138 5696; baseline -0.003 -16"><span class='ocrx_word' id='word_1_517' title='bbox 553 5626 782 5696; x_wconf 76' lang='grc' dir='ltr'><strong>εὐλόγου</strong></span> <span class='ocrx_word' id='word_1_518' title='bbox 826 5624 1198 5696; x_wconf 75' lang='grc' dir='ltr'><strong>προφάσεως·</strong></span> <span class='ocrx_word' id='word_1_519' title='bbox 1245 5622 1603 5691; x_wconf 76' lang='grc' dir='ltr'><strong>παράδειγμα</strong></span> <span class='ocrx_word' id='word_1_520' title='bbox 1653 5624 1754 5691; x_wconf 78' lang='grc' dir='ltr'><strong>μὲν</strong></span> <span class='ocrx_word' id='word_1_521' title='bbox 1789 5622 2138 5691; x_wconf 78' lang='grc' dir='ltr'>ποιούμενος,</span> 
     </span>
    </p>
   </div>
   <div class='ocr_carea' id='block_1_54' title="bbox 2213 5619 3834 5697">
    <p class='ocr_par' dir='ltr' id='par_1_54' title="bbox 2246 5619 3834 5697">
     <span class='ocr_line' id='line_1_54' title="bbox 2246 5619 3834 5697; baseline -0.005 -18"><span class='ocrx_word' id='word_1_522' title='bbox 2246 5627 2468 5697; x_wconf 85' lang='lat' dir='ltr'><strong>quidem</strong></span> <span class='ocrx_word' id='word_1_523' title='bbox 2507 5625 2640 5679; x_wconf 90' lang='lat' dir='ltr'><strong>mihi</strong></span> <span class='ocrx_word' id='word_1_524' title='bbox 2671 5634 2776 5687; x_wconf 84' lang='lat' dir='ltr'><strong>est,</strong></span> <span class='ocrx_word' id='word_1_525' title='bbox 2811 5637 2918 5676; x_wconf 90' lang='lat' dir='ltr'><strong>non</strong></span> <span class='ocrx_word' id='word_1_526' title='bbox 2945 5621 3179 5692; x_wconf 80' lang='lat' dir='ltr'><strong>quilibet</strong></span> <span class='ocrx_word' id='word_1_527' title='bbox 3205 5620 3394 5682; x_wconf 89' lang='lat' dir='ltr'><strong>homo,</strong></span> <span class='ocrx_word' id='word_1_528' title='bbox 3420 5635 3527 5673; x_wconf 92' lang='lat' dir='ltr'><strong>non</strong></span> <span class='ocrx_word' id='word_1_529' title='bbox 3554 5620 3621 5673; x_wconf 90' lang='lat' dir='ltr'><strong>de</strong></span> <span class='ocrx_word' id='word_1_530' title='bbox 3646 5619 3834 5673; x_wconf 87' lang='lat' dir='ltr'><strong>multis</strong></span> 
     </span>
    </p>
   </div>
   <div class='ocr_carea' id='block_1_55' title="bbox 551 5708 2172 5789">
    <p class='ocr_par' dir='ltr' id='par_1_55' title="bbox 551 5711 2139 5789">
     <span class='ocr_line' id='line_1_55' title="bbox 551 5711 2139 5789; baseline -0.003 -18"><span class='ocrx_word' id='word_1_531' title='bbox 551 5720 616 5774; x_wconf 73' lang='grc' dir='ltr'>οὐ</span> <span class='ocrx_word' id='word_1_532' title='bbox 647 5721 741 5773; x_wconf 71' lang='grc' dir='ltr'>τὸν</span> <span class='ocrx_word' id='word_1_533' title='bbox 774 5719 1009 5789; x_wconf 81' lang='grc' dir='ltr'><strong>τυχόντα</strong></span> <span class='ocrx_word' id='word_1_534' title='bbox 1037 5716 1351 5788; x_wconf 77' lang='grc' dir='ltr'>ἄνθρωπον,</span> <span class='ocrx_word' id='word_1_535' title='bbox 1384 5715 1483 5784; x_wconf 81' lang='grc' dir='ltr'><strong>οὐχ</strong></span> <span class='ocrx_word' id='word_1_536' title='bbox 1516 5714 1617 5767; x_wconf 67' lang='grc' dir='ltr'>ἕνα</span> <span class='ocrx_word' id='word_1_537' title='bbox 1662 5713 1771 5767; x_wconf 85' lang='grc' dir='ltr'><strong>τῶν</strong></span> <span class='ocrx_word' id='word_1_538' title='bbox 1805 5711 2038 5779; x_wconf 75' lang='grc' dir='ltr'>πολλῶν,</span> <span class='ocrx_word' id='word_1_539' title='bbox 2077 5715 2139 5768; x_wconf 84' lang='grc' dir='ltr'>οὐ</span> 
     </span>
    </p>
   </div>
   <div class='ocr_carea' id='block_1_56' title="bbox 2213 5708 3834 5789">
    <p class='ocr_par' dir='ltr' id='par_1_56' title="bbox 2250 5708 3834 5781">
     <span class='ocr_line' id='line_1_56' title="bbox 2250 5708 3834 5781; baseline -0.004 -14"><span class='ocrx_word' id='word_1_540' title='bbox 2250 5729 2413 5774; x_wconf 85' lang='lat' dir='ltr'><strong>unus,</strong></span> <span class='ocrx_word' id='word_1_541' title='bbox 2463 5710 2561 5765; x_wconf 88' lang='lat' dir='ltr'><strong>sed</strong></span> <span class='ocrx_word' id='word_1_542' title='bbox 2598 5710 2643 5765; x_wconf 91' lang='lat' dir='ltr'><strong>is</strong></span> <span class='ocrx_word' id='word_1_543' title='bbox 2677 5711 2769 5781; x_wconf 86' lang='lat' dir='ltr'><strong>qui</strong></span> <span class='ocrx_word' id='word_1_544' title='bbox 2826 5709 3121 5781; x_wconf 87' lang='lat' dir='ltr'><strong>primatum</strong></span> <span class='ocrx_word' id='word_1_545' title='bbox 3160 5708 3489 5764; x_wconf 83' lang='lat' dir='ltr'><strong>eruditionis</strong></span> <span class='ocrx_word' id='word_1_546' title='bbox 3524 5710 3667 5765; x_wconf 89' lang='lat' dir='ltr'><strong>inter</strong></span> <span class='ocrx_word' id='word_1_547' title='bbox 3706 5724 3834 5763; x_wconf 92' lang='lat' dir='ltr'><strong>con-</strong></span> 
     </span>
    </p>
   </div>
   <div class='ocr_carea' id='block_1_57' title="bbox 554 5801 2175 5882">
    <p class='ocr_par' dir='ltr' id='par_1_57' title="bbox 554 5805 2142 5882">
     <span class='ocr_line' id='line_1_57' title="bbox 554 5805 2142 5882; baseline -0.004 -16"><span class='ocrx_word' id='word_1_548' title='bbox 554 5814 646 5868; x_wconf 78' lang='grc' dir='ltr'>τδν</span> <span class='ocrx_word' id='word_1_549' title='bbox 677 5812 861 5882; x_wconf 78' lang='grc' dir='ltr'>ὀλίγον</span> <span class='ocrx_word' id='word_1_550' title='bbox 913 5811 1086 5879; x_wconf 72' lang='grc' dir='ltr'>ἄξιον,</span> <span class='ocrx_word' id='word_1_551' title='bbox 1128 5809 1265 5867; x_wconf 73' lang='grc' dir='ltr'><strong>ἀλλὰ</strong></span> <span class='ocrx_word' id='word_1_552' title='bbox 1298 5808 1389 5863; x_wconf 69' lang='grc' dir='ltr'><strong>τὸν</strong></span> <span class='ocrx_word' id='word_1_553' title='bbox 1421 5808 1488 5860; x_wconf 67' lang='grc' dir='ltr'><strong>τί</strong></span> <span class='ocrx_word' id='word_1_554' title='bbox 1538 5822 1598 5861; x_wconf 78' lang='grc' dir='ltr'>τι</span> <span class='ocrx_word' id='word_1_555' title='bbox 1648 5805 1841 5876; x_wconf 80' lang='grc' dir='ltr'>πρῶτα</span> <span class='ocrx_word' id='word_1_556' title='bbox 1878 5807 1988 5861; x_wconf 79' lang='grc' dir='ltr'>τῶν</span> <span class='ocrx_word' id='word_1_557' title='bbox 2018 5805 2142 5860; x_wconf 69' lang='grc' dir='ltr'><strong>καθ’</strong></span> 
     </span>
    </p>
   </div>
   <div class='ocr_carea' id='block_1_58' title="bbox 2213 5801 3834 5882">
    <p class='ocr_par' dir='ltr' id='par_1_58' title="bbox 2251 5801 3834 5877">
     <span class='ocr_line' id='line_1_58' title="bbox 2251 5801 3834 5877; baseline -0.006 -15"><span class='ocrx_word' id='word_1_558' title='bbox 2251 5818 2639 5877; x_wconf 86' lang='lat' dir='ltr'><strong>temporaueos</strong></span> <span class='ocrx_word' id='word_1_559' title='bbox 2691 5817 2819 5859; x_wconf 87' lang='lat' dir='ltr'><strong>suos</strong></span> <span class='ocrx_word' id='word_1_560' title='bbox 2871 5803 3033 5874; x_wconf 78' lang='lat' dir='ltr'><strong>gerit,</strong></span> <span class='ocrx_word' id='word_1_561' title='bbox 3083 5811 3139 5857; x_wconf 91' lang='lat' dir='ltr'><strong>et</strong></span> <span class='ocrx_word' id='word_1_562' title='bbox 3198 5801 3487 5872; x_wconf 87' lang='lat' dir='ltr'><strong>imperium</strong></span> <span class='ocrx_word' id='word_1_563' title='bbox 3538 5802 3834 5858; x_wconf 87' lang='lat' dir='ltr'><strong>maximum</strong></span> 
     </span>
    </p>
   </div>
  </div>
