4106 6406
489 336 596 400 989

490 449 599 504 Καὶ
626 448 737 516 ’γὰρ
772 451 1081 516 (inperia-1"
1104 451 1332 505 ἔλασεν
1363 453 1480 518 σῦς
1522 455 1719 518 ,τευκῷ
1757 455 1955 507 ὀδόντι

489 523 862 586 Παρνησσὸν
897 519 950 572 δ’
983 522 1240 574 ἐλθόντα
1287 522 1410 574 σὺν
1440 523 1648 579 υίᾶσιν
1667 527 2057 580 Αὐτολύκοιο.

503 631 834 701 Ἐπρέσὸευε
887 631 944 684 δὲ
985 633 1080 684 καὶ
1123 633 1153 698 ἠ
1193 633 1416 703 Σπάρτη
1457 634 1879 706 πολεμικωτάτη
1926 638 2062 690 οὖσα

489 725 588 791 τὴν
611 726 944 794 κυνηγεσίαν
975 725 1051 793 (1)
1085 725 1248 793 νόμος
1290 725 1422 791 γοῦν
1453 728 1586 796 παρ’
1613 731 1749 799 αὐτῇ
1783 733 1840 782 ἐν
1871 733 1934 798 τῇ
1964 731 2060 800 τῆς

502 813 820 886 Ἀρτέμιδος
856 814 933 884 (2)
965 815 1152 884 ἑορτῇ,
1183 815 1276 867 τον
1321 817 1615 884 προσιόντα
1649 819 1740 870 ἐπὶ
1763 819 1822 870 τὸ
1847 819 2063 871 δεῖπνον

489 908 550 958 οὐ
583 909 1058 976 κυνηγετήσαντα,
1077 911 1176 978 τῆς
1195 910 1538 978 παρανομίας
1555 911 1710 980 δίκην
1735 912 1938 965 διδόναι
1961 913 2058 980 (3).

503 998 568 1050 Ἦ
603 999 659 1052 δὲ
692 998 840 1070 δίκη,
875 999 980 1068 νέῳ
1008 1001 1106 1067 μὲν
1131 1001 1332 1062 ualui;
1367 1002 1536 1072 μεστὴ
1569 1003 1758 1066 ὓδατος
1781 1008 1922 1057 κατὰ
1957 1006 2058 1073 τῆς

491 1092 738 1162 κεφαλῆς
773 1095 1175 1162 καταχεομένη,
1204 1095 1560 1165 πρεσϐυτέρῳ
1589 1097 1645 1148 δὲ
1670 1097 1811 1149 κατὰ
1839 1097 1935 1150 τοῦ
1966 1099 2067 1165 τῆς

489 1187 675 1253 χειρος
701 1185 970 1238 δακτύλου
997 1201 1010 1216 ·
1042 1185 1190 1256 ἥπερ
1225 1189 1288 1256 τῇ
1328 1190 1426 1255 μὲν
1477 1187 1750 1256 ἀλγηδόνι,
1799 1191 1971 1258 μικρὰ
1998 1189 2064 1243 ἄν

419 1297 426 1308 ·
493 1277 626 1339 ἴσως
652 1277 756 1330 τινὶ
787 1277 988 1342 δόξειεν
1017 1278 1280 1347 τιμωρία,
1311 1281 1378 1348 τῇ
1406 1279 1462 1332 δὲ
1499 1281 1714 1350 ἀτιμίᾳ,
1742 1276 1810 1350 ἦν
1843 1297 2068 1350 παμμε-

491 1367 654 1436 γάλη.
695 1367 1066 1439 Ἐπρέσϐευον
1096 1369 1190 1423 καὶ
1229 1369 1436 1440 ταύτην
1465 1371 1774 1434 Μακεδόνες
1795 1387 1810 1402 ·
1835 1371 1913 1440 τῷ
1957 1373 2066 1444 γὰρ

489 1459 620 1512 ἄνευ
651 1458 816 1512 λίνων
873 1455 936 1512 ὗν
963 1461 1304 1526 κεντήσαντι.
1335 1460 1394 1513 οὗ
1425 1460 1700 1526 καθῆσθαι
1733 1461 2062 1530 δειπνοῦντι,

488 1550 624 1602 ἀλλὰ
667 1550 1112 1614 κατακλίνεσθαι,
1160 1553 1500 1622 συνεχώρουν
1545 1555 1633 1624 (4)
1665 1569 1680 1584 ⁸
1730 1553 1758 1606 ὃ
1788 1553 1881 1606 καὶ
1935 1557 2066 1625 παρ’

489 1643 675 1706 αὐτοῖς
698 1638 766 1712 ἦν
783 1643 1130 1713 τιμιώτερον.
1169 1644 1530 1714 Ἐπρὲσόευον
1557 1647 1612 1700 δὲ
1639 1647 1734 1700 καὶ
1760 1650 1965 1718 Πέρσαι
1986 1649 2064 1718 (5)

489 1735 718 1803 ταύτην,
765 1735 856 1788 καὶ
891 1737 1038 1803 παρὰ
1071 1737 1278 1801 τούτοις
1305 1741 1331 1790 ὀ
1366 1739 1620 1806 βασιλεὺς
1646 1741 1742 1812 οὐχ
1771 1735 1934 1812 ἦττον
1965 1743 2066 1811 τῆς
2097 1784 2139 1840 Β

491 1825 665 1896 θήρας
693 1828 900 1896 ἡγεῖτο,
937 1828 968 1898 ἢ
1000 1829 1092 1881 καὶ
1123 1829 1232 1882 τῶν
1262 1829 1575 1896 πολεμικῶν
1606 1831 1807 1902 ἔργων,
1853 1832 2063 1900 ἐξάγων

491 1921 620 1982 τοὺς
647 1922 806 1984 νέους
857 1922 950 1974 ἐπὶ
999 1922 1094 1991 τὴν
1141 1924 1494 1991 κυνηγεσίαν,
1530 1925 1623 1977 καὶ
1673 1927 2066 1995 ἐπιμελόμενος

490 2009 642 2072 ὅπως
669 2009 734 2066 ἂν
763 2011 1004 2082 θηρῶσιν
1032 2030 1044 2043 ·
1075 2015 1177 2066 οὐκ
1206 2013 1314 2066 ἀπὸ
1345 2015 1547 2084 τρόπου
1569 2015 1624 2068 δὲ
1642 2015 1788 2069 τοῦτ’
1825 2019 2064 2072 ἐποίουν.

491 2100 708 2171 Μελέτη
739 2101 847 2172 γὰρ
884 2097 1026 2156 εἶναι
1070 2103 1217 2156 δοκεῖ
1268 2105 1376 2157 τῶν
1410 2107 1725 2171 πολεμικῶν
1768 2110 2001 2180 μεγίστη
2030 2111 2064 2180 ὴ

492 2193 815 2262 κυνηγεσία.
867 2193 971 2247 Καὶ
1009 2194 1118 2266 γὰρ
1155 2197 1246 2250 καὶ
1281 2195 1426 2266 πρωῒ
1465 2197 1800 2269 ἐγείρεσθαι,
1836 2202 1930 2253 καὶ
1966 2202 2066 2271 ὀψὲ

492 2285 816 2356 κοιμᾶσθαι,
859 2287 955 2340 καὶ
985 2289 1338 2356 νυκτερεύειν
1385 2289 1578 2354 ἐθίζει,
1643 2293 1738 2344 καὶ
1787 2292 2070 2361 καύματος

492 2375 632 2442 ἅμα,
669 2377 765 2431 καὶ
800 2379 1008 2448 ῥίγους,
1036 2381 1132 2434 καὶ
1160 2381 1368 2452 δίψους,
1405 2383 1499 2436 καὶ
1529 2383 1720 2452 πείνης
1750 2361 2067 2454 ἀνέχεσθαι,

491 2467 586 2520 καὶ
611 2469 938 2538 ὁδοιπορεῖν,
985 2472 1078 2524 καὶ
1123 2473 1187 2542 νὴ
1232 2471 1330 2525 Δία
1362 2475 1410 2526 εί
1440 2473 1547 2526 δέοι
1594 2475 1838 2544 τρέχειν,
1883 2476 1972 2531 διά
2009 2494 2068 2529 τε

489 2555 642 2616 λείας
674 2560 772 2611 καὶ
803 2561 874 2612 δι’
905 2561 1134 2630 ὁμαλῆς,
1168 2564 1260 2613 καὶ
1287 2563 1375 2615 διὰ
1404 2563 1616 2628 ναπῶν,
1657 2567 1749 2616 καὶ
1805 2565 1894 2618 διὰ
1939 2583 2072 2636 κρη-

496 2645 644 2716 μνῶν
687 2648 890 2713 ὁμοίως
913 2667 930 2682 ο
953 2651 1088 2718 πρὸς
1127 2651 1182 2704 δὲ
1213 2655 1306 2704 καὶ
1343 2653 1558 2720 βάλλειν
1586 2655 1678 2708 καὶ
1725 2656 2070 2728 τιτρώσκειν,

493 2740 590 2792 καὶ
623 2737 954 2808 βαλλόμενον
1001 2745 1101 2796 οὐκ
1152 2746 1346 2811 εἴκειν,
1375 2749 1471 2799 καὶ
1516 2747 1694 2801 πάντα
1747 2749 1846 2818 μὲν
1883 2750 2069 2817 πόνον,

492 2829 673 2884 πάντα
702 2831 758 2884 δὲ
786 2833 1054 2896 κίνδυνον,
1089 2839 1273 2889 πᾶσαν
1301 2838 1357 2892 δὲ
1381 2839 1704 2907 δυσχέρειαν
1736 2841 2031 2908 ὑπομένειν
2055 2858 2070 2874 ·

491 2925 528 2978 ἃ
559 2923 626 3002 δὴ
671 2925 992 2996 θαυμασίως
1037 2925 1114 2988 ὡς
1154 2929 1282 2990 τοὺς
1331 2929 1708 2998 πολεμοῦντας
1751 2929 1974 2999 ὡςελεῖ.
2009 2933 2072 2986 Εἰ

492 3014 550 3068 δὲ
587 3015 767 3084 βούλει
807 3017 1006 3070 εἰδέναι
1033 3019 1156 3070 ὅσον
1187 3019 1350 3090 μέρος
1375 3021 1510 3090 πρὸς
1539 3023 1605 3074 τὰ
1636 3022 1912 3092 πολεμικὰ
1939 3041 2075 3094 συμ-

1783 339 2172 400 LAUDATH)
2217 342 2463 402 CANIS.

3643 339 3750 407 990

2248 457 2491 526 Namque
2519 469 2790 512 venantem
2824 458 3083 512 sauciarit
3111 473 3238 522 ater
3269 457 3388 510 albo
3420 457 3573 510 dente
3639 495 3642 498 -

2245 529 2326 577 At!
2355 527 2684 582 Puruassum
2717 530 3006 598 profectum
3039 543 3157 580 cum
3187 526 3430 597 Autolyci
3460 526 3608 596 ﬁliis.

2166 639 2353 697 Coluit
2408 643 2602 713 Sparta
2649 660 2864 713 quoque
2910 642 3328 698 bellicosissima
3375 644 3748 696 venationem.

2165 737 2352 806 Itaque
2387 736 2473 790 lex
2523 737 2593 790 ibi
2638 736 2737 790 fuit
2771 740 2822 790 in
2864 737 3042 792 Diana:
3079 737 3238 796 festo.
3277 743 3335 788 ut
3368 736 3459 804 qui
3507 733 3574 787 ad
3605 749 3740 787 eon-

2164 830 2374 882 vivium
2409 827 2553 880 haud
2587 837 2806 896 peracta
2837 827 3126 881 venatione
3155 825 3609 893 venirethpoeuas
3639 837 3752 876 sum

2165 913 2564 991 culpm'daret.
2619 921 2782 975 Parua
2827 930 3007 974 autem
3059 927 3214 983 erat,
3259 919 3445 990 juveni
3502 915 3750 984 quidem.

2165 1029 2322 1081 aqum
2341 1013 2496 1082 plena
2521 1013 2684 1066 situla
2713 1013 2764 1065 in
2791 1023 2954 1080 caput
2978 1030 2994 1078 ;
3019 1010 3224 1065 seniori
3255 1021 3456 1072 autem,
3490 1009 3544 1060 in
3577 1021 3747 1059 unmu

2167 1119 2364 1157 manus
2401 1103 2627 1172 digitum
2665 1102 2840 1156 elfusa
2877 1123 2888 1157 :
2922 1119 3044 1170 quae
3083 1117 3238 1164 sane,
3273 1102 3318 1156 si
3350 1100 3506 1154 dolor
3538 1107 3754 1168 Specta-

2167 1203 2276 1259 tur,
2335 1195 2474 1250 levis
2526 1195 2760 1250 fortasse
2806 1195 3018 1263 punitio
3069 1194 3229 1247 alicui
3277 1191 3595 1254 videbitur;
3657 1189 3751 1244 sed

2168 1283 2352 1338 habita
2391 1285 2705 1353 ignominiw
2745 1286 2980 1344 ratione,
3019 1283 3256 1335 maxima
3290 1279 3412 1333 fuit.
3445 1277 3753 1332 Colucrunt

2167 1375 2584 1430 venerationem
2618 1375 2785 1428 etiam
2817 1375 3142 1428 Macedones
3176 1391 3190 1426 :
3233 1388 3354 1426 nam
3384 1371 3476 1442 qui
3513 1370 3630 1424 sine
3663 1385 3749 1422 re-

2168 1466 2314 1524 tibus
2345 1481 2537 1536 aprum
2575 1465 2908 1528 confixisset,
2954 1465 3080 1519 huic
3123 1479 3345 1518 caenare
3384 1478 3491 1516 non
3540 1457 3750 1514 sedenti

2167 1559 2264 1615 sed
2314 1557 2652 1613 rectunhenti
2701 1557 3078 1613 concedebant
3133 1573 3146 1608 :
3200 1554 3345 1624 quod
3403 1552 3546 1621 apud
3603 1552 3753 1620 ipsos

2168 1650 2375 1720 pariter
2401 1649 2727 1704 honoratius
2763 1655 2900 1700 erat.
2939 1645 3222 1699 Postremo
3255 1645 3420 1697 etiam
3455 1643 3635 1696 Persa:
3665 1659 3756 1694 vc-

2169 1741 2381 1796 nationi
2413 1739 2614 1796 addicti
2653 1740 2912 1802 fuerunt;
2951 1745 3114 1805 atque
3151 1733 3292 1804 apud
3329 1733 3430 1787 hos
3459 1748 3576 1794 rex,
3611 1731 3752 1784 haud

2169 1851 2331 1892 secus
2373 1832 2672 1895 venationi,
2718 1845 2882 1900 quam
2932 1827 3151 1883 bellicis
3189 1826 3452 1897 aperibus
3497 1836 3750 1894 praeerat,

2167 1925 2458 1984 educendo
2515 1923 2729 1979 scilicet
2774 1921 2840 1976 ad
2897 1919 3245 1974 venationem
3292 1917 3542 1988 juvenes,
3590 1923 3757 1985 atque

2169 2025 2231 2072 ut
2261 2018 2391 2071 huic
2420 2029 2643 2086 operam
2678 2013 2876 2068 darent
2903 2010 3172 2066 curando.
3201 2009 3392 2078 Neque
3421 2007 3472 2061 id
3511 2007 3752 2061 absurde

2171 2109 2482 2174 faciebant;
2522 2105 2726 2161 etenim
2761 2103 3047 2158 meditatio
3085 2103 3360 2172 prtecipua
3394 2099 3611 2153 videtur
3635 2097 3752 2152 heia

2171 2201 2290 2255 licae
2325 2199 2404 2254 rei
2441 2198 2658 2252 venatio
2701 2213 2716 2251 :
2754 2211 2880 2250 nam
2915 2203 2970 2249 et
3003 2209 3163 2248 mane
3191 2191 3520 2262 expergisci,
3545 2198 3601 2244 et
3628 2203 3756 2244 sero

2170 2289 2523 2354 decumbere,
2557 2299 2612 2343 et
2639 2279 2866 2358 vigilare
2895 2295 3084 2340 noctes
3110 2283 3469 2350 consuefacit,
3501 2293 3556 2336 et
3589 2281 3754 2335 ardo-

2173 2397 2288 2437 rem
2322 2381 2486 2435 simul
2526 2387 2582 2434 et
2621 2379 2813 2450 frigus,
2851 2386 2907 2432 et
2956 2378 3101 2431 sitim
3149 2376 3460 2444 famemque
3499 2374 3754 2435 tolerare,

2172 2483 2226 2530 et
2257 2473 2362 2528 iter
2388 2487 2574 2544 agere,
2603 2481 2660 2528 et
2683 2487 2781 2542 per
2806 2471 2994 2527 Jovem
3025 2469 3070 2523 si
3097 2483 3236 2538 opus
3276 2468 3366 2532 sit,
3401 2481 3626 2521 currere
3660 2481 3760 2532 per

2173 2566 2333 2638 plana
2379 2573 2434 2619 et
2469 2579 2646 2634 aequa,
2701 2571 2755 2616 et
2802 2577 2899 2633 per
2945 2576 3233 2616 nemorosa
3289 2560 3408 2614 loca
3455 2559 3540 2612 vel
3585 2557 3754 2610 etiam

2173 2657 2518 2728 confragosa.
2547 2657 2776 2726 Insuper
2807 2655 3037 2725 iaculari
3073 2662 3128 2708 et
3178 2653 3388 2718 ferire;
3421 2659 3476 2706 et
3523 2651 3565 2706 si
3613 2650 3760 2704 forte

2173 2751 2374 2820 aliquis
2403 2751 2676 2821 pulsetur,
2705 2750 2929 2802 minime
2958 2747 3170 2807 cedere.
3204 2755 3260 2800 et
3293 2746 3536 2804 laborem
3561 2757 3754 2811 quean-
3779 2749 3782 2752 '

2173 2843 2311 2898 libet
2345 2857 2408 2898 ac
2456 2841 2764 2912 periculum
2795 2849 2851 2894 et
2896 2837 3270 2893 ditlicultatem
3302 2836 3595 2891 sustinere.
3626 2831 3760 2898 Quae

2178 2935 2368 2989 omnia
2415 2933 2763 2998 mirabiliter,
2812 2941 3068 3000 tanquam
3115 2929 3160 2983 si
3203 2929 3408 2984 bellum
3451 2937 3762 2998 gereretur,

2173 3028 2388 3099 juvant.
2419 3025 2575 3092 Quod
2613 3025 2657 3078 si
2690 3037 3023 3092 cognoscere
3057 3036 3185 3074 aves
3213 3029 3488 3088 quatenus
3523 3017 3602 3070 rei
3637 3016 3758 3070 bel-

494 3109 680 3161 σάλλει
713 3109 744 3180 ἡ
779 3107 920 3177 θήρα
972 3110 1286 3178 παράϐαλλε
1336 3111 1575 3179 κυνηγὸν
1611 3113 1780 3182 ἄνδρα
1815 3115 1948 3184 πρὸς
1977 3115 2068 3168 τὸν

2174 3119 2293 3173 lica:
2326 3117 2547 3172 venatio
2571 3115 2768 3186 prosit,
2797 3113 2880 3168 fac
2905 3127 3194 3178 compares
3225 3125 3406 3163 Vtrum
3435 3117 3754 3162 venatorem

491 3199 594 3266 τῆς
626 3201 798 3270 θήρας
821 3201 1085 3268 ἄγευστον
1109 3205 1202 3254 καὶ
1229 3203 1551 3270 ἀπείρατον,
1585 3208 1679 3258 καὶ
1711 3205 1834 3273 ὄψει
1864 3207 2063 3276 μυρίον

493 3290 620 3343 ὅσον
654 3291 712 3345 ὲν
747 3293 858 3354 τοῖς
892 3291 1036 3344 κατὰ
1069 3293 1161 3346 τὸν
1195 3294 1432 3362 πόλεμον
1459 3296 1864 3366 ὑπερτέροντα.

565 3468 630 3526 δ’.
655 3469 960 3540 Τοιγαροῦν
986 3474 1014 3526 ὁ
1039 3471 1262 3524 Πλάτων
1301 3473 1360 3524 ὲν
1389 3475 1454 3545 τῇ
1487 3475 1780 3548 νομποεσίᾳ
1817 3479 2078 3546 παραινεῖ

494 3564 608 3627 τοῖς
641 3565 780 3627 νέοις
821 3565 1010 3619 τούτου
1040 3566 1258 3637 ἔχεσθαι
1297 3567 1821 3638 τοὺπιτηδεύματος,
1865 3573 1912 3622 εί
1947 3571 2076 3638 μέλ-

497 3654 650 3708 λουσι
700 3655 802 3724 τὴν
845 3657 1056 3710 ἑαυτῶν
1100 3659 1284 3722 καλῶς
1336 3661 1432 3713 καὶ
1487 3661 1767 3730 ἐμπείρως
1805 3664 2070 3732 οἰκήσειν.

497 3745 716 3800 Βέλτιον
748 3747 792 3798 δ’
823 3749 954 3812 ἴσως
985 3749 1081 3803 ἀπ’
1111 3753 1294 3804 αὐτῶν
1327 3753 1437 3804 τῶν
1467 3753 1561 3818 τοῦ
1605 3753 1898 3821 νομοθέτου
1933 3755 2074 3823 κύρ-

498 3836 636 3890 ϐεων
663 3839 1070 3910 ἀπολεξάμενος
1103 3843 1338 3912 ἱστορεῖν
1365 3858 1378 3874 ·
1419 3845 1582 3911 Λέγει
1612 3843 1703 3896 οὖν
1741 3843 1843 3913 (6).
1884 3863 1902 3897 ι
1940 3847 2074 3898 Κιν-

495 3928 708 3982 δυνεύει
737 3931 844 4001 γὰρ
875 3933 1088 3995 οὐδενὸς
1123 3933 1346 3986 ἔλαττον
1376 3935 1602 4003 μάθημα
1633 3930 1797 3997 εἶναι,
1822 3934 1888 3987 δι’
1918 3936 2078 4001 ἀκρι-

499 4021 652 4084 ϐείας
679 4023 1004 4077 ἐπίστασθαι
1059 4027 1268 4087 πάντας
1303 4026 1402 4096 τὴν
1433 4027 1614 4079 αὐτῶν
1667 4028 1852 4098 χώραν
1873 4043 1888 4060 ο
1923 4021 1983 4081 οὗ
2011 4027 2078 4098 δὴ

497 4115 660 4184 χάριν
687 4121 1023 4186 κυνηγεσίαν
1063 4118 1156 4170 καὶ
1199 4118 1298 4186 τὴν
1332 4118 1499 4185 ἄλλην
1531 4117 1729 4188 θήραν,
1777 4121 1874 4190 οὐχ
1907 4113 2074 4191 ἧττον

499 4203 844 4274 ἐπιτηδεύειν
877 4209 956 4260 δεῖ
1007 4207 1098 4260 τὸν
1135 4208 1376 4273 ἡϐῶντα,
1432 4209 1464 4279 ἢ
1522 4210 1620 4277 τῆς
1665 4209 1831 4280 ἄλλης
1883 4211 2078 4280 ἡδονῆς

500 4293 616 4362 ἃμα
647 4297 742 4348 καὶ
769 4296 1060 4365 ὠφελείας,
1093 4299 1190 4367 τῆς
1221 4299 1442 4368 περὶτὰ
1477 4299 1703 4352 τοιαῦτα
1743 4301 2078 4369 γιγνομένης

2175 3225 2301 3264 cum
2353 3209 2446 3263 illo
2499 3207 2592 3279 qui
2643 3205 2878 3260 venandi
2931 3203 3144 3258 nullum
3195 3216 3356 3256 usum
3399 3199 3766 3270 peritiamque

2177 3303 2395 3366 haheat,
2425 3301 2843 3370 comperiesque
2872 3297 3100 3351 omnino
3127 3303 3468 3366 quantopere
3495 3292 3646 3364 prior
3671 3291 3768 3346 ille

2177 3396 2324 3449 hunc
2355 3393 2550 3448 bellica
2575 3392 2780 3445 virtute
2813 3397 3061 3460 superet.

2251 3487 2300 3540 4.
2338 3485 2634 3553 Pmpterea
2665 3481 2840 3546 Plato,
2860 3481 2912 3534 in
2953 3495 3054 3534 suo
3088 3477 3163 3533 De
3194 3478 3406 3550 legibus
3434 3491 3602 3544 opere
3633 3475 3766 3530 bor-

2179 3585 2324 3630 tatur
2371 3575 2624 3646 juvenes,
2679 3579 2741 3624 ut
2793 3570 2923 3624 huic
2956 3571 3222 3624 exercitio
3269 3568 3512 3623 studium
3547 3567 3765 3638 impen-

2176 3665 2328 3727 dant,
2363 3662 2407 3717 si
2444 3661 2608 3716 modo
2640 3659 2812 3714 velint
2842 3657 3077 3727 patriam
3117 3655 3400 3726 regionem
3445 3653 3584 3708 bene
3621 3653 3766 3721 peri-

2179 3766 2342 3827 teque
2413 3755 2683 3810 habitare.
2753 3751 2862 3806 Sed
2932 3757 3152 3819 pratstat
3215 3749 3446 3802 fortasse
3502 3761 3567 3800 ex
3629 3745 3764 3814 ipsis

2175 3846 2505 3918 legislator‘ls
2556 3843 2760 3900 tabulis
2806 3841 2974 3896 verba
3028 3849 3244 3910 sumpta
3294 3837 3627 3893 exscribere.
3672 3835 3764 3888 Ait
3821 3911 3824 3914 ι

2180 3942 2346 4012 igitur
2379 3957 2434 3993 ιι
2480 3936 2637 3992 Haud
2671 3937 2903 3992 minoris
2933 3933 3195 3988 momenti
3243 3931 3484 3986 studium
3530 3943 3650 3985 esse
3683 3931 3764 3984 vi-

2179 4017 2361 4095 detur,
2397 4039 2456 4084 ut
2484 4043 2675 4082 omnes
2705 4026 2982 4095 exquisite
3017 4025 3200 4079 omnia
3235 4039 3346 4078 sua:
3374 4022 3616 4093 regionis
3643 4021 3762 4076 loca

2181 4127 2532 4192 pernoscaut.
2585 4116 2757 4186 Cujus
2817 4116 2896 4170 rei
2957 4115 3149 4188 gratia,
3203 4131 3312 4168 non
3361 4114 3544 4167 minus
3596 4125 3760 4180 quam

2179 4215 2588 4268 oblectamento
2632 4217 2728 4263 aut
2780 4209 2935 4264 alteri
2980 4208 3244 4278 cuiquam
3288 4203 3534 4270 utilitati,
3579 4202 3766 4256 adole-

2182 4313 2396 4359 scentes
2433 4299 2738 4365 venationi,
2776 4313 2897 4368 qua:
2934 4305 2990 4352 et
3030 4296 3262 4351 canibus
3293 4301 3348 4350 et
3379 4293 3486 4348 alio
3515 4291 3764 4362 quolibet

502 4387 660 4440 πᾶσι.
699 4405 720 4439 ι
777 4390 886 4440 Καὶ
917 4389 1090 4442 ταῦτα
1143 4391 1244 4458 μὲν
1280 4392 1506 4452 ἐκεῖνος.
1553 4391 1717 4444 Ἀλλὰ
1764 4393 1872 4461 μὴν
1905 4394 1974 4445 δι’
2003 4385 2072 4444 ὧν

2186 4396 2347 4451 modo
2401 4393 2480 4458 ﬁt,
2531 4407 2756 4462 operam
2811 4393 2942 4446 dare
2988 4389 3215 4446 debent.
3257 4407 3275 4441 ι
3311 4385 3438 4442 Haec
3485 4387 3596 4442 ille.
3643 4384 3760 4438 Jam

502 4479 602 4549 τὴν
655 4479 828 4550 θήραν
889 4483 1430 4550 μεταχειριζόμεθας
1477 4485 1577 4537 οὐκ
1629 4483 1824 4552 ἄδηλον
1871 4487 1952 4537 ὅτι
1989 4487 2078 4538 διὰ

501 4569 608 4622 τῶν
638 4572 818 4624 κυνῶν
842 4589 856 4602 ⁸
889 4575 1050 4636 κύνες
1077 4575 1183 4641 γὰρ
1212 4578 1288 4636 εἰς
1318 4575 1494 4645 Θήραν
1523 4576 1858 4644 ἐξαγόμενοι,
1889 4577 1922 4646 ἦ
1950 4579 2078 4640 τοὺς

504 4661 676 4730 θήρας
708 4665 973 4732 ὀφθέντας
1007 4667 1314 4732 διώκουσιν,
1346 4667 1378 4734 ἦ
1409 4669 1516 4720 τῶν
1555 4671 1715 4738 ἰχνῶν
1762 4669 2076 4734 λαϐόμενοι,

500 4749 589 4804 διὰ
604 4754 810 4807 τούτων
833 4757 920 4808 ἐπ’
937 4758 1130 4818 αὐτοὺς
1155 4759 1440 4828 τρέχοντες
1455 4759 1756 4828 τρέχοντας
1777 4761 1900 4813 ὅσον
1917 4761 2078 4829 τάχος

503 4845 648 4914 ἡμᾶς
683 4844 896 4912 ἄγουσι,
926 4851 1018 4900 καὶ
1057 4849 1315 4917 μάχονται
1359 4850 1478 4916 μεθ’
1514 4851 1670 4919 ἡμῶν
1713 4851 1853 4916 ὑπὲρ
1889 4851 2080 4920 ἡμῶν·

507 4936 766 4998 πολλάκις
780 4937 836 4991 δὲ
871 4941 965 4992 καὶ
1001 4943 1132 5008 πρὶν
1160 4942 1288 5004 τοὺς
1311 4945 1580 5010 κυνηγοὺς
1602 4943 1868 5008 ἐπελθεῖν,
1902 4946 1962 4996 τὸ
1987 4945 2084 5012 θη-

507 5025 622 5091 ρίον
675 5027 1023 5090 διεσπάκασι.
1061 5032 1170 5084 Καὶ
1215 5033 1343 5098 περὶ
1379 5032 1478 5102 μὲν
1529 5033 1629 5100 τῆς
1659 5031 1768 5085 τῶν
1813 5031 1993 5084 κυνῶν
2023 5033 2082 5084 ὲν

505 5119 568 5186 τῇ
601 5116 744 5188 θήρᾳ
794 5119 1064 5188 ὠφελείας
1109 5121 1369 5176 τοσαῦτα.
1424 5122 1682 5176 Ἐδύνατο
1725 5124 1831 5193 γὰρ
1883 5124 1946 5176 ἄν
1974 5141 2080 5187 τις,

505 5252 900 5374 ndig-Confer
935 5256 1193 5329 Cragium
1235 5259 1312 5314 De
1343 5277 1454 5332 rep.
1491 5259 1682 5316 Laced.
1719 5262 1814 5315 lib.
1846 5277 1926 5328 ιιι,
1969 5261 2081 5318 tab.

547 5363 658 5473 _{2)
702 5393 886 5448 Dianas
913 5395 1126 5451 scilicet
1157 5395 1486 5473 Venatricis.
1527 5401 1688 5473 cujus
1720 5409 1954 5454 statuam
2000 5417 2086 5456 sa-

509 5470 674 5533 gittas
701 5473 982 5518 tenentem
1013 5481 1122 5520 non
1164 5470 1336 5523 semel
1362 5470 1626 5525 describit
1652 5472 1976 5526 Pausanias.

702 5533 934 5618 3'99!"
963 5535 1194 5618 Lycurgi
1229 5540 1404 5606 legem
1434 5540 1694 5618 adversus
1729 5543 1975 5618 ignavos.

582 5603 656 5669 (ι)
701 5603 1363 5679 Sedebantconvivantes
1390 5611 1713 5679 antiquitus.
1743 5603 1938 5664 deinde
1971 5629 2086 5668 cm-

511 5683 712 5751 peruut
757 5671 1150 5751 discumbere,
1186 5679 1278 5751 sed
1329 5671 1662 5751 posrefuum
1701 5681 1805 5733 hoe
1839 5682 2088 5738 honora-

517 5743 626 5794 tius
669 5741 739 5795 Dc.
773 5743 1031 5798 ltotnanis
1061 5745 1174 5800 Val.
1214 5741 1350 5802 Max:
1391 5765 1448 5814 ιι,
1480 5750 1534 5817 5,
1565 5761 1616 5805 ct
1646 5751 1834 5806 Isidor.
1870 5767 1960 5818 xx,
2001 5755 2084 5808 Η.

2181 4503 2314 4541 vero
2358 4485 2690 4554 quibusnam
2737 4481 3120 4536 instrumentis
3161 4479 3471 4534 venamur?
3497 4475 3766 4543 Videlice;

2179 4579 2430 4634 canibus.
2483 4575 2696 4631 Etenim
2735 4589 2898 4630 canes
2941 4573 2996 4626 in
3041 4571 3388 4626 venationem
3426 4567 3633 4632 educti,
3675 4569 3763 4621 vel

2183 4672 2326 4726 feras
2394 4677 2719 4739 conspectas
2789 4673 3243 4736 persequuntur;
3314 4661 3400 4716 vel
3467 4661 3764 4728 compertis

2181 4762 2448 4832 vestigiis.
2479 4776 2574 4830 per
2599 4759 2716 4814 haec.
2745 4767 2872 4828 post
2899 4771 2994 4812 eas
3020 4755 3316 4820 eurrendo,
3343 4759 3632 4808 currentes
3661 4765 3770 4804 nos

2181 4853 2445 4907 velociter
2468 4853 2768 4913 deducunt,
2794 4859 2850 4904 et
2871 4848 3159 4902 uobiscum
3191 4862 3291 4916 pro
3315 4845 3472 4899 nobis
3495 4851 3762 4914 pugnant.

2186 4943 2342 5013 Sat-pe
2391 4943 2556 4998 etiam
2614 4950 2743 4996 ante
2797 4954 2960 5010 quam
3009 4947 3306 4994 venatores
3348 4935 3766 5006 superveniunt,

2185 5032 2358 5087 feram
2396 5033 2508 5103 jam
2539 5031 2939 5087 dilacerarunt.
2974 5029 3043 5084 Et
3086 5029 3154 5084 de
3199 5043 3394 5083 cauum
3439 5027 3662 5095 quidem
3705 5025 3766 5078 in

2185 5125 2438 5182 venando
2493 5125 2730 5181 utilitate
2781 5124 3066 5178 hactenus.
3115 5121 3249 5176 Nam
3303 5129 3490 5192 posset
3535 5119 3766 5189 aliquis,

2187 5260 2264 5316 De
2303 5258 2508 5314 Graecis
2539 5258 2788 5314 Feithius
2823 5255 3248 5328 Antiq.jlomer.
3281 5255 3374 5310 lib.
3405 5255 3580 5328 nt,‘_5.

2261 5331 2337 5402 (ὃ)
2381 5331 2630 5402 Imitatur
2674 5330 2788 5402 bic_
2804 5321 2969 5383 Gaza'
3001 5325 3441 5402 Xenophontem,
3477 5321 3742 5402 ςῃνορωςζ

2185 5393 2368 5525 Ιίὶξζιι,
2407 5397 2493 5464 10,
2528 5399 2620 5454 ubi
2653 5401 2720 5453 de
2757 5398 3046 5453 Persarum
3091 5393 3324 5450 venandi
3367 5393 3548 5449 studio
3585 5393 3650 5448 ac
3678 5393 3766 5448 di-

2188 5487 2302 5525 sem
2328 5484 2438 5523 tua.

2188 5484 2438 5527 SClDlllla.

2263 5489 2536 5610 (ἓνιὲίιιιο
2580 5539 2657 5610 De
2711 5537 2906 5607 legibus
2934 5536 3053 5610 lib.
3099 5551 3172 5601 vr,
3216 5535 3483 5610 ed.Serr.
3528 5531 3764 5610 tom.__l!.

2191 5627 2245 5681 p.
2272 5604 2412 5664 '765.
2457 5611 2602 5681 Idem
2640 5604 3104 5681 Platocopiosius
3131 5611 3200 5681 de
3238 5607 3532 5681 venatione
3565 5604 3766 5681 scribit

2190 5673 2293 5735 sub
2320 5685 2480 5734 linem
2513 5680 2610 5734 lib.
2637 5695 2734 5732 vn.
2775 5673 3101 5731 (Iunii-ratur
3130 5678 3293 5731 etiam
3341 5677 3670 5732 Plutarchus
3701 5673 3764 5727 iu

2190 5752 2285 5806 lib.
2323 5750 2398 5804 De
2425 5751 2742 5807 animalium
2773 5746 3006 5802 solertia.
