4106 6410
402 389 504 453 9η

1670 393 2063 454 TIIEODOBI
2107 392 2323 454 GAZA‘I

3548 385 3645 455 912

400 505 698 561 testinandi
754 505 978 561 minime
1014 506 1250 577 indigus,
1300 507 1678 561 dcnmustrare
1709 523 1771 560 ac
1821 507 1982 560 latius

2091 507 2166 578 μὴ
2211 509 2465 564 σπεύδειν
2511 507 2863 579 ὡρμημένος,
2913 507 3230 573 δείξαιοκαὶ
3273 507 3527 574 διεξιέναι
3576 507 3648 569 ὡς

398 614 710 666 exponere,
742 600 1018 666 quomodo
1056 599 1262 652 omissa
1315 600 1602 651 venatione
1649 598 1833 650 omnia
1885 597 1979 651 fie-

403 698 525 740 rent
559 688 714 756 plena
750 687 1012 751 ferarum,
1044 704 1167 758 quae
1197 689 1516 741 hominibus
1545 687 1684 741 male
1709 689 1976 746 facerent.

398 785 454 828 et
487 776 542 829 in
581 777 813 830 urbibus
841 777 1061 837 clausos
1088 777 1445 843 obsiderent;
1474 794 1503 830 a
1531 778 1733 846 quibus
1763 779 1978 830 cunctis

403 867 768 922 incommodis
795 869 1177 924 vcnaticorum
1209 885 1407 922 canum
1445 886 1548 939 cpe
1583 870 1905 923 liberamur.

475 961 533 1013 5.
567 960 850 1026 Quodnam
885 976 1049 1030 porro
1073 962 1271 1015 animal
1300 969 1385 1014 est
1413 961 1773 1029 custodiendo
1799 961 1979 1028 aptius

399 1067 562 1120 quam
603 1052 773 1117 cauis,
816 1053 1005 1121 reique
1044 1053 1348 1106 commissa:
1389 1051 1670 1106 servandae
1713 1050 1978 1105 ﬁdelius!

405 1143 698 1212 Propterea
749 1143 896 1197 enim
940 1155 999 1197 et
1038 1143 1297 1213 gregibus
1344 1159 1442 1198 eos
1488 1143 1836 1212 przclicimus,
1881 1140 1977 1211 qui

403 1233 624 1303 quidem
681 1233 804 1288 illos
851 1233 919 1287 ad
967 1248 1167 1303 pascua
1217 1234 1462 1288 educunt
1509 1242 1563 1288 et
1615 1235 1976 1304 praemittunt.

402 1326 827 1394 praemissosque
872 1328 1215 1389 custodiunt,
1248 1336 1306 1380 et
1335 1326 1640 1381 custoditos
1685 1327 1751 1379 ad
1795 1327 1980 1381 caulas

406 1417 673 1471 reducunt
708 1437 720 1471 :
751 1417 949 1472 ovibus
977 1419 1271 1483 mansueti,
1298 1419 1439 1486 lupis
1468 1419 1763 1482 terribiles,
1790 1431 1976 1488 βαδιοο

406 1509 563 1561 ribus
607 1509 952 1564 obedientes.
989 1507 1056 1563 Et
1105 1510 1242 1564 vivis
1285 1512 1508 1581 quidem
1548 1510 1796 1574 canibus,
1831 1510 1978 1565 baud

406 1601 681 1668 attingent
723 1614 914 1669 greges
951 1599 1104 1670 lupi;
1149 1603 1381 1658 mortuis
1415 1613 1619 1670 autem,
1664 1603 1812 1658 illico
1842 1603 1979 1658 dila-

405 1689 695 1743 cerabmtl.
730 1689 909 1755 Quare
949 1703 1004 1744 et
1045 1693 1122 1746 illi
1151 1694 1371 1763 :esopici
1407 1695 1516 1764 lupi
1563 1696 1710 1764 pacis
1749 1696 1979 1750 societa-

407 1780 585 1846 tisque
618 1779 796 1834 imdus
831 1782 1093 1851 gregibus
1123 1784 1447 1846 oll'crebant,
1484 1785 1782 1839 dummodo
1821 1801 1980 1855 aspe-

405 1885 494 1922 ros
526 1871 646 1924 illos
698 1885 759 1924 ac
811 1887 985 1926 saevos
1025 1883 1081 1927 et
1137 1874 1346 1929 invisos
1394 1891 1559 1930 canes
1614 1877 1719 1932 sibi
1768 1877 1985 1933 deditos

405 1961 733 2014 traderent:
766 1963 936 2029 probe
985 1964 1165 2032 gnari,
1209 1965 1256 2019 si
1299 1965 1386 2020 his
1429 1967 1758 2036 potirentur,
1794 1985 1986 2038 greges

404 2052 525 2104 sine
576 2053 686 2106 ullo
734 2053 922 2107 labore
964 2054 1018 2108 in
1068 2054 1314 2125 ipsorum
1349 2056 1670 2126 potestatem
1705 2061 1984 2116 redactum

408 2143 498 2195 iri.
533 2142 651 2196 .Iam
700 2159 801 2198 cur
833 2145 929 2200 tibi
967 2161 1190 2203 narrem
1223 2147 1293 2202 de
1333 2150 1428 2204 illo
1471 2150 1741 2221 Capparo,
1778 2153 1858 2207 vel
1891 2171 1988 2222 po-

409 2236 521 2288 tius
551 2235 620 2290 de
660 2235 756 2289 illo
788 2234 970 2292 dicam
1003 2239 1190 2308 templi
1222 2238 1524 2309 A'Zsculapii
1554 2244 1824 2298 custode?
1851 2244 1985 2299 Nam

405 2339 531 2377 eum
571 2326 757 2394 praedo
794 2328 1016 2393 quidam
1048 2331 1347 2398 sacrilegus
1379 2333 1518 2385 clam
1557 2332 1838 2403 ingressus
1867 2352 1988 2403 pre-

406 2415 702 2471 tiosissima
739 2435 973 2488 qumque
1025 2420 1291 2487 auferret,
1343 2424 1499 2477 canis
1548 2425 1770 2492 quidem
1819 2441 1984 2496 quam

407 2511 739 2565 validissima
769 2529 896 2567 voce
927 2514 1217 2570 allatrabut
1249 2533 1262 2569 :
1290 2532 1482 2571 verum
1511 2519 1730 2574 :edituis
1760 2523 1986 2575 minime

403 2605 761 2672 experrectis,
809 2608 904 2659 sed
941 2606 1182 2676 praedoni
1223 2609 1458 2677 spatium
1497 2610 1743 2680 fugiendi
1786 2627 1987 2667 conce-

405 2695 688 2760 dentibus,
732 2696 847 2766 ipse
879 2698 1194 2767 prazdonem
1227 2711 1551 2770 persecutus
1581 2714 1664 2757 est
1701 2719 1879 2774 neque
1917 2706 1985 2759 ab

402 2802 471 2840 eo
506 2803 744 2856 unquam
793 2789 1027 2846 destitit.
1094 2791 1372 2847 Postridie
1418 2804 1599 2847 autent
1632 2807 1984 2852 occurrentes

404 2879 647 2950 singulos
695 2880 896 2936 blande
939 2882 1274 2953 excipiebat,
1327 2885 1637 2952 praedonem
1685 2902 1817 2942 vero
1855 2888 1986 2942 alla-

405 2971 605 3033 trabat,
636 2980 694 3026 et
727 2982 891 3026 noctu
915 2987 1135 3043 quoque
1169 2974 1547 3029 insectabatur
1575 2990 1590 3029 :
1624 2976 1802 3038 donec
1833 2979 1985 3034 missi

404 3059 472 3112 ad
513 3060 906 3130 inquirendum
949 3078 1103 3116 reum
1154 3063 1431 3126 homines.
1480 3065 1664 3119 audita
1711 3066 1765 3122 in
1800 3068 1885 3123 via
1917 3069 1987 3124 de

404 3151 559 3205 cautis
611 3153 830 3222 negotio
875 3153 1163 3220 relatione,
1206 3157 1521 3224 praedonem
1578 3170 1876 3228 ceperunt,
1929 3171 1987 3217 et

405 3250 526 3309 post
555 3256 614 3296 se
649 3241 928 3298 trahentes
953 3243 1198 3299 Athenas
1221 3244 1567 3303 deduxerunt
1595 3267 1608 3302 :
1637 3267 1802 3320 quem
1832 3251 1984 3309 canis

405 3331 559 3386 valde
596 3332 788 3387 hilaris
818 3335 1176 3403 sequebatur,
1209 3338 1512 3406 trophmum
1537 3342 1709 3397 veluti
1737 3343 1806 3398 de
1832 3344 1987 3399 hoste

403 3438 596 3493 agens,
631 3425 1006 3494 spectaculum
1038 3429 1316 3498 egregium
1349 3446 1412 3484 ac
1449 3432 1759 3489 videntibus
1785 3435 1985 3504 jucun-

401 3518 694 3572 dissimum
732 3519 1021 3575 exhibens.
1059 3521 1426 3594 Quamobrem
1461 3525 1827 3582 Athenienses
1859 3527 1983 3582 cani

406 3607 624 3676 publica
663 3610 922 3664 alimenta
965 3611 1355 3679 decreverunt,
1387 3615 1608 3671 :edituis
1640 3625 1699 3671 ut
1736 3617 1857 3689 ejus
1890 3632 1985 3675 cu-

403 3717 518 3754 ram
550 3711 805 3770 gererent
833 3703 1027 3757 manda
1041 3712 1184 3759 ntes.

469 3810 527 3863 6.
573 3811 696 3865 llaec
742 3820 1006 3881 reputans
1053 3813 1276 3870 divinus
1328 3817 1418 3872 ille
1465 3817 1641 3882 Plato,
1687 3819 1820 3876 dum
1867 3821 1986 3878 ida--

402 3916 568 3955 neum
598 3901 836 3970 aliquem
865 3903 1257 3971 pulcherrimae
1284 3923 1396 3962 suae
1426 3911 1984 3984 stupendissimaeque

400 3993 613 4046 civitati
648 3991 934 4062 imponere
977 3997 1262 4052 custodem
1309 4012 1601 4069 quaereret,
1652 4020 1760 4058 non
1795 4005 1986 4060 habuit

404 4081 549 4135 unde
579 4082 736 4136 aliter
762 4083 1053 4154 imaginem
1081 4088 1201 4159 ejus
1231 4101 1492 4156 sumeret,
1527 4108 1689 4162 quam
1720 4111 1749 4147 a
1782 4110 1981 4150 canum

405 4183 622 4226 natura.
668 4172 759 4229 Sic
792 4175 870 4229 ait
906 4176 1090 4247 itaque
1123 4179 1179 4231 in
1229 4177 1565 4250 Reipublicae
1595 4183 1846 4255 dialogis,
1887 4202 1986 4241 cu-

401 4261 616 4318 stodcm
649 4265 991 4323 describens.
1044 4288 1062 4320 ι
1101 4269 1467 4326 Existimasne
1517 4275 1686 4343 igitur
1729 4279 1982 4348 generosi

402 4355 571 4409 catuli
626 4365 684 4411 et
735 4357 934 4414 nobilis
987 4360 1350 4418 adolescentis
1413 4373 1690 4430 naturam,
1743 4369 1809 4424 ad
1872 4371 1982 4425 vim

404 4446 748 4502 custodiendi
789 4450 936 4519 quod
986 4451 1201 4515 attinet,
1237 4453 1460 4510 diﬂ'erre
1480 4457 1503 4509 ?
1527 4457 1665 4530 Quid
1692 4460 1814 4514 ais?
1841 4459 1984 4515 Con-

2087 601 2215 652 ἇνευ
2250 600 2424 669 θήρας
2463 599 2639 669 μεστά
2668 593 2738 669 ἦν
2790 599 3010 654 ἅπαντα
3050 599 3261 668 θηρίων
3290 601 3414 662 τοὺς
3447 599 3646 668 ἀνθρὼ-

2085 709 2222 754 πους
2248 692 2726 763 κακουργούντων,
2751 696 2844 748 καὶ
2870 692 3433 761 κατακεκλασμένους
3454 695 3512 744 ἐν
3534 693 3648 753 ταῖς

2089 785 2276 837 πόλεσι
2313 786 2768 856 πολιορκούντων,
2804 779 2880 841 ὢν
2913 787 3174 840 ἀπάντων
3199 785 3289 840 διά
3333 786 3441 840 τῶν
3471 784 3646 840 κυνῶν

2088 878 2308 946 καὶτῆς
2342 880 2678 946 κυνηγεσίας
2711 877 3134 948 ἀπηλλάγμεθα.

2159 964 2216 1022 ε’.
2251 968 2315 1022 Τί
2349 969 2406 1022 δέ
2459 968 2600 1032 ζῶον
2647 970 2828 1023 κυνῶν
2860 967 3367 1040 φυλακτικὼτερον,
3417 967 3513 1021 καὶ
3551 964 3648 1037 τὴν

2088 1061 2565 1131 παρακαταθήκην
2612 1061 2921 1116 ἀποδιδόναι
2969 1061 3323 1132 πιστότερον;
3373 1061 3473 1112 Διά
3503 1057 3650 1111 τοῦτο

2088 1152 2196 1222 γάρ
2227 1155 2335 1205 τῶν
2380 1154 2593 1220 ἀγελῶν
2624 1155 2964 1224 προϊσταμεν
3013 1155 3236 1218 αὐτοὺς,
3269 1153 3364 1206 καὶ
3400 1151 3497 1213 τάς
3525 1147 3650 1216 ἀγέ-

2087 1245 2182 1306 λαις
2215 1245 2372 1297 αὐτοὶ
2407 1247 2486 1307 είς
2540 1245 2711 1316 νομὴν
2759 1245 3039 1314 ἐξάγουσι,
3091 1246 3185 1298 καὶ
3240 1244 3651 1314 προπέμπουσι,

2089 1337 2542 1406 προπεμφθείσας
2563 1338 2620 1391 δὲ
2644 1339 2992 1407 φυλάττουσι,
3015 1338 3383 1408 φυλαχθείσας
3406 1337 3464 1390 δὲ
3484 1336 3655 1390 όπίσω

2087 1427 2271 1480 οῐκαδε
2327 1427 2560 1494 ἄγουσιο
2609 1431 2722 1493 τοῖς
2768 1430 2868 1500 μέν
2901 1430 3195 1500 προϐάτοις
3242 1430 3418 1500 ἤπιοι,
3464 1431 3574 1491 τοῖς
3603 1427 3658 1481 δέ

2085 1517 2272 1582 λύκοις
2305 1520 2550 1590 φοϐεροὶ,
2585 1523 2695 1586 τοῖς
2723 1521 2780 1574 δὲ
2807 1524 3032 1592 ποιμέσι
3067 1521 3337 1593 πειθήνιοι
3363 1537 3379 1553 ο
3408 1522 3504 1576 καὶ
3526 1518 3657 1584 ζών-

2087 1628 2197 1664 των
2231 1612 2330 1682 μέν
2356 1612 2582 1678 τούτων,
2613 1613 2716 1666 οὐκ
2745 1611 2814 1665 ἂν
2843 1612 3074 1682 ἀψαιντο
3103 1612 3255 1665 λύκοι
3279 1612 3506 1682 ἀγέλης,
3532 1612 3658 1664 ino-

2091 1705 2362 1758 θανόντων
2385 1704 2442 1756 δέ
2465 1705 2674 1773 ταχέως
2703 1704 3008 1759 διέσπασαν
3025 1720 3040 1736 ο
3071 1703 3152 1757 διὸ
3174 1707 3271 1757 καὶ
3297 1705 3346 1756 oi
3377 1705 3656 1758 αίσώπειοι

2091 1799 2286 1849 ἐκεῖνοι
2317 1797 2494 1863 λύκοι,
2550 1797 2786 1860 σπονδάς
2817 1800 2908 1850 καὶ
2941 1797 3168 1868 εἰρήνην
3204 1796 3298 1849 καὶ⁵
3341 1794 3659 1865 συμμαχίαν

2016 1860 2060 1920 Β
2093 1893 2206 1955 τοῖς
2239 1860 2517 1960 ποιμνίοις
2563 1890 2904 1961 προῦτεινον,
2940 1860 3025 1958 ἐφ’
3123 1860 3250 1952 τοὺς
3273 1860 3500 1960 τραχεές
3527 1860 3662 1941 ἐκεί-

2089 1993 2211 2039 νους
2258 1977 2353 2028 καὶ
2408 1976 2678 2045 σκληροὺς
2727 1977 2821 2031 καὶ
2881 1978 3138 2048 ἀπεχθεῖς
3196 1977 3364 2038 κύνας
3414 1977 3659 2036 ἐκδότους

2089 2069 2264 2120 ποιεῖν
2292 2081 2307 2098 ο
2345 2066 2407 2120 εὖ
2433 2067 2660 2130 εἰδότες,
2689 2069 2770 2120 ὅτι
2793 2068 2998 2122 τούτων
3023 2069 3418 2139 κρατήσαντες,
3449 2068 3658 2131 ἀπόνως

2086 2161 2156 2214 τὰ
2188 2162 2439 2231 πρόϐατα
2483 2161 2838 2232 χειρώσονται
2870 2161 2969 2232 (l).
3001 2162 3108 2214 Καὶ
3141 2162 3194 2213 τί
3225 2162 3289 2214 ἀν
3325 2177 3407 2214 σοι
3450 2160 3660 2228 λέγοιμι

2085 2252 2179 2305 τὸν
2209 2251 2511 2319 Κάππαρον
2542 2253 2752 2305 ἐκεῖνον
2775 2267 2792 2318 ;
2826 2252 3031 2321 μᾶλλον
3065 2251 3121 2304 δὲ
3154 2250 3206 2303 τι
3235 2251 3334 2304 οὐκ
3363 2253 3433 2304 ἄν
3461 2268 3542 2304 σοι
3574 2250 3661 2302 λέ-

2087 2360 2241 2413 γοιμι
2262 2342 2354 2395 τὸν
2373 2343 2589 2411 φύλακα
2608 2344 2701 2396 τοῦ
2721 2345 2825 2395 νεὼ
2844 2343 2938 2396 τοῦ
2959 2342 3288 2413 Ἀσκληπιοῦ
3308 2359 3324 2410 ;
3349 2344 3542 2414 ἐπειδὴ
3562 2343 3662 2412 γὰρ

2091 2434 2365 2504 ἱερόσυλός
2395 2450 2481 2498 τις
2510 2435 2686 2503 λάθρα
2719 2435 3002 2499 είσελθὼν,
3037 2436 3205 2489 ἐσύλα
3231 2437 3300 2489 τὰ.
3328 2453 3377 2488 τι
3389 2439 3660 2507 μιῶτατα,

2089 2531 2252 2592 αὐτὸς
2285 2530 2386 2598 μὲν
2431 2529 2556 2581 ὅσον
2583 2528 2768 2598 φωνῆς
2797 2524 2902 2597 ἦκε
2935 2528 3190 2580 ὑλάκτειο
3237 2529 3339 2581 οὐκ
3370 2530 3662 2598 ἐγειρομέ-
3705 2565 3718 2580 .

2087 2641 2193 2676 νων
2221 2623 2276 2675 δέ
2322 2621 2432 2674 τῶν
2463 2621 2735 2691 ζακόρων,
2788 2620 2905 2673 ἀλλ’
2937 2619 3357 2690 ἀποδιδράσκειν
3405 2621 3488 2691 τῷ
3528 2622 3663 2690 ίερο·

2091 2716 2237 2784 σύλῳ
2270 2715 2528 2783 ἀφορμὴν
2572 2713 2906 2777 δεδωκότων,
2953 2713 3144 2766 ἐδίωκε
3197 2713 3288 2766 τὸν
3321 2714 3607 2783 ἱερόσυλον
3637 2716 3663 2768 ό

2088 2797 2258 2868 κύων,
2295 2802 2550 2856 οὐδέποτε
2583 2801 3013 2872 ἀπολειπόμενος
3047 2798 3212 2855 αὐτοῦ
3241 2816 3256 2831 ο
3293 2803 3414 2872 μεθ’
3453 2805 3662 2873 ἡμέραν

2091 2897 2192 2964 μὲν
2237 2896 2366 2958 τοὺς
2411 2895 2499 2947 ἀεὶ
2542 2893 2806 2947 ἑκάστοτε
2839 2893 3201 2957 ἀπαντῶντας
3232 2895 3664 2966 φιλοφρονούμε·

2087 3005 2198 3050 νος,
2225 2986 2372 3057 αὐτῷ
2389 2985 2446 3039 δὲ
2475 2984 2554 3056 τῷ
2581 2985 2841 3056 ἱεροσύλῳ
2865 2984 3134 3052 ὑλακτῶν,
3163 2988 3357 3051 νυκτὸς
3377 2988 3436 3041 δὲ
3467 2987 3663 3059 ὁμοίως

2090 3078 2376 3147 ἑπόμενος,
2427 3076 2586 3147 ἄχρις
2620 3075 2681 3130 οὗ
2711 3077 2761 3128 οί
2797 3077 2890 3130 ἐπὶ
2916 3075 3099 3140 διώξει
3128 3077 3503 3145 πεμφθέντες,
3536 3095 3664 3130 πυν-

2092 3167 2381 3236 θανόμενοι
2427 3166 2550 3220 καθ’
2578 3165 2700 3218 ὁδὸν
2728 3166 2861 3235 περὶ⁸
2905 3164 2998 3218 τοῦ
3033 3165 3217 3231 κυνὸς,
3249 3166 3342 3219 τὸν
3385 3167 3664 3238 ἱερόσυλον

2090 3259 2411 3323 κατέλαϐον,
2437 3259 2532 3312 καὶ
2561 3258 2737 3311 ὀπίσω
2764 3259 2844 3321 είς
2874 3257 3109 3328 ’Δθῆνας
3153 3253 3313 3329 ἦγον.
3349 3259 3410 3313 '0
3435 3259 3493 3317 δέ
3521 3259 3666 3314 κύων

2089 3353 2277 3405 εἵπετο
2324 3353 2471 3422 μάλα
2502 3350 2750 3423 φαιδρὸς,
2781 3351 2856 3413 ὡς
2882 3350 2948 3405 ἂν
2984 3353 3033 3404 εί
3065 3352 3329 3422 τρόπαιον
3373 3353 3483 3406 ἀπὸ
3515 3355 3667 3406 πολε-

2093 3447 2216 3515 μίου
2259 3444 2435 3514 ἀγων,
2472 3443 2654 3512 θέαμα
2707 3444 2993 3499 κάλλιστον
3040 3446 3276 3508 καὶτοῖς
3313 3447 3521 3516 ὁρῶσιν
3553 3448 3667 3518 ἣδι-

2037 3580 2042 3588 .
2092 3551 2218 3588 στον
2247 3535 2530 3605 παρέχων.
2560 3532 2680 3603 Ἐφ’
2711 3529 2756 3605 ᾧ
2798 3536 2848 3588 oi
2876 3534 3155 3607 Ἀθηναῖοι
3203 3536 3282 3606 τῷ
3312 3538 3436 3591 κυνὶ
3470 3537 3666 3607 ἐψηφί-

2090 3644 2255 3681 σαντο
2278 3626 2515 3698 δημοσίᾳ
2543 3629 2711 3694 σῖτον,
2757 3631 2853 3682 καὶ
2887 3627 3228 3698 προσέταξαν
3266 3631 3379 3692 τοῖς
3410 3629 3666 3702 ζακόριιις

2088 3718 2363 3773 ποιεῖσθαι
2391 3718 2556 3771 αὑτοῦ
2589 3718 2909 3788 ἐπιμέλειαν
2941 3718 3038 3788 (2).

2160 3817 2235 3876 ς’.
2274 3811 2462 3865 Ταῦτα
2508 3810 2856 3880 λογιζόμενος
2905 3814 2935 3864 ό
2973 3812 3249 3882 δαιμόνιος
3285 3814 3496 3877 ἐκεῖνος
3526 3814 3666 3866 Πλά-

2085 3921 2216 3967 των,
2250 3901 2429 3972 ζητῶν
2473 3903 2530 3956 δέ
2565 3905 2872 3974 ἐπιτήδειόν
2904 3922 3028 3959 τινα
3060 3908 3124 3976 τῇ
3164 3905 3432 3978 καλλίστῃ
3461 3895 3662 3960 ἐαυτοῦ

2086 3997 2180 4050 καὶ
2210 3996 2639 4066 θαυμασιωτάτη
2673 3996 2824 4049 πόλει
2852 3997 3242 4064 ἐγκαθιστάναι
3275 3997 3521 4066 φύλακα,
3560 4001 3658 4052 οὐκ

2087 4083 2233 4158 εἶχεν
2281 4087 2406 4141 ὅθεν
2437 4086 2660 4141 άλλοθεν
2693 4086 2882 4140 είκόνα
2929 4085 3096 4140 αὑτοῦ
3139 4087 3374 4158 λάδοι,ἢ
3425 4089 3537 4142 ἀπὸ
3567 4088 3665 4154 τῆς

2086 4180 2196 4232 τῶν
2248 4177 2425 4231 κυνῶν
2453 4176 2668 4245 φύσεως
2691 4192 2709 4211 ο
2761 4176 2912 4245 λέγει
2957 4176 3053 4231 οὖν
3084 4177 3143 4230 ἐν
3188 4179 3256 4249 τῇ
3295 4179 3556 4251 Πολιτείᾳ
3585 4180 3658 4248 (3)

2087 4272 2407 4342 διαγράφων
2440 4269 2531 4323 τὸν
2562 4268 2782 4338 φύλακα
2804 4284 2819 4299 ³
2852 4288 2871 4322 ι
2907 4271 3024 4324 Oiei.
3053 4266 3146 4324 οὖν
3169 4288 3221 4324 τι
3253 4271 3536 4340 διαφέρειν
3560 4272 3664 4342 φύ-

2088 4379 2176 4414 σιν
2208 4361 2459 4430 γενναίου
2490 4360 2783 4424 σκύλακος,
2828 4361 2910 4414 si:
2944 4361 3213 4432 φυλακην,
3251 4362 3540 4416 νεανίσκου
3577 4365 3664 4415 εὐ-

2087 4451 2314 4522 γενοῦςς
2345 4451 2405 4505 τὸ
2432 4453 2583 4505 ποῖον
2605 4452 2825 4520 λέγεις;
2855 4446 2967 4505 οἷον
2993 4452 3121 4517 όξύν
3152 4468 3215 4505 τε
3243 4452 3346 4507 ποῦ
3371 4454 3453 4508 δεῖ
3479 4456 3684 4508 αὐτοῖν

405 4546 802 4593 sentaneumne
848 4542 920 4595 sit
960 4543 1216 4600 videlicet
1261 4555 1512 4602 naturam
1565 4551 1855 4620 utriusque
1893 4567 1982 4606 va-

2090 4543 2351 4614 ἑκάτερον
2384 4537 2526 4597 εἶναι
2559 4543 2698 4612 πρὸς
2726 4542 3005 4612 αἴσθησιν,
3039 4545 3133 4596 καὶ
3173 4543 3410 4615 ἐλαφρὸν
3441 4549 3580 4617 πρὸς
3605 4547 3663 4599 τὸ

405 4629 539 4690 lere,
575 4640 632 4683 et
665 4631 731 4684 ad
763 4647 982 4687 sensum
1006 4650 1131 4689 esse
1160 4651 1435 4706 sagacem.
1461 4649 1516 4693 et
1541 4640 1783 4696 velocem
1818 4651 1983 4713 atque

402 4715 714 4784 expeditam
751 4718 817 4772 ad
859 4720 909 4774 id
947 4722 1092 4789 quod
1151 4725 1388 4778 sentitur
1427 4732 1892 4797 persequendum.
1927 4741 1982 4785 et

406 4819 585 4862 tamen
620 4811 884 4874 validam,
929 4815 975 4867 si
1009 4830 1148 4884 opus
1187 4816 1371 4882 fuerit,
1404 4819 1471 4872 ad
1505 4820 1924 4876 dimicandum?
1958 4840 1975 4872 ι

407 4901 474 4952 Et
505 4899 668 4968 paulo
695 4912 820 4971 post
857 4920 870 4956 :
911 4923 928 4954 ι
966 4906 1105 4974 Erga
1141 4919 1302 4963 notos
1337 4909 1562 4978 quidem
1594 4921 1649 4964 et
1682 4912 1982 4967 familiares

405 5000 534 5043 sunt
581 5006 842 5061 perquam
898 4998 1166 5052 mansueti
1219 5002 1454 5070 (canes)
1506 5023 1519 5056 :
1561 5019 1688 5074 erga
1743 5005 1982 5073 ignotos,

404 5084 554 5137 saevi.
598 5083 732 5140 Novi
781 5089 1085 5144 enimvero.
1129 5091 1244 5147 lloc
1288 5108 1457 5164 ergo,
1500 5095 1746 5164 inquam,
1795 5099 1982 5168 hujus—

405 5172 552 5225 modi
598 5184 705 5234 est,
741 5187 800 5230 ιιι
846 5179 959 5230 licri
995 5180 1165 5246 possit
1207 5183 1536 5247 commode;
1570 5201 1749 5254 neque
1781 5197 1978 5256 praeter

406 5270 682 5326 naturam,
710 5265 872 5319 talem
902 5271 1189 5323 custodem
1230 5272 1644 5342 investigamus.
1676 5275 1794 5330 Non
1826 5279 1979 5332 vide-

405 5365 514 5406 tur.
554 5353 749 5410 Nonne
776 5367 832 5412 et
877 5359 1101 5429 insuper
1130 5361 1235 5417 hoc
1267 5363 1485 5419 videtur
1516 5366 1762 5437 indigere
1810 5369 1855 5423 is
1884 5373 1977 5438 qui

403 5444 725 5512 dignitatem
751 5461 1151 5506 consecuturus
1181 5462 1286 5518 est,
1318 5464 1378 5507 ut
1410 5466 1609 5525 praeter
1633 5473 1798 5526 quam
1831 5460 1978 5528 quod

405 5538 706 5592 iracundus
738 5553 858 5594 esse
887 5541 1107 5606 debeat,
1135 5553 1328 5598 natura
1369 5562 1592 5616 quoque
1623 5549 1804 5615 sagaci
1841 5564 1979 5615 prae-

401 5627 554 5681 ditus
597 5627 1071 5695 sitiQuomodo?
1103 5635 1318 5702 inquit;
1367 5651 1476 5690 non
1525 5638 1674 5698 enim
1713 5638 1977 5708 intelligo.

481 5740 564 5805 (Ι)
599 5739 660 5793 ιιι
687 5741 930 5796 editione
955 5745 1029 5798 cl.
1067 5744 1244 5799 Furiae
1271 5746 1383 5801 fab.
1416 5747 1598 5800 CCXI.

481 5746 531 5805 (Ι
601 5746 660 5793 ιιι
687 5746 930 5796 editione
955 5746 1029 5798 cl.
1067 5746 1244 5799 Furia:
1271 5746 1383 5801 fab.
1416 5747 1598 5800 CCXI.

480 5746 564 5875 (εξ
605 5806 677 5861 Ex
707 5806 1024 5877 Plutarcho,
1063 5815 1140 5866 De
1165 5815 1477 5868 animau'um
1508 5818 1750 5870 solertia.

2084 4635 2477 4705 αἰσθανόμενον
2532 4635 2785 4698 διώκειν,
2841 4634 2936 4687 καὶ
3003 4636 3220 4705 ίσχυρδν
3279 4631 3346 4688 αὗ
3413 4637 3511 4688 ἐὰν
3569 4636 3660 4703 δέῃ

2085 4730 2274 4782 ἑλόντα
2325 4728 2688 4798 διαμάχεσθαι
2714 4746 2728 4793 ;
2759 4728 2869 4780 Καὶ⁷
2918 4728 3059 4797 μετά
3084 4726 3284 4797 μικρόν
3304 4743 3319 4759 ο
3351 4725 3523 4781 Οἶσθα
3554 4732 3661 4796 γάρ

2085 4839 2186 4874 που
2219 4821 2328 4873 τῶν
2365 4823 2631 4889 γενναίων
2656 4822 2858 4885 κυνῶν,
2893 4821 2975 4873 ὅτι
3008 4819 3167 4874 τοῦτο
3197 4820 3358 4890 φύσει
3389 4821 3574 4875 αὐτῶν
3603 4820 3663 4870 τὸ

2081 4908 2232 4983 ἦθος.
2269 4912 2411 4982 Πρὸς
2436 4911 2535 4978 μὲν
2561 4913 2686 4974 τοὺς
2716 4911 2964 4981 συνήθεις
2985 4912 3077 4964 καὶ
3105 4912 3419 4981 γνωρίμους
3443 4910 3518 4972 ὡς
3549 4905 3660 4963 οἷον

2083 5005 2426 5075 πρᾳοτάτους
2468 4998 2649 5057 εἶναι·
2691 5003 2827 5073 πρὸς
2864 5002 2920 5055 δὲ
2965 5003 3093 5066 τοὺς
3139 5002 3396 5072 ἀγνῶτας
3440 5003 3659 5055 τούνανς

2082 5097 2232 5162 τίον;
2289 5093 2408 5150 οἶδα
2441 5098 2654 5165 μέντοι.
2693 5095 2868 5148 Τοῦτο
2922 5095 3024 5162 μὲν
3059 5094 3190 5163 ἄρα.
3230 5089 3298 5164 ἦν
3331 5093 3374 5145 δ’
3403 5093 3535 5159 ἐγὼ,
3570 5094 3662 5145 δυ-

2083 5191 2243 5245 νατόν
2264 5207 2278 5223 ο
2313 5191 2405 5243 καὶ
2432 5189 2492 5242 ού
2519 5189 2673 5260 παρά
2718 5187 2880 5256 φύσιν
2921 5185 3217 5256 ζητοῦμεν,
3249 5185 3493 5237 τοιοῦτον
3520 5180 3583 5235 εἴ·
3606 5199 3659 5234 αι

2080 5287 2172 5336 τὶν
2204 5282 2421 5353 φύλακα
2441 5297 2455 5311 ⁸
2489 5281 2589 5334 οὐκ
2620 5279 2819 5333 ἔοικεν.
2841 5275 2965 5347 'Ap‘
2987 5273 3082 5330 οὖν
3113 5295 3196 5330 σοι
3221 5278 3368 5330 δοκεῖ
3401 5275 3480 5327 ἔτι
3506 5274 3657 5328 τοῦδε

2080 5375 2434 5444 προσδεῖσθαι
2480 5376 2508 5426 ὁ
2567 5370 2870 5442 φυλακικὸς
2930 5369 3209 5436 ἐσόμενος,
3261 5368 3399 5436 πρὸς
3453 5372 3514 5422 τὸ
3564 5367 3660 5417 θυο

2086 5467 2296 5533 μοειδῆ,
2336 5465 2418 5516 ἔτι
2479 5464 2616 5534 πρὸς
2653 5462 2912 5529 γενέσθαι
2973 5462 3265 5528 φιλόσοφος
3316 5459 3414 5526 τὴν
3459 5457 3657 5525 φύσιν;

2085 5555 2204 5615 Πῶς
2233 5555 2320 5617 δὴ,
2354 5555 2496 5623 ἔφης
2531 5555 2590 5609 οὐ
2640 5554 2748 5621 γὰρ
2775 5553 2972 5605 ἐννοῶ·
3010 5552 3102 5604 καὶ
3135 5549 3316 5610 τοῦτο,
3349 5545 3417 5618 ἦν
3450 5547 3494 5600 δ’
3527 5544 3656 5613 ἐγὼ,

2085 5647 2140 5697 ἐν
2169 5648 2277 5706 τοῖς
2307 5649 2436 5697 κυσὶ
2463 5644 2714 5711 κατόψει,
2744 5643 2772 5696 ὃ
2803 5644 2895 5696 καὶ
2921 5642 3073 5710 ἄξιον
3123 5641 3403 5708 θαυμάσαι
3437 5636 3531 5691 τοῦ
3564 5635 3660 5704 θη-

2156 5756 2231 5826 (5)
2275 5757 2425 5811 Plato
2464 5756 2537 5810 De
2563 5774 2671 5827 rep.
2712 5757 2807 5812 lib.
2842 5773 2898 5822 ιι,
2934 5758 3024 5812 ed.
3060 5756 3154 5810 cit.
3188 5770 3240 5824 p.
3276 5753 3401 5807 575.
