4106 6472
489 486 595 550 995

1798 471 2195 534 TIIEODORI
2235 469 2451 532 GAZAZ

3669 453 3761 524 {:96

490 591 633 646 cilia:
661 584 1166 654 benevolentiaque
1200 582 1467 657 exempla,
1509 597 1680 652 pauca
1721 599 1749 635 e
1781 581 1964 636 multis
1997 582 2079 634 in-

2204 578 2368 648 ριλίας
2401 578 2490 632 καὶ
2520 577 2732 640 εύνοέας
2763 577 2930 630 όντων
2957 577 3062 628 τῶν
3095 573 3596 646 παραδειγμάτων,
3622 575 3763 642 ὀλίγα

493 683 735 752 sigmora
787 675 1242 732 memorabimus.
1282 673 1612 746 Lysimacho
1663 674 1816 727 Canis
1856 671 2080 726 nomine

492 755 778 838 Hyrcanus
803 764 927 830 fuit,
954 762 1200 832 quicum
1227 776 1291 814 eo
1323 762 1528 830 pariter
1557 762 1716 816 obiit.
1744 761 1910 816 Canis
1940 762 2082 814 alius

492 873 619 913 cum
651 857 818 912 idiota
846 853 1092 918 homine,
1127 852 1217 907 cui
1258 864 1460 907 nomen
1501 849 1769 923 Pyrrhus,
1805 866 2084 906 commor-

497 963 624 1008 tuus
655 959 739 1005 est
772 966 788 1004 :
819 949 1021 1004 etenim
1055 947 1327 1003 exstincto
1360 946 1606 1009 domino,
1657 945 1725 1000 ab
1760 944 1879 1014 ejus
1923 945 2084 998 cada-

492 1057 623 1098 vere
645 1041 891 1098 abstrahi
919 1057 1028 1096 non
1054 1023 1269 1110 potuit;
1293 1049 1349 1096 et
1373 1041 1466 1095 illo
1494 1040 1548 1094 in
1579 1053 1771 1106 rogum
1804 1037 2081 1118 imposito,

495 1137 647 1191 canis
683 1137 736 1189 in
782 1135 1038 1190 eumdem
1088 1133 1322 1198 insiluit,
1378 1147 1615 1203 cumque
1656 1146 1723 1186 eo
1767 1129 2086 1185 combustus

496 1215 606 1287 est.
644 1225 812 1284 Caelio
849 1229 1097 1283 Romano
1129 1228 1365 1298 patricio
1391 1227 1546 1281 canis
1582 1241 1684 1280 ceu
1723 1225 1949 1279 domino
1981 1238 2086 1278 suo

497 1323 849 1379 defensorem
914 1336 972 1376 se
1029 1321 1286 1390 praebuit,
1340 1333 1698 1390 pugnansque
1755 1325 1920 1386 caput
1969 1318 2088 1387 ejus

499 1413 778 1486 amputari
813 1430 921 1468 non
957 1412 1108 1477 sivit,
1147 1409 1325 1466 donec
1370 1418 1427 1466 et
1462 1411 1576 1479 ipse
1603 1408 1674 1464 ab
1717 1407 2088 1463 interfectori-

499 1509 605 1562 bus
648 1508 793 1561 ictus
837 1504 1000 1559 simul
1043 1502 1329 1558 occubuit.
1375 1501 1800 1570 Atheniensium
1832 1500 2088 1555 universo

498 1586 706 1670 populo
735 1598 789 1652 in
827 1611 996 1651 naves
1040 1591 1471 1658 conscendente,
1521 1608 1645 1648 cum
1672 1590 1959 1664 Xantippi,
1993 1591 2086 1661 qui

504 1699 658 1760 pater
687 1689 788 1744 fuit
814 1687 1059 1752 Periclis,
1083 1684 1237 1741 canis
1269 1685 1324 1740 in
1355 1685 1538 1739 navim
1571 1683 1898 1740 inscendere
1936 1682 2080 1736 haud

499 1781 793 1853 potuisset,
847 1779 902 1834 in
943 1793 1097 1834 mare
1137 1793 1195 1832 se
1251 1777 1476 1848 dejecit,
1532 1784 1588 1832 et
1641 1775 1765 1830 navi
1818 1775 2088 1829 adnatans

504 1874 837 1931 Salaminam
878 1889 1053 1943 usque
1085 1873 1270 1929 labore
1305 1873 1557 1936 tolerato,
1592 1872 1778 1927 statim
1816 1874 1870 1925 in
1903 1871 2087 1925 littore

504 1964 822 2036 exspiravit.
847 1965 1094 2034 Pyrrhus
1125 1979 1223 2020 rex
1255 1964 1311 2018 in
1345 1965 1542 2020 itinere
1565 1965 1808 2019 occurrit
1839 1965 1960 2018 cani
1993 1965 2088 2034 qui

506 2047 717 2112 domini
768 2051 1025 2111 cadaveri
1075 2055 1130 2110 in
1177 2056 1263 2110 via
1317 2057 1631 2112 assistebat.
1682 2056 1912 2128 Captum
1962 2072 2092 2127 ergo

508 2165 701 2204 canem
731 2148 788 2202 in
820 2147 1073 2202 custodia
1108 2147 1321 2214 habuit,
1353 2149 1527 2205 donec
1558 2149 1862 2204 exercitum
1903 2165 2094 2203 recen-

509 2255 678 2305 sens,
729 2247 942 2294 astante
987 2239 1095 2310 regi
1142 2255 1318 2307 eane,
1365 2240 1456 2293 hic
1504 2256 1632 2311 erga
1682 2241 1824 2295 alios
1871 2240 2095 2310 quidem

414 2366 434 2373 ι
509 2333 732 2403 quietus
762 2332 888 2394 fuit.
917 2330 1013 2386 sed
1044 2347 1169 2387 mox
1205 2333 1337 2388 visis
1368 2332 1577 2387 domini
1617 2333 2094 2398 interfectoribus.

511 2427 565 2480 in
598 2440 694 2480 eos
739 2424 902 2480 irruit
933 2439 1056 2479 cum
1104 2425 1343 2480 clamore
1367 2436 1422 2479 et
1464 2424 1688 2488 latratu,
1726 2440 1867 2495 sa’pe
1896 2426 1962 2480 ad
2005 2442 2095 2480 re-

509 2535 630 2592 gem
676 2531 849 2576 semet
891 2531 1245 2588 convertens,
1285 2521 1338 2575 in
1376 2530 1586 2574 tantum
1623 2533 1682 2574 ut
1725 2522 2098 2590 praesentibus

510 2613 722 2681 ipsique
767 2613 881 2683 regi
926 2611 1301 2681 suspicionem
1338 2611 1405 2666 de
1450 2611 1561 2666 illis
1593 2611 1862 2682 injiceret.
1900 2613 2100 2677 Quam-

510 2703 699 2758 obrem
752 2704 894 2774 capti
955 2703 1209 2758 homines
1260 2713 1317 2758 et
1369 2702 1711 2768 excruciati,
1768 2705 1974 2779 eaedem
2041 2719 2099 2758 se

512 2797 709 2853 fecisse
740 2797 977 2853 confessi
1020 2808 1173 2862 sunt,
1209 2811 1509 2866 poenasque
1555 2796 1798 2861 luerunt,
1832 2811 1969 2851 cane
1998 2797 2100 2851 do~

511 2889 647 2946 mini
702 2904 892 2945 necem
950 2889 1270 2944 ulciscente.
1353 2887 1546 2942 Simile
1632 2903 1860 2961 prorsus
1906 2889 2102 2945 fecisse

513 2989 744 3035 narrant
777 2979 1002 3035 llesiodi
1052 2993 1271 3042 canem,
1304 2978 1396 3048 qui
1431 2988 1603 3048 poetae
1633 2978 1912 3034 occisores
1955 2980 2100 3034 indi-

514 3073 679 3126 cavit.
724 3071 907 3125 Titum
967 3069 1234 3123 Sabinum
1289 3085 1319 3124 a
1369 3068 1632 3124 Romanis
1683 3071 1992 3138 conjectum
2045 3073 2101 3126 in

516 3162 736 3216 vincula
767 3177 866 3216 ceu
903 3161 1176 3230 supplicio
1208 3161 1520 3227 addictum,
1555 3165 1707 3217 canis
1754 3164 1874 3232 ejus
1916 3180 1945 3217 a
1979 3181 2101 3220 car-

2185 674 2292 726 ἀπὸ
2347 672 2558 725 πολλῶν
2619 675 2684 723 τὰ
2743 671 3128 740 ἐπισημότατα
3193 669 3761 738 ἀπομνημονεύωμεν.

2189 765 2490 835 Λυσιμάχῳ
2523 765 2621 833 μὲν
2645 760 2738 816 οὖν
2767 762 2843 831 τῷ
2877 761 3089 830 βασιλεῖ
3111 765 3136 814 6
3167 761 3319 815 κύων
3353 761 3625 831 Ὑρκανὸς
3655 777 3768 812 συν-

2185 857 2425 910 απέθανε
2461 857 2564 928 (Ι).
2620 855 2973 910 Συναπέθανε
3001 855 3056 908 δὲ
3091 856 3186 908 κοιλ⁸
3214 854 3408 925 ἰδιώτῃ
3439 855 3547 906 τινὶ
3581 853 3770 923 Πύρρῳ

2185 947 2426 1018 τοὺνομα
2464 951 2492 1002 6
2543 948 2690 1003 κύων
2717 964 2728 978 ·
2773 947 3141 1013 ἀποθανόντος
3191 949 3302 1018 γὰρ
3352 946 3454 1003 τοῦ
3492 946 3768 1013 δεσπότου,

2187 1041 2542 1096 ἀποσπᾶσθαι
2570 1040 2666 1094 τοῦ
2701 1041 2899 1112 νεκροῦ
2930 1041 3033 1094 οὑκ
3072 1041 3345 1112 ἠδυνήθη,
3384 1043 3483 1095 καὶ
3525 1043 3591 1110 τῇ
3632 1041 3772 1110 πυρᾷ

2186 1131 2537 1194 ἐπιτεθέντος
2572 1132 2660 1184 ἐπ’
2727 1134 2898 1201 αὐτὴν
2948 1129 3118 1200 ἥλατο
3171 1133 3264 1184 καὶ
3321 1129 3770 1198 συγκατεκαύθη.

2188 1223 2309 1276 Τῶν
2343 1222 2400 1276 δὲ
2439 1223 2730 1292 Ῥωμαίων
2759 1224 2924 1287 τινος,
2961 1222 3188 1277 Καιλίου
3212 1223 3488 1292 τοῦνομα,
3517 1223 3772 1292 εὐπατρί-

2187 1315 2280 1369 δου
2312 1318 2340 1370 6
2379 1315 2529 1369 κύων
2575 1315 2971 1386 ὑπερασπίζων
3010 1315 3104 1368 τοῦ
3151 1316 3426 1369 δεσπότου
3463 1316 3560 1368 καὶ
3615 1316 3776 1383 ὑτεερ-

2193 1409 2520 1479 μαχόμενος,
2549 1409 2650 1462 οὑκ
2680 1411 2832 1463 εἴασε
2862 1408 2964 1479 τὴν
2991 1408 3237 1480 κεφαλὴν
3282 1410 3622 1478 ἀποτεμεῖν,
3657 1410 3778 1477 πρὶν

2189 1505 2286 1556 καὶ
2317 1502 2479 1566 αὐτὸς
2526 1502 2631 1554 ὑπο
2659 1502 2767 1555 τῶν
2799 1505 3008 1570 φονέων
3043 1501 3421 1556 συναπέθανε.
3466 1501 3590 1555 Τῶν
3627 1502 3778 1571 Ἀθη-ι

2191 1592 2357 1648 ναίων
2401 1593 2677 1664 πανδημεὶ
2711 1595 2793 1657 εἰς
2841 1593 2942 1657 τὰς
2994 1593 3126 1657 ναῦς
3165 1594 3484 1664 ἐμϐάντων,
3543 1594 3782 1662 ὲπειδὴό

2189 1681 2508 1740 Ξανθίππου
2559 1684 2653 1738 τοῦ
2691 1685 3022 1756 Περικλέους
3072 1685 3281 1755 πατρὸς
3325 1687 3482 1740 κύων
3525 1686 3605 1749 εἰς
3664 1686 3782 1737 ναῦν

2191 1776 2426 1846 ἐμὸἧναι
2455 1778 2556 1830 οὑκ
2591 1777 2857 1848 ἠδυνήθη,
2911 1779 2990 1842 εἰς
3041 1778 3322 1833 θάλασσαν
3363 1780 3548 1850 ἥλατο
3604 1779 3693 1832 καὶ
3723 1781 3779 1847 τῇ

2193 1865 2282 1935 νηῒ
2344 1869 2802 1940 παρανηχόμενος
2853 1868 2982 1940 ἄχρι
3020 1869 3331 1938 Σαλαμῖνος
3380 1869 3780 1939 ἐκαρτέρησεν,

2193 1952 2260 2028 ἦς
2287 1959 2484 2023 ἐπιϐὰς
2507 1959 2933 2031 ὲλειποψύχησε.
2961 1961 3180 2032 Πύρρος
3209 1962 3237 2013 6
3269 1961 3539 2032 βασιλεὺς
3566 1963 3784 2032 πορευό-

2196 2067 2357 2130 μενος
2417 2052 2642 2122 ἐνέτυχε
2699 2054 2821 2107 καθ’
2863 2053 2981 2108 όδδν
3024 2055 3150 2107 κυνὶ
3210 2055 3302 2108 τὸν
3363 2056 3467 2109 τοῦ
3529 2057 3782 2109 δεσπότου

2196 2145 2392 2214 νεκρόν
2423 2145 2817 2216 δορυφοροῦντι
2840 2162 2855 2177 ο
2886 2146 3071 2200 λαϐὼν
3103 2146 3159 2198 δὲ
3191 2147 3283 2202 τὸν
3315 2147 3464 2201 κύνα
3499 2147 3783 2215 ἐφύλαττε.

2197 2237 2355 2309 ἄχρις
2402 2237 2463 2290 οὖ
2523 2238 2585 2292 τὸ
2625 2239 3016 2310 στρατιωτικὸν
3069 2238 3366 2306 ἐξετάζων,
3405 2243 3685 2310 παρόντος
3715 2238 3784 2309 τῷ

2199 2330 2413 2400 βασιλεῖ
2437 2332 2533 2384 τοῦ
2567 2331 2754 2400 κυνὸς,
2818 2332 2982 2396 αὐτὸς
3023 2333 3113 2385 ἐπὶ
3163 2333 3262 2402 μὲν
3297 2336 3413 2396 τοῖς
3446 2334 3632 2396 ἄλλοις
3663 2334 3784 2400 ήσι-

2197 2421 2320 2491 χίαν
2359 2418 2520 2494 ἦγεν,
2558 2423 2700 2491 ὀρῶν
2747 2423 2803 2476 δὲ
2835 2425 2963 2488 τοὺς
3004 2425 3100 2477 τοῦ
3145 2425 3415 2479 δεσπότου
3462 2427 3663 2494 φονέας
3703 2424 3784 2475 καὶ

2199 2513 2486 2582 αὐθέντας,
2540 2517 2627 2568 ἐπ’
2681 2517 2880 2579 αὐτοὺς
2935 2516 3141 2587 έδραμε
3195 2519 3335 2588 μετὰ
3391 2522 3651 2590 κραυγῆς
3699 2518 3784 2567 καὶ

2203 2607 2473 2676 ὑλαγμοῦ,
2505 2601 2770 2671 πολλάκις
2812 2611 2949 2680 πρὸς
2983 2611 3074 2664 τὸν
3123 2609 3352 2680 βασιλέα
3409 2612 3786 2681 μεταστρεφό-

2205 2716 2389 2769 μενος,
2414 2699 2556 2752 ὥστε
2578 2699 2816 2770 ὑποψίαν
2833 2700 3099 2772 παρέχειν
3121 2705 3234 2766 τοῖς
3254 2705 3504 2773 παροῦσι
3522 2707 3680 2773 πᾶσι,
3707 2704 3787 2753 καὶ

2203 2793 2352 2864 αὑτῷ
2389 2794 2446 2848 δὲ
2480 2794 2558 2866 τῷ
2610 2794 2820 2862 βασιλεί
2868 2797 2990 2848 κατ’
3017 2795 3218 2850 αὐτῶν.
3266 2799 3360 2849 Διὸ
3391 2797 3789 2866 συλληφθέντες

2203 2890 2252 2942 οἱ
2310 2887 2611 2959 ἄνθρωποι⁴
2647 2888 2743 2941 καὶ
2801 2887 3244 2964 βασανιζόμενοι,
3294 2883 3666 2960 ὡμολόγησαν
3706 2885 3788 2936 τὸν

2201 2983 2366 3052 φόνον
2397 2980 2767 3050 πεπραχέναι,
2809 2980 2902 3032 καὶ
2932 2979 3091 3050 δίκην
3123 2982 3334 3048 ἔδοσαν,
3372 2985 3544 3044 κυνὸς
3581 2981 3670 3034 τὸν
3701 2973 3788 3031 τοῦ

2204 3074 2466 3128 δεσπότου
2496 3072 2727 3126 θάνατον
2765 3073 3256 3143 τιμωρησαμένου,
3305 3077 3710 3147 Παραπλήσιον
3739 3070 3788 3121 δὲ

2206 3169 2304 3221 καὶ
2331 3166 2420 3219 τδν
2443 3163 2536 3218 τοῦ
2577 3163 2827 3217 Ἡσιόδου
2860 3163 2997 3217 κύνα
3028 3169 3392 3237 πεποιηκέναι
3422 3174 3618 3240 φασὶν,
3650 3167 3794 3233 ἐλέγ-

520 3267 646 3306 cere
700 3252 845 3321 abigi
887 3252 1201 3305 nullatenus
1251 3251 1452 3320 potuit.
1499 3250 1747 3321 Cumque
1794 3254 1986 3310 Sabini
2019 3273 2102 3311 ca-

2211 3258 2376 3323 ξαντα
2409 3259 2532 3319 τοὺς
2566 3256 2659 3310 τοῦ
2693 3255 2922 3326 ποιητοῦ
2977 3256 3326 3328 αὐτόχειρας.
3366 3260 3538 3315 Τίτου
3569 3259 3786 3313 Σαδίνου

521 3343 691 3397 davcr
718 3340 772 3396 in
807 3341 1102 3397 Gemonias
1145 3341 1320 3396 scalas
1357 3341 1553 3397 fuisset
1596 3343 1924 3413 projectum,
1956 3347 2110 3402 canis

521 3449 652 3489 eum
682 3448 969 3505 nunquam
1002 3433 1285 3499 .dcseruit,
1316 3433 1626 3505 lugubriter
1660 3435 1956 3491 admodum
1992 3439 2112 3492 ulu-

522 3527 644 3580 lans
705 3540 891 3580 coram
945 3525 1136 3579 multis
1184 3525 1629 3596 spectatoribus;
1677 3543 1911 3598 quorum
1969 3544 2110 3586 unus

524 3633 650 3671 cum
679 3615 728 3671 ei
771 3630 968 3687 panem
1008 3615 1321 3687 objecisset,
1353 3617 1446 3671 ille
1474 3616 1542 3671 ad
1577 3617 1902 3672 defunctum
1947 3619 2111 3674 detu-

526 3712 608 3767 lit.
655 3709 738 3764 Ad
789 3717 1096 3763 extremum
1150 3707 1420 3764 cadavere
1470 3710 1525 3763 in
1579 3709 1823 3765 Tiberim
1874 3712 2110 3781 ahjecto,

526 3802 726 3873 dcjccit
757 3818 816 3857 se
847 3801 978 3855 illuc
1011 3802 1176 3855 etiam
1217 3797 1391 3866 canis,
1423 3801 1658 3856 cadaver
1683 3811 2022 3872 sustentans,
2056 3817 2112 3861 et

529 3907 630 3963 pro
669 3890 878 3945 viribus
905 3890 1184 3954 attollens,
1231 3891 1524 3945 innumero
1553 3901 1838 3961 spectante
1874 3909 2110 3950 summe—

529 3987 636 4054 que
665 3983 969 4036 admirante
1004 3983 1227 4052 populo.

602 4247 658 4303 9.
699 4247 856 4312 Quod
885 4262 1016 4301 vero
1045 4247 1210 4300 etiam
1242 4247 1552 4303 animosum
1581 4257 1636 4304 et
1661 4264 1879 4320 pugnax
1908 4250 2111 4306 animal

535 4338 688 4394 canis
733 4339 826 4404 sit,
861 4337 1262 4404 demonstravit
1303 4338 1641 4393 Albanorum
1689 4353 1804 4406 rex,
1841 4341 2009 4397 misso
2045 4344 2112 4398 ad

535 4430 904 4486 Alexandrum
953 4429 1346 4501 magnitudinis
1392 4431 1606 4485 eximia:
1651 4447 1827 4498 cane;
1871 4448 1982 4503 quo
2020 4449 2115 4489 rex

476 4569 478 4572 ,
537 4523 842 4578 delectatus
873 4536 1060 4576 ursum
1097 4521 1175 4577 illi
1207 4530 1263 4576 et
1298 4520 1501 4577 deinde
1528 4537 1720 4593 aprum
1749 4525 1804 4578 in
1832 4534 2114 4580 Certamen

538 4612 742 4681 objecit
770 4627 784 4666 :
811 4610 906 4682 qui
953 4625 1077 4663 cum
1109 4625 1206 4664 eas
1237 4609 1449 4666 belluas
1478 4623 1892 4690 aspernaretur,
1936 4630 2116 4686 neque

541 4718 726 4760 secum
773 4702 1010 4773 praeliari
1041 4701 1232 4771 dignas
1271 4701 1564 4772 iudicaret,
1594 4705 1766 4760 iratus
1805 4685 2117 4763 Alexander

511 4807 733 4851 .canem
765 4793 942 4848 occidi
972 4791 1162 4862 jussit.
1192 4791 1272 4848 Re
1304 4791 1600 4862 intellecta,
1641 4796 1986 4854 Albanorum
2022 4817 2115 4856 rex

541 4887 712 4942 alium
767 4886 938 4949 misit,
993 4883 1365 4939 Alexandrum
1404 4899 1654 4951 monens,
1707 4904 1776 4945 ne
1828 4892 1882 4944 in
1939 4897 2119 4962 parvis

497 4969 500 4974 ’
543 4975 740 5034 belluis
759 4973 1195 5045 experimentum
1221 4971 1369 5028 illius
1395 4971 1621 5044 laceret,
1648 4977 1744 5031 sed
1773 4979 1826 5049 in
1852 4978 2010 5034 leone
2036 4982 2119 5036 vel

501 5048 862 5138 ‘elephanto.
916 5065 1087 5137 [gitur
1125 5065 1278 5122 canis
1325 5074 1442 5121 tum
1496 5067 1736 5137 leonem,
1775 5048 1900 5127 tum
1957 5075 2120 5144 paulo

545 5171 671 5232 post
721 5160 888 5215 etiam
939 5157 1295 5237 elephantum
1350 5161 1651 5230 prOStravit
1705 5179 1830 5218 cum
1881 5167 2120 5223 mirabili

546 5245 846 5301 Alexandri
883 5253 938 5301 et
973 5245 1269 5301 astantium
1316 5249 1564 5303 omnium
1597 5251 1898 5322 voluptate.
1933 5255 2123 5314 Testes

548 5337 708 5394 nobis
745 5346 874 5393 sunt
905 5336 1069 5392 etiam
1109 5335 1498 5394 Garamantum
1536 5355 1703 5397 canes
1738 5360 1752 5397 ι
1788 5347 1992 5402 etenim
2023 5349 2124 5403 du-

621 5515 704 5640 (lg
737 5515 849 5569 lloe
869 5521 923 5569 et
943 5512 1232 5582 sequentia
1262 5515 1524 5586 pleraque
1549 5531 1705 5572 exem
1749 5520 1796 5573 la
1827 5533 2126 5578 sumuntur

709 5583 942 5639 lutarchi
978 5584 1123 5638 libro
1172 5582 1250 5637 De
1295 5587 1610 5640 animalium
1649 5534 1906 5640 soyertia.
1951 5600 2008 5640 et
2058 5608 2125 5640 ex

549 5582 942 5642 ex'Plutarchi
978 5584 1123 5638 libro
1163 5582 1610 5653 pe'anim'alium
1649 5582 1906 5653 solertia,
1951 5600 2008 5644 et
2058 5608 2126 5648 ex

551 5655 842 5728 Pliniolib.
877 5667 998 5728 vnit,
1036 5654 1126 5709 6|.
1158 5651 1463 5728 Narrantur
1494 5672 1689 5710 canum
1724 5651 1935 5728 aliquot
1962 5661 2127 5716 mira-

555 5725 689 5779 bilia
718 5725 864 5778 facta
901 5721 1245 5794 etiam_ap_u_d
1285 5723 1342 5776 S.
1379 5725 1743 5794 Augustinum
1779 5721 1831 5781 in
1871 5744 2127 5787 sermone

557 5794 627 5846 de
646 5803 842 5862 sancto
873 5792 1121 5860 apostolo
1154 5790 1385 5858 Thema,
1415 5790 1579 5862 quem
1614 5810 1714 5850 nos
1760 5798 1814 5849 in
1865 5796 2127 5856 Vaticano

557 5859 750 5915 codice
773 5859 1208 5914 observavimus.

2213 3353 2318 3406 ὑπὸ
2360 3351 2654 3420 Ῥωμαίων
2693 3351 2776 3412 είς
2804 3350 3030 3420 εἱρκτὴν
3062 3353 3395 3420 ἐμπεσόντος
3424 3357 3506 3420 ὡς
3532 3353 3791 3420 κολασθη-

2214 3443 2468 3514 σομένου,
2508 3445 2534 3495 6
2579 3443 2727 3496 κύων
2775 3441 3031 3496 οὐδέποτε
3087 3446 3500 3502 ἀπελαύνεσθαι
3555 3450 3655 3516 τῆς
3688 3447 3791 3512 είρ-

2213 3535 2347 3602 κτῆς
2383 3535 2624 3603 ἠδυνήθη
2645 3549 2662 3568 ο
2700 3535 2780 3596 είς
2809 3533 2865 3587 δὲ
2890 3531 3358 3604 τοὺςζΓεμωνίους
3390 3541 3677 3609 κλίμακας
3703 3535 3790 3589 τοῦ

2213 3625 2409 3696 νεκροῦ
2434 3625 2740 3696 ῥιφθέντος,
2771 3625 3027 3680 οὐδέποτε
3062 3627 3231 3681 αὐτοῦ
3261 3631 3620 3693 ἀπελείπετο,
3654 3629 3790 3698 μάλα

2205 3717 2426 3786 ⁴γοερῶς
2460 3715 2733 3781 όλολύξων
2765 3718 2822 3770 ὲν
2854 3716 3075 3780 πολλοῖς
3100 3718 3341 3786 θεαταῖς,
3378 3713 3456 3775 ὧν
3483 3725 3606 3785 ἑνὸς
3638 3722 3791 3790 ἄρτον

2205 3807 2703 3878 ,προσενεγκόντος,
2735 3809 2762 3859 6
2812 3809 2971 3860 κύων·
3012 3805 3091 3876 τῷ
3129 3808 3311 3878 νεκρῷ
3363 3811 3658 3881 παρέδωκε

2216 3916 2346 3970 ρων.
2377 3898 2543 3962 Τέλος
2567 3898 2625 3952 δὲ
2657 3896 2753 3954 τοῦ
2786 3897 2984 3966 νεκροῦ
3009 3899 3088 3962 εἰς
3119 3898 3208 3952 τὸν
3239 3900 3462 3972 Τίϐεριν
3495 3897 3792 3970 ὲμὸληθὲν-

2213 4007 2328 4054 τος,
2362 3987 2686 4054 συνεξέπεσε
2717 3991 2856 4043 καὶὸ
2887 3989 3034 4043 κύων
3059 3989 3154 4043 τὸν
3183 3992 3377 4061 νεκρὸν
3401 3991 3786 4056 ἐπικουφίζων,

2216 4083 2312 4136 κοιλ¹
2362 4082 2422 4134 τὸ
2475 4081 2553 4142 είς
2583 4082 2778 4135 ἑαυτὸν
2834 4075 2971 4152 ἧκον
3013 4082 3179 4151 μέρος
3211 4084 3404 4154 αἴρων,
3457 4082 3790 4156 μυριάνδρου

2217 4174 2458 4241 πλήθους
2487 4172 2767 4243 θεωμένου
2798 4176 2894 4227 καὶ
2931 4175 3452 4245 ὑπερθαυμάζοντος
3485 4180 3590 4249 (‘2).
3868 4247 3873 4252 ι

2287 4265 2352 4321 θ’.
2388 4269 2510 4322 Ὅτι
2561 4286 2625 4336 γε
2662 4269 2772 4338 μὴν
2823 4267 3069 4337 ἀνδρεῖον
3115 4268 3209 4321 καὶ
3253 4270 3494 4339 μάχιμον
3546 4270 3609 4326 τό
3637 4267 3786 4333 ζῶον,

2219 4359 2460 4426 ἐδίδαξεν
2505 4362 2532 4414 6
2591 4361 2700 4414 τῶν
2753 4341 3025 4416 ’Ᾰλόανῶν
3063 4359 3343 4428 βασιλεὺς,
3377 4363 3606 4430 πέμψας
3664 4357 3789 4427 πρὸς

2230 4451 2584 4522 Ἀλέξανδρον
2616 4451 2755 4506 κύνα
2785 4451 3164 4521 ὑπερμεγέθη,
3197 4446 3352 4523 ᾧπερ
3382 4453 3572 4524 ἡσθεὶς
3597 4455 3625 4506 6
3651 4451 3793 4521 βασι-

2171 4564 2188 4614 '_
2220 4542 2345 4606 λεὺς
2379 4542 2604 4609 ἄρκτον,
2630 4538 2752 4596 εἶτα
2778 4542 2835 4594 δὲ
2883 4543 3116 4614 κάπρον,
3151 4546 3230 4606 εἱς
3267 4546 3450 4614 μάχην
3480 4546 3750 4600 ὲκτὲθεικε
3773 4552 3787 4567 ⁸

2222 4631 2417 4686 τούτου
2445 4633 2492 4686 δ’
2531 4634 2910 4704 ὑπερορῶντος
2949 4636 3019 4688 τὰ
3060 4634 3226 4705 θηρία
3259 4638 3352 4690 καὶ
3392 4640 3492 4692 οὑκ
3529 4637 3790 4706 ἀξιόμαχα

2223 4723 2558 4792 νομίζοντος,
2615 4724 2897 4793 ὀργισθεὶς
2955 4728 2984 4778 6
3051 4725 3404 4798 Ἀλέξανδρος
3458 4727 3790 4782 ἀποκτείνειν

2223 4814 2496 4867 ἐκέλευσε.
2543 4815 2852 4883 Πυθόμενος
2885 4817 2941 4871 δὲ
2979 4817 3142 4871 τοῦτο
3182 4821 3208 4870 6
3253 4820 3364 4872 τῶν
3403 4821 3680 4874 Ἀλϐανῶν
3702 4813 3789 4884 βαι

2227 4903 2427 4974 σιλεὺς,
2490 4907 2738 4977 ἔπεμψεν
2787 4909 2995 4977 ἓτερον,
3038 4909 3278 4966 κελεύων
3311 4914 3403 4964 τὸν
3453 4910 3790 4980 Ἀλέξανδρον

2226 4998 2421 5066 πεῖραν
2471 4999 2569 5052 οὐκ
2626 5001 2685 5053 ὲν
2747 5005 2972 5071 μικροῖς
3029 5005 3300 5058 ποιεῖσθαι
3360 5004 3544 5075 ζώοις,
3591 5005 3702 5061 ἀλλ’
3738 5001 3788 5050 ἐν

2225 5086 2402 5141 λέοντι
2434 5092 2529 5144 καὶ
2547 5091 2800 5161 ἐλέφαντι
2828 5107 2844 5123 '
2871 5094 3164 5164 τοιγαροῦν
3195 5096 3223 5150 ό
3243 5096 3392 5151 κύων
3412 5099 3506 5152 τόν
3529 5117 3587 5153 τε
3618 5099 3787 5150 λέοντα

2228 5180 2324 5233 καὶ
2354 5181 2496 5250 μετὰ
2531 5183 2730 5253 μικρὸν
2770 5183 2860 5238 τὸν
2893 5185 3164 5257 ἐλέφαντα
3210 5188 3504 5254 κατέϐαλε,
3538 5187 3787 5262 ἡδομένου

2229 5271 2542 5343 θαυμαστὸν
2587 5275 2712 5328 ὅσον
2751 5275 2844 5328 τοῦ
2885 5275 3265 5348 Ἂλεξάνδρου,
3307 5279 3404 5332 καὶ
3449 5282 3666 5334 πάντων
3693 5275 3788 5328 τῶν

2232 5363 2632 5436 συμπαρόντων
2672 5366 2771 5436 (5).
2820 5368 3174 5440 Μαρτυροῦσι
3206 5369 3264 5423 δὲ
3296 5369 3373 5441 τῷ
3423 5372 3566 5444 λόγῳ
3613 5372 3660 5425 oi
3691 5364 3788 5422 τῶν

2302 5535 2380 5608 (2)
2422 5537 2646 5610 Legesis
2671 5539 2738 5594 de
2771 5540 2959 5597 Sabini
2991 5558 3129 5598 cane
3159 5543 3395 5600 Plinium
3428 5546 3523 5602 lib.
3570 5562 3682 5611 vnt,
3708 5539 3783 5611 6|:

2230 5604 2628 5682 l3tltl'vete'rem
2673 5627 2893 5682 quoque
2941 5615 3183 5668 tabulam
3241 5617 3397 5671 canis
3434 5619 3543 5673 vidi
3597 5604 3788 5673 doinini

2231 5677 2462 5750 cadaver
2487 5677 2822 5750 protegentis
2855 5683 2925 5737 ab
2954 5685 3136 5738 avium
3167 5697 3383 5742 voratu.
3666 5695 3668 5697 ’

2307 5745 2381 5814 (5)
2424 5745 2504 5821 lle
2545 5745 2742 5821 hoc'et
2789 5755 3161 5821 sequentibus
3205 5758 3457 5812 scribunt
3504 5760 3705 5815 Plinius
3737 5757 3787 5805 Ci

2231 5811 2556 5870 Plutarchus
2584 5817 2638 5872 in
2677 5820 2830 5874 libris
2870 5811 3165 5890 prtediclis.
