4106 6406
484 486 598 562 me
1806 488 2206 562 TtlEoDom
2246 491 2459 558 eam
3572 472 3581 479 “

493 623 732 680 λιδεο,οι
758 635 1112 690 congressum
1148 621 1450 676 honeriliee
1481 619 1779 675 admodum
1816 618 1868 672 in
1894 617 2069 686 fugam

2183 612 2307 665 τιάν
2341 614 2479 682 μετᾶ
2509 611 2616 665 τῶν
2648 612 2826 666 αὐτῶν
2861 599 3191 685 συμμάχων.
3224 599 3346 670 Τῶν
3374 614 3433 672 δὲ
3467 608 3755 688 crepacem

495 710 707 764 hostem
755 709 1037 766 vertisse:
1086 709 1349 781 deinceps
1392 711 1448 765 in
1492 711 1712 781 propria
1745 721 2069 777 regressum,

2186 706 2388 774 μένων,
2441 710 2534 759 καὶ
2587 708 2944 779 συγχωρῆσαι
2997 708 3185 777 σφίσιν
3236 708 3419 763 οἴκαδε
3468 711 3749 782 ἀναχωρεῖ.
3798 736 3818 763 ο

487 801 548 852 'in
617 798 946 871 Babylonios
1002 801 1272 872 Indosque
1327 803 1530 858 bellum
1595 817 1719 857 cum
1771 797 2077 853 auxiliariis

488 892 668 961 copiis
697 892 951 947 meditari
980 911 992 947 :
1017 894 1381 949 renuentibus
1403 896 1533 956 illis,
1564 909 1628 950 ac
1667 890 2077 963 postulantibus

493 994 551 1037 nt
583 984 807 1039 domum
838 987 1067 1054 patriam
1105 986 1284 1050 daret,
1320 1000 1445 1042 eum
1477 987 1591 1051 ille,
1615 989 1692 1040 rei
1725 984 2074 1047 incumbens,

500 1076 554 1129 vi
585 1076 751 1130 etiam
790 1077 1133 1133 abducturus
1173 1077 1701 1147 deprehenderetur,
1732 1091 1828 1130 eos
1882 1074 2076 1129 arden-

493 1171 602 1224 tius
638 1170 883 1236 instare;
918 1183 1136 1233 verum,
1169 1182 1296 1223 cum
1328 1168 1436 1223 sibi
1492 1178 1826 1230 metuerent,
1861 1169 1905 1222 si
1943 1183 2079 1235 pra:-

489 1260 668 1330 ccmis
700 1271 753 1315 et
785 1260 1259 1315 admonitionibus
1287 1275 1398 1314 non
1423 1250 1894 1329 obtemperarent,
1927 1259 2077 1313 defe-

489 1352 656 1416 eisse,
676 1351 731 1405 in
754 1351 1103 1408 Carbonidos
1117 1352 1235 1408 loca
1256 1352 1470 1407 deserta
1496 1350 1819 1408 seeedentes
1839 1350 2077 1419 indeque

492 1442 918 1515 populabundos
949 1444 1263 1516 ingentibus
1296 1445 1512 1521 damnis
1544 1445 1599 1498 in
1648 1442 1784 1498 ﬁnes
1827 1444 2069 1497 hostium

490 1547 548 1592 et
603 1551 765 1608 agros
818 1552 1119 1593 excurrere
1150 1556 1163 1591 :
1198 1538 1525 1593 Moametein
1563 1537 1617 1590 in
1653 1551 1750 1591 eos
1780 1535 1848 1589 ad
1882 1534 2075 1605 viginti

494 1628 780 1684 hominum
837 1629 1031 1694 millia,
1065 1630 1268 1701 quibus
1323 1629 1513 1685 decem
1542 1628 1898 1700 peregregios
1929 1628 2077 1683 viros

490 1722 830 1791 praefecerat,
865 1723 1129 1781 eduxisse
1161 1741 1177 1779 :
1205 1724 1537 1791 exercitum,
1574 1725 1810 1795 vetitum
1836 1736 1904 1777 ne
1934 1736 2074 1790 aqua

487 1816 591 1871 sibi
626 1825 683 1871 et
715 1802 973 1871 alimenta
994 1818 1271 1883 deessent,
1294 1817 1363 1870 ab
1396 1817 1646 1886 ingressu
1668 1818 1913 1871 locorum
1947 1815 2074 1869 abs-

490 1907 745 1971 tinuisse,
773 1917 829 1962 et
863 1908 916 1961 in
969 1906 1221 1963 ﬁnitimis
1251 1909 1448 1963 stativa
1485 1908 1800 1965 habentem.
1847 1907 2074 1961 rationi-

2182 798 2503 864 ἀξιούντων,
2550 801 2757 854 ἐκεῖνον
2801 801 2881 853 ἔτι
2929 800 3240 869 ἐγκεῖσθαι,
3288 803 3383 856 καὶ
3425 804 3586 873 δῆλον
3628 801 3756 858 εἶναι

2183 886 2274 958 βίᾳ
2300 889 2556 954 ἀπάξειν.
2587 891 2726 955 Τοὺς
2754 891 2812 946 δὲ
2844 893 3234 963 ἀμετανοήτως
3265 893 3510 965 ἔχοντας,
3542 897 3635 948 καὶ
3666 896 3758 964 μὲν

2179 979 2243 1048 δὴ
2288 982 2378 1034 καὶ
2419 982 2660 1047 δεδιότας
2710 985 2783 1054 μή
2826 1003 2881 1039 τι
2914 983 3138 1038 πάθοιεν
3182 986 3353 1040 δεινὸν
3386 988 3755 1054 ἀπειθοῦντες,

2180 1073 2511 1143 ἀποστῆναι,
2542 1077 2637 1128 καὶ
2666 1076 2745 1139 είς
2771 1077 2868 1147 τὴν
2898 1077 3247 1149 Καρδωνῖτιν
3274 1080 3483 1150 ἔρημον
3510 1081 3612 1149 γῆν
3638 1082 3758 1134 ὑπο-

2179 1169 2570 1236 χωρήσαντας,
2604 1167 2853 1221 ἐντεῦθεν
2886 1170 3161 1241 ἐκδρομὰς
3193 1176 3557 1240 ποιουμένους
3584 1173 3754 1240 ληίζε-

2182 1256 2341 1322 σθαι,
2392 1261 2487 1311 καὶ
2535 1259 2707 1313 πολλὰ
2760 1259 3043 1331 βλάπτειν.
3089 1263 3411 1335 Μωαμέτην
3454 1263 3511 1317 δὲ
3562 1266 3758 1336 πέμψαι

2178 1352 2268 1404 ἐπ’
2295 1351 2495 1413 αὐτοὺς
2536 1355 2770 1424 στρατὸν
2813 1356 2940 1425 περὶ
2982 1355 3350 1426 δισμυρίους,
3395 1358 3494 1410 καὶ
3539 1375 3753 1429 στρατη-

2179 1442 2310 1510 γοὺς
2348 1444 2478 1496 δέκα
2522 1444 2629 1497 τῶν
2673 1445 3057 1511 ἐνδοξοτάτων.
3104 1446 3245 1510 Τοὺς
3288 1447 3346 1501 δὲ
3385 1448 3755 1518 παραγενομέι

2176 1550 2300 1596 νους
2334 1536 2601 1589 εἰσελθεῖν
2632 1538 2733 1607 μὲν
2767 1539 2845 1602 είς
2877 1539 2948 1593 τά
2981 1538 3165 1610 ἔρημα
3199 1539 3556 1595 εὐλαϐεἴαθαι
3591 1542 3677 1595 διά
3707 1559 3758 1596 τε

2178 1625 2368 1692 ὓδατος
2415 1630 2509 1683 καὶ
2558 1634 2767 1700 τροφῆς
2815 1633 3073 1703 ἀπορίαν.
3114 1632 3317 1702 Ἐγγὺς
3364 1634 3420 1687 δὲ
3474 1651 3764 1703 στρατοπε-

2175 1717 2502 1784 δευομένους
2549 1722 2970 1777 διασκοπεῖσθαι
3021 1724 3083 1777 τδ
3135 1727 3414 1795 ποιητέον.
3468 1725 3763 1796 Ταγκρολί-

2178 1828 2316 1865 πικα
2345 1812 2399 1865 δὲ
2432 1813 2757 1882 αἰσθόμενον
2778 1856 2792 1879 ,
2829 1813 3006 1869 καίτοι
3045 1816 3237 1887 πόρρω
3270 1814 3374 1871 ποῦ
3408 1817 3760 1887 ὲναυλιζόμε-

2180 1922 2292 1967 νον,
2325 1907 2786 1975 ταχύπορὴσαντα
2840 1909 2899 1960 ἑν
2954 1907 3192 1979 ἡμέραις
3245 1910 3432 1980 τρισὶν
3487 1911 3763 1963 ἐπιπεσεῖν

488 2000 592 2053 bus
620 1998 736 2053 suis
786 1999 1103 2069 prospicere
1157 2015 1221 2054 ac
1260 2000 1328 2054 de
1382 2000 1526 2056 bello
1557 2001 1892 2056 consultare.
1927 1999 1968 2053 Τ
1976 2014 2069 2053 an-

2176 1988 2286 2058 τοῖς
2324 1997 2590 2059 ἐναντίοις
2624 1998 2821 2060 νυκτὸς
2856 1998 3293 2070 ἀπροσδοκήτοις
3329 2003 3427 2054 καὶ
3463 2000 3757 2070 ἀμελοῦσι,

486 2093 804 2161 grolipicem
831 2092 946 2146 haec
976 2092 1395 2156 subodoratum,
1426 2092 1528 2149 etsi
1564 2095 1794 2148 multum
1828 2092 2072 2158 abesset,

488 2183 797 2238 incredibili
853 2184 1138 2238 celeritate
1198 2186 1363 2239 trium
1419 2186 1632 2240 dierum
1676 2186 1850 2255 spatio
1910 2185 2077 2238 advo-

486 2277 648 2341 lasse,
703 2286 982 2345 noctuque
1035 2274 1469 2346 inexspectatum
1524 2277 1579 2330 in
1634 2278 1820 2333 hostes
1855 2275 2074 2331 desides

486 2366 774 2437 irrupisse,
826 2367 1258 2438 deturbatosque
1292 2368 1362 2422 de
1400 2368 1645 2424 fortunis
1676 2369 1940 2423 omnibus
1984 2384 2071 2421 re-

484 2462 690 2532 pulisse
734 2479 748 2516 :
789 2462 920 2516 hinc
956 2461 1146 2527 armis,
1195 2463 1357 2532 equis
1410 2473 1466 2518 et
1516 2463 1766 2533 pecuniis
1821 2471 2069 2525 auctum,

482 2568 594 2609 non
625 2553 949 2625 fugientium
980 2567 1045 2610 ac
1070 2555 1352 2610 latronum
1407 2570 1562 2610 more
1615 2555 1755 2610 clam
1805 2555 2073 2623 impetum

482 2648 629 2702 ultra
672 2645 873 2711 facere,
918 2645 1014 2701 sed
1050 2646 1256 2715 palam,
1294 2655 1348 2700 et
1375 2645 1514 2713 acie,
1550 2646 1627 2699 uti
1672 2661 1770 2714 par
1809 2655 1947 2707 erat,
1991 2643 2073 2697 in-

482 2748 710 2806 structa,
741 2753 867 2793 cum
899 2738 1153 2808 plerique
1181 2752 1249 2793 ex
1281 2737 1373 2793 illa
1407 2739 1631 2807 regione
1664 2734 1962 2805 transfuga-
2007 2749 2072 2788 ac

482 2828 769 2902 praedones
801 2830 1028 2900 aliique,
1060 2828 1156 2901 qui
1188 2842 1373 2883 rerum
1411 2828 1899 2884 immutationibus
1933 2843 2070 2899 gau—

480 2922 635 2984 dent,
668 2935 793 2976 cum
845 2933 913 2974 eo
945 2902 1361 2984 convenissent,
1393 2920 1531 2983 adeo
1562 2927 1624 2974 ut
1664 2919 1835 2974 nimis
1862 2921 1972 2974 cito
2003 2918 2071 2973 ad

482 3006 877 3084 quinquaginta
907 3011 1193 3068 hominum
1220 3013 1391 3068 millia
1412 3012 1559 3068 illius
1586 3013 1864 3068 exercitus
1880 3027 2074 3069 excre-

481 3102 629 3155 Verit
661 3117 675 3155 :
705 3099 1031 3155 Moametem
1072 3114 1264 3156 rerum
1316 3116 1600 3167 successu,
1639 3103 1925 3157 iracundia
1958 3118 2073 3159 mo-

485 3197 625 3254 tum,
672 3188 844 3245 duces
880 3188 1227 3257 interimere,
1276 3191 1535 3262 fugitivos
1570 3194 1775 3261 milites
1815 3196 2072 3264 muliebri

481 3281 688 3337 amictu
736 3287 961 3336 ornatos
1010 3282 1303 3340 traducere
1338 3284 1486 3341 ultro
1545 3286 1818 3357 citroque,
1861 3289 1969 3345 sibi
2017 3289 2070 3343 in

485 3373 671 3428 animo
719 3372 1071 3445 proposuisse
1103 3390 1118 3427 :
1147 3384 1209 3432 ut
1262 3392 1571 3447 pernovere
1606 3381 1828 3448 milites,
1879 3396 2071 3438 omnes

481 3467 552 3524 ad
584 3466 1008 3539 Tangrolipicen
1040 3468 1378 3541 confugisse,
1410 3488 1575 3542 quem
1605 3478 1818 3545 magnis
1850 3475 2067 3531 viribus

482 3563 817 3616 instructum
872 3560 928 3616 in
966 3561 1292 3618 Moametem
1332 3563 1622 3634 irrupisse,
1663 3581 1729 3621 eo
1753 3568 1963 3632 animo,
2010 3576 2071 3623 ut

482 3655 549 3709 de
583 3653 820 3718 fortunis
835 3655 1095 3711 omnibus
1125 3655 1434 3726 periculum
1466 3659 1669 3712 faceret
1702 3676 1712 3711 :
1740 3659 2067 3713 Moametem

477 3744 797 3816 quingentis
833 3744 1120 3801 hominum
1159 3746 1404 3801 millibus
1459 3746 1678 3814 fultum,
1746 3764 1854 3802 non
1907 3766 2072 3818 pave-

477 3854 634 3896 scere
663 3838 895 3904 bellum,
941 3837 1038 3895 sed
1069 3838 1283 3894 hostem
1321 3840 1614 3909 persequi;
1648 3841 1778 3894 dum
1810 3842 1927 3895 acie
1960 3851 2069 3896 tota

477 3932 625 3988 circa
648 3932 891 3989 Persidis
916 3930 1304 4002 Aspachanum
1329 3931 1651 3995 dimicatur,
1672 3934 1859 4002 plures
1888 3933 2070 3988 utrin-

477 4040 608 4096 que,
637 4031 695 4079 et
732 4039 840 4079 una
869 4038 994 4079 cum
1030 4022 1141 4078 illis
1167 4021 1496 4079 Moametem
1526 4039 1733 4095 regem,
1765 4024 2067 4080 occidisse:

479 4130 607 4172 eum
640 4117 817 4180 enim,
848 4130 975 4171 cum
1024 4113 1293 4171 audacius
1323 4115 1692 4186 obequitaret,
1742 4126 1795 4171 et
1827 4117 2071 4186 propriis

479 4206 752 4263 militibus
794 4207 1012 4262 animos
1057 4206 1306 4275 adderet,
1342 4221 1470 4262 cum
1509 4206 1729 4262 labente
1763 4223 1909 4277 equo
1957 4208 2068 4264 col-

478 4299 716 4370 lapsum,
745 4298 1016 4355 cervicem
1049 4297 1276 4369 fregisse
1313 4316 1327 4354 :
1359 4315 1425 4356 eo
1454 4300 1727 4355 exstincto
1754 4301 2067 4356 multitudi-

479 4406 608 4447 nem
636 4406 761 4447 cum
792 4392 1053 4448 hostibus
1087 4393 1478 4459 concordasse,
1510 4403 1564 4448 et
1592 4392 2062 4464 Tungrolipicem,

479 4484 760 4539 communi
784 4472 1033 4540 omnium
1070 4483 1355 4556 suffragio,
1389 4499 1572 4555 regem
1625 4484 1918 4541 Persarum
1957 4486 2068 4541 ele-

478 4588 628 4633 ctum
667 4595 679 4631 :
715 4574 926 4634 Turcas
957 4586 1223 4650 praeterea
1251 4578 1576 4648 praeclusam
1609 4576 1716 4631 sibi
1746 4588 1906 4633 antea
1940 4579 2063 4634 adi-

2176 2089 2269 2138 καὶ
2295 2086 2493 2157 ῥαδίως
2522 2089 2619 2156 μὲν
2644 2090 2863 2158 τρέψαι,
2895 2088 3103 2141 πολλῶν
3123 2090 3180 2142 δὲ
3208 2090 3413 2155 ἵππων,
3441 2094 3538 2144 καὶ
3562 2090 3757 2152 ὅπλων,

2176 2179 2271 2230 καὶ
2312 2180 2611 2249 χρημάτων
2655 2182 2982 2249 εὐπορῆσαι.
3030 2182 3138 2235 Καὶ
3185 2182 3325 2252 μετὰ
3366 2182 3536 2236 τοῦτο
3579 2183 3642 2251 δὴ
3692 2181 3760 2250 μὴ

2129 2292 2135 2297 ·
2173 2269 2312 2323 κατά
2346 2271 2848 2342 ἀποδιδράσκοντας
2887 2275 2983 2328 καὶ
3021 2278 3229 2346 λῃστάς
3270 2277 3551 2330 ποιεῖσθαι
3588 2275 3759 2345 κρύφα

2170 2363 2270 2425 τὰς
2307 2363 2617 2430 ἐπιθέσεις,
2658 2364 2796 2418 ἀλλά
2840 2368 3093 2436 φανερῶς
3131 2369 3227 2422 καὶ
3266 2370 3365 2421 σὺν
3406 2369 3604 2438 κόσμῳ
3650 2370 3759 2419 ἑπι-

2175 2455 2514 2526 στρατεύειν,
2561 2460 3022 2528 προσγενομένων
3068 2458 3219 2530 αὐτῷ
3269 2460 3362 2514 καὶ
3405 2461 3523 2514 τῶν
3565 2462 3627 2522 ἐκ
3668 2460 3758 2527 τῆς

2173 2549 2355 2617 χώρας
2408 2550 2645 2615 πολλῶν,
2682 2552 3003 2621 αὐτομόλων
3033 2570 3091 2606 τε
3124 2555 3220 2606 καὶ
3250 2552 3489 2627 λῃστῶν,
3528 2556 3622 2607 καὶ
3652 2551 3749 2604 τῶν

2173 2643 2350 2695 ἄλλων
2388 2642 2695 2713 χαιρόντων
2739 2645 3070 2714 μεταϐολαῖς
3112 2648 3481 2716 πραγμάτων.
3516 2648 3679 2699 Ὥστε
3717 2642 3756 2695 δ’

2172 2735 2355 2804 ὀλίγου
2408 2736 2641 2807 δύναμιν
2693 2738 2821 2809 περ)⁵
2873 2737 3038 2792 πέντε
3094 2740 3363 2811 μυριάδας
3418 2739 3755 2808 συνειλέχθαι

2175 2827 2305 2899 περὶ
2346 2829 2530 2882 αὐτόν.
2577 2830 2903 2902 Μωαμέτην.
2945 2831 3001 2884 δὲ
3045 2831 3141 2884 ἐπὶ
3185 2834 3299 2895 τοῖς
3347 2831 3598 2902 συμϐάσι
3641 2831 3756 2892 τοὺς

2176 2924 2275 2992 μὲν
2323 2925 2669 2992 στρατηγοὺς
2722 2928 2779 2978 ἐν
2826 2926 2964 2996 ὀργῇ
3021 2924 3352 2995 ποιούμενον
3403 2927 3753 2986 ἀποκτεῖναι.

2173 3016 2297 3079 τοὺς
2332 3015 2387 3069 δὲ
2418 3017 2785 3085 διαφυγόντας
2813 3018 2924 3072 τῶν
2958 3018 3308 3088 στρατιωτῶν
3341 3019 3615 3088 ἀτιμάσαι
3646 3017 3757 3069 δια-

2174 3108 2415 3163 νοεῖσθαι
2448 3109 2901 3181 περιαγομένους
2932 3112 2994 3164 ὲν
3027 3111 3314 3182 γυναικείᾳ
3350 3106 3535 3184 στολῇ.
3573 3109 3759 3164 Ασθο-

2179 3199 2373 3267 μένους
2428 3201 2477 3252 δ’
2512 3200 2712 3264 αὐτοὺς
2771 3204 3167 3273 προσχωρῆσαι
3220 3202 3300 3272 τῷ
3354 3204 3756 3275 Ταγκρολίπικι

2178 3292 2524 3363 σύμπαντας.
2553 3295 2817 3367 Μεγάλην
2844 3296 2899 3350 δὲ
2927 3297 2990 3367 δὴ
3021 3296 3217 3367 ἔχοντα
3248 3297 3375 3368 περὶ
3404 3298 3576 3351 αὐτὸν
3603 3297 3757 3349 δύνα-

2178 3402 2270 3455 μιν
2306 3384 2721 3455 Ταγκρολίπικα
2761 3386 2975 3441 ἐπιέναι
3010 3389 3089 3458 τῷ
3132 3389 3414 3460 Μωαμέτῃ
3460 3389 3759 3442 σπεύδοντα.

2178 3477 2327 3549 μάχῃ
2375 3479 2505 3547 περὶ
2549 3495 2658 3531 των
2699 3481 2839 3532 όλων
2891 3478 3341 3547 διαγωνίσασθαι.
3393 3480 3501 3533 Τὸν
3543 3481 3600 3535 δὲ
3646 3483 3763 3531 ἀντ⁸
3827 3508 3831 3512 -

2174 3571 2391 3621 επιέναι
2429 3569 2661 3637 στρατὸν
2695 3569 2900 3637 ἄγοντα
2938 3574 3068 3641 περὶ
3089 3573 3428 3640 πεντήκοντα
3454 3569 3758 3642 μυριάδας,

2175 3664 2267 3714 καὶ⁸
2295 3658 2600 3733 γενομένης
2630 3663 2813 3734 μάχης
2842 3664 2975 3735 περὶ
3000 3664 3348 3734 Ἀσπάχανον
3372 3665 3471 3735 τῆς
3505 3663 3760 3735 Περσίδος

2177 3757 2360 3808 πεσεῖν
2388 3756 2784 3826 ἀμφοτέρωθεν
2815 3755 3064 3822 πολλοὺς,
3105 3759 3293 3811 πεσεῖν
3316 3757 3375 3811 δὲ
3402 3757 3498 3811 καὶ
3525 3754 3760 3825 Μωαμέο

2171 3862 2271 3913 την
2314 3846 2407 3900 τὸν
2454 3845 2703 3915 βασιλέα.
2749 3846 3095 3917 θρασύτερον
3140 3838 3247 3916 γὸῖρ
3300 3847 3757 3918 ὲξιππαζόμενον,

2173 3938 2267 3990 καὶ
2317 3937 2815 4010 παραθαρρύνοντα
2856 3924 2982 4004 τοὺς
3029 3941 3301 4004 οἰκείους,
3348 3941 3644 3994 πταίσαντι
3684 3937 3757 4009 τῷ

2172 4029 2325 4099 ἵππῳ
2362 4034 2708 4101 συμπεσόντα
2768 4031 3290 4105 ἐκτραχηλισθῆναι.
3341 4034 3548 4088 Τούτου
3586 4035 3643 4088 δὲ
3676 4050 3756 4086 τε-

2171 4119 2431 4188 θνηκότος
2470 4125 2551 4186 εἰς
2587 4126 2838 4195 ὁμόνοιαν
2878 4129 2991 4190 τοῖς
3032 4127 3312 4197 πολεμίοις
3340 4128 3402 4181 τὸ
3432 4129 3635 4198 πλῆθος
3670 4127 3757 4179 ὲλ-
3814 4194 3815 4197 η

2172 4211 2304 4278 θεῖν,
2351 4214 2444 4266 καὶ
2486 4214 2904 4284 Ταγκρολίπικα
2949 4218 3337 4291 ἀναρρηθῆναι
3382 4221 3488 4273 ὑπὸ
3542 4222 3754 4276 πάντων

2171 4301 2394 4373 βασιλέα
2432 4305 2680 4377 Περσῶν,
2718 4307 2996 4379 Τούρκους
3030 4327 3089 4363 τε
3126 4311 3423 4376 ἀκωλύτως
3461 4315 3563 4385 ἤδη
3600 4314 3757 4367 εἰσιέ-

2168 4412 2256 4447 ναι
2295 4396 2374 4460 ei;
2409 4398 2507 4467 τὴν
2548 4398 2820 4470 Περσίδα,
2856 4403 2953 4454 καὶ
2996 4402 3330 4468 καθελόντας
3375 4406 3629 4476 Πέρσας,
3667 4405 3756 4457 καὶ

2166 4490 2293 4552 τοὺς
2329 4491 2501 4561 ταύτῃ
2528 4489 2773 4559 ’Ἄραϐας
2810 4493 3006 4557 αὐτοὺς
3043 4490 3185 4548 εἶναι
3219 4498 3445 4567 κυρίους
3470 4537 3485 4562 ,
3533 4497 3755 4552 σουλτά·

2168 4597 2258 4633 νον
2290 4580 2381 4634 τὸν
2412 4580 2835 4651 Ταγκρολίπικα
2866 4586 3308 4656 ἐπονομάσαντες
3332 4632 3346 4654 ,
3380 4590 3531 4644 essu
3561 4604 3753 4644 παντο-

481 4681 595 4727 ιιιιιι
633 4673 688 4727 in
728 4671 1014 4728 Persidem
1054 4670 1407 4742 patefecisse,
1446 4677 1525 4736 et,
1561 4669 1848 4726 debellatis
1882 4671 2065 4726 Persis

2172 4673 2414 4744 κράτορα
2444 4674 2536 4727 καὶ
2561 4676 2803 4747 ἄρχοντα
2833 4679 3068 4732 πάντων.
3098 4676 3236 4734 Εἶτα
3262 4684 3356 4734 καὶ
3382 4683 3480 4751 τῆς
3508 4683 3757 4736 Βαϐυλω-

474 4763 1005 4834 Arabibusque,qui
1053 4762 1131 4818 ibi
1188 4770 1349 4817 erant
1406 4761 1703 4825 omnibus,
1771 4763 2064 4832 imperium

476 4871 638 4911 suum
662 4857 983 4927 protulisse,
1020 4865 1080 4910 et
1101 4853 1541 4926 Tangrolipieem
1564 4854 1865 4918 sultauum,
1906 4858 2063 4924 quasi

476 4950 691 5005 diceres
732 4949 981 5006 Omnium
1014 4947 1421 5003 moderatorem
1449 4956 1509 5002 et
1538 4947 1869 5017 principem,
1895 4949 2065 5002 deno-

2173 4768 2288 4827 νίας
2324 4769 2619 4837 κρατῆσαι,
2653 4773 2747 4823 καὶ
2785 4772 3196 4843 ’Λραὸἴαςμκαὶ
3227 4776 3326 4844 τῆς
3362 4775 3753 4847 Ἀτροπατινῆς

2132 4922 2135 4925 ν
2172 4859 2408 4928 Μηδίας,
2444 4859 2479 4930 ἢ
2518 4859 2622 4912 ὑπὸ
2656 4859 2950 4931 Ῥωμαίοις
2987 4862 3061 4916 ἔτ’
3087 4860 3176 4933 ἦν,
3211 4865 3306 4919 καὶ
3340 4865 3516 4920 ἄλλων
3554 4866 3754 4919 πολλῶν

2171 4952 2270 5019 τῆς
2309 4950 2596 5022 Ῥωμαίων
2624 4954 3001 5023 ἐπικρατείας.
3038 5017 3042 5021 ς

476 5044 714 5097 initiasse
757 5060 773 5096 :
820 5048 942 5098 tum
1004 5041 1398 5112 Babyloniam,
1454 5040 1713 5103 Arabiam
1739 5081 1753 5106 ,
1830 5042 2066 5097 Mediam
2106 5044 2514 5116 Atropatinam,
2576 5062 2699 5116 quae
2729 5048 2910 5103 adhuc
2978 5051 3080 5105 sub
3113 5051 3353 5123 imperio
3387 5054 3753 5115 Romanorum

474 5147 616 5203 erat,
644 5146 701 5194 et
736 5138 842 5193 alia
892 5138 1064 5193 multa
1111 5152 1178 5193 ex
1208 5135 1469 5193 Romana:
1497 5137 1710 5193 ditione
1740 5138 1843 5194 sibi
1878 5138 2178 5208 subiecisse
3418 5156 3419 5159 ‘

552 5236 743 5293 Turcae
775 5236 987 5307 itaque,
1015 5244 1076 5289 ut
1102 5234 1300 5306 Scylax
1327 5233 1515 5302 refert,
1550 5250 1581 5289 e
1606 5236 1853 5291 Caucaso
1874 5244 2063 5290 monte

474 5339 761 5398 exeuntes,
791 5328 1026 5385 devictis
1073 5327 1371 5393 Arabibus,
1408 5326 1610 5383 deinde
1663 5327 1928 5383 Romanis
1959 5327 2064 5380 im-

476 5431 761 5493 perarunt.
808 5421 1045 5495 Eosdem
1096 5421 1241 5478 idem
1296 5430 1486 5478 auctor
1521 5430 1578 5477 et
1623 5419 1825 5477 Gurtos
1878 5429 2060 5477 vocat.

474 5511 666 5584 Tradit
731 5506 923 5581 enim,
978 5512 1436 5570 Amermumnem
1494 5498 1686 5583 decem
1755 5513 2056 5568 Curtorum

474 5609 641 5663 millia
667 5607 777 5663 ﬁlio
807 5605 1123 5669 tradidisse.
1152 5614 1207 5662 et
1235 5606 1455 5662 o‘mnem
1486 5606 1877 5661 Armeniorum
1897 5620 2059 5661 exer-

471 5700 668 5767 citum,
698 5682 1218 5770 adhuciTheopbilo
1261 5698 1599 5764 imperatore
1626 5698 1956 5769 superstite.
1983 5698 2053 5753 Et

470 5780 691 5868 rursus,
743 5790 945 5847 Basilio
996 5791 1224 5847 nuntios
1270 5806 1329 5847 es
1368 5789 1755 5863 Mesopotamia
1814 5791 2060 5848 redditos

471 5882 661 5945 fuisse,
685 5897 902 5949 unaque
931 5897 1056 5935 cum
1082 5883 1189 5936 illis
1221 5882 1423 5936 multos
1452 5882 1652 5939 Certos
1668 5891 1725 5939 et
1751 5883 2059 5939 Saracenos

472 5973 720 6039 captivos
779 5970 1102 6026 conductos.
1146 5970 1427 6026 Gemistus
1483 5990 1634 6036 Vero,
1693 5988 2060 6041 cognomento

2247 5237 2486 5310 Ἰόὖρκοι
2522 5240 2621 5305 μὲν
2653 5236 2750 5296 οὖν
2784 5243 2926 5297 κατά
2961 5244 3220 5300 Σκύλακα
3253 5247 3363 5301 ἀπὸ
3395 5248 3506 5302 τῶν
3540 5251 3755 5303 Καυκα-

2175 5332 2305 5386 σίων
2335 5330 2651 5403 ὁρμώμενοι
2680 5336 2855 5405 όρέων
2874 5374 2889 5401 ,
2923 5333 3098 5407 ἦρξαν
3126 5340 3374 5409 Ἄραϐας
3404 5342 3751 5403 καθελόντεςς

2169 5417 2293 5477 εἶτα
2325 5423 2650 5493 Ῥωμαίους.
2681 5426 2853 5480 Καλεί
2881 5427 2937 5480 δὲ
2965 5432 3096 5492 τοὺς
3125 5432 3328 5496 αὐτοὺς
3356 5437 3451 5486 καὶ
3484 5434 3754 5503 Κούρτους

2167 5512 2196 5564 ό
2229 5512 2464 5579 Σκύλαξ.
2498 5517 2749 5588 Μυρίους
2778 5517 2931 5587 γοῦν,
2979 5522 3140 5590 φησὶ,
3189 5523 3456 5595 Κούρτων
3490 5526 3755 5596 ’Δμερμο-

2168 5607 2317 5677 μνῆν
2352 5609 2646 5665 δεδωκέναι
2690 5612 2766 5682 τῷ
2810 5613 2946 5684 υἱῷ,
2982 5596 3075 5668 καλ⁸
3105 5618 3289 5671 πᾶσαν
3328 5618 3430 5690 τὴν
3465 5619 3753 5689 Ἀρμενίων

2159 5702 2449 5770 στρατιὰν,
2470 5703 2721 5769 ἐπιόντος
2748 5706 3017 5777 Θεοφίλου
3052 5709 3146 5764 τοῦ
3189 5712 3613 5783 αὐτοκράτορος.
3652 5707 3753 5762 Καὶ

2159 5796 2347 5863 πάλιν,
2374 5796 2456 5849 ὅτι
2486 5799 2768 5864 Βασίλειος
2796 5803 2864 5854 ἐκ
2887 5804 3319 5875 Μεσοποταμίας
3347 5806 3562 5871 δέξαιτο
3588 5809 3747 5872 ἀγγε·

2160 5884 2299 5949 λίας,
2348 5888 2724 5955 κομισθέντων
2767 5891 2919 5962 αὐτῷ
2964 5895 3063 5946 καὶ
3107 5896 3475 5965 αίχμαλὼτων
3527 5891 3743 5956 πολλῶν,

2166 5975 2428 6043 Κούρτων
2461 5993 2519 6029 τε
2553 5978 2646 6030 καὶ
2682 5980 3040 6050 Σαρακηνὼν.
3080 5983 3348 6053 Γεμιστὸς
3382 5987 3437 6039 δὲ
3470 5988 3498 6039 ὁ
3530 5996 3742 6055 μετονοδ

3748 6346 3751 6351 ,
3762 6336 3771 6347 ιι

3628 6370 3756 6393 νμέε
