4106 6444
481 341 606 404 1001
1651 344 1750 404 DE
1790 340 2116 404 ORlGlNE
2158 341 2606 412 TUliCARUM.
3608 347 3744 420 1002

479 461 706 528 μασθές
735 460 988 529 Πλήθων,
1009 459 1151 530 ἀνὴρ
1185 461 1418 530 μάλιστα
1451 461 1559 514 τῶν
1591 462 1714 514 καθ’
1737 463 1882 532 ἡμᾶς
1909 461 2066 527 δόξας
2097 504 2100 513 .

2118 459 2140 514 ι
2173 457 2416 526 Plc‘.lio,-
2453 463 2546 532 qui
2587 463 2736 518 hisee
2793 463 2993 518 nostris
3027 465 3364 534 temporibus
3391 483 3499 537 pne
3530 467 3739 522 cmteris

477 553 716 618 ἱστορίας
761 553 1202 616 ἀντιποιεῖσθαι,
1241 554 1712 623 Παροπαμισάδας
1755 550 1892 606 εἶναι
1930 554 2055 616 τοὺς

2169 551 2458 605 historiam
2513 554 2618 607 sibi
2668 555 2888 626 videtur
2949 570 3256 624 arrogasse,
3290 556 3741 624 Paropamisadas

475 644 752 712 Τούρκους
814 648 1000 713 φησὶν,
1040 645 1134 698 ὑπ’
1167 645 1520 715 Ἀλεξάνδρου
1552 646 1608 699 δὲ
1639 646 1734 699 τοῦ
1765 647 2054 712 Φιλίππου,

2159 660 2278 698 esse
2340 643 2548 700 Turcas
2593 646 2816 709 latctur,
2851 647 2918 698 ab
2977 647 3286 702 Alexandro
3333 646 3568 717 Philippi
3629 649 3738 700 lilio

421 771 426 775 7
475 737 568 788 καὶ
621 737 733 788 τῶν
789 737 914 805 μετ’
971 735 1186 790 ἐκείνου
1252 737 1524 806 Ἐλλήνων
1577 739 2042 803 ὲπιὸουλευθένσας

2160 735 2474 806 Graecisque
2529 739 2650 792 aliis
2690 739 2782 807 qui
2834 755 2958 794 cum
2991 754 3056 793 eo
3093 739 3424 802 militabant,
3455 754 3550 808 per
3603 739 3737 790 insi-

471 827 564 879 καὶ
595 826 993 895 κρατηθέντας.
1023 829 1302 898 πάρεργον
1329 831 1426 897 τῆς
1447 832 1526 894 εἰς
1556 829 1749 896 Ἰνδοὺς
1777 834 1894 886 τότε
1918 851 2056 903 παρ-

2157 828 2278 884 dias
2327 841 2518 900 captos
2545 841 2626 885 .ct
2659 831 2922 892 devictos.
2979 846 3036 886 re
3073 830 3444 898 perfunctorie
3486 839 3540 884 et
3575 830 3731 897 quasi

470 921 630 983 ὁδου,
692 921 850 982 δίκας
904 920 1000 974 νῦν
1051 921 1140 976 διὰ
1191 923 1408 991 μακροῦ
1461 925 1898 988 πολλαπλασίους
1945 927 2054 978 τῶν

2156 918 2300 972 aliud
2338 920 2540 986 agenti,
2573 921 2702 972 dum
2745 920 2796 974 in
2823 921 2982 975 ludos
3035 920 3416 986 contenderet,
3459 918 3728 984 factitata,

471 1013 845 1082 ὑπηργμένων
873 1014 1226 1084 εἰσπράττειν
1249 1015 1376 1077 τοὺς
1415 1015 1706 1084 Ἕλληνας.
1727 1017 1888 1069 Ὥστε
1917 1017 2050 1070 πολὺ

2153 1027 2303 1064 nunc
2344 1023 2462 1080 post
2497 1021 2574 1066 tot
2601 1029 2794 1076 annos,
2847 1030 3059 1082 parmas.
3095 1015 3268 1068 multo
3299 1014 3731 1068 ahnndantiores

469 1099 614 1157 οὗτοι
647 1105 1011 1171 διαφωνοῦσιν
1042 1106 1312 1176 ἀλλήλων,
1349 1108 1453 1174 εἴγ’
1479 1110 1508 1162 ὁ
1545 1108 1646 1178 μὲν
1677 1109 1786 1162 ἀπὸ
1823 1110 2050 1164 Καυκά-

2155 1097 2560 1173 perpessurum.
2603 1121 2628 1156 a
2662 1104 2866 1159 Grmcis
2909 1121 3144 1158 sumere.
3190 1105 3368 1170 Quare
3405 1106 3458 1160 lii
3499 1107 3727 1160 multum

470 1213 602 1255 σου,
639 1196 668 1246 ὀ
709 1195 764 1247 δὲ
804 1196 914 1249 ἀπὸ
958 1197 1358 1268 Παροπαμισοῦ
1397 1199 1546 1264 λέγοι
1584 1201 1893 1269 ὁρμηθῆναι
1925 1201 2052 1263 τοὺς

2155 1195 2300 1250 inter
2337 1211 2394 1250 se
2425 1195 2711 1262 differunt,
2743 1213 2867 1250 cum
2899 1199 2986 1252 ille
3021 1199 3242 1268 quidam
3282 1215 3312 1254 e
3343 1199 3606 1258 Caucaso.
3638 1200 3727 1252 hic

469 1290 768 1358 Τούρκους.
805 1291 976 1359 Δῆλον
1009 1295 1117 1363 γάρ
1152 1295 1234 1347 ὅτι
1273 1295 1486 1360 Σκύλαξ
1525 1295 1816 1349 Καύκασον
1849 1298 2049 1366 ὀνομά-

2153 1303 2182 1342 a
2241 1286 2594 1356 ParOpamisi
2655 1289 2864 1360 Tun-as
2923 1291 3170 1358 erupisse
3221 1289 3441 1344 referat.
3508 1289 3733 1344 Manife-

470 1383 554 1443 ζει
593 1383 654 1436 ὁύ
689 1385 780 1436 τὸν
815 1386 923 1437 ἀπὸ
957 1386 1284 1439 Μακεδόνων
1349 1387 1618 1456 κληθέντα
1650 1389 1865 1450 ἀτόπως
1901 1391 2050 1443 Καύ-

2151 1391 2296 1436 stum
2325 1381 2596 1450 siquidem
2635 1391 2738 1444 est,
2800 1383 3078 1453 Scylacem
3129 1400 3238 1436 non
3274 1399 3400 1437 eum
3456 1383 3728 1452 appellare

471 1491 638 1528 κασον
689 1477 814 1546 περὶ
867 1477 967 1546 τὴν
1007 1478 1236 1548 Ἰνδικὴν
1293 1480 1454 1549 μέρος
1506 1481 1636 1534 ὄντα
1689 1482 1780 1534 τοῦ
1832 1483 2047 1552 Ταύρου

2150 1471 2458 1526 Caucasum
2499 1486 2763 1541 montem,
2809 1491 2970 1544 quem
3010 1487 3216 1529 temere
3245 1476 3298 1528 in
3351 1474 3497 1528 India
3533 1475 3603 1527 ita
3635 1490 3729 1528 v0-

466 1570 662 1634 δρους,
716 1571 853 1623 ἀλλᾶ
902 1574 963 1624 τὸ
1015 1573 1412 1640 ὑπερκείμενον
1461 1575 1584 1643 ὅρος
1635 1577 1728 1628 τοῦ
1783 1578 2048 1642 πελάγους

2149 1583 2341 1620 cawrc
2401 1566 2748 1631 Macedones,
2785 1571 2873 1634 qui
2911 1583 3036 1636 pars
3067 1568 3234 1621 Tauri
3265 1567 3465 1622 montis
3497 1577 3598 1632 est,
3635 1565 3729 1620 sed

467 1661 732 1731 ἐκατέρου
765 1661 856 1716 τοῦ
889 1680 948 1715 τε
979 1665 1240 1718 Ποντικοῦ
1273 1665 1486 1718 καὶτοῦ
1517 1668 1764 1720 Κασπίου
1795 1669 2048 1738 διατειχί-

2149 1675 2297 1720 eum,
2349 1659 2440 1728 qui
2481 1675 2632 1714 mare
2667 1659 2988 1726 utrumque,
3031 1660 3320 1715 Ponticum
3350 1671 3404 1714 ct
3448 1659 3727 1728 Caspium,

467 1754 560 1816 ζον
587 1755 678 1806 τὸν
713 1754 904 1823 ἰσθμὸν
935 1754 1025 1808 τὸν
1057 1755 1370 1825 διείργοντα
1405 1758 1544 1811 αὐτὰ
1567 1800 1580 1822 ,
1617 1759 1711 1811 καὶ
1747 1758 1920 1827 διέχον
1949 1762 2046 1822 τῆς
2083 1810 2088 1827 ,

2104 1811 2118 1827 _
2149 1749 2542 1818 supereminet.
2576 1759 2631 1803 et
2667 1750 2786 1803 loco
2819 1750 2959 1804 muri
2993 1761 3098 1814 est,
3137 1749 3324 1804 Isthmi
3371 1750 3538 1803 maria
3567 1763 3725 1818 sepa-

479 1810 494 1816 -
803 1810 814 1823 .
1169 1810 1179 1825 .
1215 1810 1227 1824 .
1493 1810 1496 1811 7
1534 1810 1580 1822 7.
1641 1810 1646 1811 7
1829 1810 1858 1827 η
1903 1810 1908 1811 7
2004 1810 2044 1822 .-

479 1845 704 1915 Ἰνδικῆς
733 1847 951 1910 πλείους
980 1849 1010 1915 ἢ
1041 1851 1404 1918 τρισμυρίους
1435 1853 1704 1914 σταδίους,
1734 1853 1890 1906 τοῦτο
1919 1871 2042 1904 συν-
2082 1810 2100 1864 Ι

2108 1811 2119 1860 ⁸
2154 1840 2345 1904 rantis,
2391 1840 2653 1908 abestque
2691 1841 2758 1894 ab
2783 1840 2938 1894 India
2966 1843 3157 1897 stadiis
3187 1841 3310 1910 plus
3347 1843 3570 1911 triginta
3604 1841 3729 1894 mil-

467 1938 615 2005 ήθως
658 1939 814 1991 καλεί
855 1939 1168 1996 Καύκασον.
1215 1944 1608 2012 Παροπαμισὶς
1648 1944 1704 1996 δὲ
1753 1947 1916 2012 μέρος
1955 1945 2044 1997 τοῦ

2150 1931 2316 1985 libus.
2363 1932 2516 1985 llunc
2550 1933 2660 1998 ille,
2698 1943 2834 1987 utet
2859 1933 2981 1988 aliis
3011 1935 3062 1988 in
3101 1949 3253 1988 more
3285 1941 3390 1996 est.
3417 1933 3721 1988 Caucasuin

465 2031 681 2101 Ταύρου
721 2035 838 2086 ἐστὶ
873 2034 1008 2103 πρὸς
1043 2034 1123 2102 τῷ
1164 2036 1331 2106 Ἰμάῳ
1365 2040 1460 2090 καὶ
1493 2040 1557 2105 τῇ
1598 2035 1828 2107 Ἰνδικῇ,
1867 2039 1956 2106 ἀφ’
1985 2032 2044 2091 οὗ

2148 2035 2330 2076 vocat.
2393 2023 2780 2092 Paropainisus
2812 2040 2944 2078 vero
2992 2041 3120 2094 pars
3145 2025 3310 2078 Tauri
3351 2033 3456 2090 est,
3496 2023 3644 2078 lmao
3674 2034 3729 2076 et

463 2124 782 2187 Μακεδόνας
835 2126 1203 2196 ὡρμημένους
1257 2131 1338 2190 είς
1386 2128 1482 2198 τὴν
1533 2131 1758 2199 Ἰνδικὴν
1807 2131 2046 2198 Ἀριστό-

2148 2109 2314 2165 India:
2345 2115 2649 2180 proximus,
2678 2128 2743 2168 ex
2777 2130 2887 2182 quo
2923 2114 3271 2180 Macedones,
3302 2114 3727 2168 utAristubulns

464 2216 654 2278 δουλος
701 2217 948 2286 εἴρηκεν.
979 2219 1166 2270 Ἔοικε
1217 2219 1272 2272 δὲ
1318 2221 1644 2290 παραλόγως
1693 2222 1859 2274 ταῦτα
1907 2223 2044 2289 Πλή-

2149 2209 2335 2270 refert,
2369 2205 2576 2259 Indiam
2617 2207 2890 2261 invasere.
2941 2207 3068 2260 Haec
3107 2218 3292 2262 autem
3323 2214 3522 2276 praeter
3561 2207 3723 2260 ratio-

463 2307 592 2359 θωνι
625 2309 898 2376 εἰρῆσθαι,
935 2309 1028 2361 καὶ
1061 2309 1152 2360 ἐπὶ
1185 2311 1244 2362 τὸ
1301 2311 1746 2380 θαυμασιώτερον
1780 2312 1811 2381 ἢ
1847 2313 2042 2378 άληθέ-

2148 2313 2270 2352 nem
2306 2315 2332 2352 ιι
2369 2299 2633 2352 Plethone
2660 2297 2804 2353 dicta
2834 2313 2958 2354 esse
2984 2299 3284 2366 videntur;
3316 2299 3518 2368 quibus
3543 2297 3723 2352 admi-

464 2415 673 2466 στερον.
723 2397 860 2452 υῦτε
912 2399 1022 2468 γὰρ
1069 2401 1176 2452 τῶν
1232 2401 1338 2471 προ
1389 2401 1552 2454 αὐτοῦ
1605 2403 1826 2472 εἴρηκεν
1869 2403 2042 2466 οὐδεὶς

2147 2393 2414 2446 rationem
2471 2391 2653 2458 potius
2713 2399 2936 2459 captat,
2985 2405 3153 2460 quam
3207 2391 3494 2444 veritatem
3551 2390 3720 2442 limat.

461 2491 612 2554 ἔθνος
639 2491 791 2543 οὐδὲν
817 2492 925 2543 τῶν
953 2493 1442 2562 Παραπαμισαδῶν
1469 2494 1765 2564 Τούρκους,
1794 2495 1825 2564 ἢ
1856 2496 2043 2567 ἕτερόν

2148 2485 2331 2553 Neque
2361 2484 2506 2537 enim
2537 2484 2812 2552 quispiam
2846 2491 2974 2536 ante
3007 2484 3184 2552 ipsum
3237 2492 3455 2554 gentem
3493 2482 3723 2550 Paropa-

459 2601 510 2634 τι
546 2582 651 2634 τῶν
678 2585 943 2651 σύνεγγυς
977 2585 1278 2653 ὀνομάτων,
1315 2585 1428 2638 οὔτ’
1451 2587 1676 2641 ἄλλοθέν
1714 2588 1874 2641 ποθεν
1910 2607 2038 2658 μετ-

2147 2572 2481 2626 misadarum
2541 2572 2778 2639 aliquam
2841 2571 3070 2637 Tureas,
3122 2573 3204 2626 vel
3257 2573 3403 2626 aliud
3439 2573 3718 2641 quidpiam

460 2672 764 2739 οικισθῆναι
803 2676 880 2736 εἰς
911 2676 1312 2745 Παραπαμισον
1360 2677 1658 2748 Τούρκους.
1691 2679 1764 2732 Οὐ
1796 2681 1904 2749 μὴν
1931 2683 2039 2734 οὐδ’

2144 2663 2514 2733 proximorum
2545 2663 2826 2716 hominum
2845 2677 3038 2732 genus,
3077 2679 3256 2733 neque
3287 2665 3507 2718 alinmle
3531 2665 3716 2718 sedem

463 2765 602 2826 εἰκδς
651 2764 982 2837 Μωαμέτην,
1027 2768 1250 2834 Περσῶν
1294 2769 1551 2839 ἄρχοντα,
1596 2771 1939 2842 πολεμοῦντα
1983 2775 2038 2828 δὲ

2145 2764 2443 2817 nnttantes,
2477 2755 2530 2807 in
2583 2754 2940 2824 Paropamiso
2985 2753 3176 2823 pedem
3214 2753 3417 2815 ﬁxisse,
3453 2758 3715 2810 narravit.

461 2855 596 2924 προς
633 2855 1010 2918 Βαϐυλωνίους
1045 2856 1139 2909 καὶ
1179 2857 1370 2920 Ἰνδοὺς
1396 2898 1411 2922 ,
1449 2857 1704 2928 πρέσϐεις
1739 2861 1865 2929 περὶ
1898 2879 2036 2929 συμ-

2141 2848 2284 2916 Quin
2343 2851 2450 2904 imo
2499 2865 2676 2920 neque
2731 2857 3162 2904 consentaneum
3225 2857 3330 2912 est,
3364 2847 3713 2913 Muametem,

462 2947 662 3014 μαχίχς
707 2946 948 3016 πέμπειν
982 2947 1056 3010 ὼς
1101 2947 1566 3020 Παροπαμισάδας
1605 2951 1840 3020 ὁμόρους
1877 2952 2040 3016 δντας

2140 2940 2430 2996 Persarum
2457 2943 2782 3010 principem,
2817 2957 2942 2994 cum
2987 2939 3300 3011 Babyloniis
3341 2951 3395 2994 et
3427 2941 3576 2994 lndis
3613 2957 3715 3010 pu-

473 3038 650 3100 Ἰνδοῖς
671 3079 684 3098 ,
717 3039 771 3090 εί
799 3055 850 3090 τι
885 3037 968 3092 δεῖ
998 3039 1234 3092 Σκύλακι
1267 3041 1548 3094 πιστεύειν
1571 3082 1585 3107 ,
1615 3035 1690 3106 ὧς
1721 3045 2036 3114 Μωαμέτης

2141 3044 2418 3104 gnantem,
2453 3050 2482 3087 a
2531 3033 2999 3102 Paropamisadis,
3041 3032 3188 3086 Indis
3221 3031 3492 3095 ﬁnitionis,
3525 3031 3719 3101 legatis

458 3127 608 3180 ταῦτ’
635 3127 1022 3195 ἐπρεσϐεύετο.
1067 3128 1208 3182 Ἀλλ’
1241 3129 1607 3202 εὐλογώτερον
1644 3133 1705 3185 τὸ
1740 3135 1894 3202 παρὰ
1927 3133 2036 3188 τῶν
2063 3142 2079 3196 1

2098 3127 2345 3195 ςιιιὶςςὶε,
2407 3126 2612 3179 auxilia
2673 3125 2918 3194 petiisse,
2957 3128 3004 3180 si
3053 3124 3274 3194 quidem
3315 3124 3526 3197 Scylaci
3583 3123 3719 3178 tides

457 3218 662 3290 μεταξὺ
689 3220 971 3286 Τανάϊδος,
1003 3221 1098 3273 καὶ
1124 3221 1222 3291 τῆς
1253 3221 1549 3292 ’Υρκανίας
1581 3223 1860 3294 θαλάσσης
1887 3227 2038 3294 οῑκη-

2140 3218 2448 3272 adhibenda
2500 3229 2605 3280 est,
2665 3217 2757 3287 qui
2807 3217 3134 3272 Moametem
3193 3217 3391 3270 similia
3447 3215 3717 3286 legatione

455 3311 628 3381 τόρων
655 3314 978 3382 συμμαχίαν
1005 3313 1228 3381 αἰτῆσαι
1262 3315 1356 3368 καλ¹
1384 3315 1592 3368 λαϐεῖν.
1621 3317 1684 3370 El
1714 3317 1771 3370 δὲ
1801 3317 2036 3387 Πλήθων

2141 3317 2380 3364 tentasse
2409 3309 2602 3364 scribit
2635 3326 2648 3362 :
2684 3310 2778 3363 sed
2823 3309 3208 3364 rationabilius
3239 3318 3346 3374 est,
3384 3308 3454 3362 ab
3489 3309 3578 3374 iis,
3619 3309 3713 3374 qui

453 3405 626 3458 οἴεται
657 3405 916 3458 Σκύλακα
946 3406 1161 3474 ἀγνοεῖν
1187 3405 1362 3460 ταῦτα
1391 3411 1487 3462 καὶ
1515 3407 1836 3477 ψεύδεσθαι,
1868 3409 2034 3464 πόθεν

2139 3401 2283 3454 inter
2341 3399 2637 3452 Tanaidem
2673 3407 2728 3454 et
2789 3399 3101 3468 Hyrcanum
3156 3415 3304 3453 mare
3366 3399 3715 3468 interjaeent,

453 3497 608 3560 εἰδὼς
639 3499 800 3560 αὐτὸς
836 3499 1093 3567 ἀληθεύει
1115 3539 1130 3562 ,
1168 3499 1394 3568 μηδενὸς
1431 3499 1542 3552 τῶν
1580 3500 1814 3570 πρόσθεν
1845 3503 2030 3555 εἰπόν-

2137 3507 2297 3561 Opem
2342 3491 2668 3560 implorasse
2719 3501 2775 3545 et
2835 3493 3130 3560 reperisse.
3185 3491 3382 3546 Verum
3421 3491 3464 3546 si
3525 3489 3717 3545 Pletlw

451 3607 566 3654 τος,
608 3591 690 3642 ὅτι
743 3590 1197 3657 Παροπαμισάδαι
1248 3593 1295 3643 οἱ
1345 3592 1581 3660 Τοῦρκοι
1633 3594 1824 3661 εἴησαν
1851 3612 1866 3661 ;
1917 3593 2031 3656 πῶς

2137 3583 2438 3652 Scylacem,
2511 3599 2693 3636 rerum
2751 3584 2943 3636 barum
3009 3583 3276 3646 nescium,
3339 3582 3474 3636 falsa
3529 3582 3715 3635 dicere

451 3697 582 3732 ποτε
610 3681 654 3732 δ’
679 3681 1039 3750 ἀπεκαλύφθη
1071 3681 1222 3752 αὐτῷ
1251 3683 1484 3752 τάληθὲς
1513 3685 1887 3750 τετρακοσίοις
1916 3686 2032 3738 ἕτε-

2133 3675 2430 3736 existimat,
2477 3675 2752 3728 undenam
2791 3673 2912 3742 ipse
2945 3675 3236 3728 veritatem
3269 3673 3532 3726 hauriens
3555 3673 3712 3726 colli-

452 3792 538 3826 σιν
583 3771 810 3843 ὕστερον
852 3771 946 3825 τοῦ
993 3773 1272 3837 Σκύλακος
1316 3775 1630 3844 γενομένῳ;
1675 3779 1784 3829 Καὶ
1831 3776 1938 3846 μὴν
1981 3779 2029 3829 εί

2135 3785 2270 3838 mat,
2299 3790 2422 3830 cum
2454 3787 2617 3828 nemo
2639 3782 2766 3827 ante
2801 3773 3002 3841 ipsum,
3029 3769 3481 3840 Paropamisadas
3505 3769 3713 3824 'l‘urcas

449 3866 576 3926 τοὺς
614 3865 692 3934 τῷ
737 3865 911 3935 χρόνῳ
953 3867 1234 3936 ἐγγυτέρῳ
1267 3867 1376 3919 τῶν
1414 3867 1666 3938 πράξεων
1701 3855 2028 3936 γενομένους

2132 3867 2324 3931 fuisse,
2380 3866 2558 3921 fassus
2601 3865 2719 3921 sit?
2769 3867 3054 3922 Undenam
3099 3865 3224 3934 ipsi,
3279 3863 3711 3932 quadringentos

447 3958 592 4020 εἰκὸς
629 3958 826 4026 μᾶλλον
854 3958 923 4009 τά
954 3957 1085 4010 ὄντα
1115 3959 1364 4027 φράζειν,
1399 3955 1611 4024 Σκύλαξ
1649 3961 1850 4028 μᾶλλόν
1881 3979 1931 4013 τι
1963 3962 2028 4014 ἂν

2132 3975 2310 4015 annos
2341 3969 2466 4030 post
2503 3961 2786 4029 Scylacem
2821 3969 2970 4019 nato,
3001 3959 3209 4012 veritas
3251 3956 3524 4010 innotuit?
3554 3955 3709 4021 Quiut

449 4051 604 4114 εἰδὼς
635 4049 889 4118 ἀληθεύοι
920 4052 1295 4119 τετρακοσίοις
1327 4051 1472 4104 ἔτεσι
1507 4053 1792 4124 Πλήθωνος
1827 4072 2028 4124 προγε-

2133 4051 2326 4116 εἰ-οοε,
2356 4050 2448 4119 qui
2485 4049 2651 4102 rebus
2686 4049 2858 4118 gestis
2887 4047 3254 4117 proximiores
3281 4047 3460 4110 fuere,
3507 4061 3594 4100 res
3619 4061 3705 4114 ge-

447 4142 697 4210 νέστερος
731 4140 824 4192 ὧν.
855 4141 1006 4209 Ἔχει
1036 4140 1091 4192 δέ
1124 4157 1176 4191 τι
1209 4140 1523 4211 θαυμαστὸν
1553 4145 1581 4196 ὁ
1611 4143 1703 4197 τοῦ
1739 4145 2026 4214 Πλήθωνος

2131 4153 2262 4208 stas,
2316 4141 2392 4196 uti
2435 4149 2842 4204 successerunt,
2879 4139 3138 4209 prosequi
3177 4139 3536 4193 verisimilius
3582 4148 3707 4208 est;

446 4231 624 4298 λόγος,
655 4233 703 4283 εί
735 4230 1214 4293 ἐπιϐουλευθέντες
1244 4249 1304 4284 τε
1335 4233 1428 4284 καὶ
1460 4235 1827 4305 κρατηθέντες
1859 4237 2026 4290 πάλαι

2133 4235 2291 4304 plane
2327 4233 2544 4303 Scylax,
2582 4248 2704 4287 cum
2749 4231 3068 4287 Plethonem
3095 4231 3518 4300 quadringentis
3546 4233 3707 4286 annis

445 4325 554 4376 ὑπὸ
612 4324 721 4376 τῶν
789 4331 917 4392 περὶ
983 4323 1330 4394 ⁹Αλέξανδρον
1381 4327 1876 4397 Παροπαμισάδαι,
1933 4329 2024 4382 νῦν

2130 4327 2494 4398 prazcesserit,
2557 4325 2728 4396 magis
2787 4339 2967 4380 rerum
3017 4325 3384 4392 cognitionem
3433 4323 3703 4393 attigisse,

443 4415 844 4482 ὀκτακοσιοστῷ
867 4417 959 4468 καὶ
985 4415 1236 4486 χιλιοστῷ
1258 4417 1480 4485 ὕστερον
1503 4417 1610 4484 ita:
1633 4422 2021 4489 είσπράττουσι

2132 4421 2367 4490 ideoque
2395 4419 2612 4473 veriora
2651 4419 2857 4481 dicere,
2897 4418 3110 4472 censeri
3141 4417 3327 4472 debet.
3371 4415 3436 4470 Et
3482 4417 3703 4486 quidem

443 4508 600 4572 δίκας
645 4509 753 4561 τῶν
801 4509 1170 4578 ὑπηργμένων
1218 4511 1338 4570 τοὺς
1365 4509 1654 4581 Ἕλληνας.
1705 4515 1870 4583 Δίκην
1917 4497 2064 4586 γάρ1

2080 4497 2100 4549 )
2131 4511 2265 4566 illud
2303 4511 2502 4563 mirum
2531 4519 2614 4563 est
2649 4511 2702 4564 in
2737 4508 3160 4564 ratiocinatione
3195 4507 3498 4572 Plethonis,
3527 4508 3570 4561 si
3594 4508 3701 4573 jam

442 4617 564 4652 τινα
598 4603 688 4654 καὶ
726 4602 984 4666 πρόνοιαν
1021 4603 1132 4654 τοῖς
1173 4602 1485 4669 ἀνθρώποις
1523 4605 1796 4674 ὑπάρχειν
1830 4609 1892 4659 ἐκ
1929 4611 2020 4662 τοῦ

2127 4598 2196 4652 ab
2233 4597 2532 4652 Alexandri
2588 4597 2762 4650 milite
2825 4611 2925 4666 per
2979 4595 3208 4651 insidias
3240 4597 3604 4651 circumventi
3639 4616 3703 4652 ac

493 4694 598 4745 είου
635 4695 660 4744 ὁ
694 4693 850 4758 λόγος
877 4691 1046 4760 δηλοῖ.
1086 4692 1152 4744 Τί
1186 4709 1318 4744 ποτε
1358 4695 1405 4744 δ’
1430 4696 1490 4746 ού
1540 4697 1778 4765 Πέρσαις
1819 4701 2020 4768 μᾶλλον

2125 4688 2270 4757 capti
2299 4687 2755 4756 Paropamismlm,
2785 4700 2932 4739 nunc
2969 4686 3216 4750 tandem,
3251 4697 3376 4756 post
3411 4689 3703 4756 octingen-

439 4785 656 4854 διέφερε
696 4787 801 4846 τοῖς
839 4784 1184 4854 ἀφαιρεθεῖσι
1221 4788 1321 4854 τὴν
1359 4789 1457 4855 τῆς
1500 4789 1685 4852 Ἀσίας
1723 4793 2021 4861 ἡγεμονίαν

2127 4782 2382 4834 tesimnm
2426 4791 2482 4832 et
2512 4779 2858 4834 millesimum
2887 4795 3116 4838 annum.
3147 4781 3218 4832 ob
3260 4779 3399 4832 lianc
3441 4781 3698 4850 iniuriam
3737 4783 3743 4814 ⁵

439 4875 592 4936 δίκας
619 4875 968 4938 εἰσπράττειν
995 4875 1118 4936 τοὺς
1145 4875 1534 4942 ἀφελομένους,
1563 4877 1592 4946 ἢ
1627 4879 2020 4947 Παροπαμισά-

2123 4873 2450 4940 supplicium
2477 4873 2580 4924 sibi
2609 4881 2836 4925 sumunt
2863 4887 2888 4924 a
2919 4872 3142 4926 Graecis.
3173 4872 3524 4927 Providentia
3551 4875 3698 4926 enim
3735 4864 3743 4918 ἶ

437 4963 564 5028 61;;
599 4963 702 5016 Καὶ
733 4964 848 5032 ἅμα
878 4965 937 5016 τὸ
964 4965 1192 5034 ἀρχαῖον
1219 4965 1327 5016 τῶν
1354 4966 1612 5033 Τούρκεων
1642 4969 1813 5037 ὄνομα
1847 4973 2020 5042 ὑπάρ-

2121 4975 2179 5018 et
2207 4965 2420 5032 iustitia
2473 4964 2659 5016 divi-.a
2704 4965 2961 5016 mortales
2995 4965 3129 5033 regi,
3172 4965 3405 5020 humana
3452 4965 3590 5018 ratio
3621 4975 3700 5020 te-
3735 4977 3737 4980 '

439 5073 534 5124 χον
594 5057 938 5130 ἑνὶηέρσαις
993 5056 1362 5126 πιθανώτερον
1425 5057 1491 5110 ἂν
1543 5061 1718 5112 ἐποίει
1771 5063 2020 5131 Πλήθωνι

2122 5065 2320 5110 statur.
2355 5057 2576 5119 Verum,
2615 5069 2782 5124 quare
2813 5054 2994 5124 potius
3027 5071 3138 5109 non
3172 5064 3451 5124 spectaret
3481 5057 3546 5110 ad
3569 5057 3701 5111 Per~

435 5147 530 5198 τὶν
557 5145 735 5212 λόγον.
770 5145 924 5215 ᾬκει
949 5147 1056 5210 γὰρ
1084 5143 1184 5212 τὴν
1217 5143 1451 5213 Περσίδα
1475 5145 1624 5216 ἔθνη,
1655 5149 1708 5199 οἵ
1732 5165 1790 5200 τε
1823 5149 2021 5201 ﬂante:-

2121 5161 2232 5210 sas,
2266 5145 2358 5214 qui
2381 5143 2614 5212 imperio
2639 5143 2780 5198 Asite
2804 5145 3022 5211 spoliati
3053 5153 3201 5210 sunt,
3233 5145 3376 5214 rapti
3401 5145 3723 5218 vindictam.

439 5237 656 5306 σχορεῖς
689 5237 998 5306 λεγόμενοι,
1033 5236 1130 5288 καὶ
1161 5238 1209 5288 οἱ
1249 5237 1645 5305 Ἀχαιμενίδαι,
1685 5241 1781 5293 καὶ
1813 5241 2016 5307 Μάγοι,

2121 5237 2425 5306 suscipere,
2478 5251 2643 5304 quam
2690 5235 2754 5289 ad
2802 5235 3293 5302 Paropamisadas?
3339 5237 3427 5302 Et,
3471 5253 3594 5292 cum
3633 5256 3697 5292 ea

435 5328 582 5381 οὗτοι
633 5327 732 5396 μὲν
779 5327 980 5398 σεμνοῦ
1028 5345 1169 5390 τινος
1216 5327 1330 5396 βίου
1373 5329 1610 5398 ζηλωταί
1638 5347 1651 5362 ο
1681 5332 1914 5402 Κύρτιοι
1962 5334 2018 5385 δὲ

2120 5338 2283 5382 a-tate
2315 5329 2509 5382 'l'urcae
2543 5328 2686 5380 inter
2733 5329 2882 5395 ipsos
2931 5327 3127 5381 Persas
3175 5331 3693 5396 alittuiiteraretitttr,

436 5420 530 5472 καὶ
561 5419 782 5488 Μαραοὶ
815 5419 1117 5490 λῃστρικοί.
1147 5415 1224 5472 1Ἠ
1253 5423 1332 5474 ὅτι
1367 5423 1577 5492 Πέρσαι
1609 5427 1794 5487 κακῶς
1823 5425 2017 5495 ’Έλλη-

2121 5421 2264 5474 ratio
2292 5421 2576 5490 Pleuronis
2611 5419 2938 5472 credibilior
2974 5430 3124 5473 esset
3161 5437 3174 5472 ε
3205 5421 3389 5490 pepuli
3420 5421 3693 5490 siquidem

434 5529 531 5572 νας
559 5511 825 5580 πρότερον
852 5513 1236 5582 πεποιηκότες,
1264 5515 1486 5577 δικαίως
1515 5517 1973 5570 ἀντιπεπόνθασιν
2001 5537 2014 5585 ;

2119 5512 2211 5580 qui
2241 5509 2518 5565 Persidem
2536 5511 2810 5574 tenebant,
2837 5521 2988 5562 erant
3014 5510 3490 5576 Patiseliorenses,
3508 5511 3699 5568 Aetne-

433 5602 570 5655 ἀλλὰ
611 5603 660 5652 τί
708 5619 836 5653 ποτε
879 5605 938 5654 οὐ
987 5605 1368 5674 Βακτριανοῖς,
1412 5607 1503 5656 καὶ
1549 5607 1877 5676 Σογδιανοῖς,
1925 5615 2018 5662 καί

2120 5605 2374 5665 ιιιριιὶιιιιε,
2405 5602 2564 5671 Magi,
2589 5603 2770 5672 gravis
2796 5617 2859 5655 ac
2888 5602 3179 5657 Inmlcrata'
3205 5605 3326 5658 vita!
3349 5606 3584 5658 instituti
3609 5621 3697 5674 se—

443 5693 697 5762 'Aps£r,t;,
737 5695 830 5745 καὶ
870 5695 1144 5750 πλείστοις
1185 5696 1391 5749 ἔθνεσιν
1429 5697 1606 5758 ἄλλοις
1650 5705 2016 5768 σωζιρονεσῖέ-

2119 5705 2356 5749 etatures
2385 5693 2560 5758 ;.i;em
2587 5694 2754 5762 Cyrtii
2787 5702 2842 5746 et
2873 5695 3056 5756 :‘iint‘ai,
3095 5697 3428 5763 prmdatorcs
3456 5713 3518 5750 ac
3548 5698 3695 5753 dire-

431 5791 546 5850 ρὀις
588 5785 1104 5854 Παροπαμιςαδών,
1147 5785 1288 5855 άπερ
1329 5787 1680 5856 Ἀλέξανδρος
1721 5789 2016 5858 καῖεστρὲ-

2121 5799 2320 5857 ptorcs.
2345 5789 2447 5852 An,
2472 5785 2618 5855 quod
2639 5785 2814 5840 Persa!
2845 5787 2996 5855 prius
3023 5788 3228 5842 Graecis
3258 5789 3486 5843 malefici
3511 5791 3683 5855 fuere,
