4106 6434
402 432 532 504 1021
1266 458 1280 476 η
1458 433 1826 495 NOVELL/E
1859 432 2544 495 (IUNS’I‘ITU'I‘IONES.
3526 430 3660 494 1022

461 561 527 615 Et
555 573 600 613 sn
637 557 831 626 aliquis
855 557 920 610 de
951 563 1103 624 parte
1131 553 1234 606 mei
1269 551 1484 621 Imperii
1538 553 1618 606 vel
1680 553 1746 608 de
1806 561 1956 622 parte
1988 551 2034 610 Α
2069 568 2082 602 c

2069 547 3657 620 σατοᾶραφω.............

391 648 893 707 tuedominatiouis
960 654 1208 700 mortuus
1266 644 1429 699 fuerit
1475 647 1529 699 in
1587 646 1764 714 aliqua
1823 657 1966 699 terre

2071 645 2541 714 γήσεικαὶὲνμο
2620 687 2632 699 .
2715 685 2728 698 .
2811 685 2823 697 .
2906 683 2920 697 .
2998 643 3182 714 λώσση
3218 662 3272 696 κ.
3352 686 3366 700 .
3449 685 3462 698 .
3542 687 3557 702 .
3643 686 3655 699 .

389 743 495 798 ιιιεί
537 738 753 809 Imperii
805 738 886 793 vel
947 745 1035 790 tue
1093 736 1505 799 dominationis,
1570 752 1655 790 res
1721 736 1965 790 defuncti

2073 737 2325 806 ποικίλην
2353 737 2492 789 οὕτω
2524 737 2658 789 Θεοῦ
2691 738 2886 806 σοσρῖαν
2916 740 2979 791 ἀν
3013 779 3025 792 .
3107 777 3121 792 .
3202 777 3217 792 .
3298 775 3311 791 .
3393 757 3474 791 σει
3501 738 3532 806 ἦ
3565 743 3659 793 καὶ

391 835 588 888 debent
613 831 730 886 dari
765 830 1063 884 secundum
1115 837 1359 882 tenorem
1397 829 1479 882 sui
1537 831 1848 882 testamenti
1913 837 1968 882 et

2078 829 2151 898 μὴ
2176 829 2472 898 χανὴσεται
2505 829 2830 896 πολύξωνον
2862 830 3128 898 ἁρμονίαν
3163 833 3222 882 ἐν
3257 834 3540 898 μουσικοῖς
3574 850 3664 884 τε·
3695 859 3699 864 ·

392 941 486 996 per
507 923 876 979 securitatem.
896 910 960 975 Et
980 921 1023 976 si
1047 922 1166 977 sine
1203 928 1530 977 testamento
1556 931 1802 977 mortuus
1836 921 1966 985 erit,

2071 923 2327 992 λεωτάτῳ
2355 925 2661 993 συστήματι
2691 925 2786 976 καὶ
2819 926 2884 992 τῇ
2917 924 3004 976 διά
3037 923 3228 976 πασῶν
3266 924 3554 995 συμφωνία
3582 925 3664 976 δο-

389 1026 445 1073 et
474 1017 778 1071 invenietur
808 1015 1002 1082 aliquis
1029 1013 1097 1070 de
1161 1028 1361 1083 genere
1387 1013 1470 1068 vel
1527 1014 1594 1069 de
1655 1024 1813 1083 gente
1847 1027 1969 1078 sua,

2073 1017 2358 1087 ξολογήσει
2397 1017 2486 1068 τὸν
2524 1016 2844 1086 εὐεργέτην.
2885 1017 2982 1068 ’Ἂν
3014 1016 3070 1069 δὲ
3103 1017 3200 1069 καὶ
3253 1018 3332 1079 εἰς
3361 1017 3459 1086 τὴν
3497 1016 3658 1084 βασιο

394 1110 556 1165 debet
589 1109 830 1178 recipere
862 1123 950 1162 res
973 1106 1214 1161 defuncti
1252 1120 1348 1175 pro
1412 1116 1566 1175 parte
1617 1107 1879 1162 defuncti.
1910 1107 1974 1161 Et

2071 1105 2222 1158 λείαν
2251 1105 2350 1173 τῆς
2380 1105 2820 1174 αὐτοκρατορίας
2860 1104 3149 1175 περιωπὴν
3187 1107 3443 1174 ὲπῖρται,
3477 1106 3536 1156 τὸ
3568 1104 3662 1175 βά-

393 1199 437 1252 si
473 1198 675 1268 aliquis
702 1205 947 1252 mortuus
978 1196 1141 1251 fuerit
1169 1196 1290 1250 sine
1349 1205 1700 1260 testamento,
1761 1207 1819 1252 et
1869 1212 1971 1251 non

2078 1217 2163 1271 ρος
2197 1199 2295 1269 τῆς
2337 1198 2558 1268 ὀρειλῆς
2598 1197 3066 1266 ὑπερταλαντεὺει
3103 1199 3288 1250 πᾶσαν
3325 1198 3544 1267 att-run
3572 1199 3667 1250 καὶ

395 1289 559 1344 fuerit
589 1291 842 1345 iuventus
873 1289 924 1342 in
961 1297 1137 1343 morte
1163 1303 1261 1342 sua
1285 1289 1483 1359 aliquis
1515 1290 1579 1342 de
1607 1303 1809 1359 genere
1861 1303 1962 1344 nec

2074 1292 2300 1364 δύναμιν
2335 1292 2426 1345 νοῦ
2460 1293 2551 1345 καὶ
2583 1292 2780 1360 σοφίαν
2815 1290 3064 1361 γλώττης
3095 1293 3188 1342 καὶ
3223 1292 3512 1348 εὑποοέαν.
3547 1291 3657 1342 Καὶ

396 1381 462 1438 de
491 1391 650 1455 gente
681 1397 803 1446 sua,
839 1394 927 1437 res
961 1380 1115 1437 istius
1148 1381 1349 1436 debent
1377 1381 1687 1436 conservari
1708 1395 1774 1436 ex
1813 1391 1970 1452 parte

2075 1386 2247 1450 οὕτως
2285 1385 2424 1454 ὑπὲρ
2467 1385 2712 1446 ἅπαντας
2761 1385 2855 1437 καὶ
2891 1385 2940 1436 οἱ
2991 1383 3234 1451 βασιλεῖς
3289 1384 3387 1453 τὴν
3427 1383 3661 1451 δυνατὴν

397 1476 561 1538 illius,
581 1475 736 1540 cujus
755 1482 897 1528 terra
925 1479 1028 1538 est,
1049 1472 1104 1527 in
1137 1489 1241 1542 qua
1264 1485 1513 1528 mortuus
1530 1474 1674 1538 erit;
1709 1473 1977 1528 etdebent

2075 1476 2310 1549 ἀμοιϐὴν
2337 1475 2613 1545 ὀφείλουσι
2648 1475 2725 1542 τῷ
2759 1474 2904 1544 Θεῷ.
2944 1477 3009 1527 Ὃ
3039 1475 3133 1527 καὶ
3163 1477 3191 1528 ὁ
3221 1475 3364 1538 θεῖος
3407 1493 3669 1544 γρησμῳ-

399 1566 549 1620 reddi
580 1567 679 1620 hec
706 1580 793 1620 res
824 1564 930 1620 illis
957 1562 1280 1622 hominibus
1309 1605 1324 1631 ,
1345 1566 1546 1635 quibus
1576 1566 1680 1620 alia
1726 1581 1851 1636 pars
1883 1581 1980 1620 no-

1576 1566 1680 1620 alia
1726 1581 1851 1636 pars
1883 1581 1980 1620 no-
2076 1561 2164 1637 δὸς
2189 1559 2355 1625 Δαυῒδ
2378 1571 2437 1623 ὲν
2468 1569 2745 1638 πνεύματι
2774 1567 3187 1638 παρυπέφαινεν

399 1642 706 1721 titicaverit,
738 1672 834 1726 per
867 1657 1130 1726 scriptum
1157 1663 1213 1712 et
1242 1658 1620 1713 securitatem.

2081 1707 2095 1722 .
2177 1702 2192 1719 .
2272 1702 2287 1718 .
2368 1703 2381 1716 .
2465 1701 2479 1714 .
2561 1699 2576 1714 .
2655 1699 2668 1712 .
2750 1701 2762 1714 .
2849 1701 2860 1714 .
2942 1703 2953 1715 .
3037 1699 3049 1712 .
3132 1698 3147 1712 .
3227 1657 3672 1729 ,Κύριελέγων

469 1750 805 1804 Conventum
831 1757 916 1804 est
942 1756 997 1802 et
1027 1747 1132 1804 hoc
1163 1765 1176 1802 :
1210 1763 1311 1818 pro
1366 1749 1528 1803 rebus
1583 1756 1974 1810 mercatorum,
2083 1795 2090 1810 ε

2083 1751 3671 1810 ............καὶάσάτιιισαν

399 1841 490 1912 qui
520 1840 807 1912 periclitati
833 1849 962 1898 sunt
993 1839 1046 1895 in
1083 1840 1244 1895 terris
1267 1840 1370 1895 mei
1426 1831 1642 1909 Imperii
1675 1855 1704 1893 a
1769 1839 1974 1909 princi-
2011 1896 2020 1912 ε

2085 1841 3675 1902 ..ι.........καὶδι’ἐαυτῶν

402 1895 490 2005 pio
507 1895 679 2004 unper
709 1941 985 1990 transacte
1010 1940 1221 2002 treuge,
1250 1931 1335 1988 vel
1361 1933 1454 2002 qui
1487 1895 1967 2003 periclitalnintur,
2011 1895 2023 1953 1

2084 1981 2100 1997 .
2181 1985 2194 1997 .
2275 1981 2290 1996 .
2373 1982 2383 1994 .
2468 1984 2480 1997 .
2560 1982 2574 1995 .
2656 1980 2671 1994 .
2740 1964 2766 1994 ·.
2845 1981 2858 1995 .
2941 1981 2954 1993 .
3038 1979 3049 1994 .
3126 1939 3314 2000 οῦντες
3343 1936 3428 2004 ἐφ’
3463 1935 3675 1989 ἑαυτῶν

403 2035 456 2082 et
480 2041 578 2096 pru
604 2026 724 2081 aliis
749 2025 1062 2080 hominibus
1090 2034 1180 2080 tue
1233 2022 1625 2079 dominationis
1693 2023 1968 2077 racionem

2083 2027 3672 2096 ..............ὲκεχειρίαν

402 2117 598 2173 fecerit
627 2116 918 2187 Imperium
953 2129 1130 2171 meum
1153 2115 1546 2171 convenienter
1567 2128 1702 2185 ;que
1727 2115 1975 2169 domina-

2084 2118 3667 2191 ,....ι.......μονὰςίδίας

403 2209 480 2264 tio
506 2219 594 2264 tua
613 2208 776 2264 debet
799 2207 1050 2263 similiter
1073 2206 1286 2275 operari
1347 2206 1402 2260 in
1433 2206 1562 2272 illis,
1604 2207 1696 2275 qui
1761 2207 1978 2277 pericli-

2088 2263 2099 2276 .
2182 2259 2195 2272 .
2274 2259 2289 2273 .
2370 2261 2382 2272 .
2467 2259 2480 2272 .
2562 2260 2576 2274 .
2657 2261 2670 2274 .
2751 2261 2764 2274 .
2851 2261 2864 2274 .
2946 2249 2960 2270 ο
3036 2217 3231 2278 οντοῖς
3261 2211 3673 2282 μοναχοῖςπερὶ

403 2304 498 2358 tati
531 2312 656 2357 sunt
689 2302 773 2357 vel
804 2299 1263 2371 periclitabuntur
1294 2299 1348 2353 in
1385 2300 1487 2354 hoc
1526 2308 1792 2369 tempore,
1835 2315 1980 2353 mer—

2089 2352 2101 2366 .
2184 2349 2200 2366 .
2277 2349 2292 2364 .
2373 2351 2388 2364 .
2469 2351 2485 2368 .
2569 2348 2584 2363 .
2663 2349 2679 2365 .
2760 2351 2775 2366 .
2853 2351 2868 2365 .
2952 2350 2964 2362 .
3046 2348 3060 2362 .
3144 2303 3416 2365 .καὶτάς
3449 2301 3678 2353 ἐκείνων

403 2395 682 2450 catoribus
708 2393 928 2462 Imperii
961 2393 1066 2448 mei
1097 2393 1515 2447 convenienter.

2095 2444 2199 2458 ..
2281 2442 2295 2458 .
2370 2442 2386 2457 .
2463 2443 2479 2458 .
2556 2443 2571 2459 .
2656 2445 2669 2459 .
2750 2444 2766 2460 .
2849 2441 2862 2454 .
2945 2442 2958 2456 .
3040 2394 3671 2464 ,δὰςὼςὲκμηχανῆς

475 2485 816 2541 Conventum
846 2495 931 2540 est
953 2485 1094 2540 inter
1126 2485 1252 2549 hoc,
1318 2484 1464 2555 quod
1526 2498 1624 2540 nec
1687 2484 1978 2553 Imperium
2091 2534 2096 2547 ,

2091 2533 2105 2547 .
2183 2536 2196 2551 .
2283 2532 2295 2547 .
2377 2534 2389 2547 .
2471 2533 2484 2548 .
2568 2534 2580 2547 .
2661 2534 2673 2548 .
2759 2501 2856 2546 ast
2935 2531 2948 2545 .
3025 2530 3037 2543 .
3122 2527 3137 2542 .
3213 2489 3309 2542 καὶ¹
3357 2487 3678 2555 πολύφωνον

409 2595 610 2645 meum,
643 2591 819 2648 neque
854 2589 978 2634 tuus
997 2577 1309 2647 dispotatus
1338 2577 1536 2633 habeat
1558 2576 1840 2632 licentiam
1871 2576 1984 2631 for-

2093 2626 2106 2642 .
2191 2627 2201 2638 .
2278 2587 2371 2639 καὶ
2442 2623 2457 2638 .
2541 2623 2556 2639 .
2637 2626 2650 2640 .
2688 2589 2756 2656 ἠν
2790 2585 2891 2655 τὴν
2933 2581 3200 2654 ἁρμονίαν
3246 2580 3476 2647 καὶτῆς
3528 2578 3678 2648 βασι-

410 2691 558 2728 mare
579 2687 876 2744 yperperos
913 2673 997 2727 vel
1028 2672 1389 2736 manuelatos,
1418 2681 1512 2724 aut
1545 2681 1792 2725 stamenn
1819 2683 1985 2738 equa-

2089 2681 2250 2750 λικῆς
2286 2679 2706 2748 μεγαλειότητος
2739 2676 3128 2730 ἀποτελέσαιεν
3171 2673 3246 2737 ὡς
3302 2672 3548 2737 ἐπάξιον,
3583 2673 3677 2724 καὶ

412 2768 478 2821 lis
498 2767 668 2822 IOI'me
692 2765 917 2822 allel'ills
944 2765 1134 2835 Pal‘liS-
2092 2773 2217 2835 τοὺς
2276 2771 2526 2840 ἀσκητάς
2578 2771 2698 2824 ἀνθ’
2747 2769 2960 2823 ἑαυτῶν
3018 2767 3212 2835 ἁγίους
3264 2767 3682 2836 παραστήσαιεν

485 2855 749 2910 Convenit
773 2863 826 2909 et
859 2856 996 2910 hoc:
1021 2854 1312 2924 Imperium
1338 2869 1518 2909 meum
1546 2853 1817 2923 promisit,
1838 2853 1984 2923 quod
2097 2867 2106 2916 ί

2097 2863 2361 2934 ὑμνητὰς,
2398 2862 2650 2924 λυθέντες
2678 2862 2736 2914 δὲ
2783 2862 2878 2913 καὶ
2907 2859 3002 2912 τοῦ
3033 2858 3290 2927 σώματος
3324 2858 3461 2925 ὅπερ
3491 2855 3681 2908 παθεῖν

417 2964 584 3019 usque
603 2948 669 3003 ad
703 2949 1146 3018 complimentum
1199 2949 1440 3016 quinque
1505 2962 1775 3001 annorum
1843 2947 1995 3014 pacis
2097 2957 2312 3026 ἀνάγκη
2351 2955 2451 3024 τὴν
2482 2954 2732 3008 σύνθεσιν
2762 2953 3184 3022 δοξολογήσαιεν
3217 2950 3276 3003 ὲν
3305 2949 3517 3011 τούτοις
3549 2948 3682 3002 ἁοά-

419 3057 518 3098 nec
553 3044 704 3112 galee
735 3055 911 3110 neque
943 3041 1224 3096 currentia
1257 3039 1398 3110 ligna
1465 3040 1680 3108 Imperii
1743 3039 1846 3094 mei
1903 3040 1997 3094 de-

2100 3067 2256 3113 νατα,
2295 3049 2390 3103 καὶ
2419 3047 2560 3101 οὕτω
2593 3045 3004 3115 δοξολογοῦντες
3043 3045 3536 3114 παρασκευάσαιεν
3588 3043 3683 3093 καὶ

420 3136 582 3188 beant
605 3131 803 3188 habere
835 3131 1109 3187 licentiam
1145 3132 1382 3185 transire
1409 3131 1476 3185 de
1497 3128 2041 3240 Ceustantinopoli,(

2062 3182 2064 3238 ἱ
2102 3141 2194 3197 τὸν
2227 3140 2607 3211 μεγαλόδωρον
2637 3141 2818 3192 πᾶσαν
2876 3137 3290 3207 μεγαλοδωρίας
3333 3133 3683 3202 ὑπερϐαίνειν

418 3226 522 3280 nisi
551 3227 660 3280 hoc.
681 3223 845 3280 fuerit
876 3225 944 3278 de
977 3225 1253 3280 voluntate
1277 3231 1367 3277 tue
1409 3223 1831 3278 dominationis.
1883 3221 1992 3278 Ne-
2019 3221 2039 3239 ‘

2097 3233 2405 3306 ὑπερϐολὴν
2439 3235 2498 3285 ὲν
2527 3232 2604 3302 τῷ
2635 3228 2813 3301 καιρῷ
2862 3230 2970 3283 τῶν
3006 3229 3225 3298 ἑκάστῳ
3254 3225 3687 3298 προσοφειλομέιι

416 3334 522 3390 que
556 3317 844 3374 solidarios
901 3317 1060 3374 debet
1118 3316 1307 3371 tollere
1368 3314 1661 3384 Im‘perium
1719 3331 1894 3371 meum
1961 3331 1991 3371 a

2091 3342 2199 3381 νων
2229 3325 2625 3394 διανεμήσεων.
2667 3323 2728 3374 Et
2775 3320 2907 3387 γοῦν
2939 3319 3083 3373 οὕτω
3139 3317 3338 3378 ταῦτα,
3372 3317 3490 3379 πῶς
3520 3317 3616 3368 καὶ
3649 3318 3681 3383 ἦ

420 3425 574 3482 parte
599 3424 689 3469 lue
724 3412 1132 3477 dominationis,
1154 3411 1258 3467 nisi
1289 3418 1345 3465 et
1370 3410 1474 3466 hoc
1503 3409 1669 3465 fuerit
1697 3411 1765 3465 de
1798 3410 1992 3465 volun-

2093 3415 2343 3489 βασιλεία
2377 3431 2481 3484 μου
2516 3413 2608 3466 ἐπὶ
2638 3408 2703 3480 τῇ
2758 3412 2823 3464 ἐκ
2857 3415 3053 3477 καινῆς
3109 3406 3514 3478 ἀνεγειρομένῃ
3549 3404 3682 3473 παρ’

421 3516 530 3562 tate
569 3519 656 3561 tuc
680 3505 1091 3561 dominationis.

2089 3510 2262 3580 αὐτῆς
2301 3508 2438 3578 μονῇ
2490 3507 2554 3574 τῇ
2594 3504 2735 3558 κατὰ
2765 3503 2825 3556 τὸ
2857 3502 2984 3572 ὅρος
3013 3501 3086 3553 τὰ
3129 3499 3337 3553 Λένϐου
3365 3498 3685 3566 διακειμένη

492 3599 599 3655 IIec
626 3601 804 3654 omnia
835 3598 1086 3668 superius
1117 3597 1395 3652 declarata
1423 3597 1636 3664 juravit
1691 3597 1989 3664 Imperium
2087 3619 2113 3656 κ

2087 3605 2185 3657 καὶ
2203 3601 2302 3667 τὴν
2325 3597 2420 3651 τοῦ
2445 3598 2610 3650 τόπου
2642 3594 2961 3662 ἐπωνυμίαν
2985 3592 3386 3660 ὲξιδιωσαμὲνῃ
3425 3590 3486 3642 οὑ
3521 3605 3688 3658 φρονέ

417 3707 598 3750 meum
629 3693 848 3762 proprio
874 3706 968 3746 ore
995 3705 1160 3761 super
1215 3699 1404 3745 saneta
1469 3689 1560 3744 Dei
1612 3690 1890 3760 evangelia
1943 3696 1998 3744 et

1882 3707 1890 3742 ι
1943 3696 1998 3744 οι
2085 3691 2223 3746 τίσει
2254 3690 2320 3740 τὶι
2355 3689 2434 3749 εἰς
2457 3684 2807 3752 ἀπαρτισμὸν
2835 3683 2929 3735 καὶ
2970 3681 3231 3734 σύστατιν
3259 3679 3503 3747 ταύτηςς

421 3801 586 3856 super
638 3783 1012 3840 Inouorabilem
1039 3791 1096 3837 et
1150 3781 1426 3836 vivificam
1484 3790 1788 3836 crucemet
1836 3797 2001 3851 super

2165 3779 2236 3834 α’.
2267 3775 2377 3832 ἾΙν
2412 3777 2510 3846 μὲν
2532 3776 2642 3844 γὰρ
2671 3774 2700 3826 ὁ
2724 3772 2887 3835 τόπος
2921 3770 3156 3842 ἠρεμίας
3187 3767 3388 3838 χωρίον
3415 3768 3496 3830 εἰς
3524 3757 3692 3818 eam

421 3855 650 3936 aconam
685 3876 758 3948 (b)
792 3876 882 3930 Dei
914 3874 1237 3939 Genitricis,
1267 3870 1412 3943 quod
1438 3874 1802 3929 servabithec
1827 3889 1996 3944 usque

2093 3875 2184 3928 1’»)
2221 3871 2508 3925 σπουδαῖον
2540 3869 2632 3921 καὶ
2665 3865 2972 3936 φιλήσυχον
3006 3861 3442 3929 ὲκκαλούμενον,
3491 3860 3586 3912 καὶ
3613 3855 3689 3920 ὡς

423 3974 487 4027 ad
503 3972 944 4042 complimentum
975 3969 1220 4038 quinque
1244 3981 1537 4021 annorum.

2095 3966 2160 4020 ἐκ
2195 3981 2354 4016 τινων
2391 3958 2678 4028 συμϐολῶν
2712 3955 2960 4026 ἐναργῶς
2991 3954 3300 4016 ἐδείκνυτο,
3331 3955 3428 4006 καὶ
3451 3951 3512 4003 τὸ
3547 3950 3690 4003 θεῖον

495 4061 559 4117 Ει
594 4061 720 4116 inde
745 4060 944 4114 factum
985 4070 1072 4115 est
1106 4072 1338 4126 presens
1362 4053 1744 4112 chrus‘obolum
1774 4057 1996 4111 verbum
2099 4063 2116 4116 ε

2099 4063 2279 4116 ἐκεῖσε
2312 4057 2400 4111 διὰ
2432 4053 2751 4125 ψαλμῳδίας
2790 4049 3042 4120 μοναχῶν
3075 4047 3458 4115 ὲδοξολογεῖτο,
3525 4044 3691 4115 ἕδραν

424 4155 528 4209 ιιιεί
555 4153 772 4220 Imperii
807 4167 903 4221 pro
940 4166 1125 4206 mense
1147 4149 1398 4218 Augusti,
1425 4147 1511 4204 VII
1537 4147 1830 4203 iudieiione
1859 4163 2004 4201 anno

2101 4153 2311 4208 ἑαυτῶν
2372 4147 2763 4217 ποιησαμένων
2797 4143 2888 4220 τδν
2926 4140 3218 4211 ἐλεύθερον
3279 4139 3419 4208 ἀέρα
3471 4139 3569 4191 καὶ
3602 4137 3691 4188 τὸν

425 4264 455 4302 a
481 4247 752 4318 principio
779 4246 966 4300 mundi
1011 4259 1105 4300 sex
1149 4243 1443 4298 millesimo
1472 4240 1874 4310 ‘DCCXXVIII,
1935 4243 1990 4295 in

2105 4245 2456 4302 ἀπολίτευτον
2499 4241 2592 4294 καὶ
2643 4237 2843 4306 ἀτριϐῆ
2890 4237 3005 4299 τοῖς
3069 4233 3288 4296 πολλοῖς
3345 4231 3542 4302 χῶρον.
3583 4230 3692 4282 Καὶ

425 4357 532 4410 quo
577 4349 762 4394 nostra
791 4338 1033 4415 potentia
1056 4352 1086 4391 a
1125 4335 1236 4390 Deo
1257 4334 1383 4390 data
1416 4335 1777 4404 subsignavit.
1821 4333 2003 4390 Theo-

2107 4337 2362 4409 ἀμυδρῶς
2395 4337 2454 4387 ὲν
2507 4330 2682 4398 τούτῳ
2724 4328 2820 4382 καὶ
2868 4327 2988 4397 ἴχνη
3029 4326 3129 4394 τῆς
3160 4323 3398 4395 ἀρχαίας
3431 4321 3689 4390 εὑδαιμο·

425 4433 593 4488 dorus
623 4434 677 4486 in
700 4413 919 4487 Christo
953 4427 1065 4484 Deo
1092 4426 1587 4495 IldeIislmperator
1618 4435 1674 4481 et
1694 4427 2003 4482 moderator

2107 4433 2226 4494 νίας
2277 4423 2418 4498 ἦσαν
2449 4422 2823 4491 ὲντετηγμὲνα
2848 4435 2860 4448 ⁸
2922 4417 3253 4486 ἀνοικοδομὴ
3287 4414 3415 4469 ναοῦ
3449 4414 3584 4482 πρὸς
3609 4413 3694 4464 εὑ-

427 4522 729 4578 Grecurum
768 4523 1080 4578 Comnanus
1109 4518 1404 4575 Lascarus.
2043 4514 2048 4563 ἶ

2117 4526 2334 4597 τεχνίαν
2365 4520 2738 4591 ἐξησκημένη,
2771 4517 2875 4569 ὑπὸ
2909 4517 2967 4568 δὲ
3001 4514 3096 4567 τοῦ
3126 4514 3321 4584 χρόνου
3368 4509 3466 4581 τὴν
3498 4507 3715 4576 εὐπρέ-,,

430 4635 498 4692 II.
533 4635 668 4706 Imp.
687 4635 912 4706 Joqnm's
965 4633 1128 4688 Ducw
1183 4631 1429 4706 Yatatza:
1449 4633 1511 4686 de
1555 4633 1878 4706 monasterio
1927 4633 2009 4706 rad

2122 4634 2282 4670 πειαν
2306 4611 2728 4683 ἀποχρειωμένη
2762 4608 2840 4678 (d)
2869 4623 2882 4637 '
2919 4609 3016 4660 καὶ
3044 4606 3212 4658 τᾶλλα
3241 4603 3298 4656 δὲ
3335 4604 3414 4664 εἰς
3445 4600 3699 4654 τοσοῦτον

504 4692 730 4760 ηιοιιίειιι
759 4704 949 4758 Lembo
981 4702 1454 4826 ρτηιὶξιὲἕζηαηι
1529 4703 1883 4758 restaurando
1916 4705 2008 4772 (ε).
2120 4735 2125 4762 .

2120 4707 2531 4781 ἀφαντωοέντα,
2583 4703 2658 4773 ὡς
2697 4701 2832 4772 μηδὲ
2865 4700 2921 4751 ὲν
2973 4698 3167 4767 μέρεσι
3195 4692 3514 4748 τῶνὲκεῖσὲ
3567 4707 3699 4742 ποτε

2123 4798 2420 4826 -2--_2‘-...‘...
2472 4794 2635 4826 ...ἱ-ΑΓΖ
2708 4790 3206 4826 ὲνυηφηλεῖηηηιιιη
3276 4784 3696 4826 πςηιηιῗιῖςσθαι-

1171 4702 1246 4758 Su

1064 4772 1154 4844 (Ᾱο
1182 4772 1370 4844 122δ’)
2121 4772 2420 4869 οἰκοδομῶν
2471 4772 2635 4850 αὑτοὺ
2707 4790 3210 4861 ὲγκαταλείμματα
3276 4784 3696 4856 περισώζεσθαι.

611 4891 675 4942 Οί
707 4888 927 4958 οὐρανοὶ
957 4903 1070 4957 φησ
1145 4924 1160 4940 .
1240 4924 1255 4940 .
1336 4924 1348 4938 ι
1428 4923 1444 4939 .
1523 4921 1538 4938 ο
1616 4922 1631 4938 ο
1713 4923 1727 4938 ο
1809 4926 1822 4939 .
1903 4914 1917 4935 ι
1996 4923 2012 4937 ο
2133 4894 2332 4962 Ἀλλ”ᾕ
2367 4890 2613 4961 βασιλεία
2649 4905 2776 4957 μου,
2807 4884 3146 4954 ἀγαπήσασα
3170 4881 3260 4934 τὸν
3289 4881 3450 4932 τόπον
3472 4877 3549 4939 ὡς
3578 4877 3700 4944 ἀρε-

433 4983 650 5052 γλῶσση
681 4981 773 5052 μὴ.
852 5019 868 5034 .
949 5018 964 5034 .
1046 5019 1059 5032 .
1140 5019 1155 5033 .
1237 5018 1250 5034 .
1331 5018 1345 5033 .
1426 5018 1440 5033 .
1520 5016 1535 5030 .
1616 5020 1629 5034 .
1710 5017 1724 5030 .
1805 5015 1816 5030 .
1897 5016 1910 5029 .
1995 5016 2007 5030 .
2116 4985 2217 5053 τῆς
2246 4983 2536 5051 σύμμαχον
2565 4979 2658 5032 καὶ¹
2692 4977 2947 5048 μοναχοῖς
2980 4972 3293 5042 ἐπιτήδειον
3339 4970 3436 5022 καὶ
3464 4981 3700 5038 προσφο-

434 5079 492 5128 τὸ
523 5077 710 5146 νοερὸν
762 5114 775 5128 .
855 5113 872 5128 .
953 5112 966 5128 .
1046 5111 1061 5125 .
1143 5111 1154 5126 .
1238 5110 1254 5126 .
1333 5111 1348 5126 .
1430 5109 1443 5125 .
1524 5110 1536 5124 .
1615 5109 1630 5124 .
1711 5111 1724 5126 .
1808 5111 1821 5124 .
1902 5112 1914 5123 .
1997 5107 2011 5124 .
2123 5073 2362 5146 ρώτατον
2414 5071 2760 5139 ἐνδιαίτημα,
2796 5066 3066 5137 ἠθέλησεν
3103 5060 3463 5116 ἀνακαινίσαι
3514 5072 3574 5109 τε
3613 5054 3702 5106 τὸν

434 5167 699 5236 εὑμουσόν
725 5184 806 5220 τε.
844 5205 859 5221 .
941 5203 955 5219 .
1038 5205 1053 5219 .
1131 5207 1145 5218 .
1229 5206 1242 5219 .
1322 5204 1336 5217 .
1426 5205 1440 5219 .
1521 5205 1534 5220 .
1617 5202 1629 5216 .
1710 5204 1721 5216 .
1806 5204 1818 5217 .
1899 5201 1914 5216 .
1996 5200 2010 5216 .
2119 5165 2389 5228 nemini.
2423 5162 2611 5221 κελλία
2660 5159 2942 5224 ἀξιολόγου
2983 5149 3705 5228 μοναξὸντωνισῡστήματος

435 5256 659 5329 ὀ(ἰδίειλὴν
684 5258 878 5326 εὐχαρ.
958 5295 973 5311 .
1053 5295 1068 5310 .
1148 5292 1163 5307 .
1243 5299 1256 5310 .
1335 5295 1352 5305 .
1431 5295 1444 5311 .
1523 5293 1538 5308 .
1621 5295 1633 5308 .
1715 5292 1728 5306 .
1810 5292 1824 5306 .
1903 5291 1916 5306 .
1999 5289 2014 5303 ο
2122 5258 2421 5324 ἀνεγεῖραι,
2455 5254 2551 5306 καὶ
2576 5249 2856 5322 τράπεζαν
2883 5249 2982 5317 τῆς
3033 5248 3090 5299 ἐν
3123 5242 3345 5316 Χριστῷ
3379 5239 3486 5294 τῶν
3545 5255 3704 5329 μονα-

435 5328 733 5419 εὑεργέτην
764 5349 870 5403 ἂν.
951 5390 966 5402 .
1047 5389 1056 5402 .
1146 5391 1156 5399 .
1241 5389 1254 5403 .
1336 5387 1349 5402 .
1432 5388 1447 5402 .
1526 5388 1539 5400 .
1621 5386 1635 5401 .
1719 5388 1733 5400 .
1815 5384 1830 5399 .
1910 5384 1924 5398 .
2005 5382 2018 5398 .
2126 5348 2238 5419 χῶν
2281 5347 2567 5416 φιλότητος
2613 5340 3058 5411 ἀνοικοδομῆσαι,
3109 5336 3205 5390 καὶ⁴
3253 5332 3422 5386 τᾶλλα
3454 5328 3706 5397 ποιῆσαι,

436 5445 786 5514 ἀποκεκρυμ.
872 5483 886 5497 .
970 5488 981 5500 .
1063 5487 1076 5499 .
1154 5483 1170 5498 .
1250 5481 1264 5496 .
1347 5481 1361 5494 .
1438 5479 1452 5494 .
1537 5483 1548 5495 .
1630 5479 1642 5494 .
1724 5479 1737 5492 .
1819 5477 1831 5490 .
1912 5475 1926 5489 .
2005 5474 2020 5489 .
2130 5440 2228 5492 ὅσα
2257 5439 2391 5505 πρὸς
2419 5432 2726 5504 ὑπηρεσίαν
2753 5429 3017 5498 ἀνελλιπῆ
3069 5425 3177 5480 τῶν
3221 5423 3472 5495 μοναχῶν
3526 5437 3707 5474 συντε-

439 5536 602 5605 κόρον
635 5511 785 5607 αὑτῷ
818 5538 877 5607 ἠ.
956 5577 969 5591 .
1053 5578 1063 5589 .
1149 5576 1161 5588 .
1247 5575 1260 5590 .
1346 5575 1359 5588 .
1441 5575 1454 5590 .
1535 5571 1548 5586 .
1627 5571 1641 5587 .
1725 5571 1737 5585 .
1822 5571 1834 5583 .
1914 5571 1926 5582 .
2008 5569 2023 5584 .
2133 5531 2237 5586 λεϊ.
2270 5516 2381 5579 Καὶ
2406 5522 2854 5592 ἀπετελέσθησαν
2879 5519 2989 5574 ἀπὸ
3013 5518 3219 5572 τούτων
3245 5515 3367 5571 τινὰ
3400 5513 3565 5585 μέχρι
3591 5511 3708 5564 δεῦ-

517 5742 593 5809 (b)
614 5742 654 5796 I.
681 5758 730 5794 e.
767 5741 976 5800 εἰκόνα.
1019 5741 1320 5810 imaginem.
1492 5808 1540 5810 __
1662 5809 1665 5810 ν
1910 5806 1940 5810 __
1972 5806 1999 5810 r_
2136 5730 2722 5810 quaﬁmnrgineprimi
2752 5727 3136 5810 foliiabscissa
3160 5724 3502 5781 exciderunt.

517 5799 590 5881 (ε)
627 5813 722 5881 Iis
757 5815 878 5866 col.
940 5799 1101 5865 Vind.
1128 5799 1281 5881 "bist.
1342 5808 1549 5881 Gr._68
1593 5809 1799 5881 primus
1856 5806 2030 5860 edidit

1356 5808 1549 5881 3r._68
1593 5809 1799 5881 primus
1856 5806 2030 5860 edidit
2153 5799 2170 5805 ”
2209 5804 2288 5875 (α)
2320 5799 2504 5868 Forte,
2538 5799 2977 5871 ἀποχρειωμένη.

449 5879 617 5935 Ζιιίιι.
649 5897 676 5936 a
712 5880 1057 5952 Lingenthal.
1086 5880 1246 5934 Initio
1316 5879 1562 5949 quaedam
1629 5880 2031 5942 desiderantur,
