4106 6406
415 359 551 426 1025

1476 350 1845 421 NOV’ELL’E
1883 350 2576 421 CONSTITU'I‘IONES.

3537 350 3673 413 1026

404 477 709 549 ἁμαρτίαις
755 474 1241 547 προψαοιζόμεκοι,
1296 476 1378 529 ὅτι
1426 478 1567 547 ὑπὲρ
1600 476 1697 546 τῆς
1726 475 1992 543 συλλογῆς

2115 475 2449 544 »ιιιιιίιῃῳιίε
2502 474 2636 544 ipsis
2690 474 2986 528 commissa
3043 472 3265 527 fuerunt
3320 488 3350 526 a
3403 472 3679 542 praedictis

404 574 539 629 αὐτὸ
574 570 789 625 ποιοῦσι
813 571 920 623 τῶν
950 574 1014 624 ὲκ
1044 570 1226 625 κοινοῦ
1252 568 1483 641 ἐράνων,
1519 573 1835 641 ἀνηκόντων
1866 575 1987 633 ταῖς

407 670 701 737 κοσμικαῖς
749 666 950 730 ἐξόδοις
975 682 1033 718 τε
1064 666 1160 719 καὶ
1207 665 1562 736 ὑπηρεσὶαις.
1611 667 1721 721 Καὶ
1752 682 1991 721 τοιουτο-

405 760 621 833 τρόπως
645 760 705 812 οὐ
742 760 901 828 μόνον
935 757 1279 823 ἐπιτρίϐεται
1328 758 1497 828 ῥύπος
1528 759 1640 820 τοῖς
1668 758 1989 826 τετελευτη-

407 854 581 915 κόσιν,
619 853 704 919 ἐφ’
739 844 820 913 οἷς
846 849 1109 917 ἄντικρυς
1140 850 1235 901 καὶ
1262 852 1290 902 ὁ
1316 848 1623 918 Ψαλμῳδδς
1643 849 1733 902 διά
1772 850 1871 917 τῆς
1901 850 1993 902 λύ-

413 961 507 1013 ρας
532 942 625 994 τοῦ
646 940 785 994 Πνεύ
796 957 965 1009 ματος
991 940 1084 992 τὸν
1112 939 1404 1008 ἐπιτάφιον
1436 939 1603 1008 ὕμνον
1634 939 1823 993 πλέκει
1850 938 1995 991 θειό-

394 1052 568 1106 τερον
636 1035 833 1103 Τίμιος
887 1032 1169 1087 ἐναντιον·
1221 1034 1445 1098 Κυρίου
1497 1036 1531 1087 ό
1583 1031 1842 1097 θάνατος
1878 1031 1997 1084 τῶν

411 1125 598 1180 ὁσίων
641 1123 831 1177 αὑτοῦ
857 1142 870 1155 ·
903 1118 1043 1176 ἀλλὰ
1075 1124 1170 1175 καὶ
1196 1125 1264 1176 τὰ
1286 1123 1407 1177 Θεῖα
1432 1125 1637 1192 τεμένη
1671 1123 1997 1190 στυγνάζειν

410 1214 572 1266 οἱονεὶ
596 1214 763 1278 δοκεῖ,
814 1213 1199 1284 περιῃρημένα
1252 1215 1346 1267 καὶ
1396 1212 1851 1283 περικεκομμὲνα
1896 1214 1997 1280 τὴν

414 1304 823 1375 ὲπικοσμοῦσαν
848 1307 986 1359 αὐτὰ
1016 1306 1381 1377 λαμπρότητα
1406 1305 1469 1359 ἐκ
1496 1324 1553 1358 τε
1588 1305 1874 1375 φωταψίας
1905 1307 2000 1360 καὶ

416 1392 605 1463 ζετρέρας
643 1393 972 1463 ὑπηρεσίας,
1030 1396 1065 1465 ἢ
1105 1398 1240 1465 πρὸς
1270 1396 1332 1448 τὸ
1366 1396 1510 1449 πάνυ
1565 1395 1742 1459 ἐνδεὲς
1776 1397 2001 1449 ἀντιπε-

417 1486 691 1555 ριῖσταται
722 1486 818 1554 τῆς
864 1486 1113 1555 δαπάνης
1173 1486 1528 1557 ἐκλιπούσης,
1573 1488 1640 1556 ἣν
1669 1487 1726 1541 αἱ
1760 1487 1999 1556 ἀφειδεῖς

414 1578 525 1630 τῶν
549 1578 875 1648 πρακτόρων
902 1579 1235 1647 σεσολήκασι
1266 1581 1470 1648 χεῖρες.

496 1668 565 1721 Ἦ
584 1670 714 1736 γοῦν
751 1668 1003 1738 βασιλεεα
1057 1688 1158 1739 μου
1195 1670 1455 1738 ἀθέμιτον
1486 1665 1629 1724 εἶναι
1655 1670 1815 1724 τοῦτο
1855 1672 2003 1739 λογι-

419 1759 645 1829 ζομένη,
682 1760 977 1831 διορίζεται
1025 1762 1112 1815 διὰ
1168 1762 1260 1815 τοῦ
1300 1763 1565 1831 παρόντος
1597 1763 1999 1833 χρυσοόούλλου

420 1851 576 1919 λόγου
613 1854 802 1920 αὐτῆς,
837 1855 974 1906 ἐπὰν
1030 1856 1110 1918 εἷς
1142 1873 1267 1908 τινα
1294 1856 1402 1908 τῶν
1455 1856 1871 1925 μητροπολιτῶν
1903 1856 2004 1909 καὶ

420 1944 530 1997 τῶν
563 1946 878 1999 ἐπισκόπων
928 1947 1213 2017 ὲπισυμόᾗ
1244 1948 1498 2010 θάνατος,
1539 1949 1615 2018 μὴ
1643 1948 1783 2001 πόδα.
1820 1965 2005 2017 παρα-

424 2036 640 2089 ϐάλλειν
667 2036 801 2098 ὅλως
832 2039 958 2100 τοὺς
1008 2038 1149 2091 κατὰ
1202 2038 1397 2108 καιρὸν
1440 2037 1641 2101 δοῦκας
1671 2039 2004 2109 οἱουδὴτινος

425 2126 657 2195 θέματος
686 2127 719 2197 ἧ
749 2145 873 2182 τινα
901 2130 1010 2181 τῶν
1060 2129 1152 2182 ὑπ’
1181 2130 1381 2193 αὐτοὺς
1422 2131 1753 2200 πρακτόρων
1800 2133 1860 2183 ὲν
1891 2132 2007 2193 τοῖς

424 2220 655 2283 κελλίοις
681 2220 789 2272 τῶν
812 2220 1279 2291 τετελευτηκότων
1308 2221 1635 2290 ἀρχιερέων,
1667 2220 2006 2290 μητροπολι-

424 2312 531 2365 τῶν
552 2312 793 2380 δηλονότι
824 2315 919 2366 καὶ
950 2314 1289 2378 ἐπισκόπωι,
1314 2316 1409 2366 καὶ
1440 2314 1499 2365 τὸ
1523 2313 1758 2383 οῖονδῄτι
1794 2312 2007 2365 ἐκεῖθεν

426 2403 929 2473 ἀναλαμϐάνεσθαι,
957 2406 989 2475 ἢ
1022 2406 1149 2468 τοὺς
1198 2406 1378 2458 ἐκεῖσε
1421 2404 1915 2475 προσκαθημένους
1946 2422 2006 2457 τε

427 2494 521 2548 καὶ
575 2494 1018 2566 παρευρεθέντας
1068 2498 1394 2564 προσγενεῖς
1451 2496 1634 2549 αὐτῶν
1690 2496 1723 2565 ἢ
1770 2498 1896 2558 τοὺς
1928 2498 2007 2558 εἰς

428 2585 733 2655 ὑπηρεσίαν
762 2586 1240 2656 άποτεταγμένους
1260 2590 1373 2649 τοῖς
1407 2587 1652 2656 ῥηθεῖσιν
1679 2584 2005 2656 ἀρχιερεῦσι

430 2679 796 2745 κατακρατεῖν
824 2678 919 2729 καὶ
950 2676 1133 2730 ἕλκειν
1160 2680 1239 2740 εἰς
1269 2679 1421 2730 δόσιν
1477 2678 1860 2747 νομισμάτων,
1915 2679 2009 2729 καὶ

428 2768 488 2818 τὸ
518 2768 750 2839 οἰονδήτι
778 2770 885 2822 ἀπὸ
938 2771 1145 2823 τούτων
1195 2770 1700 2840 ἀναλαμϐάνεσθαι.
1746 2773 2014 2842 Ἀποτρα-

430 2863 665 2929 πήσεται
690 2864 781 2915 καὶ
809 2864 917 2926 πᾶς
947 2864 1157 2918 ἐκεῖθεν
1184 2865 1497 2935 διασειστὴς
1521 2870 1586 2936 τῇ
1614 2868 1887 2937 ὲμφανείᾳ
1916 2866 2009 2919 τοῦ

433 2950 697 3021 παρόντος
757 2952 1156 3021 χρυσοὸούλλου
1212 2953 1372 3023 λόγου
1423 2957 1522 3024 τῆς
1558 2956 1838 3025 βασιλείας
1884 2974 2009 3026 μου.

431 3039 512 3091 Τὰ
551 3040 607 3091 δὲ
666 3042 1077 3112 παρευρεθέντα
1112 3045 1170 3097 ὲν
1227 3046 1337 3107 τοῖς
1383 3045 1618 3109 κελλίοις
1659 3046 1769 3099 τῶν
1823 3050 2011 3117 ἀρχιε-

2091 581 2279 621 eorum
2312 566 2569 631 dominis,
2599 566 2895 628 Potestate.
2922 564 3223 632 Capilaneo
3251 572 3307 619 et
3336 574 3449 621 toto
3522 562 3657 619 Com

2094 654 2450 712 mnniJanuae
2476 650 2792 712 {venerunt
2822 659 2887 710 ad
2936 656 3225 723 Imperium
3280 664 3552 720 nostrum,
3586 654 3689 709 Im-

2095 750 2304 818 perium
2341 760 2589 805 nostrum
2612 750 2818 819 recepit
2849 751 3068 804 eosdem
3129 749 3402 813 hilariter,
3453 750 3677 803 honori-

2099 843 2220 907 ﬁce,
2252 852 2307 897 et
2338 843 2500 898 locuti
2529 843 2747 897 fuerunt
2782 859 2903 897 cum
2971 842 3205 911 Imperio
3252 851 3442 896 nostro
3498 841 3681 895 omnia

2099 936 2359 1001 capitula,
2402 951 2523 1003 quae
2548 936 2629 989 eis
2657 936 2948 990 commissa
2974 934 3193 989 fuerunt
3224 934 3479 1003 petenda,
3508 944 3562 986 et
3591 949 3685 1001 pe-

2098 1031 2304 1083 tierunt
2331 1028 2398 1082 ab
2430 1028 2545 1095 ipso
2570 1028 2802 1097 Imperio
2832 1040 3015 1081 nosrro
3044 1027 3297 1081 eﬂ'ectum
3322 1026 3640 1080 eorumdem
3670 1038 3687 1077 :

2100 1120 2480 1175 descendimus
2534 1130 2587 1174 et
2646 1130 2891 1173 nostrum
2948 1119 3244 1189 Imperium
3304 1118 3692 1173 eondescendit

2100 1216 2166 1267 ad
2196 1214 2455 1282 praedicta
2488 1213 2723 1281 capitula
2755 1211 3099 1281 complenda,
3130 1223 3183 1265 et
3212 1212 3420 1280 jnravit
3477 1218 3533 1264 et
3557 1226 3683 1277 pro-

2103 1305 2429 1359 misitdictis
2452 1305 2658 1359 nuntiis
2676 1312 2730 1358 et
2753 1305 3206 1372 procuratoribus
3230 1313 3395 1373 atque
3416 1303 3679 1373 syndicis,

2104 1397 2495 1465 recipientibus
2530 1396 2750 1450 numine
2781 1406 2836 1449 et
2862 1396 2981 1450 vice
3016 1396 3337 1450 Communis
3357 1393 3547 1449 luntre
3575 1396 3691 1463 ipsa

2102 1488 2335 1557 capitula
2362 1477 2668 1558 eliprmsens
2691 1487 3031 1558 privilegium
3063 1489 3127 1542 de
3156 1502 3322 1542 aurea
3352 1488 3491 1542 bulla
3524 1487 3697 1555 Impe.

2103 1579 2169 1632 r‘ii
2201 1579 2370 1631 nostri
2406 1580 2691 1642 lllllllIlllllI,
2722 1580 2789 1632 ad
2812 1587 3001 1633 sancta
3026 1577 3121 1633 Dei
3145 1580 3422 1647 evangelia
3456 1578 3693 1633 ethono-

2104 1668 2309 1724 riﬁcam
2340 1677 2394 1723 et
2428 1670 2829 1729 rivilicatricem
2860 1685 3075 1725 crucem
3104 1679 3159 1723 et
3196 1684 3385 1724 omnes
3424 1678 3643 1723 sanctos
3672 1687 3685 1723 :

2180 1761 2469 1830 Imprimis,
2511 1763 2650 1830 quod
2686 1777 2715 1814 a
2762 1762 2997 1831 presenti
3052 1762 3139 1816 die
3187 1762 3406 1816 inantea
3467 1761 3691 1815 ltnbeInt

2115 1852 2407 1924 Imperium
2446 1866 2685 1908 nostrum
2723 1866 2779 1910 et
2806 1869 3159 1910 successores
3210 1855 3330 1923 ejus
3363 1870 3607 1908 amorem
3639 1866 3694 1904 ιιι

2106 1961 2295 2015 pacem
2320 1956 2636 2015 perpetuam
2668 1947 3101 2001 cumCommuni
3163 1944 3351 2001 lanna:
3374 1955 3429 2001 et
3498 1944 3699 1999 Distri-

2110 2037 2378 2091 ctualibns
2418 2036 2557 2105 ejus,
2591 2048 2647 2091 et
2674 2039 2816 2107 quod
2850 2037 3072 2091 habebit
3104 2052 3361 2106 guerram
3392 2040 3457 2091 de
3491 2046 3695 2091 caetero

2110 2145 2232 2183 cum
2265 2128 2551 2182 Communi
2579 2126 2911 2183 Venetorum
2938 2122 2993 2181 et
3032 2143 3156 2182 cum
3193 2128 3415 2184 Venetis
3443 2130 3696 2183 omnibus

2112 2221 2347 2275 inimicis
2387 2223 2610 2287 nostris,
2656 2231 2711 2276 et
2753 2220 2895 2290 quod
2939 2238 3045 2275 non
3104 2220 3267 2277 faciet
3331 2237 3544 2291 pacem,
3571 2239 3694 2277 cum

2112 2316 2230 2384 ipso
2265 2316 2579 2382 Communi,
2614 2324 2859 2385 treugam
2904 2331 3000 2368 nec
3036 2317 3385 2370 concordiam
3418 2320 3536 2370 sine
3566 2333 3701 2369 con-

2112 2408 2343 2461 scientia
2392 2416 2448 2462 et
2478 2407 2757 2461 voluntate
2785 2407 3108 2463 Communis
3141 2407 3355 2463 «Ianum.
3387 2408 3451 2462 Et
3488 2409 3694 2463 dictum

2110 2499 2421 2555 Commune
2470 2498 2667 2555 lanna:
2710 2516 2816 2555 non
2860 2502 3020 2556 faciet
3068 2517 3278 2571 pacem,
3318 2512 3559 2571 tri-ngam
3606 2519 3700 2555 ir-

2112 2608 2217 2660 qne
2269 2592 2617 2646 concordiam
2680 2607 2800 2647 cum
2863 2593 2977 2663 ipso
3030 2594 3312 2649 Communi
3366 2596 3697 2651 Venetorum

2112 2688 2232 2739 sine
2261 2687 2593 2742 conscientia
2618 2698 2673 2742 et
2714 2688 2995 2743 voluntate
3032 2688 3200 2742 nostri
3233 2688 3471 2755 Imperii.

2182 2779 2340 2843 Item,
2376 2780 2517 2849 quod
2545 2780 2777 2834 salvabit
2809 2796 2901 2849 per
2933 2798 2992 2836 se
3019 2792 3073 2834 et
3128 2781 3377 2835 homines
3411 2781 3491 2834 sui
3521 2774 3696 2851 Impe-

2117 2872 2202 2932 I‘II,
2238 2887 2375 2940 quos
2417 2873 2581 2926 habet
2606 2883 2661 2925 et
2695 2871 2787 2926 Dei
2820 2873 3193 2928 misericordia
3244 2874 3591 2943 adquisierit,
3643 2875 3697 2926 in

2117 2964 2252 3017 mari
2278 2974 2328 3018 et
2361 2972 2527 3029 terra,
2562 2965 2612 3017 in
2639 2966 2883 3033 portibus
2914 2975 2968 3019 et
3004 2966 3220 3031 insulis,
3256 2981 3395 3034 quos
3451 2977 3505 3019 et
3563 2982 3700 3034 quas

2117 3055 2280 3111 habet
2313 3055 2410 3128 [ei]
2438 3059 2501 3111 de
2529 3068 2726 3111 cancro
2752 3059 2933 3112 divina
2986 3058 3184 3126 pietate
3208 3057 3549 3127 adquisierit,
3582 3060 3701 3109 uni-

432 3136 592 3204 ρέων,
625 3136 691 3190 ἄν
732 3156 788 3191 τε
824 3135 1007 3209 βιϐλία.
1052 3135 1207 3205 ὦσιν,
1242 3142 1306 3195 ἄν
1336 3158 1394 3194 τε
1425 3141 1655 3211 ζωαρκῆ
1686 3143 1825 3211 εῐδη,
1853 3143 1918 3196 ἄν
1947 3160 2005 3197 τε

2116 3167 2300 3209 versos
2332 3150 2639 3207 Januenses
2671 3162 2725 3206 et
2764 3154 3131 3207 districtuales
3151 3148 3341 3207 Januae
3365 3163 3418 3206 et
3437 3168 3554 3217 eos,
3593 3154 3695 3221 qui

432 3228 546 3291 ζῶα
577 3232 669 3282 καὶ
700 3232 865 3302 ἕτερά
888 3250 1012 3287 τινα
1033 3235 1290 3305 χρειώδη,
1322 3235 1766 3304 παρακελεύεται
1792 3236 1825 3304 ή
1863 3234 2017 3305 βασι-

433 3318 552 3371 λεία
586 3338 713 3389 μου,
765 3324 1218 3393 παραλαμϐάνειν
1265 3327 1405 3379 αὐτὰ
1434 3326 1524 3379 τὸν
1566 3326 1651 3394 ἐφ’
1687 3328 1896 3397 ἑκάστῃ
1925 3328 2017 3379 ὲκ-

436 3408 636 3480 κλησίᾳ
664 3411 952 3481 οἰκονόμον
1004 3413 1238 3466 ἐνώπιον
1277 3415 1372 3467 τοῦ
1419 3414 1623 3487 κλήρου
1660 3417 1883 3482 παντὸς,
1919 3419 2016 3471 καὶ

433 3500 760 3569 οἰκονομεῖν,
808 3502 947 3556 ὥστε
998 3504 1300 3566 ἀνελλιπῶς
1350 3506 1446 3559 καλ⁵
1478 3506 1740 3577 Θεοφιλῶς
1772 3508 2016 3577 γίνεσθαι

376 3592 381 3593 ⁷
435 3593 627 3669 πᾶσαν
647 3595 745 3660 τὴν
776 3595 1236 3666 ἐκκλησιαστικὴν
1270 3597 1584 3666 οἰκονομίαν
1635 3614 1693 3649 τε
1726 3599 1820 3651 καὶ
1847 3598 2016 3652 κατά-

437 3701 648 3749 στασιν,
683 3686 874 3754 μέχρις
908 3686 971 3740 ἂν
1000 3688 1183 3757 ἕτερος
1212 3690 1493 3759 ὲνδημήσῃ
1524 3687 1840 3759 ἀρχιερεύς.

519 3778 641 3831 Ἐπὶ
675 3779 847 3850 τούτῳ
874 3782 980 3847 γὰρ
1010 3782 1036 3831 ὁ
1085 3780 1275 3850 παρὼν
1306 3780 1700 3850 χρυσὸὗουλλος
1729 3782 1812 3846 λό]
1827 3797 1886 3843 ος
1920 3780 2017 3848 τῆς

438 3871 718 3940 βασιλείας
751 3890 850 3939 μου
879 3874 1123 3939 ἐγεγόνει
1148 3873 1352 3934 πάσαις
1373 3874 1496 3935 ταῖς
1520 3874 1577 3925 ὲν
1602 3875 1667 3942 τῇ
1701 3872 1856 3943 χώρᾳ
1885 3873 2018 3925 ταύ-

437 3977 508 4034 τῃ
548 3963 910 4032 μητροπόλεσι
945 3965 1039 4017 καὶ
1066 3965 1393 4026 ὲπισκοπαίς
1430 3964 1509 4026 εἰς
1542 3963 1847 4032 ἀσφάλειαν
1880 3965 2016 4016 αἰω-

439 4054 712 4119 νξζουσαν,
745 4054 1036 4117 ἀπολυθεὶς
1066 4055 1210 4108 κατὰ
1244 4057 1335 4108 τὸν
1380 4056 1716 4126 Δεκέμϐριον
1744 4055 1890 4125 μῆνα.
1917 4056 2018 4125 τῆς

441 4140 485 4210 β’
520 4144 899 4213 ἐπινεμήσεως
922 4143 1015 4196 τοῦ
1046 4144 1220 4215 ,ςψλξ
1249 4146 1421 4211 ἔτους,
1451 4149 1508 4200 ὲν
1542 4140 1587 4214 ᾧ
1636 4147 1697 4199 τὸ
1746 4149 2018 4218 ἡμέτερον

438 4235 663 4298 εὐσεϐὲς
694 4237 789 4288 καὶ
815 4235 1217 4306 οεοπρόόλητον
1252 4241 1647 4311 ὑπεσημήνατο
1669 4242 1897 4310 κράτος.

440 4397 533 4453 IV.
576 4394 713 4464 Imp.
754 4396 1031 4453 Michaelis
1084 4399 1374 4469 Palmologi
1420 4419 1582 4456 aurea
1608 4401 1754 4455 bulla
1780 4418 1873 4471 pro
1913 4400 2019 4455 Ce-

832 4471 1135 4525 nuensibus.
1184 4472 1252 4540 If)
1302 4474 1612 4542 (A.126I.)

447 4577 680 4634 Michael
718 4581 771 4635 in
804 4582 987 4637 Cristo
1024 4583 1133 4638 Deo
1173 4583 1349 4638 ﬁdelis
1384 4581 1681 4653 Imperator
1712 4584 2019 4639 Moderator

518 4674 829 4730 Grecorum
853 4675 1026 4728 Ducas
1043 4675 1280 4745 Angelus
1298 4673 1659 4747 Comlnlenus
1677 4673 2017 4745 Paleologus.

518 4789 595 4842 Ex
626 4803 735 4857 quo
759 4786 1087 4842 Guillelmus
1109 4784 1427 4842 Vicecomes
1453 4797 1508 4842 et
1546 4787 1885 4843 Guarnerius
1926 4787 2023 4842 Ju-

440 4883 541 4936 dex
566 4881 799 4946 delegati
834 4878 1058 4934 fuerunt
1089 4880 1347 4933 mandato
1382 4879 1731 4934 dominorum
1765 4896 2016 4945 suorum,

438 4972 688 5025 videlicet
724 4970 936 5023 Domini
966 4970 1180 5023 Martini
1204 4970 1271 5024 de
1298 4969 1462 5026 Facio
1494 4971 1783 5026 Poteslatis
1803 4969 2016 5040 Januae,

441 5062 504 5115 D.
536 5060 814 5116 Guillelmi
847 5061 1066 5116 Boucha
1090 5060 1241 5132 Nigr.
1292 5062 1575 5131 Capitanei
1606 5062 1849 5136 .Januaa,
1890 5076 2023 5117 con-

445 5168 614 5205 sensu
645 5162 701 5206 et
724 5154 999 5206 communi
1029 5153 1261 5207 consilio
1289 5163 1414 5207 octo
1479 5152 1757 5207 Nobilium
1788 5164 1845 5208 et
1912 5154 2023 5205 An-

442 5245 717 5299 tianorum
755 5245 937 5314 populi
968 5255 1024 5298 et
1047 5244 1367 5301 Communis
1397 5244 1612 5311 Janum,
1644 5246 1711 5300 ad
1768 5254 2019 5301 nostrum

448 5335 744 5406 Imperium
775 5336 1011 5406 syndiei,
1042 5337 1223 5391 nuntii
1247 5347 1301 5391 et
1358 5347 1757 5405 procuratores,
1809 5336 1877 5390 ad
1940 5340 2023 5390 lo-

438 5428 736 5498 quendum,
802 5431 1120 5499 petendum,
1154 5429 1517 5493 tractandum,
1559 5428 2021 5496 confirmandum,

438 5520 819 5577 aIIirmandum
845 5531 901 5577 et
932 5524 1323 5594 complendum
1364 5540 1488 5579 cum
1535 5522 1775 5593 Imperio
1836 5538 2022 5582 nostra

506 5659 1042 5737 (IiE_d__iditDncange
1072 5663 1125 5715 in
1184 5661 1395 5737 Rerueil
1441 5663 1503 5716 de
1573 5663 1805 5737 diversas
1852 5663 2021 5733 piece:

438 5748 573 5803 pour
604 5733 770 5786 I'kist.
802 5737 865 5783 de
890 5733 1101 5797 Const"
1125 5739 1213 5785 ed.
1251 5733 1453 5795 Paris.,
1486 5749 1537 5798 ρ.
1567 5734 1599 5789 9
1633 5750 1752 5802 sqq.

513 5803 797 5870 (ylAncam
830 5813 1019 5872 (prope
1044 5803 1359 5871 Ephesmn),
1392 5803 1703 5875 Smyrnam,
1727 5805 2016 5876 Adramyt-

764 5896 1029 5955 ΡΑΤιιοῑ..
1077 5896 1194 5955 Gn.
1243 5897 1446 5955 CLXI.

2052 4495 2098 4551 D

2116 3243 2418 3297 .Ianuenses
2446 3243 2883 3312 appellabuntur,
2910 3245 2963 3300 in
2988 3246 3239 3313 personis
3270 3255 3325 3300 et
3367 3245 3529 3299 rebus
3557 3259 3696 3298 nan-

2121 3335 2325 3405 Iragos,
2358 3336 2482 3387 dum
2512 3345 2690 3388 tamen
2728 3337 3056 3391 testiﬁcetur
3112 3336 3373 3392 Potestati
3432 3336 3693 3391 .Iauuensi

2118 3440 2215 3479 seu
2244 3424 2498 3495 Capitulo
2530 3426 2607 3479 vel
2635 3425 2966 3483 Consulibus
3018 3427 3228 3494 Ianum,
3262 3434 3352 3499 qui
3411 3438 3541 3482 tunc
3575 3428 3697 3481 lue-

2122 3518 2231 3569 rint
2262 3516 2312 3569 in
2340 3517 2582 3586 partibus
2610 3516 2907 3583 Romaniae,
2970 3533 3064 3571 eos
3093 3524 3344 3588 cognitos
3388 3518 3695 3576 Jauuenses

2120 3606 2200 3660 vel
2221 3606 2497 3662 districtus
2524 3606 2711 3662 Januae
2744 3608 2825 3662 vel
2858 3611 3035 3663 dictos
3064 3609 3392 3665 Jannenscs.

2191 3698 2324 3752 Item
2350 3700 2498 3753 dedit
2534 3709 2590 3753 et
2618 3704 2891 3756 concessit
2914 3703 3077 3755 dictis
3128 3703 3335 3757 ltllnIIiS
3356 3716 3410 3756 et
3434 3704 3697 3775 syudicis.

2120 3793 2508 3861 recipientibus
2541 3793 2759 3847 nomine
2813 3806 2867 3850 et
2897 3796 3011 3849 vice
3059 3794 3377 3850 Communis
3430 3793 3622 3851 Janua:
3647 3807 3704 3849 et

2120 3885 2452 3952 singulorum
2481 3885 2839 3941 Januensiunt
2867 3890 3165 3945 secundum
3191 3888 3528 3955 libertatem,
3554 3891 3704 3942 fran-

2096 3962 2347 4030 ‘chisiam
2383 3989 2437 4031 et
2472 3978 2875 4033 immunitatem
2929 3981 2994 4034 d‘e
3026 3990 3225 4034 caetero
3258 3980 3308 4033 in
3372 3990 3695 4048 perpetuum

2122 4070 2175 4122 in
2211 4070 2344 4123 mari
2376 4080 2431 4123 et
2463 4079 2631 4137 terra,
2664 4072 2717 4124 in
2745 4073 2992 4141 portibus
3011 4072 3274 4127 etinsnlis
3311 4074 3535 4137 nostris,
3561 4087 3703 4142 quos

2129 4176 2181 4219 ct
2220 4179 2357 4233 quas
2393 4180 2540 4218 nunc
2576 4166 2739 4219 habet
2767 4164 2898 4237 [et]
2930 4165 2999 4219 de
3022 4172 3221 4218 caetero
3270 4164 3363 4217 Dei
3388 4165 3702 4218 misericor-

2122 4258 2208 4310 dia
2230 4255 2594 4325 adqnisierit:
2628 4256 2703 4309 ita
2738 4264 2943 4319 tamen,
2978 4256 3121 4325 quod
3151 4269 3342 4307 omnes
3396 4251 3702 4308 Jauuens-s

2121 4355 2177 4401 et
2212 4346 2490 4399 distrietns
2516 4344 2875 4399 Januensium
2930 4353 2988 4399 et
3039 4343 3169 4396 dicti
3210 4340 3535 4396 'Januenses
3594 4343 3708 4396 sint

2126 4437 2331 4492 Iranchi
2368 4444 2421 4489 et
2448 4436 2601 4491 liberi
2625 4444 2681 4488 et
2711 4435 2981 4488 immunes
3006 4434 3061 4487 in
3096 4444 3208 4487 toto
3230 4434 3491 4501 piaedicto
3522 4431 3698 4500 Impe-

2128 4528 2207 4581 rio
2240 4542 2359 4582 unco
2388 4527 2454 4582 ab
2471 4527 2616 4582 omni
2646 4528 2997 4589 commercio,
3029 4528 3229 4587 dacita,
3262 4526 3572 4591 exactione,
3617 4526 3703 4579 in-

2130 4620 2322 4673 trando
2383 4618 2671 4688 Imperium
2721 4632 2903 4671 meum
2969 4628 3024 4671 et
3078 4620 3349 4680 exeundo,
3402 4617 3597 4669 stando
3652 4627 3708 4667 (ιι

2128 4713 2308 4764 eundo
2338 4709 2405 4763 de
2444 4720 2584 4763 terra
2619 4706 2671 4760 in
2698 4718 2920 4772 terram,
2959 4722 3054 4776 per
3089 4723 3239 4759 mare
3271 4718 3443 4774 etper
3480 4717 3704 4766 terrain,

2129 4816 2250 4853 cum
2276 4800 2543 4855 mercibus
2574 4808 2629 4853 et
2659 4800 2779 4853 sine
2808 4799 3084 4853 mercibus
3110 4799 3236 4853 illuc
3265 4798 3460 4853 delatis
3489 4798 3571 4852 vel
3596 4796 3648 4850 ill
3678 4816 3708 4851 c

2130 4889 2347 4959 einplis,
2374 4906 2495 4944 cum
2516 4891 2622 4943 alio
2637 4890 2969 4955 deferendis,
2989 4890 3348 4960 personaliter
3369 4890 3447 4944 vel
3470 4890 3707 4944 realiter.

2200 4978 2333 5033 Item
2363 4981 2511 5036 dedit
2536 4992 2593 5037 et
2612 4986 2887 5040 concessit
2954 4986 3005 5038 in
3036 4988 3197 5038 terris
3247 4984 3623 5053 inii-ascriptis
3653 4995 3710 5036 et

2130 5074 2376 5142 qualibet
2399 5089 2588 5129 earum
2625 5079 2693 5131 ad
2727 5077 2960 5131 liberum
3015 5079 3361 5147 prolirietatis
3383 5078 3472 5146 jus
3529 5084 3585 5132 et
3614 5078 3714 5130 duo

2134 5165 2308 5241 minii,
2335 5166 2387 5219 in
2411 5165 2585 5230 Anea,
2612 5166 2883 5234 SIIIIII'I‘IS,
2920 5172 2971 5221 in
2995 5169 3327 5241 Landimuti,
3362 5180 3413 5223 et
3450 5166 3547 5223 Dei
3601 5171 3710 5220 mi.

2133 5258 2429 5313 sericordia
2454 5260 2505 5313 in
2531 5259 3031 5333 Constantinopoli,
3057 5274 3113 5316 et
3145 5262 3198 5315 in
3238 5263 3485 5332 partibus
3539 5261 3708 5312 Saro-

2133 5351 2301 5417 nicbi,
2332 5354 2471 5423 apud
2505 5353 2894 5420 Corsandrnm,
2928 5353 3004 5426 (g)
3040 5365 3095 5408 et
3127 5355 3493 5424 inl'rascriptis
3518 5354 3710 5406 insulas

2138 5454 2192 5499 ct
2230 5446 2710 5519 qualibetearum,
2744 5449 2955 5501 scilicet
2999 5449 3054 5502 in
3121 5448 3343 5509 Metelli,
3371 5449 3421 5499 in
3465 5445 3616 5506 Scio.
3658 5456 3713 5496 (ἰ

2137 5529 2231 5584 Dei
2263 5532 2633 5587 misericordia
2668 5534 2720 5587 in
2750 5534 2919 5599 Creti,
2949 5537 3000 5590 in
3060 5533 3431 5607 Negroponte,
3488 5534 3709 5606 logiam,

2134 5666 2291 5743 tium,
2350 5680 2403 5722 et
2462 5682 2657 5740 praeter
2704 5671 3710 5743 ConstaminnpolinﬂThessalonican

2128 5750 2182 5790 et
2216 5737 2603 5795 Cassandriam
2639 5745 2725 5798 hic
2778 5748 3003 5796 IllaIit'itt‘I
3042 5737 3189 5798 notat
3216 5742 3385 5797 Zach.
3422 5758 3448 5795 a
3482 5743 3639 5812 Ling.

3289 5899 3371 5961 33‘
