4106 6458
496 405 641 468 109.7

1694 400 2309 466 CPOLITANORUM
2358 400 2565 462 iMT’i‘.

3641 397 3769 461 1028

494 519 783 589 palatium,
809 515 1418 580 ecclesiam,halneum,
1455 514 1674 570 furuum
1707 523 1763 570 et
1783 514 2082 586 jardinum,
2111 524 2161 583 Α
2200 515 2346 568 intra
2371 512 2541 583 ipsam
2569 510 2878 575 ecclesiam,
2923 518 2975 564 et
3033 509 3319 565 cimitctio
3374 507 3569 579 ipsius,
3623 518 3773 581 atque

495 620 551 664 et
573 610 762 663 domos
801 608 1129 663 suilicieutcs
1182 606 1250 661 ad
1300 606 1488 662 stallos
1541 617 1927 670 mercatorum,
1971 606 2065 673 qui

496 699 696 754 ibidem
720 696 965 751 venerint
990 711 1152 750 causa
1188 696 1493 767 negotiandi
1527 712 1541 748 :
1577 697 1652 750 ita
1676 703 1881 757 tamen,
1906 697 2051 763 quod

497 790 719 859 ex'ipsis
751 789 932 857 aliqua
965 789 1157 857 pensio
1182 789 1290 858 peti
1320 802 1425 842 non
1488 787 1652 843 debet
1685 802 1790 841 nec
1822 787 1983 857 exigi,
2017 797 2072 842 et

500 887 550 937 in
582 882 860 951 praedictis
888 882 1045 937 terris
1076 891 1132 936 et
1160 881 1355 936 insulis
1392 882 1595 936 habere
1628 882 1831 936 debent
1864 891 1919 935 et
1946 896 2072 949 pos-

494 976 603 1029 sint
626 974 930 1030 Januenses
954 983 1006 1028 et
1030 978 1080 1027 in
1113 974 1355 1043 qualibet
1387 988 1576 1028 earum
1608 974 1673 1026 ad
1704 989 1895 1027 eorum
1931 972 2069 1027 velle

497 1069 772 1132 consules,
808 1066 1013 1120 curiam
1044 1075 1099 1121 et
1126 1066 1570 1134 iurisdictionem
1600 1080 1804 1119 meram
1834 1075 1890 1117 et
1929 1064 2068 1116 mix-

498 1168 609 1212 tam
644 1158 696 1211 in
729 1157 985 1211 civilibus
1034 1166 1089 1211 et
1145 1157 1534 1211 criminalibus
1590 1157 1849 1211 omnibus
1912 1170 2077 1225 super

497 1252 752 1307 omnibus
774 1232 1143 1333 Januensibus
1170 1258 1224 1304 et
1272 1249 1341 1304 de
1393 1249 1653 1305 districto
1712 1248 1908 1303 ianua:
1942 1246 2073 1320 [οι]

498 1347 588 1413 qui
616 1344 869 1397 dicuntur
887 1340 1212 1397 Januenses.
1238 1339 1306 1394 Et
1343 1340 1389 1395 si
1424 1340 1652 1409 quaestio
1702 1341 1830 1407 erit,
1894 1348 2077 1394 utrum

500 1434 696 1505 aliquis
718 1434 823 1487 erit
846 1431 1138 1486 Januensis
1167 1432 1252 1486 vel
1285 1432 1351 1486 de
1380 1432 1639 1486 districtu
1695 1431 1779 1484 vel
1833 1432 2075 1501 appella-

503 1538 610 1593 tttr,
642 1525 893 1580 credetur
921 1532 1161 1579 etstetur
1194 1522 1489 1578 assertioni
1521 1524 1809 1579 consulum
1836 1521 2080 1580 ianuen-

502 1619 663 1682 sium,
695 1618 784 1685 qui
823 1628 952 1671 tunc
986 1616 1244 1686 temporis
1298 1614 1523 1670 fuerint.
1580 1614 1840 1670 Promisit
1894 1624 2074 1669 autem

500 1718 555 1763 et
584 1710 863 1772 convenit,
892 1706 1037 1775 quod
1065 1723 1169 1761 non
1215 1708 1442 1776 recipiet
1466 1706 1701 1775 aliquem
1739 1704 2074 1760 Januensem

502 1816 602 1854 nec
641 1802 707 1855 de
735 1800 990 1854 districtu
1026 1801 1077 1851 iu
1106 1799 1374 1853 vasallum
1413 1798 1689 1852 hominem
1714 1812 1811 1852 seu
1840 1796 2084 1861 fidelem,

2189 605 2364 661 solum
2380 605 2545 660 castri
2583 603 2930 667 Venetorum,
2958 604 3103 672 quod
3158 613 3249 657 est
3276 605 3336 656 itt
3391 605 3508 670 ipsa
3537 603 3767 666 civitate,

2181 699 2228 754 si
2265 698 2465 752 dictum
2483 709 2773 750 commune
2795 695 3084 750 ioSIantem
3108 704 3169 750 et
3185 694 3472 750 eiiicacem
3497 695 3563 746 ad
3587 693 3771 747 dictam

2181 778 2456 845 civitatem
2505 786 2823 858 capiendam
2858 801 3182 843 succursum
3222 786 3449 841 miserit
3478 786 3769 855 galearum.

2251 882 2383 934 Item
2415 880 2567 936 dedit
2595 889 2652 933 et
2691 879 3109 947 concessitjure
3156 877 3530 947 proprietatis
3570 887 3624 930 et
3682 878 3773 930 do-

2174 973 2327 1027 minii
2355 988 2476 1025 cum
2505 975 2660 1041 plena
2689 971 3074 1041 jurisdietioue
3099 986 3258 1025 mera
3288 979 3347 1025 et
3417 969 3591 1023 mixta
3649 968 3745 1021 civi

2176 1074 2340 1118 tatem
2371 1068 2484 1121 sive
2505 1068 2684 1121 locqu
2720 1067 2940 1122 Simirri
2963 1076 3018 1121 et
3042 1070 3163 1134 ejus
3222 1080 3452 1137 portum
3520 1081 3642 1120 cum
3688 1082 3770 1118 su-

2174 1158 2435 1225 pradictis
2468 1160 2914 1227 possessionibus
2945 1166 3000 1211 et
3035 1158 3300 1213 districto
3331 1169 3392 1212 et
3443 1155 3768 1211 habitatori-

2177 1248 2301 1315 bus,
2332 1250 2557 1305 introitu
2594 1252 2855 1321 exituque
2907 1253 3076 1306 maris
3105 1260 3164 1307 et
3194 1260 3373 1307 terra
3435 1251 3668 1305 liberam
3727 1256 3775 1302 et

2178 1342 2510 1410 expeditam,
2534 1352 2797 1414 perpetuo
2822 1333 3222 1413 possidendam
3255 1359 3278 1398 :
3324 1343 3589 1398 videlicet
3612 1351 3773 1398 totum

2179 1431 2335 1496 illud,
2370 1436 2515 1503 quod
2548 1437 2788 1505 pertinet
2817 1439 3194 1506 imperatoria
3261 1435 3574 1507 Majestati,
3621 1434 3775 1489 salvis

2175 1522 2391 1590 juribus
2418 1526 2766 1595 episcOpatus
2796 1538 2853 1581 et
2892 1528 3262 1583 ecclesiarum
3300 1529 3484 1598 ipsius
3518 1527 3772 1586 civitatis,

2181 1624 2235 1668 et
2266 1629 2453 1671 eorum
2481 1616 2712 1674 militum
2744 1620 2833 1687 qui
2862 1628 2987 1673 sunt
3021 1618 3364 1688 privilegiati
3397 1619 3455 1673 in
3481 1620 3600 1689 ipsa
3632 1617 3766 1672 civi-

2189 1712 2299 1758 tate
2327 1705 2631 1763 inhabitare
2672 1708 2740 1763 ab
2774 1706 3013 1779 imperio
3036 1720 3229 1764 nostro
3258 1709 3314 1762 in
3336 1707 3537 1762 ordine
3560 1704 3776 1767 militiae,

2187 1810 2307 1865 qua:
2335 1800 2547 1852 eunetis
2579 1808 2664 1853 est
2688 1799 2837 1857 utilis
2894 1801 2963 1856 ad
3031 1815 3192 1855 usum
3248 1798 3688 1858 mercationum,
3729 1803 3778 1847 et

502 1894 629 1962 quia
657 1906 874 1961 semper
904 1893 971 1946 sit
990 1892 1090 1946 sub
1117 1892 1268 1947 curia
1307 1888 2082 1961 etjurisdictioueconsulum
2120 1903 2165 1962 Β
2195 1887 2354 1940 habet
2379 1888 2575 1943 bonum
2595 1901 2810 1959 portum
2859 1899 2916 1945 et
2942 1899 3025 1944 est
3051 1889 3287 1946 afﬂuens
3319 1888 3484 1944 bonis
3513 1884 3771 1941 omnibus.

502 1979 878 2057 Januensium,
933 1989 988 2035 et
1034 1982 1136 2034 sub
1165 1981 1295 2049 ipsis
1325 1981 1655 2048 respondere
1684 1987 1931 2032 teneatur
1967 1985 2086 2031 tan-

506 2089 667 2139 quam
697 2073 830 2127 civis
856 2081 909 2125 et
946 2072 1216 2125 habitator
1244 2069 1552 2127 Jauuensis.

579 2166 708 2218 item
745 2161 1074 2232 promisitet
1123 2163 1399 2226 convenit,
1456 2163 1601 2232 quod
1652 2178 1759 2216 non
1815 2159 2081 2228 impediet

510 2257 590 2310 vri
620 2256 866 2325 impediri
894 2254 1057 2308 faciet
1090 2270 1189 2308 nec
1213 2254 1489 2323 permittet
1525 2255 1579 2307 in
1601 2262 1714 2307 toto
1765 2262 1950 2307 uestro
1974 2250 2083 2305 iiu-

507 2347 679 2415 rerio,
711 2347 852 2416 quod
882 2346 1042 2400 habet
1076 2355 1130 2399 et
1167 2345 1258 2399 Dei
1291 2344 1668 2399 misericordia
1733 2343 2080 2412 adquisierit,

509 2442 740 2511 aliquem
775 2439 1100 2495 J.ittuen5etn
1136 2440 1214 2493 vel
1244 2437 1311 2492 de
1354 2437 1607 2491 districlu
1639 2438 1717 2490 vel
1767 2436 1971 2490 dictum
1997 2434 2089 2490 Ja-

511 2549 770 2587 izuensem
808 2546 905 2601 pro
949 2533 1093 2586 facto
1144 2532 1226 2585 vel
1293 2531 1488 2584 delicto
1532 2531 1756 2585 alterius
1792 2532 2086 2584 occasione

512 2626 691 2694 aliqua
721 2624 774 2677 in
814 2623 1062 2691 personis
1092 2623 1173 2675 vel
1219 2622 1401 2683 rebus,
1437 2623 1532 2676 sed
1562 2637 1721 2691 paena
1755 2637 1883 2675 suos
1903 2630 2085 2675 teneat

512 2726 786 2776 auctores,
825 2712 898 2765 ita
939 2712 1088 2781 quod
1120 2712 1300 2764 caueri
1329 2710 1533 2763 nullum
1567 2713 1821 2763 damnum
1858 2710 1939 2762 vel
1998 2709 2089 2763 Ιςε-

510 2808 719 2860 sionem
750 2804 1022 2873 patiantur
1060 2818 1161 2869 pro
1192 2800 1393 2855 delicto
1453 2801 1701 2863 alterius,
1761 2801 1946 2855 debito
2004 2800 2086 2853 vel

513 2900 720 2969 rapina.
756 2896 818 2950 Et
846 2896 889 2950 si
920 2896 1044 2965 quis
1061 2897 1162 2947 erit
1197 2906 1491 2949 accusatus
1522 2892 1606 2947 vel
1658 2893 1976 2961 inculpatus
2005 2891 2089 2944 vel

514 2989 807 3058 requisitus
839 2989 905 3042 de
946 2985 1127 3052 aliquo
1154 2984 1361 3047 debito,
1420 2984 1606 3050 rapina
1644 2986 1727 3036 vel
1762 2984 1961 3042 delirio
1985 2982 2088 3043 ali-

512 3083 690 3151 cujus,
716 3090 1081 3150 coguosratur
1114 3080 1181 3131 de
1210 3076 1294 3129 Itis
1324 3076 1425 3135 sub
1448 3075 1599 3130 curia
1630 3085 1685 3128 et
1707 3075 2090 3143 jurisdictione

514 3173 797 3227 consulum
830 3168 1210 3223 iauueusium.
1243 3165 1308 3219 Et
1336 3167 1379 3221 si
1412 3164 1616 3234 aliquis
1648 3167 1712 3219 de
1744 3175 1891 3219 terra
1916 3165 2093 3221 nostri

2260 1977 2519 2036 Promisit
2548 1982 2745 2035 iterum
2770 1990 2823 2036 et
2846 1982 3100 2037 convenit
3125 1983 3263 2035 dare
3292 1979 3587 2035 annuatim
3625 1991 3770 2031 eom-

2188 2069 2542 2127 muniJanua:
2575 2087 2673 2142 pro
2705 2073 2987 2128 soieutniis
3045 2088 3355 2145 yperperos
3416 2071 3497 2143 (ἡ)
3527 2069 3775 2139 quingen-

2185 2174 2271 2219 tos
2303 2165 2479 2219 etduo
2503 2166 2665 2232 pallia
2687 2168 2973 2229 deaurata,
3000 2178 3053 2220 et
3114 2162 3635 2236 archiepiscopatui
3689 2158 3770 2213 Ja-

2185 2256 2471 2309 nuensium
2529 2270 2824 2325 yperperos
2857 2254 2945 2308 LX
2975 2264 3031 2309 et
3075 2255 3305 2324 pallium
3347 2266 3523 2311 unum
3556 2253 3772 2306 deaura-

2188 2357 2321 2407 tum,
2356 2358 2412 2398 ttt
2441 2358 2775 2399 memoratur
2808 2346 2860 2399 in
2906 2346 3191 2414 privilegio
3258 2344 3445 2405 felicis
3503 2338 3770 2395 inemori-r2

2190 2439 2401 2493 Domini
2436 2439 2701 2496 Manuelis
2749 2438 3094 2507 imperatoris
3123 2440 3406 2505 quondam
3441 2435 3769 2490 Graecorum.

2261 2529 2389 2585 item
2421 2535 2674 2601 promisit
2717 2540 2771 2586 et
2800 2534 3076 2594 convenit,
3106 2530 3253 2599 quod
3319 2546 3435 2584 non
3499 2526 3653 2580 faciet
3713 2523 3771 2573 de

2190 2636 2385 2677 cmtero
2408 2623 2679 2677 comnmni
2713 2622 2900 2679 ianuae
2947 2625 3201 2677 devetum
3259 2619 3491 2690 aliquod
3552 2619 3602 2669 in
3665 2624 3768 2665 ιοω

2189 2715 2335 2769 dicto
2396 2712 2649 2783 imperio,
2683 2713 2825 2783 quod
2865 2713 3024 2767 habet
3051 2722 3106 2767 et
3139 2712 3233 2766 Dei
3268 2706 3653 2765 misericordia
3685 2700 3771 2755 ad-

2191 2807 2463 2875 quisierit,
2509 2808 2573 2858 de
2604 2805 2874 2874 aliquibus
2925 2805 3397 2868 mercatiouibus,
3455 2795 3769 2858 victualibus

2192 2913 2353 2968 atque
2380 2914 2570 2968 grano,
2630 2899 2725 2952 sed
2779 2896 2911 2967 ipsis
2960 2897 3356 2958 mercatioues,
3410 2889 3664 2948 victualia
3723 2893 3773 2936 cl

2191 3009 2416 3064 granum
2440 2991 2713 3061 permittat
2732 2989 3058 3049 contrahere
3107 2992 3173 3043 de
3202 2997 3321 3043 toto
3343 2988 3460 3058 jam
3506 2978 3771 3037 antedicto

2194 3085 2427 3153 imperio
2459 3083 2711 3137 omnibus
2737 3093 2790 3137 et
2820 3083 3051 3149 singulis
3069 3080 3469 3144 ianuensnbus,
3488 3086 3544 3130 et
3565 3072 3771 3126 deferre

2199 3177 2369 3232 libere
2392 3186 2445 3229 et
2475 3176 2749 3245 expedite,
2774 3175 2893 3230 sine
2926 3174 3110 3243 aliquo
3144 3173 3537 3244 impedimento
3567 3168 3770 3222 daeita',

517 3263 761 3332 imperii,
792 3261 873 3315 vel
897 3260 1095 3329 aliquis
1120 3259 1212 3328 qui
1248 3273 1353 3312 non
1380 3258 1450 3312 sit
1501 3258 1567 3311 de
1628 3267 1817 3311 nostro
1851 3256 2087 3326 imperio
2118 3263 2163 3319 ο
2197 3269 2513 3327 commercii
2544 3269 2659 3323 sive
2685 3267 3011 3322 “actionis,

502 3368 623 3425 nec
653 3354 722 3407 sit
752 3350 1067 3416 Jauuensis,
1093 3347 1381 3407 offenderit
1407 3348 1645 3415 aliquem
1703 3349 2089 3416 priedictorum

516 3449 877 3504 Januensinnt
918 3443 1003 3498 vel
1027 3445 1133 3497 erit
1167 3441 1381 3495 debitor
1410 3442 1477 3494 de
1514 3440 1695 3507 aliqua
1756 3440 2091 3507 quantitate,

524 3539 814 3613 imperium
836 3547 1080 3594 nostrum
1111 3532 1369 3605 procedat
1399 3543 1449 3587 et
1475 3530 1631 3587 faciet
1650 3520 1921 3602 justitiam
1948 3549 2096 3587 sum-

519 3637 745 3692 marium
782 3643 836 3688 et
869 3631 1201 3701 expeditam.

590 3730 745 3791 item,
771 3725 915 3793 quod
949 3738 1053 3775 non
1093 3722 1369 3790 permittet
1401 3720 1464 3774 de
1492 3730 1692 3774 cmtero
1742 3719 1795 3772 iu
1825 3728 1934 3772 tota
1995 3732 2093 3773 sua

523 3831 668 3875 terra
710 3819 789 3870 vel
824 3818 878 3869 in
923 3815 1113 3868 insulis
1145 3813 1316 3867 nostri
1361 3811 1595 3882 Imperii,
1627 3826 1763 3880 quas
1826 3810 1987 3865 habet
2041 3818 2098 3864 et

520 3912 613 3971 Dei
674 3905 1054 3964 misericordia
1117 3905 1461 3974 adquisierit,
1516 3903 1754 3974 aliquam
1825 3912 2094 3957 armatam

517 4002 661 4067 lteri,
690 4001 831 4070 quod
856 4006 1065 4052 armata
1092 3998 1165 4051 sit
1190 4008 1248 4052 et
1278 4012 1400 4053 esse
1433 3997 1630 4051 debeat
1700 4005 1890 4049 contra
1945 4010 2097 4050 com.

521 4109 683 4148 mimo
717 4091 907 4146 ianuae
932 4092 1012 4145 vel
1038 4089 1342 4145 Jantteuses
1364 4089 1740 4145 ctdistrictus
1778 4103 1793 4138 :
1870 4104 1976 4141 nou
2010 4100 2095 4140 re-

522 4186 763 4256 crpiubil
789 4198 969 4251 neque
998 4183 1266 4252 recepturi
1322 4183 1598 4251 permittet
1645 4183 1883 4249 aliquam
1917 4196 2099 4234 arma-

525 4293 633 4333 tam
673 4289 861 4333 cootra
894 4276 1200 4332 .ianueuscs
1233 4280 1284 4330 iu
1319 4286 1430 4329 toto
1462 4274 1608 4329 dicto
1644 4273 1905 4342 Imperio,
1927 4286 2102 4341 neque

520 4371 782 4427 concedet
813 4370 1054 4424 inimicis
1076 4369 1379 4423 communis
1402 4365 1765 4423 Januensium
1788 4376 2094 4420 mercatum

523 4461 767 4533 aliquod,
801 4458 1046 4529 exceptis
1075 4458 1308 4522 Pisanis,
1354 4458 1443 4527 qui
1503 4465 1633 4511 sunt
1682 4456 1867 4511 llileles
1926 4454 2097 4510 nostri

2270 3362 2402 3417 item
2422 3362 2677 3430 promisit
2716 3371 2771 3415 et
2799 3360 3075 3422 convenit,
3128 3358 3279 3429 quod
3346 3372 3457 3411 nou
3513 3345 3767 3407 detinebit

2198 3469 2304 3511 nec
2341 3453 2571 3508 detineri
2599 3453 2761 3507 faciet
2811 3467 2914 3508 nec
2971 3452 3252 3523 permittet
3300 3450 3546 3520 aliquam
3595 3439 3766 3496 navim

2196 3563 2373 3619 neque
2407 3547 2613 3618 lignum
2644 3545 2877 3616 alicujus
2910 3544 3198 3599 ianuensis
3243 3542 3428 3612 aliqua
3460 3534 3764 3593 occasione.

2197 3655 2299 3695 nec
2319 3640 2550 3709 aliquem
2590 3636 2993 3695 Januensemin
3035 3638 3284 3707 personis
3346 3642 3401 3685 et
3445 3632 3631 3688 rebus,
3678 3621 3767 3676 sed

2198 3735 2345 3804 ipsos
2368 3744 2426 3787 et
2454 3734 2600 3803 ipsas
2634 3745 2849 3800 semper
2908 3731 3060 3784 exire
3104 3726 3386 3797 permittet
3412 3726 3483 3777 de
3531 3729 3641 3773 toto
3670 3715 3768 3768 lm-

2197 3826 2350 3895 perio
2382 3824 2749 3895 personaliter
2779 3832 2833 3878 et
2866 3822 3107 3883 realttcr,
3145 3820 3246 3873 nisi
3279 3816 3595 3885 inculpatus
3634 3810 3765 3895 inrui

2200 3894 2268 3970 de
2294 3894 2475 3983 aliquo
2504 3914 2708 3977 debito,
2745 3912 2890 3968 furto
2920 3912 3003 3966 vel
3056 3911 3268 3980 rapina,
3307 3908 3375 3961 de
3433 3904 3632 3975 quibus
3676 3894 3770 3950 sub

2199 4008 2349 4063 curia
2378 4005 2737 4062 Jannensium
2777 4007 2972 4061 debeat
2996 4003 3255 4074 judicari.

2271 4100 2403 4153 item
2441 4100 2688 4169 promisit
2736 4112 2789 4154 et
2846 4099 3126 4162 convenit,
3184 4101 3329 4163 quoii
3382 4114 3488 4152 non
3540 4095 3769 4160 impon-t

2203 4201 2296 4246 aut
2320 4192 2496 4258 exiget
2530 4206 2630 4244 nce
2662 4191 2804 4259 exigi
2842 4190 3005 4245 faciet
3059 4188 3128 4243 ab
3153 4189 3335 4258 aliqua
3403 4197 3635 4258 persona
3673 4177 3769 4231 ali-

2201 4286 2343 4354 quod
2369 4288 2566 4338 novut'n
2603 4282 3019 4348 commercium,
3049 4282 3283 4335 dat-itam
3312 4296 3409 4334 seu
3434 4275 3767 4334 exactionem

2205 4381 2261 4433 in
2286 4386 2399 4432 toto
2425 4376 2657 4445 imperio
2682 4375 2961 4445 pracdicto,
2987 4375 3129 4442 quod
3164 4374 3325 4428 habet
3372 4373 3455 4427 vel
3507 4361 3771 4435 adquisie-

2208 4472 2275 4524 rit
2306 4470 2397 4525 Dei
2431 4467 2830 4530 misericordia,
2860 4466 2927 4520 de
2964 4465 3069 4520 illis
3127 4464 3572 4525 mercationibns,
3630 4466 3759 4522 quas

528 4554 744 4625 imperii
771 4571 784 4610 :
811 4562 866 4607 et
886 4566 1075 4608 omnes
1097 4553 1303 4619 piratas
1326 4561 1515 4605 contra
1544 4564 1833 4605 commune
1860 4546 2088 4601 Janueu-

2204 4565 2335 4616 emit
2373 4559 2917 4614 aianuensibusuee
2982 4556 3110 4626 ipsis
3166 4556 3468 4610 vendiderit
3528 4565 3626 4605 nec
3682 4540 3767 4611 qui

524 4648 663 4702 siem
698 4645 766 4700 de
806 4653 920 4700 toto
955 4651 1145 4699 nostro
1168 4642 1407 4714 imperio
1447 4644 1700 4711 expellet.
1721 4649 1776 4694 et
1810 4652 2100 4709 perseque-

526 4750 615 4792 tur
639 4754 733 4793 eos
754 4748 920 4808 atque
940 4736 1123 4807 puniet
1153 4734 1449 4789 secundum
1486 4733 1751 4802 justitiam
1780 4730 2099 4786 oil‘ensoros.

601 4851 729 4907 item
768 4851 1038 4921 promisit,
1063 4847 1322 4902 convenit
1354 4854 1409 4899 et
1447 4842 1796 4899 confirmavit
1828 4843 1975 4911 jura,
2011 4856 2101 4894 ra-

516 4953 706 5013 ,tiones
744 4945 819 5015 (It)
848 4954 902 4997 et
927 4940 1270 5011 privilegium
1298 4938 1505 5006 jurium
1531 4947 1584 4989 et
1605 4936 1988 4996 aediﬁciorum,
2023 4936 2105 4988 di-

528 5044 651 5094 vina
682 5032 1058 5091 misericordia
1092 5031 1330 5095 favente,
1384 5028 1527 5099 quod
1590 5042 1881 5082 commune
1915 5026 2105 5081 Juniuc

530 5150 622 5189 aeu
652 5130 850 5197 aliquis
880 5142 976 5194 pro
1007 5123 1280 5178 communi
1308 5123 1590 5176 consuevit
1631 5121 1835 5175 habere
1860 5121 1911 5173 in
1971 5121 2104 5174 urbe

532 5240 724 5291 magna
752 5215 1246 5285 Constantinopoli.
1274 5213 1338 5267 Et
1368 5216 1410 5268 si
1445 5211 1704 5267 Dominus
1757 5214 2105 5281 onmipotens

531 5312 865 5371 concesserit
899 5309 1133 5379 Imperio
1173 5316 1363 5362 nostro
1420 5321 1744 5375 recuperare
1799 5317 1855 5360 et
1911 5321 2103 5371 capere

531 5405 731 5457 dictum
765 5401 1062 5465 civitatem,
1096 5408 1224 5452 tunc
1259 5398 1409 5451 dabit
1463 5397 1514 5450 in
1576 5397 1802 5451 civitate
1852 5397 2104 5464 przeilicm

531 5489 1083 5561 paiatimncmnmuui
1143 5487 1354 5552 lantur,
1412 5487 1651 5551 stallum,
1709 5489 2104 5556 posse8siones,

530 5594 583 5635 ct
616 5584 669 5637 in
695 5581 856 5635 terris
882 5591 935 5632 et
975 5578 1206 5649 gratiam
1231 5577 1396 5631 faciet
1426 5577 1571 5630 dicto
1604 5576 1901 5641 communi,
1951 5574 2105 5627 vide.

533 5675 662 5729 ILcci
694 5671 833 5742 quod
864 5670 1006 5724 dabit
1039 5669 1188 5724 dicto
1211 5666 1485 5723 communi
1517 5668 1799 5722 ecclesiam
1835 5666 1892 5721 S.
1926 5665 2103 5719 Maria:

533 5783 695 5836 quam
725 5766 883 5822 modo
917 5776 1100 5821 tenent
1138 5761 1409 5827 Venetici,
1458 5776 1579 5815 cum
1607 5760 1781 5829 lcgiis,
1824 5774 1943 5828 qua:
1978 5768 2104 5812 sunt

608 5882 682 5949 (ιι)
717 5880 917 5949 Nempe
951 5879 1163 5949 λόγους,
1191 5892 1377 5948 εο.χρυ
1393 5874 1725 5939 δοεοῦὶηλους.
1759 5873 1926 5931 Ζιιειί.

2205 4654 2457 4708 dicuntur
2472 4651 2800 4712 Januenses,
2829 4650 2934 4703 nisi
2980 4657 3036 4702 ut
3066 4649 3189 4702 hinc
3210 4657 3354 4702 retro
3376 4655 3619 4715 tempore
3650 4635 3767 4689 foe-

2211 4745 2333 4799 licis
2396 4742 2673 4798 memoria:
2733 4742 2941 4796 domini
2990 4740 3337 4809 imperatoris
3427 4725 3765 4792 Καιοὶοαιιηὲε

2206 4837 2386 4906 agnati
2406 4836 2574 4890 nostri
2607 4834 2828 4888 solitum
2848 4831 3014 4888 fuerit
3046 4832 3187 4900 exigi
3208 4840 3263 4884 et
3306 4830 3492 4883 haberi
3541 4827 3607 4880 de
3637 4816 3765 4875 civis

2207 4930 2350 4983 libus
2393 4928 2833 4982 mercaiimiibus.

2279 5020 2529 5074 Promisit
2563 5021 2759 5074 iterum
2785 5029 2840 5071 et
2865 5016 3141 5080 convenit,
3181 5014 3327 5084 quod
3361 5028 3465 5068 non
3503 5006 3766 5083 permittet

2208 5118 2273 5168 de
2300 5100 2497 5167 eastern
2526 5111 2789 5181 negotiari
2834 5111 2978 5164 inter
3002 5107 3178 5177 Majus
3225 5123 3375 5159 tnare
3406 5095 3639 5175 aliqueui
3668 5095 3763 5149 ιλιι-

2210 5210 2403 5265 iittllltl,
2426 5204 2529 5257 nisi
2571 5201 2902 5257 Jauuenseut
2935 5211 2990 5255 et
3020 5201 3276 5255 Pisanum
3310 5211 3364 5252 et
3391 5214 3510 5260 eos,
3544 5194 3629 5263 qui
3654 5186 3757 5242 def-

2210 5296 2500 5348 feuilerunt
2530 5301 2742 5362 portum
2779 5306 2873 5345 seu
2902 5305 2989 5344 res
3024 5288 3300 5352 Vestiarii,
3324 5290 3521 5358 quibus
3543 5286 3763 5340 ianueu-

2209 5388 2357 5441 sibus
2392 5387 2637 5441 devetum
2670 5401 2773 5439 non
2812 5382 3155 5438 facieteundi
3209 5383 3351 5435 inter
3408 5379 3578 5450 Majus
3632 5378 3766 5425 male

2209 5491 2263 5534 et
2294 5482 2553 5534 redeundi
2612 5495 2732 5533 cum
2773 5496 2801 5528 ιι
2826 5477 3066 5541 ercibus,
3098 5475 3180 5529 vel
3223 5474 3338 5529 sine
3370 5474 3656 5530 mercibus,
3681 5454 3763 5515 δαί

2211 5575 2376 5628 libere
2412 5571 2623 5643 possint
2660 5573 2736 5624 ire
2770 5585 2818 5623 et
2857 5569 3115 5623 redeundi
3146 5566 3206 5637 (i)
3239 5565 3309 5619 ab
3340 5564 3483 5619 onmi
3517 5564 3767 5616 (mutuer-

2211 5666 2294 5717 Cio
2325 5674 2377 5717 et
2404 5664 2600 5716 redire.

2282 5756 2539 5810 Promisit
2570 5757 2793 5824 insuper
2825 5753 3178 5815 ctcouvenil,
3236 5750 3464 5803 firmatis
3519 5758 3572 5801 et
3618 5729 3765 5794 rutili-

2284 5872 2342 5940 (ὅ)
2378 5870 2681 5939 Legendqu
2708 5888 2719 5925 :
2757 5873 3032 5931 immunes,
3065 5868 3145 5922 vel
3178 5876 3225 5920 et
3248 5880 3296 5917 ω
3312 5865 3504 5933 pedite.
