4106 6404
403 425 542 497 1029

1466 409 1838 487 NDVELL/E
1877 402 2557 481 CONSTITUTIONES.

3526 390 3667 455 ῙΟὋ

400 526 539 578 catis
559 530 651 589 per
672 526 1071 575 sacranientum
1103 516 1191 582 iis,
1222 532 1341 585 quae
1369 519 1721 572 continemur
1748 518 1801 570 in
1834 530 1974 586 pra:-

2110 532 2305 601 aossint
2338 528 2525 583 venire
2553 538 2677 579 cum
2711 519 2901 592 galeis,
2931 515 3121 579 armis,
3149 511 3379 567 navibus
3408 519 3462 564 et
3485 510 3663 578 equis.

401 616 537 670 senti
557 612 864 684 privilegio,
897 626 994 681 per
1019 610 1345 664 Potestatem
1376 606 1587 671 Ianum,
1618 609 1972 678 Capitaneum

398 704 585 758 Ianua;
611 711 666 757 et
694 712 819 758 octo
851 700 1074 756 Nobiles
1096 708 1152 755 et
1182 700 1450 755 Antianos
1476 710 1529 754 et
1584 709 1754 754 totum
1809 698 1974 754 Com-

403 810 564 851 mune
592 791 1215 850 etConsiliaresIanuae
1270 806 1464 847 versus
1525 790 1818 861 Imperium
1879 796 1977 845 no-

402 901 599 952 strum,
630 887 776 955 quod
810 886 1064 940 liberabit
1097 894 1152 939 et
1176 884 1425 939 absolvet
1484 899 1513 936 a
1546 883 1865 938 carceribus
1927 891 1981 936 et

405 980 636 1033 vinculis
664 994 853 1033 omnes
887 977 1187 1033 .Ianuenses
1219 984 1274 1032 et
1303 977 1372 1030 de
1405 976 1657 1029 districto
1719 971 1908 1028 Ianua:
1929 983 1985 1028 et

404 1072 493 1139 qui
527 1072 780 1125 dicuntur
832 1068 1161 1134 Jauuenses,
1220 1068 1314 1137 qui
1377 1076 1506 1121 sunt
1554 1066 1609 1119 in
1666 1064 1983 1120 carceribus

407 1164 579 1215 nostri
608 1161 849 1231 Imperii,
883 1173 936 1215 et
976 1162 1126 1230 ipsos
1163 1161 1344 1213 redire
1378 1170 1429 1213 et
1472 1160 1731 1214 recedere
1759 1158 1987 1228 permit-

409 1263 506 1307 tet.
530 1252 798 1307 Praeterea
823 1254 1006 1306 omnia
1031 1262 1085 1305 et
1112 1252 1354 1319 singula,
1403 1258 1462 1305 ut
1510 1251 1864 1305 continentur
1890 1263 1985 1303 su-

410 1345 619 1413 perius,
660 1345 988 1414 promisitet
1033 1346 1290 1398 convenit
1341 1341 1650 1412 Imperium
1712 1354 1985 1405 nostrum,

410 1444 462 1489 et
482 1435 791 1505 iuramento
807 1436 1153 1491 conﬁrmavit
1177 1450 1272 1504 per
1298 1450 1357 1489 se
1381 1444 1432 1489 et
1467 1448 1817 1490 successores
1853 1446 1989 1501 prae-

412 1526 573 1581 dictis
597 1526 836 1596 syndicis
869 1537 923 1580 et
953 1526 1157 1580 nuntiis
1202 1539 1256 1581 et
1324 1526 1794 1593 procuratoribus,
1850 1523 1990 1578 reci-

412 1618 686 1686 pientibus
717 1618 934 1673 nomine
961 1628 1016 1674 et
1046 1620 1162 1673 vice
1184 1619 1505 1673 Communis
1532 1616 1725 1673 Ianua:
1750 1626 1805 1671 et
1876 1618 1989 1671 sin-

412 1708 663 1777 gulorum
700 1705 1083 1773 Januensium,

486 1799 564 1853 Et
590 1815 697 1868 quo
732 1814 863 1872 ergo
903 1803 1192 1870 praedictas
1246 1802 1539 1872 petitiones
1598 1801 1984 1873 prmdictorum

2083 639 2138 683 et
2162 626 2304 697 quod
2329 624 2537 679 dictum
2564 617 2893 678 Commune,
2922 611 3177 665 Potestas
3231 614 3288 661 et
3336 604 3671 674 Capitaneus

2085 734 2189 774 non
2217 716 2601 787 possiutd'psos
2647 709 2915 764 detinere.

2154 810 2290 865 Item
2325 808 2467 877 quod
2499 817 2690 859 omnes
2722 800 3023 857 Ianuenses
3080 802 3137 849 et
3187 791 3255 846 de
3308 788 3569 844 districtu
3611 796 3668 838 et

2070 903 2179 973 qui
2202 916 2299 972 pro
2318 896 2683 953 Januensibus
2709 909 2765 947 se
2792 888 3168 960 appellabunt,
3204 884 3299 953 qui
3354 881 3561 936 fuerint
3610 879 3665 931 in

2089 994 2321 1063 Imperio
2348 1001 2555 1052 nostro,
2584 996 2639 1041 et
2670 983 3006 1050 adjuvabunt
3058 979 3127 1063 ad
3182 975 3585 1032 defendendum
3617 982 3673 1023 et

2092 1086 2383 1142 defendent
2415 1092 2616 1137 terram
2643 1078 2810 1133 nostri
2862 1073 3077 1143 Imperii
3127 1081 3182 1126 et
3220 1066 3473 1123 homines
3527 1068 3669 1118 IIOIIa

2095 1182 2199 1233 liile
2229 1197 2242 1233 :
2272 1192 2376 1231 non
2406 1184 2582 1228 tamen
2608 1171 2822 1241 possint
2854 1177 3145 1236 propterea
3181 1162 3417 1217 detineri
3477 1173 3675 1229 persu-

2095 1268 2291 1323 naliter
2323 1265 2405 1318 vel
2440 1262 2681 1324 realiter,
2716 1260 2844 1326 quin
2876 1269 3093 1321 semper
3148 1254 3214 1305 ad
3266 1266 3453 1305 eorum
3494 1251 3681 1301 volun-

2097 1369 2260 1412 tatem
2285 1355 2349 1410 de
2372 1363 2560 1409 nostro
2590 1350 2829 1418 Imperio
2885 1347 3040 1403 exire
3076 1343 3292 1421 possint
3319 1352 3375 1396 et
3422 1340 3680 1394 recedere

2044 1502 2047 1503 ν
2094 1448 2456 1521 personaliter
2490 1454 2546 1499 et
2577 1441 2823 1497 realiter.

2168 1538 2299 1592 Item
2324 1535 2466 1606 quod
2504 1533 2547 1589 si
2574 1533 2756 1600 aliqua
2789 1528 2947 1583 navis
3000 1534 3371 1581 mercatorum
3437 1520 3680 1576 Inniten-

2096 1627 2238 1681 sium
2267 1625 2429 1679 fuerit
2470 1624 2521 1677 in
2570 1619 2807 1688 Imperio
2860 1625 3069 1679 nostro,
3137 1622 3192 1667 et
3250 1621 3381 1663 tunc
3424 1607 3684 1659 acciderit

2096 1717 2240 1788 quod
2270 1716 2335 1787 (ί)
2363 1716 2537 1770 stolns
2573 1713 2898 1768 Pisanorum
2921 1709 3002 1763 vel
3028 1706 3360 1761 Venetorum
3392 1700 3475 1755 vel
3535 1699 3677 1752 alic—

2101 1825 2243 1874 rum,
2272 1810 2361 1878 qui
2388 1808 2590 1863 habent
2620 1817 2875 1871 guerram
2897 1814 3019 1854 cum
3049 1797 3299 1867 Imperio
3356 1803 3565 1857 nostro,
3627 1801 3682 1843 et

416 1893 735 1946 nuntiorum
761 1894 960 1962 recepit
997 1903 1053 1948 et
1085 1895 1401 1958 adimplevit
1424 1895 1713 1963 Imperium
1746 1903 1986 1950 nostrum
2024 1932 2071 1992 Β
2100 1898 2430 1968 Capitaneus
2472 1912 2569 1951 seu
2619 1895 2794 1948 Ducas
2855 1891 2940 1945 vel
2984 1887 3332 1942 Castellanus
3389 1884 3520 1948 loci,
3590 1882 3681 1937 ulti

412 1991 469 2035 et
496 1998 592 2052 per
616 1982 986 2051 juramentum
1016 1987 1379 2051 confirmavit,
1415 1987 1734 2052 iuraverunt
1761 2000 1997 2056 namque
2024 1978 2071 1992 ⁸
2093 1992 2207 2062 jam
2239 1990 2382 2045 dicta
2415 1988 2567 2044 navis
2596 1993 2761 2051 esset,
2791 1984 3097 2053 requireret
3129 1980 3195 2033 de
3230 1978 3543 2033 hominibus
3590 1990 3685 2028 na.

415 2076 656 2143 praedicti
688 2077 1163 2140 nuntii,videlicet
1212 2077 1534 2133 Guillclmus
1581 2077 1897 2132 Vicccomes
1943 2087 1998 2132 et

416 2167 731 2224 Gualterius
760 2168 934 2225 Iudex
981 2171 1048 2225 ad
1080 2180 1269 2225 sancta
1309 2170 1401 2225 Dei
1447 2171 1727 2240 evangelia
1749 2181 1806 2225 et
1828 2172 1999 2225 hono-

418 2258 646 2314 rabilem
676 2270 730 2313 et
759 2275 949 2314 veram
982 2275 1202 2316 crucem
1233 2270 1289 2316 et
1316 2275 1509 2316 omnes
1542 2268 1786 2326 sanctos,
1812 2270 1867 2314 et
1913 2272 2002 2315 re-

418 2358 687 2419 ceperunt
707 2366 871 2421 super
904 2354 1121 2408 animas
1146 2367 1279 2407 suas
1302 2362 1358 2407 et
1378 2354 1719 2408 dominorum
1750 2366 1997 2415 suorum,

422 2440 738 2509 Potestatis,
775 2441 1079 2513 Capitanei,
1107 2444 1496 2507 Antianorum,
1526 2452 1651 2498 octo
1708 2440 1985 2497 Nobilium

421 2543 477 2587 et
504 2534 847 2600 Communis,
880 2550 1072 2591 omnes
1096 2535 1390 2605 petitiones
1428 2534 1645 2603 Imperii
1684 2534 1854 2589 nostri
1873 2534 2003 2588 sub-

420 2626 676 2694 scriptas,
705 2637 761 2681 et
791 2626 978 2695 jurare
1039 2628 1274 2681 debeant
1342 2627 1681 2691 multotiens,
1751 2627 2004 2681 videlicet

425 2718 692 2782 Potestas,
716 2718 1071 2787 Capitaueus.
1092 2720 1339 2784 Antiani.
1365 2729 1490 2774 octo
1520 2717 1743 2774 Nobiles
1769 2729 1821 2772 et
1840 2720 2004 2773 Com-

423 2822 587 2863 mune
609 2806 897 2873 Januamit
921 2810 1251 2876 adimpleant
1283 2810 1412 2873 ista,
1476 2819 1531 2864 et
1577 2823 1672 2879 per
1721 2809 2006 2880 juratnen-

425 2911 537 2954 tum
568 2904 890 2955 confirment
923 2912 978 2955 et
1017 2901 1296 2955 ratiﬁcent
1319 2900 1663 2970 infraseripta
1703 2920 1717 2957 :

495 2992 747 3063 Inprimis
775 2992 922 3063 quod
951 2994 1253 3049 Commune
1273 2990 1462 3048 Ianua:
1521 2994 1745 3048 habebit
1805 2995 1871 3049 de
1894 3009 2005 3049 Cte-

423 3097 545 3141 tero
574 3100 763 3155 pacem
789 3094 844 3139 et
867 3098 1110 3139 amorem
1149 3093 1471 3154 perpetuum
1495 3099 1619 3140 cum
1652 3085 1887 3155 Imperio
1911 3102 2009 3141 no-

432 3188 545 3232 stro
571 3192 635 3232 ae
665 3176 1085 3233 successoribus
1106 3176 1248 3244 ejus,
1276 3188 1333 3230 et
1392 3191 1500 3231 non
1555 3175 1724 3232 faciet
1792 3193 2005 3247 pacem,

2100 2084 2182 2139 vis
2212 2082 2483 2152 prtedlctze
2517 2094 2613 2148 pro
2646 2075 2941 2131 muniendo
2967 2083 3239 2136 castrum,
3304 2076 3360 2124 et
3410 2067 3683 2137 pepigerit

2098 2187 2221 2228 cum
2251 2173 2381 2244 ipsis
2407 2168 2778 2225 Iauuensibus
2814 2180 2913 2237 per
2948 2172 3160 2219 tantum
3194 2170 3431 2230 tempus,
3497 2173 3644 2228 quau
3667 2191 3685 2199 -

2103 2275 2215 2319 tum
2270 2272 2488 2335 pactmn
2552 2260 2744 2314 fecerit
2803 2257 2982 2311 dando
3032 2253 3166 2323 ipsis
3213 2253 3438 2317 solidos,
3496 2251 3687 2305 videli-

2101 2369 2186 2413 cet
2220 2357 2407 2411 decem
2459 2354 2669 2409 dierttm
2723 2351 2810 2405 vel
2865 2348 3057 2418 viginti
3121 2346 3207 2402 vel
3263 2347 3427 2401 unius
3483 2345 3687 2399 mensis

2100 2450 2183 2504 ve!
2240 2449 2360 2516 plus
2412 2447 2502 2500 vel
2552 2444 2754 2507 minus,
2813 2440 2957 2510 quod
3016 2440 3146 2495 dicti
3216 2437 3544 2502 Jauuenses,
3595 2442 3685 2506 qui

2108 2541 2432 2611 pepigerint,
2483 2548 2770 2593 teneantur
2802 2534 3051 2590 debitum
3108 2532 3296 2587 debito
3343 2543 3582 2585 castrum
3624 2530 3689 2579 it-

2103 2635 2195 2688 Iud
2243 2632 2535 2687 defendere
2571 2638 2627 2685 et
2675 2628 2887 2683 salvare
2915 2628 3061 2681 sicut
3110 2630 3351 2678 castrum
3402 2622 3684 2691 proprium

2102 2725 2481 2790 Januensium,
2512 2731 2567 2777 et
2598 2738 2702 2776 non
2736 2719 2919 2775 farere
2944 2719 3184 2788 aliquam
3230 2716 3496 2770 malitiam
3552 2716 3684 2767 dicti

2104 2816 2272 2874 castri
2305 2830 2400 2870 seu
2428 2814 2775 2869 traditionem
2808 2808 2940 2864 dicti
2968 2808 3135 2861 castri
3175 2823 3191 2872 ;
3221 2814 3472 2860 teneatur
3528 2803 3691 2857 Com:

2050 2912 2053 2915 ‘
2106 2923 2271 2963 mune
2300 2905 2510 2970 lamiae,
2543 2904 2873 2972 Capitaneus
2900 2910 2953 2954 et
2996 2899 3248 2954 Potestas
3292 2908 3483 2953 contra
3528 2897 3678 2966 ipsos

2106 2997 2501 3054 correctionem
2537 3003 2592 3048 et
2623 2992 2915 3046 vindictam
2948 2989 3152 3050 facere.
3200 2988 3343 3042 sicut
3398 2985 3443 3040 si
3503 2994 3688 3039 essent

2109 3093 2161 3145 iu
2194 3089 2356 3144 simili
2386 3101 2549 3141 causa
2583 3085 2878 3138 traditores
2921 3080 3246 3137 Coinmunis
3305 3077 3693 3132 Januensiunt.

2181 3183 2314 3237 Item
2339 3177 2483 3252 quod
2508 3176 2685 3231 nuntii
2717 3174 2935 3243 Imperii
2968 3173 3140 3229 nostri
3182 3186 3400 3240 semper
3462 3170 3531 3222 ad
3601 3182 3700 3222 eo-
3767 3236 3773 3243 .

434 3280 679 3339 treusam
712 3282 811 3323 “80
844 3267 1193 3322 concordiam
1226 3280 1353 3320 cum
1378 3268 1765 3323 communibus
1822 3269 2007 3323 lnimi-
2031 3281 2079 3341 α
2111 3290 2231 3331 rum
2255 3274 2587 3329 voluntatem
2620 3268 2835 3339 possint
2858 3268 3147 3323 extrahere
3171 3264 3239 3320 de
3261 3263 3479 3321 civitate
3508 3258 3695 3316 13mm

433 3361 520 3415 cis
551 3371 749 3415 nostra:
774 3360 1099 3419 communita
1122 3358 1344 3416 Venetis
1372 3361 1491 3414 sine
1512 3361 1745 3416 scientia
1799 3371 1855 3415 et
1915 3377 2011 3416 vo-

435 3455 646 3509 luntate
681 3453 854 3510 nostri
879 3453 1119 3525 Imperii,
1150 3454 1294 3509 sicut
1318 3454 1616 3524 Imperium
1642 3464 1890 3509 nostrum
1927 3463 2012 3510 te-

437 3555 596 3599 netur
623 3560 730 3599 uon
756 3545 931 3601 facere
951 3554 1220 3615 treugam,
1246 3561 1435 3615 pacem
1461 3559 1635 3615 neque
1654 3546 2007 3602 concordiam

428 3651 554 3692 cum
571 3636 956 3693 communibus
1001 3637 1238 3693 inimicis
1284 3638 1489 3693 nostris
1533 3636 1750 3693 Venetis
1771 3638 1891 3693 sine
1925 3653 2019 3694 vo-

438 3731 651 3783 luntate
677 3738 732 3784 et
753 3730 1091 3784 conscientia
1114 3727 1239 3783 dicti
1264 3727 1587 3793 Communis
1629 3726 2011 3784 Januensium.

506 3819 640 3875 Item
676 3823 819 3890 quod
853 3821 1158 3884 salvabuut,
1189 3821 1505 3876 custodient
1530 3830 1586 3875 et
1622 3819 1922 3876 defendent
1957 3821 2013 3876 in

434 3911 606 3993 Ianua
632 3924 686 3966 et
704 3913 952 3967 districto
982 3911 1198 3976 Ianuar,
1250 3929 1411 3982 quem
1445 3912 1650 3969 habent
1678 3925 1733 3968 et
1767 3915 1836 3969 de
1908 3929 2017 3968 c.2-

435 4015 557 4058 tero
582 4006 971 4074 adquisierim,
1001 4021 1195 4063 omnes
1225 4007 1450 4063 nuntios
1471 4017 1527 4060 et
1550 4007 1735 4063 fideles
1767 4008 2016 4063 homines

437 4096 609 4150 nostri
656 4096 890 4166 Imperii.

508 4186 637 4240 Item
670 4189 815 4257 quod
846 4202 1033 4243 omnes
1064 4187 1426 4243 mercationes
1472 4198 1526 4245 et
1589 4203 1779 4243 omnes
1810 4199 1864 4244 et
1901 4188 2019 4243 sin-

437 4282 568 4350 guli,
598 4284 689 4350 qui
722 4293 850 4337 sunt
899 4284 966 4335 de
999 4292 1142 4337 terra
1176 4283 1349 4337 nostri
1407 4280 1649 4352 Imperii,
1697 4283 1909 4354 possint
1939 4284 2019 4337 ire

433 4369 665 4425 Januam
701 4381 751 4425 et
783 4374 961 4427 facere
985 4376 1364 4441 mercantiain,
1397 4384 1453 4431 et
1501 4386 1676 4429 totum
1709 4376 2014 4430 districtum

437 4463 573 4532 ejus,
600 4479 763 4544 quem
792 4464 955 4518 habet
984 4474 1037 4518 et
1069 4464 1138 4519 de
1169 4475 1372 4520 czetero
1403 4467 1749 4536 adquisierit,
1818 4476 1874 4521 et
1924 4483 2019 4521 ex-

438 4556 653 4610 trahere
670 4556 736 4609 de
762 4554 933 4609 Ianua
958 4566 1013 4610 et
1041 4556 1292 4611 districto
1322 4557 1446 4626 ejus
1476 4557 1542 4610 de
1566 4560 1793 4612 omnibu
1814 4577 1839 4613 s
1876 4576 2020 4614 mer-

437 4648 753 4713 cationibus
783 4657 838 4701 et
868 4648 1037 4701 armis
1073 4655 1126 4701 et
1165 4649 1323 4719 equis
1355 4649 1521 4703 libere
1549 4650 1669 4703 sine
1709 4650 1888 4718 aliqua
1923 4653 2023 4703 da-
2052 4619 2097 4674 Β

436 4741 544 4792 cita
578 4742 660 4795 vel
692 4742 1045 4806 commercio,
1070 4752 1125 4795 et
1156 4742 1298 4810 quod
1329 4742 1442 4795 sint
1472 4742 1635 4796 liberi
1695 4753 1749 4795 et
1805 4743 2017 4798 fianchi

440 4835 492 4885 in
523 4831 697 4888 Janua
736 4835 1065 4890 etdistrictu
1096 4833 1238 4901 eius,
1268 4850 1431 4905 quem
1476 4835 1641 4889 habet
1696 4845 1751 4889 ct
1820 4837 2017 4906 adqui-

436 4930 609 4993 sierit,
641 4929 825 4983 eundo
846 4939 901 4985 et
928 4929 1223 4994 redeundo,
1248 4938 1303 4983 et
1331 4929 1477 4998 quod
1498 4928 1757 4984 custodiri
1790 4932 2021 4985 debeant

435 5024 555 5075 sani
588 5032 643 5075 et
669 5019 935 5089 naufragi.

507 5116 639 5169 Item
671 5112 813 5182 quod
842 5127 948 5166 non
978 5111 1297 5179 permittent
1322 5108 1562 5179 aliquam
1585 5120 1851 5162 arn'.at;un
1893 5109 2009 5162 ﬁeri

434 5209 489 5261 in
517 5205 694 5261 Ianua
724 5204 809 5259 vel
835 5204 1093 5260 districtu
1111 5204 1230 5275 ejus
1265 5202 1454 5258 habito
1472 5204 1555 5256 vel
1617 5204 1868 5256 habendo
1894 5258 1899 5261 χ
1924 5218 2019 5269 per

374 5364 379 5367 τ
434 5300 653 5369 aliquos
684 5299 938 5354 inimicos
971 5297 1190 5367 Imperii
1216 5296 1391 5351 nostri
1424 5307 1481 5351 et
1506 5313 1600 5365 per
1631 5296 1847 5364 aliquos
1880 5297 2016 5347 alios

432 5403 619 5447 contra
642 5392 850 5447 dictum
886 5391 1187 5460 Imperium
1236 5388 1320 5443 vel
1391 5400 1583 5459 gentes
1645 5403 1742 5442 seu
1811 5388 2017 5441 insulas

436 5487 652 5556 Imperii
683 5484 877 5539 nostri.

502 5581 635 5633 Item
666 5577 809 5646 quod
827 5592 1019 5631 omnes
1036 5573 1340 5631 Januenses
1361 5584 1417 5630 et
1442 5576 1507 5631 de
1528 5574 1777 5630 diStrictu
1802 5575 2017 5638 Januze,

435 5670 520 5739 .ιυί
555 5668 831 5722 voluerint
865 5667 1056 5721 venire
1086 5665 1139 5719 in
1197 5666 1481 5721 servitium
1538 5667 1711 5723 nostri
1770 5668 2014 5737 Imperii,

2115 3379 2170 3424 et
2201 3369 2447 3423 districto
2481 3365 2668 3420 habito
2690 3372 2744 3417 et
2780 3361 3030 3417 habendo
3094 3359 3263 3414 libere
3317 3357 3437 3411 sine
3490 3355 3677 3422 aliquo

2116 3459 2447 3516 commercio"
2473 3472 2624 3512 arma
2658 3466 2713 3509 et
2741 3469 2932 3521 equos.

2188 3549 2319 3605 Item
2351 3564 2473 3604 cum
2509 3561 2734 3602 necesse
2759 3544 3011 3601 habuerit
3046 3543 3329 3614 galearum
3398 3539 3699 3611 Imperium

2128 3651 2377 3699 nostrum
2410 3648 2467 3693 et
2494 3654 2588 3694 eas
2617 3647 2805 3708 petere
2834 3636 3070 3690 voluerit
3099 3649 3197 3704 pro
3249 3634 3543 3690 serviendo
3598 3635 3706 3687 Iin-

2120 3736 2269 3805 perio
2292 3742 2497 3796 nostro,
2524 3732 2827 3786 Commune
2857 3727 3069 3789 .Ianuze.
3121 3726 3452 3796 Capitanens
3482 3733 3535 3780 et
3594 3726 3701 3780 Po-

2122 3839 2292 3881 testas
2323 3826 2390 3881 ab
2420 3838 2526 3877 una
2579 3822 2730 3891 galea
2798 3835 2972 3890 usque
3032 3819 3085 3873 iu
3135 3819 3532 3889 quinquaginta
3597 3819 3698 3887 (k).

2118 3934 2243 3974 cum
2267 3912 2521 3988 expensis
2544 3913 2761 3985 Imperii
2790 3913 2984 3977 nostri,
3021 3910 3162 3966 sicut
3190 3920 3414 3980 apparet
3447 3920 3505 3965 et
3560 3910 3699 3967 scri-

2120 4023 2273 4081 ptum
2306 4019 2387 4064 est
2417 4008 2487 4064 de
2515 4007 2774 4079 expensis
2804 4007 2857 4061 in
2886 4007 2994 4063 isto
3041 4003 3327 4075 privilegio
3365 4014 3706 4059 sacrament~

2121 4098 2226 4175 [at]
2262 4116 2295 4155 ο
2324 4115 2338 4154 :
2371 4099 2629 4154 videlicet
2659 4098 2807 4168 quod
2872 4098 3125 4152 homines
3146 4096 3579 4167 uniuscujusque
3611 4110 3707 4165 ga-

2124 4197 2218 4249 lea:
2254 4193 2493 4264 quolibet
2530 4207 2716 4245 mense
2743 4190 2982 4245 habeant
3005 4205 3101 4259 pro
3143 4192 3472 4245 victualibns
3537 4188 3702 4243 Cant.

2120 4286 2213 4342 XC
2238 4289 2303 4341 de
2337 4286 2489 4358 panis
2513 4286 2756 4351 biscotti,
2787 4301 2908 4355 qua!
2926 4295 3052 4339 sunt
3085 4284 3152 4338 ad
3188 4284 3400 4355 pondus
3440 4284 3701 4339 librarum

2124 4380 2578 4435 Ilomanimlibrzc
2633 4376 3004 4442 XIVMCCCC,
3077 4378 3208 4431 item
3277 4392 3475 4432 carnes
3518 4376 3707 4431 salitus

2122 4472 2283 4527 Cant.
2314 4469 2586 4533 VlJanu.,
2617 4484 2736 4537 qut?
2772 4478 2897 4522 sunt
2926 4469 3046 4522 libr.
3071 4463 3382 4523 DCCCCLX
3422 4466 3703 4523 Ilomanm.

2127 4564 2254 4617 item
2288 4578 2508 4616 caseum
2549 4562 2641 4613 lib.
2675 4557 2723 4612 M
2789 4559 3087 4620 Ilomanim.
3134 4560 3262 4614 item
3301 4561 3483 4609 vinum
3516 4561 3580 4607 ad
3609 4562 3708 4609 mi-

2128 4663 2270 4707 trutn
2310 4651 2422 4705 Nisi
2450 4649 2652 4706 CCXL.
2681 4649 2813 4704 Item
2837 4650 2979 4720 quod
3011 4652 3264 4704 homines
3291 4651 3571 4702 dictarunt
3612 4668 3705 4717 ga-

2124 4746 2330 4801 learum
2363 4745 2565 4798 debent
2599 4744 2799 4797 habere
2839 4745 3043 4796 solidos
3109 4742 3328 4812 Imperii
3380 4741 3550 4795 nostri
3613 4757 3709 4809 pro

2126 4837 2372 4906 quolibet
2401 4850 2588 4889 mense
2636 4844 2686 4888 et
2739 4851 2835 4903 pro
2866 4835 3108 4904 quolibet
3155 4834 3562 4895 homine,sir.ut
3616 4831 3707 4885 hic

2126 4928 2434 4984 continetur
2464 4947 2477 4982 :
2523 4928 2775 4983 videlicet
2798 4928 3040 4982 Ceniites
3072 4927 3498 4994 "uniuscujusque
3541 4928 3707 4997 galeae

2126 5035 2389 5091 yperpera
2426 5019 2490 5074 Vl
2535 5030 2589 5074 et
2643 5022 2967 5085 dimidium;
3027 5018 3091 5073 IV
3131 5021 3385 5073 uantih-ni
3449 5020 3709 5074 uniuscu-

2115 5114 2314 5183 jusque
2334 5114 2502 5183 galeze
2534 5128 2721 5185 yperp.
2748 5112 2890 5171 XIII.
2926 5112 3180 5167 videlicet
3235 5113 3460 5181 quilibet
3489 5112 3708 5167 naucle-

2122 5209 2232 5261 rius
2261 5222 2450 5277 ypcrp.
2486 5206 2551 5259 III
2581 5217 2634 5260 et
2659 5206 2776 5261 kar.
2818 5204 2927 5271 VI;
2992 5206 3236 5275 superSaI
3259 5216 3416 5260 entes
3449 5206 3708 5260 uniuscu-

2118 5300 2316 5369 jusque
2340 5300 2507 5367 galea:
2529 5314 2716 5369 ypi-rp.
2752 5300 2813 5364 C,
2849 5299 3097 5352 videlicet
3126 5314 3223 5366 pro
3254 5314 3359 5367 quo
3385 5298 3492 5351 ibet
3518 5312 3702 5366 yperp.

2126 5392 2191 5456 II,
2225 5402 2280 5445 et
2318 5392 2975 5459 dimidium;panetarius
3040 5391 3471 5457 uniuscujuspie
3530 5391 3701 5454 gelen

2062 5493 2066 5497 ’
2125 5499 2315 5554 yperp.
2344 5484 2359 5536 I
2393 5493 2445 5537 et
2496 5483 2611 5545 har.
2650 5478 2850 5547 XVIII;
2888 5483 3129 5548 vogherii
3163 5481 3325 5537 CVIII
3359 5482 3710 5547 ttniitanjns-

2127 5592 2234 5644 que
2259 5578 2424 5644 gulae
2488 5591 2674 5646 yprrp.
2709 5574 3044 5638 CLXXXIX,
3096 5576 3343 5629 videliovt
3386 5589 3481 5643 pro
3534 5573 3714 5642 quoli-

2130 5674 2219 5724 bet
2250 5668 2266 5720 I
2298 5680 2352 5721 et
2381 5669 2495 5723 kar.
2531 5668 2720 5723 XVIII.
2760 5670 3055 5724 Praedictos
3098 5682 3332 5740 namque
3390 5665 3607 5722 solidos
3654 5675 3710 5719 et

498 5765 564 5833 (j)
598 5762 750 5830 Quod
775 5762 1061 5816 delendum
1081 5774 1203 5813 esse
1234 5761 1470 5827 videtur,
1503 5762 1605 5817 nisi
1640 5762 1865 5816 verbum
1897 5762 2171 5815 aduenerit
2212 5763 2289 5815 vel
2326 5764 2594 5832 ejusmodi
2639 5764 2771 5832 quid
2827 5764 3116 5817 exciderit.

499 5835 570 5899 (li)
600 5834 832 5900 Suppie,
863 5835 1120 5885 instruere
1155 5841 1451 5886 teneantur.
