4106 6426
387 411 526 490 {0'33
1438 411 1804 479 Nommm
1845 415 2526 478 CONSTITU'HON‘ES.
3489 399 3632 474 1054'

385 530 644 600 σταυρὸν,
677 527 768 580 ἵνα
820 525 930 580 ἀπὸ
961 525 1060 596 τῆς
1112 527 1350 596 σήμερον
1391 527 1628 596 ἡμέρας,
1659 528 1780 596 ἥτις
1813 529 1961 580 ἐστὶν
1993 533 2034 588 Α
2063 527 2340 597 διαδόχους
2371 529 2540 596 αὐτῆς
2587 528 2678 580 καί
2705 527 2812 595 τὴν·
2843 519 3178 594 Ῥωμανίαν.
3220 525 3312 588 EE;
3341 523 3432 578 τὸν
3469 525 3632 596 Εὐρι-

382 611 832 685 όκτωκαιδεκάτη
893 616 986 669 τοῦ
1041 617 1308 687 παρόντος
1355 617 1576 670 Ἰουνίου
1638 617 1808 685 μηνὸς
1850 617 1952 686 τῆς

386 713 582 780 ὀγδόης
643 707 1002 774 ίνδικτιῶνος,
1057 708 1156 780 ἔχῃ
1210 709 1350 776 μετά
1415 709 1508 762 τοῦ
1567 708 1958 772 εὐγενεστάτου

383 797 579 864 δουκδς
612 799 867 862 Βενετίας
901 799 994 852 καὶ
1023 799 1120 866 τῆς
1155 799 1356 867 μικρᾶς
1380 797 1472 850 καὶ
1494 797 1736 866 μεγάλης
1765 797 1960 865 βουλῆς

387 890 568 943 αὐτῶν
617 890 713 942 καὶ
767 886 966 948 παντὸς
1021 885 1116 937 τοῦ
1169 885 1494 954 κουμουνίου
1546 882 1648 952 τῆς
1709 883 1962 945 Βενετίας

387 982 610 1048 ἀγάπην
635 977 884 1048 καθαράν
909 977 1003 1030 καὶ
1031 977 1337 1030 ἀδολίευτον
1358 973 1529 1037 οὓτως
1560 989 1575 1004 ·

462 1072 578 1125 Ἵνα
603 1070 744 1139 μετὰ
778 1070 840 1122 τὸ
884 1067 1205 1138 συνδεθῆναι
1239 1067 1438 1130 αὐτοὺς
1467 1068 1546 1127 είς
1569 1063 1791 1134 ἀγάπην
1823 1063 1964 1134 μετά

387 1165 490 1231 τῆς
547 1159 827 1232 βασιλείας
883 1177 984 1228 μου
1025 1158 1084 1211 οὐ
1121 1162 1228 1226 μὴν
1277 1158 1582 1227 ποιήσωσιν
1625 1151 1776 1210 οὗτοι
1828 1159 1966 1227 μετά

391 1255 552 1310 ἄλλου
583 1253 775 1320 γένους
813 1252 1038 1322 ἀγάπην
1087 1251 1228 1304 κατά
1253 1251 1350 1318 τῆς
1383 1250 1658 1320 βασιλείας
1682 1267 1784 1319 μου
1805 1267 1820 1280 ·
1851 1249 1966 1303 ἀλλ’

363 1345 512 1409 ,οὐδὲ
559 1344 656 1396 έάν
708 1342 1042 1414 ἐπιχειρήσῃ
1069 1357 1156 1404 τις
1189 1340 1371 1403 ἀλλος,
1429 1340 1462 1410 ἢ
1497 1339 1565 1409 (ε)
1599 1340 1708 1392 ἀπὸ
1735 1340 1844 1392 τῶν
1871 1339 1968 1392 νῦν

391 1434 780 1505 κρατουμένων
809 1435 888 1497 είς
923 1434 1106 1501 φιλίαν
1157 1434 1254 1502 τῆς
1301 1432 1574 1494 Βενετίας,
1613 1433 1706 1484 καὶ
1739 1431 1962 1502 ὁρμήσῃ

393 1525 534 1580 κατά
563 1524 746 1596 χώρας
775 1525 871 1592 τῆς
903 1524 1180 1594 βασιλείας
1216 1539 1342 1592 μου,
1371 1521 1404 1592 ἦ
1431 1523 1458 1572 6
1491 1523 1680 1590 κύριος
1714 1523 1966 1584 πάππας,

393 1619 426 1686 ἢ
463 1621 492 1670 6
533 1617 634 1690 ρὴξ
661 1617 962 1686 Φραγγίας,
991 1615 1024 1684 ἢ
1075 1616 1104 1666 6
1145 1614 1246 1684 ρὴξ
1278 1613 1548 1675 Σικελίας,
1582 1612 1614 1682 ἢ
1649 1613 1676 1663 6
1728 1611 1828 1682 ρὴξ
1860 1612 1971 1664 Κα-

397 1711 646 1774 στὲλλας,
693 1709 726 1778 ἦ
753 1709 782 1761 6
813 1709 913 1779 ρὴξ
943 1707 1252 1774 ’ῐγκλινίας,
1291 1705 1325 1776 ἦ
1355 1708 1382 1759 6
1435 1701 1538 1776 ρὴξ
1576 1703 1904 1770 ’ίδαγούνας,
1933 1703 1967 1772 ἢ

394 1805 424 1856 ό
458 1801 790 1870 αὐτάδελφος
824 1797 916 1851 τοῦ
949 1799 1117 1868 ῥηγὸς
1155 1795 1433 1868 Φραγγίας
1465 1799 1491 1848 6
1517 1797 1704 1856 κόνι-ος
1751 1795 1966 1862 Κάρου-

397 1893 490 1956 λος
517 1893 550 1962 ἢ
595 1893 782 1964 ἔτερος
812 1891 913 1962 ρὴξ
961 1891 1056 1945 καὶ
1089 1891 1301 1952 κὰντος,
1345 1887 1378 1958 ἢ
1431 1887 1489 1939 τὸ
1519 1885 1842 1952 κουμούνιον
1871 1885 1966 1950 τῆς
2001 1877 2042 1935 Β

398 1985 650 2046 Γενούας,
676 1985 711 2054 ἢ
744 1983 804 2037 :6
831 1983 1150 2052 κουμούνιον
1185 1980 1286 2048 τῆς
1317 1978 1526 2048 Πίσσης
1546 2016 1561 2042 ,
1593 1977 1628 2046 ἢ
1655 1977 1714 2028 τὸ
1741 1973 1974 2043 κουμού-

397 2093 513 2130 νιον
539 2076 634 2129 τοῦ
664 2077 938 2144 Ἀγκῶνος
970 2074 1002 2144 ἢ
1027 2074 1216 2142 ἕτερον
1240 2071 1590 2140 κουμούνιον,
1624 2068 1656 2138 ἢ
1683 2067 1868 2128 ἁπλῶς
1899 2066 1975 2118 εί-

402 2171 526 2224 πεῖν
547 2169 872 2240 Χριστιανὸς
891 2183 972 2228 τις
996 2165 1030 2236 ἢ
1054 2163 1254 2230 ἀσεϐὴς
1285 2161 1578 2232 ἀλλογενὴς
1599 2155 1975 2230 ὁρμήσηκατά

401 2259 582 2331 χώρας
609 2261 704 2325 τῆς
735 2253 1012 2328 βασιλείας
1044 2257 1200 2326 μουῆ
1234 2257 1476 2323 κάστρου
1508 2251 1540 2323 ἢ
1573 2250 1844 2318 φοσσάτου
1881 2249 1977 2302 αὐα

401 2352 469 2419 τῆ
493 2373 497 2376 ·
521 2389 537 2414 ,
575 2350 664 2403 ῖνα
695 2347 928 2419 συνέλθῃ,
977 2347 1040 2416 (ι)
1074 2349 1101 2400 ό
1131 2346 1520 2414 εὐγενέστατος
1571 2339 1698 2404 δούξ
1725 2337 1975 2401 Βενετίας

406 2442 526 2511 μετ’
559 2442 738 2496 αὐτῶν
768 2441 881 2510 ἢτδ
911 2433 1235 2508 κουμούνιον
1267 2437 1360 2506 τῆς
1396 2435 1649 2498 Βενετίας
1676 2435 1708 2505 ἢ
1743 2433 1852 2486 τῶν
1879 2450 1977 2486 κα-

404 2531 748 2603 ραϐοκυρίων
792 2549 876 2596 τις
926 2531 958 2600 ἢ
1003 2534 1114 2585 τῶν
1166 2531 1444 2600 ἀρχόντων
1474 2529 1572 2598 τῆς
1607 2529 1858 2588 Βενετίας
1899 2528 1978 2590 είς

408 2625 592 2694 μάχην
623 2623 893 2695 κατὰ¹τῆς
931 2623 1115 2694 χώρας
1159 2623 1260 2690 τῆς
1313 2623 1592 2692 βασιλείας
1622 2639 1724 2691 μου
1761 2621 1793 2690 ῆ
1839 2619 1979 2672 κατὰ

407 2719 710 2790 κάστρουή
759 2719 1029 2784 φοσσάτου
1083 2716 1272 2785 αὐτῆς,
1324 2715 1358 2784 ἢ
1398 2714 1576 2782 λόγοις
1617 2714 1650 2784 ἢ
1687 2712 1900 2781 βουλαῖς
1944 2707 1978 2780 ἦ

409 2803 594 2879 ἔργοις
624 2807 658 2878 ἢ
717 2807 1072 2879 χρήμασιν,ἢ
1109 2807 1195 2860 ἴνα
1230 2805 1582 2858 ναυλώσωσιν
1631 2805 1813 2866 αὐτοῖς
1848 2803 1980 2868 ξύλα

408 2905 489 2963 είς
517 2901 578 2954 :6
630 2899 804 2952 ἐλθεῖν
843 2899 874 2966 ἢ
908 2901 1013 2954 ἀπο
1068 2897 1160 2952 τοῦ
1215 2896 1544 2967 κουμουνίου
1584 2897 1776 2960 κοινῶς
1807 2897 1840 2966 ἢ
1875 2897 1982 2949 61:6

410 2990 855 3060 πραγματευτῶν
893 2989 1080 3050 ίδικῶς
1112 2990 1205 3042 καὶ
1237 2987 1516 3058 ἀρχόντων
1571 2987 1671 3056 τῆς
1707 2987 1980 3054 Βενετίας,

411 3077 554 3134 ὥστε
578 3081 765 3136 λαϐεῖν
791 3079 983 3133 ναῦλον
1011 3079 1044 3149 ἢ
1067 3079 1127 3132 1:6
1161 3078 1489 3148 κουμούνιον
1529 3077 1630 3147 τῆς
1674 3075 1983 3146 Βενετίαςῆ

409 3191 570 3236 τινας
587 3175 696 3226 τῶν
731 3171 1171 3242 πραγματευτῶν
1217 3171 1252 3240 ἢ
1287 3169 1394 3223 τῶν
1420 3167 1842 3240 καρασοκυρίων
1894 3169 1984 3223 καὶ

409 3266 728 3334 διακομίσαι
775 3263 1006 3334 ἐχθροὺς
1046 3263 1126 3326 είς
1182 3261 1282 3332 τὴν
1331 3259 1516 3332 χώραν
1564 3259 1667 3328 τῆς
1707 3258 1986 3330 βασιλείας

415 3373 542 3426 μου.
577 3355 640 3409 El
664 3355 722 3409 δέ
747 3372 894 3419 τινες
925 3355 1088 3425 ῥῆγες
1117 3355 1150 3420 ἢ
1194 3351 1496 3423 πρίγκιπες
1541 3352 1574 3422 ἢ
1605 3352 1785 3405 κόντοι
1814 3351 1848 3422 ἦ
1888 3350 1990 3421 βαο

414 3437 622 3522 ρούνιοι
685 3447 823 3516 μετὰ
880 3447 1149 3516 φοσσάτου
1185 3445 1480 3514 ζητήσουσι
1533 3444 1864 3516 διαπερᾶσαι
1901 3443 1992 3495 ἐπὶ

412 3541 490 3610 τῷ
516 3541 772 3595 ἀπελθεῖν
803 3541 884 3602 είς
931 3540 1024 3592 τὸν
1053 3533 1176 3592 τοιΤ
1201 3537 1405 3609 Κυρίου
1437 3537 1607 3604 τάφον
1638 3536 1670 3600 ἢ
1729 3535 1990 3604 ἀλλαχοῦ,

413 3635 632 3704 πρῶτον
666 3633 756 3688 ἵνα
805 3632 943 3703 ζητῇ
971 3633 1134 3704 ὅρκον
1181 3631 1241 3696 ἐξ
1266 3629 1446 3684 αὐτῶν
1491 3631 1520 3683 6
1563 3627 1692 3693 δοὺξ
1737 3627 1993 3689 Βενετίας

415 3729 512 3782 καὶ
533 3727 594 3782 1:6
628 3727 974 3796 κουμούνιον,
1019 3723 1098 3779 ὅτι
1129 3727 1190 3780 οὐ
1219 3725 1295 3796 μή
1351 3725 1548 3778 ἔλθωσι
1604 3724 1747 3778 κατά
1807 3721 1994 3794 χώρας

413 3817 520 3889 τῆς
577 3818 854 3891 βασιλείας
911 3836 1034 3890 μου,
1071 3821 1167 3873 καὶ
1215 3817 1391 3882 οὕτως
1450 3817 1539 3871 ἵνα
1584 3817 1995 3888 παραχωρῶσιν

419 3913 604 3976 αὐτοῖς
629 3911 887 3966 ἀπελθεῖν
925 3911 1053 3964 ἔνθα
1081 3909 1362 3980 βούλονται
1389 3909 1468 3973 είς
1496 3909 1594 3978 τὴν
1620 3907 1862 3961 δουλείαν
1893 3906 1995 3959 αὐ-

421 4003 565 4057 τῶν⁹
600 4003 649 4056 εί
693 4001 738 4054 δ’
769 4001 899 4066 ἴσως
952 4001 1270 4076 περεγρτνοί
1309 4017 1453 4063 τινες
1493 3999 1778 4067 θελήσουσι
1809 3998 1999 4068 διαπετ

423 4096 591 4167 pica:
617 4095 753 4150 δέκα
785 4095 819 4166 ἢ
848 4093 1022 4149 είκοσι
1045 4095 1138 4148 τὸν
1168 4094 1430 4166 ἀριθμὸν,
1462 4095 1522 4147 οὐ
1563 4095 1670 4166 μὴν
1698 4095 1904 4164 ἀπαιτῇ
1939 4091 2000 4158 ἐξ

423 4188 605 4240 αὐτῶν
639 4188 803 4259 ὅρκον
835 4189 864 4241 6
889 4187 1016 4252 δούξ
1047 4186 1301 4250 Βενετίας
1325 4188 1420 4241 καὶ
1454 4187 1516 4240 τὸ
1543 4185 1890 4256 κουμούνιον.

498 4279 618 4332 Ἵνα
646 4279 696 4332 οί
734 4281 1157 4350 πραγματευταὶ
1206 4278 1306 4348 τῆς
1358 4277 1543 4349 χώρας
1589 4277 1690 4348 τῆς
1720 4275 1999 4350 βασιλείας

427 4389 534 4443 μου
561 4373 612 4426 οῑ
659 4371 948 4443 μέλλοντες
1005 4359 1352 4443 ἀπέρχεσθαι
1401 4372 1482 4432 είς
1506 4369 1763 4423 Βενετίαν
1803 4369 2000 4422 ποιῶσι

424 4468 528 4530 τὰς
579 4463 841 4522 δοκούσας
892 4463 1078 4527 αὐτοῖς
1129 4461 1518 4534 πραγματείας
1567 4463 1664 4518 καὶ
1711 4459 1900 4514 διδῶσι
1939 4459 2002 4512 τὸ

2069 635 2169 670 πον
2192 617 2276 670 ἵνα
2307 618 2532 686 ἔχωσιν,
2555 617 2610 669 εἴ
2634 635 2687 669 τι
2715 617 2894 684 έχουσι
2917 618 3177 688 σήμερον.

2130 710 2248 762 Ἵνα
2271 707 2431 762 δώσει
2477 709 2659 770 αὐτοῖς
2689 713 2721 776 ἡ
2756 707 3008 776 βασιλεία
3056 726 3155 776 μου
3183 709 3262 772 είς
3305 709 3396 760 τὸν
3436 709 3641 775 Ἀλμυ-

2062 800 2154 870 ρον
2198 801 2362 854 τόπον
2389 803 2468 862 εἰς
2501 805 2764 868 κάθισμα,
2797 802 2889 852 καὶ
2918 801 3218 868 ποιήσωσιν
3245 801 3302 852 ἐν
3333 800 3479 868 αὐτῷ
3505 803 3638 851 ἀνα-

2065 891 2316 953 παύσεις.
2347 889 2530 942 Ἐπεῖ-
2558 891 2614 943 δὲ
2641 891 2756 960 ἔχει
2787 892 2818 960 ή
2857 891 3102 960 βασιλεία
3134 907 3236 958 μου
3270 891 3450 960 μάχην
3499 891 3636 958 μετά

2061 981 2153 1033 τοῦ
2183 982 2442 1053 Εὐρίπου,
2473 983 2566 1034 καῖ
2587 981 2932 1052 εὑρίσκονται
2959 983 3015 1033 ἐν
3049 982 3200 1050 αὐτῷ
3233 981 3526 1044 Βενέτικοι,
3549 982 3637 1032 ἵνα

2064 1071 2163 1142 ἔχῃ
2217 1073 2250 1141 ή
2287 1072 2537 1140 βασιλεία
2569 1089 2670 1140 μου
2707 1073 3275 1142 κατακεκρατημένην
3298 1071 3394 1142 τὴν
3436 1073 3640 1125 σκάλαν

2065 1165 2158 1217 τοῦ
2196 1165 2488 1235 Ἀλμυροῦ,
2522 1167 2669 1229 ὅπως
2694 1165 2768 1235 μὴ
2791 1167 3094 1236 ὲπαίρωσιν
3113 1165 3222 1219 ἀπὸ
3254 1165 3354 1234 τῆς
3385 1165 3640 1230 τοιαύτης

2069 1255 2275 1317 σκάλας
2310 1255 2562 1324 βρώσιμα
2590 1258 2681 1308 καὶ
2705 1257 2910 1325 πόσιμα
2940 1259 2989 1310 οί
3025 1259 3080 1309 ὲν
3117 1256 3192 1324 τῷ
3233 1257 3454 1326 Εὐρίπῳ
3483 1257 3640 1309 Βενέο

2067 1363 2228 1408 τικοι,
2257 1349 2352 1398 καὶ
2381 1348 2764 1415 ἀποκομίζωσι
2801 1346 2974 1400 ταῦτα
3013 1348 3094 1410 είς
3121 1347 3432 1417 ζωάρκειαν
3453 1348 3562 1400 τῶν
3586 1349 3643 1398 ἐν

2019 1510 2022 1512 Π
2067 1437 2146 1508 τῷ
2200 1439 2422 1507 Εὐρίπῳ
2475 1438 2688 1508 ἐχθρῶν
2721 1439 2822 1507 τῆς
2877 1439 3158 1506 βασιλείας
3211 1457 3314 1510 μου
3363 1439 3642 1494 Λατίνων⁶

2072 1515 2266 1598 μέχρις
2297 1529 2362 1582 ἂν
2390 1529 2500 1599 δῴη
2551 1531 2704 1593 Θεὸς,
2731 1531 2826 1584 καὶ
2860 1531 3088 1600 γένηται
3119 1531 3396 1601 ἐγκρατής
3425 1532 3456 1599 ή
3495 1529 3647 1599 βασι-

2069 1620 2188 1672 λεία
2215 1637 2316 1689 μου
2341 1620 2434 1672 τοῦ
2458 1621 2720 1690 Εὐρίπου,
2749 1623 2843 1674 καὶ
2881 1624 3002 1674 τότε
3033 1621 3120 1674 ίνα
3143 1621 3386 1691 ἀπολύσῃ
3419 1623 3451 1691 ή
3495 1621 3648 1690 βασι-

2069 1710 2188 1762 λεία
2224 1727 2326 1780 μου
2355 1712 2450 1764 καὶ
2477 1711 2575 1782 τὴν
2618 1711 2872 1780 τοιαύτην
2931 1711 3138 1764 σκάλαν
3187 1712 3324 1781 πρὸς
3371 1712 3432 1764 τὸ
3485 1711 3648 1780 μέρος

2073 1802 2172 1870 τῆς
2199 1803 2620 1865 Βενετίας.”οτε
2677 1802 2736 1855 δὲ
2789 1802 2972 1872 μέλλει
3027 1803 3284 1870 πολεμεῖν
3335 1801 3648 1871 ήβασιλεία

2075 1910 2178 1962 μου
2229 1895 2368 1962 μετά
2425 1895 2520 1948 καὶ
2561 1895 2660 1962 τῆς
2712 1895 2806 1947 τοῦ
2850 1893 2984 1947 Θεοῦ
3018 1893 3272 1964 βοηθείας
3297 1895 3408 1955 τοῖς
3447 1894 3528 1955 είς
3557 1891 3648 1943 τὶν

2074 1980 2312 2050 Εὔριπον
2343 1982 2616 2048 Λατίνοις,
2647 1983 2708 2036 οὐ
2749 1983 2856 2052 μὴν
2881 1983 3177 2052 ἀποστείλῃ
3203 1977 3477 2052 ὴἪενειι-ία
3510 1999 3650 2050 συμ-

2077 2073 2334 2144 μαχίανῆ
2386 2073 2576 2144 χρῆμα
2623 2077 2710 2138 είς
2747 2074 3024 2144 βοήθειαν·
3047 2075 3244 2128 αὐτῶν.
3281 2075 3440 2128 Ἀλλὰ
3475 2075 3570 2127 καὶ
3599 2075 3650 2124 οἱ

2075 2167 2133 2218 ὲν
2153 2166 2232 2234 τῷ
2263 2166 2492 2237 Εὐρίπῳ
2541 2167 2922 2238 εὑρισκόμενοι
2967 2167 3262 2234 Βενέτικοι,
3297 2169 3345 2220 εί
3390 2166 3488 2236 μὲν
3521 2167 3654 2220 ἀπο-

2079 2258 2374 2327 σχισθῶσιν
2399 2259 2504 2312 ἀπὸ
2529 2259 2622 2312 τοῦ
2667 2260 2870 2328 μέρους
2917 2259 3025 2312 τῶν
3057 2261 3236 2314 ἐκεῖσε
3277 2260 3524 2313 Λατίνων
3559 2259 3654 2311 καὶ

2077 2351 2318 2404 πέσωσιν
2350 2351 2551 2415 ίδικῶς,
2583 2353 2676 2406 καὶ
2695 2350 2818 2404 οὔτε
2848 2353 2960 2412 τοῖς
2990 2349 3242 2413 Λατίνοις
3267 2350 3652 2420 συμμαχοῦσιν

2077 2441 2200 2495 οὔτε
2229 2443 2294 2512 τῇ
2330 2441 2578 2513 βασιλείᾳ
2612 2460 2710 2510 μου
2735 2441 3117 2508 ἀντιδικοῦσιν,
3151 2441 3238 2494 ἵνα
3266 2442 3652 2509 φυλάσσωνται

2080 2535 2171 2588 καὶ
2201 2533 2356 2588 αὐτοὶ
2409 2537 2504 2588 καὶ
2549 2534 2608 2586 τὸ
2641 2535 2876 2604 πρᾶγμα
2907 2534 3088 2588 αὐτῶν
3128 2533 3276 2601 παρὰ
3305 2533 3402 2586 τοῦ
3453 2534 3657 2602 μέρους

2079 2627 2176 2694 τῆς
2211 2623 2486 2694 βασιλείας
2525 2641 2650 2694 μου,
2673 2623 2746 2687 ὡς
2901 2623 2950 2674 οί
2979 2622 3160 2675 λοιποὶ
3187 2622 3459 2674 Βενέτικοι
3482 2637 3496 2652 ·
3523 2626 3571 2674 εί
3600 2622 3654 2674 δὲ

2082 2715 2524 2784 ἀντιδικήσουσιν
2575 2709 2719 2770 οὗτοι
2777 2715 2912 2784 μετὰ
2959 2713 3068 2766 τῶν
3099 2716 3278 2766 ἐκεῖσε
3311 2714 3556 2766 Λατίνων
3582 2713 3658 2780 τῷ

2085 2806 2242 2876 μέρει
2265 2808 2361 2876 τῆς
2386 2806 2663 2876 βασιλείας
2696 2824 2796 2875 μου
2828 2808 2906 2869 είς
2945 2805 3038 2859 τὸν
3065 2807 3204 2859 κατά
3231 2807 3337 2859 τῶν
3379 2807 3658 2876 Εὐριπιω-

2081 2901 2190 2952 τῶν
2236 2899 2603 2970 γενησόμενον
2662 2898 2921 2968 πόλεμον,
2976 2899 3066 2953 ῖνα
3093 2898 3190 2952 καὶ
3231 2899 3312 2961 είς
3340 2897 3538 2962 αὐτοὺς
3566 2901 3660 2951 καὶ

2083 2993 2164 3056 είς
2188 2991 2248 3044 τὸ
2289 2993 2521 3061 πρᾶγμα
2564 2991 2745 3046 αὐτῶν
2796 2993 2921 3060 ποιῇ
2969 2993 3002 3061 ή
3049 2990 3298 3061 βασιλεία
3349 3007 3472 3059 μου,
3521 2989 3660 3057 ὅπερ

2087 3082 2360 3154 βούλεται.
2387 3083 2619 3152 Ἀφότου
2643 3083 2697 3136 δὲ
2730 3082 2954 3154 βοηθείᾳ
2979 3081 3112 3135 Θεοῦ
3145 3081 3472 3152 ἐπιλάϐηται
3502 3083 3534 3148 ἡ
3567 3080 3663 3150 βα-

2089 3175 2260 3230 σιλεία
2286 3193 2386 3245 μου
2411 3175 2506 3228 τοῦ
2541 3175 2806 3247 Εὐρίπου,
2843 3175 2936 3229 τὸν
2967 3176 3150 3238 τόπον,
3177 3175 3237 3228 6v
3277 3174 3594 3247 εὑρίσκεται
3625 3178 3657 3240 ή

2093 3269 2312 3322 Βενετία
2339 3267 2538 3338 ἱχουσα
2579 3270 2636 3320 ὲν
2661 3267 2814 3339 αὐτῷ
2849 3268 2992 3322 κατά
3029 3269 3138 3338 τὴν.
3167 3269 3434 3338 σήμερον,
3449 3267 3538 3319 ἵνα
3566 3263 3668 3319 δώ-

2093 3379 2176 3416 σει
2210 3364 2398 3416 τοῦτον
2426 3362 2590 3416 πάλιν
2614 3365 2646 3432 ή
2675 3361 2922 3432 βασιλεία
2955 3379 3055 3431 μου
3088 3361 3223 3430 πρὸς
3244 3357 3672 3428 τδνεύγενέστα-

2091 3469 2182 3504 τον
2232 3453 2400 3506 δοῦκα
2446 3453 2700 3515 Βενετίας
2755 3455 2848 3507 καὶ
2888 3453 2955 3505 τὸν
2979 3451 3301 3522 κουμούνιον
3333 3451 3674 3520 αὐτῆςοὶκαὶι

2095 3543 2262 3616 ἔχωσι
2289 3543 2450 3598 πάλιν
2477 3545 2687 3607 τοῦτον,
2716 3543 2904 3606 καθὼς
2927 3543 3113 3613 έχουσι
3148 3544 3413 3614 σήμερον.
3476 3531 3478 3534 ’

2177 3635 2454 3699 Ὡσαύτως
2477 3636 2561 3690 ἵνα
2588 3633 2750 3688 δώσει
2781 3636 2966 3698 αὐτοῖς
3001 3636 3032 3704 ή
3061 3635 3309 3704 βασιλεία
3335 3651 3437 3705 μου
3468 3633 3564 3687 καὶ
3591 3635 3673 3696 είς

2093 3727 2154 3780 τὸ
2182 3720 2346 3798 μέρος
2380 3730 2476 3798 τῆς
2517 3725 2921 3796 Θεσσαλονίκης
2970 3725 3099 3778 άνευ
3129 3725 3224 3778 τοῦ
3256 3726 3501 3796 κάστρου
3543 3724 3674 3777 ἔνθα

2096 3821 2312 3874 θέλουσι
2339 3819 2502 3874 τόπον
2527 3821 2608 3882 είς
2635 3818 2884 3888 κάθισμα
2909 3834 2924 3850 ·
2973 3819 3062 3881 είς.
3084 3819 3144 3871 τὸ
3179 3819 3344 3890 μέρος
3383 3817 3478 3871 τοῦ
3509 3816 3673 3870 Βολε-

2098 3911 2196 3984 ροῦ
2213 3915 2307 3968 καὶ
2335 3913 2433 3982 τῆς
2461 3911 2642 3976 Λίνου,
2674 3910 2801 3964 ἔνθα
2829 3910 3215 3965 ἀναπαυθῶσιν
3234 3927 3249 3942 ο
3274 3910 3383 3970 ἀπὸ
3411 3909 3506 3962 τοῦ
3539 3909 3672 3960 Στε-

2098 4001 2190 4056 νοῦ
2225 4003 2394 4067 είςτδ
2427 4002 2595 4074 μέρος
2624 4003 2722 4069 τῆς
2751 4002 3058 4066 δύσεωςείς
3081 4000 3176 4057 δύο
3215 4001 3418 4065 τόπους
3449 3999 3576 4074 ἔνθα
3607 3999 3674 4053 ἂν

2097 4093 2428 4164 ὀρεχθῶσιν·
2463 4094 2542 4155 εἰς
2581 4092 2680 4163 τὴν
2715 4091 3285 4146 Κωνσταντινούπολιν
3334 4094 3416 4156 είς
3440 4086 3554 4146 οἷον
3589 4091 3676 4144 τό·

2101 4204 2202 4240 πον
2225 4186 2563 4256 θελήσουσιν,
2593 4185 2702 4240 ἀπὸ
2731 4185 2831 4252 τῆς
2866 4183 3106 4248 παλαιᾶς
3135 4183 3482 4264 έξαρτήσεως
3515 4182 3676 4254 μέχρι

2101 4280 2196 4332 καὶ
2225 4279 2333 4332 τῶν
2376 4278 2574 4350 ῐιηγῶν
2601 4277 2675 4350 (εί
2701 4277 2746 4330 δ’
2773 4275 2902 4340 ίσως
2928 4277 3061 4332 ποτὲ
3086 4277 3195 4330 τῶν
3220 4277 3430 4348 καιρῶν
3463 4269 3678 4347 θελήσει

2102 4369 2415 4441 ¹ίιβιιωλεία
2449 4387 2552 4440 μου
2585 4368 2770 4423 δοῦναι
2809 4368 2976 4422 τόπον
3001 4367 3152 4430 ὲντδς
3176 4370 3276 4436 τῆς
3330 4369 3681 4421 Κωνσταντι-

2104 4463 2408 4525 νουπόλεως
2440 4461 2472 4532 ἢ
2508 4461 2606 4532 τῆς
2653 4458 3062 4528 Θεσσαλονίκης
3092 4459 3200 4512 τινὶ
3229 4459 3336 4512 τῶν
3367 4459 3678 4512 Λατινικῶν

427 4556 766 4627 κνμμέρκιον
813 4555 959 4609 κατά
997 4554 1096 4624 τὴν
1131 4553 1424 4622 συνήθειαν
1454 4551 1557 4622 τῆς
1601 4552 1878 4615 Βενετίας,
1905 4550 1998 4604 καὶ
2028 4555 2079 4614 ι)
2105 4551 2462 4621 κουμουνίων,
2513 4551 2602 4605 ἵνα
2650 4551 2771 4604 τότε
2821 4552 3156 4620 προτιμᾶται
3187 4550 3221 4620 ή
3288 4549 3532 4621 βασιλεία
3573 4566 3676 4621 μου

427 4645 733 4710 ὲξωνῶνται
763 4645 835 4698 τά
865 4643 1126 4697 δοκοῦντα
1155 4643 1338 4706 αὐτοῖς
1371 4642 1799 4712 ἀνεμποδίστως.

501 4735 617 4791 Ἵνα
647 4737 744 4798 τὰς
769 4735 978 4806 χώρας,
1007 4735 1074 4797 ἀς
1107 4733 1537 4804 κρατετάρτίως
1564 4735 1597 4803 ή
1629 4731 1875 4795 ιίενετία,
1904 4730 2006 4801 τὴν
2031 4797 2038 4806 κ

427 4827 694 4898 Κορώνην
724 4827 822 4879 καὶ
866 4824 968 4898 τὴν
997 4823 1266 4893 Μεθώνην
1287 4863 1303 4888 ,
1337 4823 1438 4896 ἔχῃ
1469 4823 1636 4875 πάλιν
1664 4821 1848 4885 καθὼς
1890 4821 2004 4891 εχει

427 4921 622 4983 αὐτάς.
653 4919 776 4973 Ἵνα
803 4917 1038 4992 ἔχῃ-τὴν
1065 4919 1230 4986 νῆσον
1258 4917 1504 4986 Κρήτην,
1537 4917 1630 4969 καὶ
1651 4916 1767 4968 ὅσοι
1796 4914 2009 4985 ἀνθρω-

429 5029 521 5066 ποι
549 5011 652 5076 τῆς
675 5009 954 5080 βασιλείας
987 5025 1088 5078 μου
1111 5007 1459 5078 εὑρίσκονται
1488 5005 1794 5070 ὲκείσε,ἵνα
1826 5005 2006 5077 ἐπάρῃ

429 5103 630 5163 αὐτοὺς
659 5103 693 5172 ή
745 5099 996 5171 βασιλεία
1040 5117 1142 5170 μου
1181 5101 1275 5154 καὶ
1337 5099 1398 5154 οὐ
1459 5099 1566 5169 μὴν
1609 5099 2003 5168 μεταχειρισθῇ

431 5193 637 5262 ταύτην
657 5193 698 5263 ἡ·
719 5191 966 5263 βασιλεία
1003 5209 1128 5261 μου.
1153 5191 1235 5244 Τά
1263 5191 1425 5260 νησία
1460 5189 1554 5242 τοῦ
1573 5190 1800 5256 Λίγαίου
1833 5190 2004 5244 πελά-

432 5301 585 5352 γους.
618 5284 719 5337 ὅσα
747 5279 896 5353 εἶχεν
920 5285 1000 5346 είς
1033 5283 1241 5335 εἴσοδον
1261 5284 1290 5336 6
1321 5281 1447 5346 δούξ
1475 5281 1746 5346 Βενετίας,
1787 5281 1877 5334 ἵνα
1906 5281 2009 5334 πά-

434 5377 521 5429 λιν
552 5376 652 5447 έχῃ
686 5375 884 5438 ταῦτα,
916 5377 1014 5428 ὅσα
1048 5375 1105 5427 δὲ
1139 5369 1280 5445 ἦσαν
1329 5373 1434 5426 ὑπὸ
1477 5373 1576 5440 τὴν
1604 5371 1884 5441 βασιλείαν
1914 5373 2010 5424 καὶ

434 5467 494 5517 τδ
530 5467 924 5536 πριγκιπᾶτον,
957 5465 1045 5518 ὅτε
1078 5466 1130 5517 οί
1161 5465 1384 5518 Λατῖνοι
1419 5458 1563 5533 ἦσαν
1597 5463 1886 5532 ἐγκρατεῖς
1910 5463 2011 5530 τῆς

436 5556 1086 5622 Κωνσταντινουπόλεως,
1139 5556 1226 5607 ἵνα
1259 5555 1398 5609 Θεοῦ
1429 5553 1780 5616 εὐδοκοῦντος
1811 5555 2013 5623 γένων-

435 5665 534 5700 ται·
553 5647 658 5700 ὑπὸ
682 5647 783 5718 τὴν
811 5647 1093 5716 βασιλείαν
1116 5663 1218 5717 μου
1243 5647 1336 5700 καὶ
1363 5646 1490 5708 τοὺς
1515 5643 1886 5715 κληρονόμους
1917 5645 2012 5696 καὶ

509 5759 576 5825 (ε)
606 5757 858 5831 Latinum
896 5761 1176 5831 gzeyuplar
1211 5761 1364 5816 habet
1394 5759 1484 5831 qui
1527 5758 1616 5812 sit.
1665 5756 1813 5812 Unde
1876 5757 2013 5814 forte

439 5833 788 5885 scr-luendum
818 5829 872 5892 ὃς
996 5825 1158 5885 Ζιεη.

2107 4644 2234 4706 τοὺς
2260 4643 2596 4712 Βενετίκους,
2629 4646 2723 4698 καὶ
2751 4644 2878 4715 διδῷ
2902 4644 3084 4707 αὐτοῖς
3107 4643 3272 4696 τόπον
3301 4646 3380 4706 εἰς
3410 4644 3477 4697 τά
3499 4645 3681 4697 τοιαῦ-

2106 4750 2174 4786 τα
2206 4733 2442 4805 κάστρα)
2468 4749 2484 4766 ο
2516 4736 2596 4796 εἰς
2621 4736 2724 4802 τὴν
2745 4731 2980 4803 Μαύρην
3000 4731 3276 4785 θάλασσαν
3308 4733 3442 4786 ὅπου
3465 4729 3530 4786 ἃν
3554 4733 3680 4803 ἀρε-

2110 4824 2316 4877 σθῶσιο
2348 4826 2428 4888 είς
2469 4825 2532 4878 τδ
2570 4825 2864 4896 ’Υρτάκιον
2919 4823 3006 4878 ίνα
3055 4823 3222 4894 ἔχωσι
3264 4824 3460 4876 τόπονο
3515 4825 3593 4887 είς
3621 4825 3681 4876 τι

2121 4915 2476 4984 Ἀτραμύτιον
2536 4915 2606 4968 τὰ
2635 4915 2872 4984 ὀσπήτια
2930 4915 3026 4967 καὶ
3075 4915 3137 4967 τδ
3190 4914 3416 4985 λουτρ⁵,ν
3452 4915 3519 4968 τὰ
3554 4915 3685 4970 ὄντα

2109 5008 2287 5059 ἐκεῖσε
2307 5022 2321 5038 ο
2357 5007 2439 5069 είς
2466 5004 2564 5077 τὴν
2590 5006 2822 5059 Ἀναιαν
2850 5005 3018 5059 τόπον
3061 5004 3148 5058 ῑνα
3180 5005 3540 5076 είσέρχωνται
3591 5011 3686 5058 καὶ

2111 5097 2442 5168 ἐξέρχωνται
2464 5097 2521 5149 ἐν
2547 5096 2693 5165 αὐτῷ
2711 5113 2726 5127 ⁸
2757 5095 3022 5161 ὡσαύτως
3043 5099 3136 5153 καὶ
3165 5099 3245 5161 είς
3273 5100 3372 5166 τὴν
3395 5097 3672 5168 Σμύρνην.

2183 5188 2302 5240 Ἵνα
2331 5169 2602 5262 ἀποδιώξῃ
2630 5189 2663 5260 ή
2697 5187 2947 5258 βασιλεία
2977 5205 3080 5256 μου
3113 5187 3222 5241 ἀπὸ
3245 5191 3344 5258 τῆς
3390 5187 3572 5258 χώρας
3595 5189 3690 5240 αὐ-

2110 5280 2210 5348 τῆς
2240 5279 2335 5332 καὶ
2369 5279 2496 5340 τοὺς
2523 5279 2751 5349 ἐχθροὺς
2782 5279 2960 5331 αὐτῶν
3008 5280 3135 5342 τοὺς
3162 5279 3448 5342 Γενουῒτας
3483 5282 3576 5334 καὶ
3627 5279 3694 5344 οὐ,

2117 5372 2224 5442 μὴν
2273 5369 2569 5442 παραλάϐῃ
2611 5370 2830 5433 αὐτούς.
2882 5371 3007 5426 Ἐὰν
3051 5371 3108 5424 δέ
3159 5387 3290 5424 ποτε
3333 5371 3442 5423 τῶν
3481 5349 3692 5439 καιρῶν

2115 5462 2488 5534 προσέλθωσιν
2512 5463 2560 5514 οί
2587 5463 2626 5514 Γ
2629 5461 2866 5516 ενουῖται
2915 5465 2981 5532 τῇ
3018 5462 3268 5533 βασιλείᾳ
3311 5479 3414 5532 μου
3443 5462 3536 5514 καὶ
3572 5479 3679 5514 πα-

2120 5551 2567 5623 ρακλητεύσωσιν
2591 5553 2785 5624 αὐτὴν,
2816 5553 2906 5605 ἵνα
2954 5553 3173 5622 δέξηται
3217 5555 3416 5616 αὐτοὺς
3445 5555 3524 5616 εἰς
3558 5554 3692 5618 ἁγά-

2117 5661 2246 5713 πην,
2279 5644 2450 5707 ἄλλως
2493 5644 2555 5696 οὐ
2593 5643 2702 5713 μὴν
2749 5645 2953 5716 ποιήσῃ
2986 5645 3191 5713 ταύτην
3239 5645 3271 5714 ἡ
3306 5643 3554 5715 βασιλεία
3587 5660 3690 5714 μου

2187 5759 2247 5832 (ι)
2274 5757 2506 5818 Omnino
2531 5759 2744 5830 nvgalio
2775 5759 2946 5815 deest.
2991 5761 3154 5818 mea.
