4106 6478
410 476 536 539 ΠΗ

1471 470 1839 529 Ν(Ῐ)Ὴ;1.Ι,.ἶί
1877 465 2560 526 titENb'I‘l'l'U'l'lllNICS.

3527 463 3656 522 iC-CE

399 599 580 642 neunt,
621 580 867 648 proprias
923 579 1003 632 sui
1032 577 1313 640 ecclesias,
1369 576 1710 631 sacerdotem
1765 579 1972 627 volsa—
2003 582 2047 634 Α
2077 576 2221 640 quod
2271 573 2382 625 l’ieri
2433 577 2621 626 delicat
2681 573 2947 625 s..tisl'a;io
2989 572 3158 640 ipsius
3204 570 3442 638 dantpni,
3500 588 3558 638 pr
3602 577 3660 647 ut

399 674 648 726 cerdutes
682 671 989 725 .Iinuenses
1023 681 1076 726 et
1106 667 1353 733 Latinos,
1389 678 1649 723 stateram
1685 679 1741 722 et
1775 669 1974 735 ponde-

401 773 610 816 ratoms
653 761 1032 822 Januensium,
1084 761 1314 823 scribas,
1362 775 1648 814 mansuras
1693 769 1746 813 et
1792 760 1972 810 omnia

404 855 506 908 alia
536 871 639 924 que
690 854 960 907 voluerint
993 855 1058 906 ad
1113 859 1442 906 voluntatem
1481 865 1536 906 et
1581 852 1837 922 placitum
1877 866 1968 903 eo-

407 965 547 1003 rum.
581 950 890 1002 Pontlerare
925 959 1102 999 tamen
1162 949 1387 1000 debeant
1426 947 1620 1016 prolati
1654 946 1977 1014 ponderato-

405 1053 494 1094 res
547 1040 786 1106 ipsorum
843 1046 1098 1106 presente
1147 1036 1332 1091 scriba
1403 1037 1485 1090 vel
1542 1036 1648 1089 alio
1679 1035 1972 1088 nunciorx

405 1142 560 1201 parte
604 1132 859 1186 comereii
892 1129 1112 1198 Imperii
1156 1130 1350 1184 nostri.
1414 1129 1479 1180 Et
1511 1127 1611 1196 ipsi
1639 1126 1856 1195 quidem
1887 1122 1978 1176 Ja-

410 1238 642 1278 nuenscs
688 1223 886 1276 habere
913 1223 1146 1276 debeam
1187 1220 1556 1274 omnimodam
1585 1217 1888 1272 libertatem
1921 1224 1974 1268 et

411 1313 762 1366 Iranchiziam
795 1312 861 1365 ad
897 1313 1303 1381 ponderandum
1344 1311 1719 1366 mereaciones
1753 1324 1973 1362 eorum:

409 1404 576 1456 ceteri
627 1418 756 1456 vero
789 1403 881 1472 qui
933 1405 1182 1458 redeuntes
1225 1413 1353 1456 sunt
1403 1400 1736 1456 commercio
1763 1399 1977 1468 Imperii

414 1493 608 1555 nostri,
648 1493 777 1547 dare
817 1494 1049 1547 debeant
1079 1509 1175 1561 pro
1205 1493 1319 1561 ipsa
1349 1493 1716 1562 ponderatnra
1748 1489 1801 1543 id
1835 1489 1978 1557 quod

409 1595 492 1640 est
523 1586 725 1640 decens
761 1587 1060 1639 secundum
1113 1585 1519 1640 ordinacionem
1553 1593 1607 1637 et
1636 1583 1988 1638 eonsnetudi~

413 1692 560 1740 nem,
599 1678 673 1729 ita
705 1678 846 1746 quod
890 1691 996 1731 non
1030 1676 1204 1746 possit
1248 1675 1524 1732 occultare
1563 1690 1621 1729 se
1657 1675 1738 1729 vel
1768 1675 1982 1728 det‘rau-

410 1770 544 1823 dare
574 1770 930 1824 comercium.

484 1862 614 1916 Item
645 1879 766 1915 cum
819 1863 871 1914 in
907 1860 1100 1919 eodem
1142 1860 1261 1916 loco
1305 1862 1417 1915 sint
1446 1861 1676 1916 ecelesie
1706 1866 1818 1914 tres
1843 1858 1980 1913 Gre-

411 1966 622 2013 corum,
657 1969 820 2020 Super
848 1953 1045 2021 quibus
1067 1952 1235 2006 habet
1258 1951 1627 2006 omnimodam
1662 1959 1981 2018 potesmtem

415 2046 793 2098 sanctissimus
843 2044 1094 2099 dominus
1161 2043 1432 2111 generalis
1501 2042 1831 2113 patriarcha,
1895 2041 1987 2093 dc-

418 2137 582 2189 heant
634 2138 775 2203 ipsas
805 2135 1069 2190 ecclesias
1129 2136 1331 2191 habere
1359 2135 1672 2189 sacerdotes
1719 2133 1897 2195 Greci,
1933 2140 1987 2182 et

419 2237 642 2280 eantare
673 2237 727 2280 et
753 2225 1035 2294 celebrare
1082 2226 1134 2281 in
1165 2225 1317 2294 ipsis,
1359 2225 1501 2293 quod
1537 2238 1633 2292 per
1662 2223 1838 2292 ipsum
1865 2236 1988 2274 san-

416 2317 722 2370 ctissimum
774 2316 1051 2370 dominum
1111 2316 1481 2385 patriarcham
1532 2313 1838 2383 generalem
1898 2327 1992 2362 an-

415 2407 623 2460 nuatim
660 2408 819 2461 fuerit
853 2407 1186 2462 ordinatum.
1553 2471 1570 2490 .

487 2498 618 2552 Item
646 2497 792 2567 quod
837 2510 1047 2562 omnes,
1076 2497 1168 2567 qui
1207 2497 1505 2553 secundum
1555 2497 1838 2550 veritatem
1873 2493 1992 2548 Ine-

418 2591 528 2643 riut
574 2589 879 2645 Januenses
902 2601 955 2645 et
985 2591 1078 2660 qui
1113 2590 1484 2644 nominabitur
1507 2598 1562 2644 et
1595 2590 1864 2644 tenebitur
1897 2589 1984 2642 .I.r-

416 2681 663 2744 nuensis,
708 2694 830 2736 esse
876 2682 1071 2737 debeat
1109 2681 1209 2736 sub
1246 2683 1497 2738 examine
1546 2681 1697 2737 curie
1748 2683 1990 2752 ipsorum

415 2769 792 2838 Januensium,
827 2771 951 2828 licet
974 2773 1342 2840 transpositus
1361 2773 1524 2828 fuerit
1547 2773 1614 2827 ad
1634 2773 1797 2827 aliam
1816 2774 1994 2833 natio-

416 2873 567 2924 nem,
601 2860 717 2914 sive
748 2860 1016 2917 masculus
1051 2859 1214 2915 fuerit
1245 2863 1356 2917 sive
1394 2863 1619 2916 femina.
1653 2862 1708 2918 Si
1749 2862 1870 2918 laeti
1909 2879 1996 2917 es-

417 2963 536 3006 sent
571 2950 728 3007 Greci
760 2953 844 3008 vel
875 2953 1098 3008 alterius
1133 2955 1388 3018 nationis,
1425 2965 1585 3021 prout
1611 2955 1654 3010 si
1675 2954 1882 3010 Grecus
1915 2958 1994 3010 vel

419 3039 591 3096 Greca
627 3041 709 3096 vel
734 3040 871 3096 alius
895 3043 982 3113 qui
1024 3045 1128 3098 sub
1152 3043 1534 3112 iurisdictione
1563 3053 1749 3099 nostra
1776 3046 1882 3100 sint
1918 3048 1998 3102 vel

417 3150 542 3191 esse
569 3135 804 3204 debeant
831 3136 1144 3192 rendabiles
1167 3137 1398 3206 imperio
1424 3146 1630 3203 nostro,
1670 3139 1797 3193 licet
1822 3140 2002 3193 ellire-

422 3234 615 3280 rentur
651 3226 975 3292 Januenses,
1007 3228 1240 3284 debeant
1277 3242 1397 3283 esse
1421 3229 1522 3283 sub
1545 3232 1797 3286 examine
1828 3236 1998 3300 partis
2029 3252 2068 3304 ο

419 3317 638 3388 Imperii
684 3318 882 3384 nostri,
931 3334 1031 3373 nec
1075 3318 1531 3391 comptttabttutur
1564 3320 1618 3374 in
1668 3337 1896 3377 numero
1947 3335 2001 3376 et

417 3412 764 3467 ordinatione
805 3411 1104 3467 Inmehizie
1140 3423 1194 3467 et
1239 3412 1503 3467 libertatis
1524 3410 1899 3468 Jauueusium.

495 3504 628 3555 Item
655 3503 797 3570 quod
828 3503 1182 3558 concedimus
1208 3505 1348 3572 parti
1375 3503 1614 3572 ipsorum
1643 3503 1997 3560 Januensium

419 3594 596 3649 locum
633 3597 993 3650 habitacionis
1031 3596 1082 3650 iu
1117 3605 1260 3652 terra
1284 3595 1653 3656 Smirnarum,
1693 3606 1749 3651 et
1775 3602 2003 3664 permit-

423 3687 591 3741 timus
620 3687 768 3756 ipsos
798 3688 998 3744 habere
1021 3689 1074 3743 in
1106 3689 1293 3743 eodem
1324 3687 1442 3742 loco
1473 3689 1697 3758 Iogiam,
1724 3688 2002 3754 balneum,

424 3781 668 3840 Iunium,
700 3779 987 3834 ecclesiam
1017 3790 1072 3834 et
1099 3779 1200 3832 alia
1236 3795 1340 3847 que
1369 3780 1683 3849 spccilicata
1718 3791 1844 3835 sunt
1871 3795 1935 3849 pa
1949 3797 2003 3832 r-

426 3873 731 3927 ticulariter
771 3872 823 3924 in
852 3872 1088 3940 Capitulo
1117 3873 1185 3926 de
1225 3870 1438 3938 Galata,
1471 3881 1527 3925 ut
1560 3873 1760 3926 dictum
1794 3883 1899 3927 est.

495 3963 626 4016 Item
658 3963 800 4031 quod
826 3963 1162 4018 salvabimus
1189 3972 1299 4017 tam
1323 3964 1376 4018 in
1405 3963 1539 4018 mari
1566 3979 1727 4032 quam
1757 3963 1808 4016 in
1839 3973 2005 4027 terra,

425 4057 478 4110 iu
513 4053 763 4123 portibus
786 4063 840 4107 et
864 4053 1058 4109 insulis
1088 4069 1221 4124 quas
1252 4054 1518 4108 habemus
1555 4061 1611 4108 et
1653 4053 1888 4106 habituri
1921 4069 2010 4106 su-

425 4164 546 4201 mus
573 4161 667 4218 per
697 4145 929 4216 gratiam
973 4146 1065 4200 Dei
1119 4156 1174 4201 et
1201 4144 1651 4200 intercessionem
1680 4144 1800 4211 eius
1852 4159 2009 4198 sanc-

425 4242 634 4297 tissime
659 4241 971 4305 Genitricis,
1012 4254 1202 4295 omnes
1233 4236 1535 4294 Januenses
1573 4242 1716 4293 etde
1759 4223 2008 4292 districto

421 4333 598 4388 Janue
628 4343 680 4388 et
703 4348 892 4388 omnes
924 4333 1228 4386 nominatos
1265 4328 1566 4385 Januenses
1597 4341 1649 4385 et
1681 4331 1771 4399 qui
1799 4344 1893 4396 pro
1920 4329 2012 4382 Ja-

427 4429 731 4481 nuensibus
755 4427 1164 4494 distinguuntur
1187 4424 1270 4478 vel
1305 4425 1658 4484 tenebuntur,
1688 4425 1737 4476 in
1765 4424 2010 4491 personis

426 4530 481 4571 et
517 4519 678 4572 rebus
729 4519 983 4572 onmibus
1013 4531 1226 4582 eorum,
1277 4525 1330 4570 et
1359 4515 1462 4569 hiis
1495 4515 1572 4586 (ιι)
1604 4515 1695 4583 qui
1738 4516 2012 4582 patientur

2082 664 2178 730 ipsi
2215 665 2566 732 probaverint
2595 663 2647 717 in
2679 666 2908 717 veritate
2938 673 2992 716 et
3014 664 3324 730 iuraverint
3350 663 3403 714 in
3434 677 3658 730 presen-

2080 756 2152 807 tia
2212 755 2426 809 illorum
2467 756 2557 824 qui
2616 763 2938 825 potestatem
2973 755 3262 808 habuerint
3301 753 3658 808 Januensium

2080 856 2335 914 presente
2378 848 2580 900 nuneio
2638 847 2851 914 Imperii
2884 848 3077 901 nostri.
3128 846 3373 901 Probare
3431 846 3666 900 debeant

2079 939 2326 993 similiter
2380 955 2500 993 cum
2534 940 2674 993 veris
2698 940 3022 1007 iuramentis
3047 941 3208 993 etiam
3259 940 3348 992 alii
3381 939 3472 1008 qtti
3514 940 3663 992 inve-

2081 1031 2298 1084 nientur
2353 1032 2402 1083 in
2458 1032 2650 1086 eodem
2683 1032 2964 1101 naufragio
3001 1033 3090 1100 qui
3129 1031 3402 1084 evaserint
3435 1033 3501 1085 de
3546 1034 3664 1100 IpS)

2081 1126 2323 1192 periculo
2371 1136 2625 1191 presente
2666 1127 2780 1193 ipso
2834 1125 3034 1177 nnncio
3072 1123 3281 1191 Imperii
3335 1123 3528 1192 nostri.
3575 1126 3662 1189 qui

2083 1216 2260 1271 videat
2301 1220 2449 1289 ipsos
2498 1231 2664 1276 testes
2701 1221 2910 1289 iurare,
2943 1225 3004 1268 ttt
3043 1230 3205 1284 supra
3239 1218 3444 1272 dietum
3475 1227 3579 1280 est,
3614 1229 3665 1269 tt

2083 1309 2330 1366 sullieere
2361 1313 2552 1367 debeat
2581 1313 2682 1366 hoc
2713 1312 2778 1366 ad
2803 1323 3174 1369 oslensmnem
3210 1323 3262 1369 et
3288 1314 3665 1381 probationem

2081 1403 2349 1457 veritatis.

2154 1495 2287 1548 Item
2351 1497 2494 1560 quod
2552 1497 2916 1566 prcstabimus
2968 1511 3184 1566 semper
3239 1496 3380 1566 parti
3450 1497 3670 1550 illustris

2083 1589 2332 1642 comunis
2382 1587 2556 1644 Janue
2589 1598 2643 1642 et
2681 1588 2908 1658 singulis
2943 1585 3303 1642 Januensibus
3349 1597 3404 1639 et
3452 1587 3518 1641 de
3558 1589 3669 1642 tlis~

2091 1680 2251 1730 trirtu
2291 1679 2462 1734 Janue
2492 1689 2546 1733 et
2585 1679 2822 1746 illorum,
2849 1679 2938 1748 qui
2973 1678 3304 1733 tenebuntur
3353 1678 3671 1732 utJanuen-

2086 1787 2196 1836 ses,
2226 1771 2532 1826 libertatem
2562 1779 2616 1823 et
2656 1769 3016 1824 franehiziam
3064 1778 3120 1824 et
3174 1769 3568 1822 immunitatem
3604 1773 3669 1822 de

2087 1872 2270 1913 cetero
2309 1875 2520 1928 semper
2549 1870 2657 1915 tam
2695 1861 2749 1913 in
2785 1859 2922 1914 mari
2951 1875 3111 1928 quam
3155 1860 3207 1913 iu
3257 1869 3424 1923 terra,
3455 1860 3507 1913 in
3543 1874 3670 1928 por-

2089 1948 2230 2000 tibus
2257 1958 2311 2001 et
2352 1948 2542 2001 insulis
2573 1949 2778 2004 nostris
2813 1963 2948 2016 quas
2976 1947 3238 2002 habemus
3269 1957 3320 2002 et
3349 1949 3671 2003 habebimus

2089 2037 2189 2093 Dei
2232 2038 2611 2093 misericordia
2640 2050 2692 2093 et
2717 2053 2812 2109 per
2844 2039 3293 2094 intercessionem
3325 2040 3671 2094 sanetiSsinm

2093 2129 2183 2184 Dei
2211 2129 2534 2193 Genitricis,
2566 2130 2638 2183 ita
2671 2130 2811 2199 quod
2843 2144 3030 2183 omnes
3062 2127 3361 2185 Januenses
3384 2141 3438 2183 et
3467 2133 3531 2185 de
3564 2131 3674 2183 dis~

2093 2220 2252 2274 trietu
2291 2220 2470 2275 Janue
2519 2230 2574 2275 et
2615 2221 2706 2290 qui
2752 2229 3004 2276 tenentur
3034 2219 3331 2275 Januenses
3362 2222 3472 2276 sint
3500 2221 3669 2275 Irauri

2092 2322 2145 2366 et
2203 2311 2387 2373 liberi.
2448 2312 2614 2366 nichil
2681 2311 2954 2366 solventes
3007 2313 3059 2366 in
3104 2321 3216 2366 tota
3267 2322 3407 2366 terra
3455 2313 3672 2382 Imperii

2095 2402 2261 2454 nostri
2312 2417 2411 2469 pro
2441 2402 2713 2457 eorucreio
2746 2416 2845 2458 nee
2885 2418 3048 2458 causa
3085 2403 3316 2472 alicujus
3347 2404 3671 2461 exactionis.

2096 2493 2358 2546 intrantes
2390 2493 2642 2548 videlicet
2671 2509 2768 2563 per
2799 2504 2967 2549 totam
3016 2505 3212 2550 terram
3248 2495 3462 2564 Imperii
3495 2496 3667 2550 nostri

2095 2585 2177 2638 vel
2205 2596 2462 2640 exerrntcs
2494 2599 2557 2640 ex
2597 2586 2732 2656 ipsa,
2791 2590 3088 2643 vendentcs
3121 2598 3176 2643 et
3207 2601 3452 2643 ementes
3485 2598 3539 2642 et
3581 2601 3675 2642 ex-

2096 2675 2433 2732 cambiantes
2464 2678 2543 2732 vel
2565 2679 2784 2748 aliquod
2817 2680 2958 2734 aliud
2985 2683 3522 2752 negociantes'modis
3547 2697 3676 2736 con-

2097 2770 2269 2823 suetis
2301 2771 2681 2835 mercacionis,
2714 2780 2895 2840 preter
2923 2772 3004 2827 Sal
3043 2781 3098 2827 et
3127 2774 3432 2840 masticem,
3462 2782 3672 2827 stantes

2097 2865 2246 2919 etde
2274 2871 2416 2916 terra
2445 2862 2498 2915 in
2543 2872 2744 2916 terram
2780 2871 3061 2925 exeuntes,
3094 2879 3189 2934 per
3228 2874 3429 2918 terram
3464 2865 3548 2918 vel
3578 2879 3676 2933 per

2102 2969 2272 3018 mare,
2291 2967 2413 3008 cum
2444 2954 2877 3010 mercacionibus
2898 2955 2981 3009 vel
3007 2956 3124 3010 sine
3147 2957 3570 3018 merae'onibus,
3610 2959 3676 3009 ad

2100 3046 2216 3101 loca
2241 3045 2545 3100 deterentes
2570 3043 2652 3099 vel
2681 3030 2812 3099 inde.
2828 3048 3174 3100 extrahentes
3207 3061 3269 3100 ex
3299 3047 3570 3115 emptione
3597 3047 3682 3098 Vel

2103 3139 2211 3192 alio
2228 3137 2381 3192 lucro
2399 3147 2450 3193 et
2468 3137 2592 3192 alibi
2613 3137 2934 3202 delerentcs,
2953 3139 3307 3208 personaliter
3324 3155 3417 3193 seu
3439 3141 3677 3195 realiter.

2173 3229 2304 3284 Item
2331 3230 2378 3285 si
2406 3230 2526 3300 quis
2553 3227 2852 3284 Januensis
2885 3230 2968 3285 vel
2997 3232 3087 3300 qui
3127 3241 3338 3284 tenetur
3367 3244 3421 3284 ut
3443 3230 3684 3285 .ianuen-

2107 3327 2184 3380 sis
2210 3326 2435 3380 solverit
2460 3325 2661 3393 aliquid
2689 3325 2771 3377 vel
2805 3324 3219 3394 dampnilicalus
3251 3323 3387 3378 foret
3422 3325 3472 3377 in
3510 3325 3686 3394 aliqua

2109 3427 2252 3471 terra
2315 3415 2556 3483 subjecta
2615 3414 2845 3483 Imperio
2908 3425 3117 3477 nostro,
3151 3424 3206 3470 et
3261 3416 3499 3469 ablatum
3543 3428 3690 3468 esset

2107 3506 2211 3560 sibi
2259 3505 2468 3559 ratione
2495 3504 2727 3559 staliaua
2760 3505 2842 3558 vel
2880 3505 3122 3558 maxerie
3152 3514 3244 3557 aut
3274 3517 3492 3573 propter
3525 3507 3687 3559 aliam

2109 3611 2329 3650 causam
2377 3596 2458 3649 vel
2494 3596 2710 3650 modum
2748 3605 3030 3664 operatum
3066 3595 3230 3650 fuerit
3266 3609 3456 3650 comra
3489 3599 3687 3650 dictam

2108 3683 2463 3753 fraurhiziam
2479 3695 2533 3738 et
2552 3685 2675 3738 libet
2691 3692 2856 3738 tatem
2883 3685 3122 3753 ipsorum
3145 3683 3522 3753 .Ianueusium,
3545 3689 3687 3753 quod

2112 3776 2404 3845 Imperium
2444 3787 2683 3831 nostrum
2715 3776 2892 3831 facere
2921 3779 3111 3832 debeat
3145 3779 3396 3831 satisfieri
3429 3791 3480 3832 et
3524 3780 3687 3832 resti-

2111 3872 2384 3926 tucionem
2429 3869 2542 3925 ﬁeri
2571 3871 2700 3932 hiis,
2731 3874 2824 3940 qui
2856 3871 3148 3940 dampnttm
3182 3872 3321 3938 passi
3348 3870 3571 3935 fuerint,
3605 3879 3688 3924 to-

2112 3976 2224 4019 tum
2268 3965 2318 4019 id
2348 3967 2490 4034 quod
2527 3965 2627 4032 ipsi
2659 3964 2793 4018 tales
2826 3962 3132 4031 iuraverint
3161 3963 3211 4015 in
3256 3963 3536 4031 prescncia
3582 3963 3686 4014 l’o-

2120 4055 2336 4111 testatis
2362 4069 2456 4110 seu
2488 4053 2784 4111 Consulum
2807 4053 3153 4108 Januensium
3183 4055 3327 4124 quod
3360 4057 3605 4110 dederint
3629 4056 3692 4108 il-

2111 4149 2202 4204 lud
2235 4149 2324 4204 tali
2361 4150 2518 4204 modo
2561 4160 2651 4202 aut
2680 4147 2917 4202 ablatura
2961 4148 3120 4201 fuerit
3157 4151 3225 4200 ab
3254 4148 3404 4218 ipsis.

2183 4243 2314 4298 Item
2365 4242 2510 4312 quod
2561 4257 2664 4295 non
2697 4241 2940 4308 recipere
2983 4241 3176 4295 debeat
3211 4242 3277 4296 de
3309 4251 3490 4296 cetero
3522 4241 3696 4309 In-pv-i

2113 4335 2252 4388 rium
2285 4343 2528 4389 nostrum
2569 4334 2802 4402 aliquem
2844 4331 3174 4388 .lanuensem
3222 4334 3302 4388 vel
3341 4335 3408 4388 de
3443 4337 3690 4389 districto

2111 4427 2284 4483 .Ianue
2319 4429 2370 4481 in
2400 4428 2714 4491 vassallum,
2749 4428 2820 4480 ita
2852 4429 2992 4496 quod
3027 4431 3298 4482 eximatur
3333 4441 3387 4482 et
3427 4445 3536 4482 non
3571 4445 3693 4483 esse

2115 4519 2438 4574 debeatsub
2475 4521 2730 4574 examine
2765 4528 2818 4573 et
2865 4519 3248 4590 iurisdietiouc
3281 4521 3570 4575 Potestatis
3610 4525 3692 4574 vrl

430 4609 772 4677 naufragium
827 4616 884 4664 et
937 4605 1066 4662 inde
1115 4608 1413 4671 evaserint,
1463 4607 1508 4658 si
1570 4606 2004 4658 testiﬁcabuntur
2039 4602 2079 4655 D
2110 4608 2406 4665 Consulutn
2460 4611 2840 4676 Januensium,
2890 4615 2980 4667 sed
3017 4614 3210 4668 debeat
3249 4616 3360 4676 ipse
3397 4614 3518 4667 talis
3549 4615 3694 4682 indi-

430 4718 526 4770 per
570 4702 756 4754 literas
790 4687 1084 4754 Potestatis
1115 4695 1289 4751 Janue
1313 4711 1406 4750 seu
1440 4694 1733 4749 Potestatis
1761 4696 1841 4748 vel
1865 4696 2004 4751 Cou-

429 4791 565 4845 sulis
597 4787 946 4843 Ianuensium
985 4787 1076 4856 qui
1110 4788 1161 4840 in
1210 4785 1462 4854 partibus
1496 4783 1760 4839 Ruinanie
1795 4785 2005 4839 inveni-

343 4935 348 4938 .
430 4893 592 4937 entur
621 4896 685 4936 eo
728 4891 973 4949 tempore
1025 4893 1132 4947 quo
1174 4879 1276 4933 hoc
1336 4879 1440 4931 tale
1492 4876 1801 4944 contigerit,
1842 4888 1893 4928 et
1918 4877 2009 4929 de-

436 4982 795 5027 tnonslralum
823 4970 982 5024 luerit
1001 4985 1109 5039 per
1133 4969 1436 5039 huiusmodi
1471 4958 1836 5022 testimonium
1864 4967 2011 5036 ipSIls

428 5080 550 5118 esse
573 5063 874 5118 Januenses
901 5061 983 5114 vel
1012 5064 1077 5114 de
1104 5061 1354 5114 districto
1382 5057 1552 5113 .Ianue
1589 5057 1672 5112 vel
1703 5057 2011 5112 nominatos

429 5169 483 5212 et
515 5157 811 5227 appellatos
841 5153 1164 5209 Janueuses.

506 5247 638 5300 Item
671 5246 814 5313 quod
843 5241 1171 5306 Januenses,
1209 5248 1263 5298 et
1292 5242 1381 5312 qui
1414 5242 1543 5297 dicti
1579 5240 1781 5296 fuerint
1818 5249 1874 5296 et
1917 5256 2013 5295 uo-

432 5335 625 5389 minati
671 5334 874 5388 fuerint
902 5331 1207 5387 Januenses
1241 5343 1299 5386 ut
1329 5347 1516 5403 supra,
1551 5334 1597 5387 si
1625 5331 1912 5401 contigerit
1947 5332 2012 5385 ll-

431 5428 511 5481 eri
541 5428 621 5482 eis
651 5424 875 5479 olI‘eusio
906 5439 998 5479 seu
1047 5425 1338 5494 dampuum
1377 5423 1592 5493 aliquod
1639 5423 1694 5477 in
1719 5422 1882 5478 terris
1910 5424 2016 5476 IIII-

431 5519 569 5590 perii
619 5517 788 5573 nostri
821 5517 888 5571 de
937 5516 1238 5586 naufragiis
1295 5515 1742 5584 provenientibus
1769 5517 1835 5569 ad
1872 5516 2016 5584 ipsos

432 5629 555 5668 cum
602 5612 763 5666 rebus
807 5611 1067 5678 ipsorum,
1097 5621 1150 5663 et
1184 5611 1478 5678 dampnum
1535 5611 1678 5679 passi
1715 5609 1912 5664 fuerint
1952 5614 2016 5665 de

433 5702 569 5771 ipsis
624 5704 784 5755 rebus
826 5715 921 5770 per
975 5700 1188 5769 aliquos
1223 5701 1497 5770 subiectos
1532 5699 1750 5770 Imperii
1819 5704 2016 5764 nostri,

507 5879 590 5951 (tt)
626 5878 765 5950 Lege
790 5880 904 5934 hos.

2111 4702 2224 4755 cari
2284 4719 2380 4771 per
2444 4702 2591 4772 ipsos
2631 4713 2789 4774 prout
2829 4706 2992 4758 ceteri
3051 4707 3196 4760 cives
3247 4717 3299 4759 et
3353 4707 3690 4760 ItttItIiuIttl‘cs

2108 4791 2304 4850 Jatttte.

2187 4886 2319 4940 Item
2346 4889 2486 4957 quod
2520 4905 2622 4940 non
2655 4890 3010 4958 impediemus
3036 4905 3132 4945 nee
3153 4891 3399 4960 impediri
3431 4892 3694 4946 faciemus

2116 4996 2212 5035 seu
2247 4981 2499 5051 impediri
2535 4986 2917 5052 permittemus
2953 4985 3004 5037 in
3038 4994 3148 5039 tota
3201 4993 3346 5037 terra
3376 4977 3544 5038 nostri
3596 4984 3695 5038 in.-

2116 5072 2272 5138 perii,
2320 5087 2480 5141 quam
2537 5073 2797 5128 habemus
2842 5085 2899 5128 et
2929 5075 2994 5128 de
3037 5077 3210 5143 gratia
3263 5074 3354 5128 Dei
3392 5073 3690 5130 Genitricis

2116 5165 2476 5234 acquiremus,
2510 5165 2743 5235 aliquem
2771 5163 3098 5221 Januensem
3135 5177 3190 5222 et
3217 5168 3282 5222 de
3319 5169 3566 5222 districto
3597 5167 3692 5222 Ja-

2116 5271 2220 5310 nue
2247 5268 2467 5326 propter
2521 5257 2722 5310 factum
2783 5273 2876 5312 seu
2910 5259 3166 5312 delictum
3215 5259 3297 5312 vel
3353 5260 3555 5313 furtum
3597 5276 3690 5315 seu

2118 5346 2362 5414 rapinam
2389 5347 2469 5400 vel
2510 5345 2749 5400 debitunt
2777 5350 3004 5401 alterum
3039 5349 3090 5401 in
3125 5364 3355 5418 persona
3393 5350 3476 5404 vel
3501 5356 3566 5403 're
3597 5353 3696 5402 ali-

2117 5452 2244 5506 qua,
2306 5439 2400 5492 sed
2454 5438 2824 5507 unusquisque
2875 5437 3166 5495 Januensis
3213 5441 3296 5495 vel
3333 5443 3422 5511 qni
3476 5452 3692 5497 tenetur

2117 5529 2405 5586 Janueusis
2443 5531 2541 5584 8th
2577 5531 2733 5598 culpa
2757 5531 2924 5599 ipsius
2953 5531 3041 5584 tali
3085 5533 3245 5586 modo
3279 5534 3578 5588 exatninari
3602 5535 3696 5588 de-

2119 5621 2246 5675 beat
2275 5622 2373 5673 sub
2421 5622 2570 5672 curia
2617 5629 2672 5672 et
2701 5619 3082 5688 iurisdictione
3117 5620 3412 5677 POtestatis
3443 5623 3525 5678 vel
3558 5624 3700 5677 Co..-

2122 5714 2252 5769 Sulis
2274 5711 2651 5777 .Iauuensium,
2681 5723 2734 5768 et
2768 5715 2910 5783 quod
2937 5716 3191 5783 puniatur
3224 5727 3278 5771 et
3310 5717 3497 5771 reddat
3529 5723 3704 5772 raclov
