4106 6408
432 456 576 523 I125

1531 458 1911 524 NOVELLrE
1949 459 2630 522 CONSTI'IUTIONES.

3558 461 3697 524 f1‘26

428 574 863 633 strumintemlat
885 572 949 628 de
965 574 1222 643 pre-diutis
1244 572 1309 627 ad
1330 572 1609 628 dominum
1632 572 1832 628 Ducem
1859 588 2013 627 suam
2046 578 2088 635 Α
2120 573 2167 627 ei
2208 572 2289 627 vel
2320 586 2453 639 non,
2506 582 2635 626 tunc
2692 570 2760 626 de
2801 569 3067 640 predictis
3105 568 3394 636 Imperium
3453 576 3725 626 nestrunt‘

427 666 792 725 ambaxiatatu
827 664 1307 719 transmittere-ad
1329 664 1736 732 impetrandum
1768 663 1909 732 quod
1945 662 2007 716 il-

426 763 514 816 luc
545 760 689 815 dicta
716 758 929 828 navigia
957 756 1264 811 Grecorum
1308 758 1519 826 possint
1558 756 1838 825 navigare,
1872 766 1925 809 et
1957 754 2008 809 si

423 856 679 913 dominus
715 853 829 907 Dux
873 852 1140 906 concedet
1169 850 1312 919 quod
1348 865 1409 905 ea
1450 852 1659 919 possint
1692 849 1823 903 illuc
1854 850 2005 901 navis

422 961 572 1017 gare,
598 945 745 1016 quod
787 944 999 1013 possint
1038 943 1118 998 ire
1156 956 1257 997 nec
1303 949 1584 997 moveatur
1635 955 1830 1009 guerra
1881 953 2006 1009 prod-

423 1044 511 1105 pte
521 1050 609 1088 rea
644 1035 784 1088 inter
815 1042 1023 1101 partes.

512 1129 644 1183 Item
678 1126 860 1181 extitit
903 1139 1000 1194 per
1045 1131 1287 1193 pactum,
1323 1122 1463 1193 quod
1498 1122 1542 1177 si
1580 1135 1677 1190 per
1696 1119 2005 1176 Januenses

420 1233 590 1286 super
609 1216 829 1287 navigio
852 1215 1207 1270 inimicorum
1242 1228 1461 1279 eorum,
1486 1215 1887 1270 Catalanorum
1922 1212 2002 1264 vi-

425 1309 622 1364 delicet
665 1317 718 1362 et
754 1306 1108 1372 Venetorum,
1142 1314 1474 1375 caperentur
1506 1303 1692 1372 Greci,
1737 1303 1828 1373 qui
1876 1315 2002 1358 cum

372 1414 377 1417 ‘
421 1401 581 1455 dictis
614 1399 851 1454 inimicis
885 1406 1074 1453 essent
1111 1398 1177 1453 ad
1214 1398 1425 1453 soldum
1451 1397 1537 1453 vel
1569 1412 1670 1454 sua
1695 1405 2000 1467 spontanea

420 1492 723 1555 voluntate,
757 1494 900 1560 quod
935 1491 1009 1544 illi
1039 1490 1179 1545 tales
1208 1490 1370 1545 Greci
1396 1494 1607 1563 possint
1629 1489 1826 1553 teneri,
1852 1489 2005 1545 salvo

430 1583 477 1639 si
512 1584 641 1639 dicti
664 1583 824 1639 Greci
852 1582 924 1638 ibi
955 1590 1143 1638 essem
1174 1597 1273 1652 per
1302 1581 1413 1638 vim
1461 1583 1629 1652 capti,
1663 1584 1807 1652 quod
1862 1592 1996 1637 tunc

417 1674 729 1730 Janueuses
756 1674 875 1730 illos
912 1674 1045 1728 tales
1094 1674 1299 1729 Grecos
1349 1674 1599 1729 relaxare
1652 1674 1906 1729 debeant.
1936 1668 2003 1727 Et

424 1766 671 1834 predieta
717 1766 894 1820 locum
936 1765 1176 1820 habeant
1204 1764 1408 1833 elapsis
1457 1765 1632 1817 tribus
1692 1763 1997 1827 mensibus,

418 1860 749 1928 ittt'IpiﬂneilS
776 1874 805 1912 a
839 1858 928 1913 die
968 1859 1143 1912 ﬁende
1179 1857 1330 1926 pacis
1359 1868 1413 1909 et
1445 1855 1699 1909 ﬁniendis
1730 1855 1784 1910 itt
1817 1856 2001 1911 calen-

2116 666 2288 734 possit
2312 666 2692 720 transmittere
2716 664 2783 719 ad
2806 665 3091 719 dominum
3117 664 3318 719 Ducem
3337 674 3391 719 et
3408 677 3695 720 commune

2113 753 2305 819 Janue,
2335 754 2667 824 ct’quidquid
2692 755 2758 808 de
2776 754 3032 822 predictis
3054 769 3114 809 se
3132 754 3427 808 conveniet
3450 765 3498 807 et
3524 754 3693 808 faciat

2113 862 2236 900 cum
2261 845 2483 900 domino
2506 844 2652 902 Duco
2680 858 2734 901 et
2761 847 3014 902 dominus
3063 846 3175 902 Dux
3213 848 3313 917 (υ),
3355 856 3420 900 ut
3438 862 3559 903 cum
3589 848 3697 902 Int-

2113 934 2269 1002 perio
2295 944 2484 988 nostro
2515 934 2646 990 illud
2679 934 3018 1006 intelligatur
3034 952 3154 992 esse
3180 939 3405 1002 factum,
3435 948 3486 991 et
3511 939 3557 993 si
3581 953 3688 991 non

2114 1023 2354 1089 placebit
2386 1025 2622 1095 Imperio
2654 1037 2851 1083 nostro
2883 1028 3161 1085 ordinatio
3202 1044 3367 1099 quam
3404 1030 3575 1085 faciet
3597 1029 3693 1084 do-

2114 1114 2296 1169 minus
2328 1114 2441 1168 Dus
2473 1117 2547 1171 de-
2570 1118 2855 1183 predictis,
2889 1120 3041 1189 quod
3072 1108 3246 1189 possit
3274 1121 3569 1190 Imperium
3597 1135 3692 1175 no-

2108 1214 2282 1260 strum
2310 1210 2681 1264 transmittere
2703 1211 2771 1264 ad
2802 1211 3078 1267 dominum
3102 1212 3304 1269 Ducem
3332 1214 3530 1269 totiens
3552 1228 3691 1284 quo-

2113 1296 2252 1351 tiens
2280 1297 2511 1353 voluerit
2535 1302 2601 1355 ad
2634 1302 3069 1358 conveniendum
3106 1319 3312 1361 secum
3352 1321 3439 1362 eo.

2182 1385 2313 1441 Item
2348 1390 2527 1445 extitit
2553 1405 2649 1460 per
2676 1402 2921 1463 pactum,
2949 1395 3091 1465 quod
3126 1394 3428 1453 .lanuenses
3473 1414 3583 1454 non
3611 1409 3689 1455 te-

2114 1489 2349 1535 neantur
2377 1496 2608 1551 querere
2642 1490 2960 1556 sanguinem
3009 1488 3310 1545 Grecorum
3340 1491 3425 1545 vel
3455 1493 3690 1563 alicujus

2106 1572 2352 1634 extranei
2380 1576 2472 1643 qui
2504 1575 2575 1629 sit
2604 1577 2706 1629 sub
2741 1577 2977 1646 Imperio
3042 1591 3231 1635 nostro
3262 1596 3360 1650 per
3395 1597 3685 1637 commune

2107 1660 2283 1718 Janue
2314 1664 2395 1718 vel
2426 1666 2583 1721 Peire
2606 1667 2977 1735 bannitorum,
3004 1680 3059 1724 et
3106 1672 3362 1726 similiter
3389 1673 3683 1742 Imperium

2111 1764 2353 1810 nostrum
2374 1755 2770 1827 indulgentiam
2793 1761 3151 1816 dalomnihus
3170 1759 3535 1819 Januettsibus
3555 1781 3687 1819 con-

2111 1850 2192 1897 tra
2225 1860 2363 1913 quos
2388 1846 2620 1901 habebat
2648 1849 2864 1919 aliquod
2901 1868 3217 1918 gravamen.

415 1950 501 2005 d-s
529 1951 757 2020 Augusti
794 1950 1027 2020 proximi
1062 1949 1301 2003 venturi.
1342 1947 1409 2000 Et
1442 1963 1473 2001 e
1503 1962 1771 2003 converso
1821 1948 1866 2002 si
1904 1964 1998 2001 no-

2174 1934 2293 2001 Que
2337 1940 2519 1993 omnia
2569 1949 2625 1993 et
2680 1942 2894 2010 singula
2961 1947 3336 2015 suprascripta
3390 1947 3680 2017 Imperium

417 2055 592 2097 strum
627 2042 918 2111 Imperium
966 2042 1238 2095 invenerit
1289 2038 1600 2094 Januenses
1621 2040 1836 2110 aliquos
1877 2056 1999 2095 cum

418 2133 1997 2201 nostrolmperio.........................

420 2262 437 2280 .
469 2264 483 2278 .
514 2266 527 2279 .
556 2224 698 2294 quod
726 2240 822 2281 eos
847 2226 1041 2280 debeat
1068 2233 1273 2279 tenere.
1532 2234 1535 2235 '
1898 2274 1899 2277 η

412 2314 415 2317 “
492 2316 627 2370 Item
654 2316 837 2372 extitit
890 2331 989 2385 per
1048 2324 1288 2384 pactum,
1343 2316 1486 2385 quod
1537 2314 1721 2386 aliqua
1783 2315 2001 2387 navigia

416 2401 719 2457 Grecorum
744 2418 849 2456 non
874 2405 1088 2471 possint
1122 2406 1204 2458 ire
1242 2405 1327 2457 vel
1359 2405 1536 2459 redire
1567 2406 1632 2459 ad
1676 2407 1794 2461 loca
1823 2405 2000 2460 Cata-

416 2494 671 2550 Ianorum
704 2502 759 2548 et
795 2494 1127 2549 Venetorum
1181 2494 1417 2549 durante
1464 2510 1662 2566 guerra
1710 2496 1995 2567 predieta;

416 2596 647 2654 excepto
667 2588 709 2641 si
737 2586 1024 2655 Imperium
1056 2596 1300 2641 nostrum
1326 2587 1605 2657 aliquibus
1624 2588 1749 2643 suis
1776 2588 1842 2642 de
1869 2602 1999 2643 cau-

418 2680 494 2733 sis
532 2679 691 2733 vellet
754 2679 819 2733 ad
860 2677 1005 2733 dicta
1074 2678 1193 2733 lora
1249 2695 1418 2732 unum
1466 2679 1673 2749 lignum
1722 2668 1995 2733 armatum

418 2772 813 2836 transmittere,
847 2770 989 2839 quod
1022 2780 1151 2825 tunc
1182 2770 1331 2826 licite
1354 2772 1525 2840 possit
1555 2770 1763 2825 dictum
1792 2772 1996 2841 lignum

396 2844 792 2915 transmittere
830 2862 1281 2932 quotiescumque
1312 2862 1563 2917 voluerit.

496 2951 630 3007 Itent
693 2954 876 3009 extitit
927 2970 1023 3024 per
1060 2963 1279 3024 pactutn
1336 2964 1391 3010 et
1449 2967 1803 3025 conventum,
1848 2959 1992 3026 quod

416 3047 599 3099 omnia
626 3045 929 3101 immobilia
960 3055 1104 3101 terre
1150 3056 1206 3101 et
1235 3050 1611 3115 possessiones
1635 3047 1995 3104 Januensium

416 3154 526 3210 que
550 3148 740 3194 essent
759 3138 812 3193 in
836 3138 1065 3209 imperio
1089 3140 1450 3195 restituantur
1472 3140 1843 3197 Januensibus
1869 3144 1995 3197 talia

2106 2038 2349 2084 nostrum
2378 2039 2433 2085 et
2460 2032 2850 2088 dilectissimus
2874 2035 3017 2089 {ilius
3040 2047 3224 2091 noster
3254 2040 3506 2095 dominus
3548 2042 3684 2096 Mat-

2105 2130 2225 2177 teus
2254 2121 2618 2179 Catacusinus
2649 2124 2903 2193 iuramus
2956 2128 3023 2183 ad
3052 2141 3243 2185 sancta
3278 2129 3369 2185 Dei
3400 2137 3681 2205 evangelia

2102 2222 2157 2269 et
2195 2214 2248 2267 in
2297 2213 2594 2271 animabus
2640 2218 2865 2280 nostris.
2907 2221 3270 2288 corporaliter
3322 2224 3481 2278 tactis
3512 2210 3688 2281 sacris

2101 2307 2415 2376 scripturis,
2453 2307 2610 2362 llrma
2654 2318 2709 2363 et
2742 2320 2856 2364 rata
2887 2318 2941 2364 et
2978 2321 3129 2382 grata
3175 2323 3436 2385 perpetuo
3486 2317 3687 2372 habere

2101 2406 2156 2453 et
2183 2406 2393 2465 tenere,
2413 2410 2470 2455 et
2494 2401 2545 2454 in
2573 2402 2721 2457 nullo
2743 2404 3119 2459 contrafacere
3146 2405 3230 2461 vel
3251 2408 3461 2474 venire,
3484 2410 3687 2478 dejure

2100 2491 2185 2546 vel
2217 2492 2285 2546 de
2318 2492 2485 2557 facto,
2522 2498 2682 2549 modo
2718 2496 2801 2549 vel
2832 2495 3071 2564 ingenio,
3102 2498 3198 2552 sed
3228 2514 3292 2553 ea
3322 2514 3446 2554 cum
3477 2500 3683 2556 eﬂ'ectu

2099 2593 2153 2637 et
2178 2584 2297 2639 sine
2323 2583 2689 2647 diminutione
2747 2588 2928 2658 aliqua
2962 2590 3255 2645 observare
3286 2600 3344 2646 et
3382 2590 3563 2647 facere
3600 2594 3691 2648 in-

2101 2691 2367 2734 concusse
2403 2679 2709 2736 observari.
2768 2681 2833 2736 Et
2897 2692 3148 2739 teneatur
3223 2685 3477 2739 similiter
3543 2686 3685 2739 alius

2099 2771 2282 2841 dispo.
2337 2780 3684 2833 .......................'...

2105 2864 2428 2919 carissimus
2457 2864 2602 2921 Illius
2634 2876 2819 2921 noster
2867 2867 3122 2924 dominus
3169 2868 3383 2923 Manuel
3442 2868 3684 2924 Cataon-

2100 2957 2276 3023 sinus,
2297 2971 2417 3011 cum
2442 2959 2655 3012 venerit
2675 2959 3039 3029 coboperaute
3058 2958 3167 3016 Deo
3196 2960 3271 3031 (υ)
3300 2960 3688 3015 Constantino-

2109 3050 2242 3118 poli,
2272 3049 2455 3118 jurare
2493 3055 2798 3113 attendere,
2823 3050 3098 3123 complere
3128 3062 3183 3107 et
3224 3054 3521 3108 observare
3566 3068 3685 3107 om-

2107 3143 2196 3196 nia
2249 3152 2305 3197 et
2342 3143 2577 3214 singula,
2615 3154 2776 3213 prout
2807 3159 2929 3199 nos.
2958 3142 3023 3197 Et
3063 3161 3161 3215 per
3186 3147 3419 3201 similem
3461 3148 3684 3201 modum

415 3232 594 3302 qualia
628 3240 778 3297 sunt,
804 3232 953 3287 salvo
978 3233 1123 3302 quod
1156 3234 1201 3287 si
1235 3231 1305 3287 de
1328 3233 1608 3303 aliquibus
1633 3236 1996 3304 possessioui-
2026 3270 2069 3327 ο
2103 3234 2233 3289 dicti
2269 3236 2495 3303 domini,
2526 3236 2784 3299 Obcrtus,
2812 3236 3019 3300 Rall‘us,
3057 3235 3407 3300 Fredericus,
3453 3246 3505 3289 et
3538 3237 3686 3291 Lan-

420 3326 520 3377 bus
542 3324 881 3393 pervenisset
915 3324 966 3377 in
990 3334 1239 3379 neatrum
1274 3325 1589 3379 vestiarium
1625 3327 1804 3397 aliqua
1834 3342 1998 3396 peru-

415 3419 527 3482 nia,
562 3419 675 3489 ipsa
711 3417 933 3472 minime
958 3416 1279 3472 restituatur
1306 3427 1359 3472 et
1394 3426 1670 3474 teneatur.

486 3511 619 3565 Item
650 3510 832 3563 extitit
856 3524 952 3579 per
982 3519 1200 3579 pactum
1237 3516 1291 3562 et
1328 3509 1684 3579 promissum,
1714 3511 1857 3581 quod
1896 3513 1997 3566 ali—

414 3602 537 3672 quis
562 3600 853 3659 Januensis
886 3615 991 3654 non
1019 3600 1190 3669 possit
1215 3614 1402 3655 emere
1424 3603 1656 3671 aliquas
1686 3604 1996 3672 possessio-

417 3710 511 3749 nes
544 3695 626 3746 vel
676 3704 853 3748 terras
898 3708 994 3747 seu
1024 3693 1210 3746 vineas
1238 3694 1304 3745 ab
1335 3692 1518 3763 aliquo
1554 3693 1753 3759 Greco,
1789 3694 1891 3750 nisi
1930 3697 1995 3751 de

418 3786 673 3839 Illalldaio
705 3784 927 3853 Imperii
955 3782 1148 3846 nostri,
1175 3792 1229 3835 et
1251 3783 1296 3837 si
1320 3782 1517 3853 aliquis
1541 3782 2000 3857 Januensiseme-

398 3868 498 3930 ‘ret
525 3880 647 3931 sine
698 3877 954 3931 inaudato
990 3873 1210 3943 Imperii
1247 3875 1448 3941 nostri,
1498 3879 1719 3931 amittat
1749 3876 1995 3947 precium

415 3969 561 4023 dicte
593 3969 983 4038 possessionis.

392 4118 397 4121 Α
489 4061 646 4127 Item,
675 4063 815 4131 quod
851 4062 1059 4129 debita,
1093 4077 1199 4131 que
1251 4070 1380 4117 sunt
1412 4059 1555 4115 inter
1594 4058 1800 4115 Grecos
1824 4070 1877 4113 et
1909 4056 1998 4111 Ju—

417 4169 673 4218 nuenses,
706 4155 814 4208 sint
844 4155 896 4209 iu
933 4170 999 4209 eo
1027 4162 1171 4209 statu
1213 4162 1268 4207 et
1291 4154 1435 4223 jure,
1465 4152 1663 4222 quibus
1684 4160 1843 4206 erant
1867 4160 1997 4205 ante

388 4261 697 4318 “gtterratm,
727 4255 959 4315 excepto
1008 4245 1150 4315 quod
1183 4246 1229 4300 si
1284 4244 1464 4313 aliqua
1513 4243 1890 4312 pervenissent
1938 4244 1991 4294 in

414 4335 681 4391 vestiario
711 4330 927 4405 Imperii
961 4338 1133 4392 nostri
1169 4336 1250 4390 vel
1287 4337 1342 4390 in
1378 4326 1655 4389 cmntnuni
1694 4334 1868 4389 Janue
1910 4334 1994 4388 vel

394 4430 614 4501 ,I’eyre,
645 4430 733 4483 illa
763 4430 892 4485 talia
944 4430 1157 4485 restitui
1196 4444 1305 4483 non
1329 4429 1579 4483 debeant.

392 4512 404 4591 ζ
496 4523 627 4577 Item
664 4523 844 4577 extitit
894 4537 991 4592 per
1041 4534 1260 4593 pactum
1289 4531 1343 4577 et
1377 4530 1737 4584 conventum,
1780 4520 1922 4588 quod
1947 4533 1991 4572 SI

2104 3322 2345 3388 l'rancus,
2382 3328 2695 3381 nominilms
2743 3329 2999 3397 predictis
3025 3328 3349 3398 juraverunt
3392 3330 3459 3383 ad
3492 3341 3681 3386 sancta

2102 3415 2195 3470 Dei
2224 3419 2530 3487 evangelia,
2568 3419 2930 3487 corporaliter
2981 3420 3141 3474 taetis
3192 3422 3365 3475 sacris
3398 3430 3452 3474 et
3484 3422 3689 3476 sanctis

2103 3504 2415 3573 scripturis,
2444 3514 2500 3560 et
2532 3508 2584 3561 in
2628 3509 2956 3563 animalibus
2994 3508 3127 3562 dicti
3157 3509 3362 3563 domini
3395 3513 3684 3564 Ammirati

2100 3605 2155 3648 et
2205 3598 2409 3651 domini
2482 3598 2644 3655 Ducis
2708 3609 2764 3655 et
2826 3601 3139 3655 communis
3210 3600 3420 3665 lanue,
3500 3603 3684 3658 omnia

2100 3690 2410 3757 supradicta
2458 3700 2511 3745 et
2557 3691 2767 3761 singula
2826 3692 3028 3747 habere
3083 3702 3348 3762 perpetuo
3376 3694 3554 3759 ﬁrma,
3590 3710 3684 3747 ra-

2101 3788 2174 3844 ta,
2214 3791 2386 3849 grata,
2424 3790 2478 3836 et
2529 3782 2581 3835 in
2634 3784 2779 3836 nullo
2822 3782 3199 3838 contrafacere
3236 3784 3321 3840 vel
3368 3784 3575 3852 venire,
3618 3787 3686 3840 de

2094 3870 2217 3941 jure
2252 3874 2331 3927 vel
2387 3877 2452 3928 de
2515 3875 2676 3940 facto,
2712 3876 2872 3931 modo
2928 3878 3011 3931 vel
3047 3877 3282 3947 ingenio,
3319 3887 3373 3931 et
3430 3894 3492 3933 ea
3558 3894 3681 3934 cum

2099 3963 2294 4019 ell‘ectu
2337 3975 2391 4021 et
2433 3966 2551 4021 sine
2587 3968 2951 4023 diminutione
2988 3970 3284 4024 observare
3306 3954 3564 4025 et‘farere
3601 3970 3683 4023 in-

2100 4071 2365 4112 concnsse
2406 4060 2685 4113 observari
2714 4075 2729 4113 :
2758 4070 2811 4113 et
2835 4064 2979 4129 quod
3012 4070 3296 4116 teneantur
3340 4063 3468 4116 dicti
3510 4061 3684 4115 donti-

2102 4164 2205 4203 nus
2268 4150 2641 4215 Ammiratus,
2685 4151 2890 4205 domini
2960 4153 3302 4208 Lauri-ancus
3355 4154 3677 4213 Cattauetts,

2102 4237 2368 4293 Martinus
2407 4240 2474 4293 de
2511 4238 2724 4306 Mauro,
2782 4240 3082 4298 Cattaneus
3113 4242 3337 4311 Spinula
3400 4255 3453 4299 et
3508 4243 3681 4297 Anto-

2104 4332 2247 4386 nius.
2282 4371 2295 4385 .
2331 4370 2345 4385 .
2383 4371 2396 4385 .
2434 4371 2448 4384 .
2482 4371 2496 4386 .
2536 4371 2550 4385 .
2579 4371 2593 4385 .
2626 4369 2641 4384 .
2673 4371 2689 4386 .
2725 4371 2740 4386 .
2773 4334 3219 4387 consiliariitlicti
3247 4335 3450 4388 domini
3473 4334 3680 4388 Ammi-

2101 4422 2441 4492 rati,jurare
2494 4440 2709 4493 semper
2750 4424 2818 4478 ad
2881 4427 3216 4481 voluntatem
3248 4427 3468 4497 Imperii
3506 4430 3675 4481 nostri

2107 4516 2387 4571 attendere
2410 4518 2589 4570 omnia
2609 4527 2663 4571 et
2694 4517 2905 4588 singula
2934 4532 2991 4573 ut
3014 4535 3177 4590 supra
3210 4539 3223 4573 :
3256 4536 3487 4575 necnon
3512 4521 3675 4575 etiam

416 4614 599 4683 aliqua
638 4616 777 4668 bona
801 4612 1160 4669 Januensium
1186 4622 1342 4680 capta
1371 4628 1464 4680 per
1486 4609 1779 4664 Cat-alantis
1802 4622 1855 4664 et
1886 4608 1990 4663 Ve-
2025 4615 2076 4676 ι)
2099 4606 2284 4674 jurent
2309 4608 2396 4660 isti
2424 4622 2639 4672 Omnes,
2678 4611 2821 4676 quod
2854 4610 3110 4664 dominus
3138 4609 3250 4664 Dux
3278 4610 3463 4681 jurare
3490 4621 3676 4665 tenea-

415 4716 573 4760 netos
608 4704 825 4760 vendita
860 4714 1045 4759 essent
1076 4715 1317 4772 tempore
1350 4719 1543 4770 guerre
1568 4702 1831 4771 presentis
1857 4698 1996 4754 Gre-

415 4797 517 4860 cis,
549 4806 603 4850 et
637 4796 891 4852 similiter
944 4798 1128 4866 aliqua
1185 4798 1325 4849 bona
1355 4791 1657 4849 Grecorum
1710 4802 1864 4861 capta
1911 4793 1996 4846 vel

417 4881 635 4943 vendita
662 4896 850 4944 essent
898 4887 1291 4953 Januensibus,
1349 4902 1457 4955 quc
1493 4896 1678 4940 essent
1710 4886 1991 4949 auunissa,

414 4995 519 5034 nec
550 4981 617 5034 de
642 4980 773 5049 ipsis
803 4980 1035 5050 amplius
1062 4979 1176 5033 ﬁeri
1202 4979 1376 5047 possit
1404 4977 1693 5046 requisitio
1714 4977 1917 5045 aliqua.

395 5097 403 5104 -
487 5071 645 5135 Item,
671 5071 815 5137 quod
842 5071 1025 5125 omnia
1047 5073 1285 5140 dampna
1305 5072 1429 5125 data
1462 5080 1705 5135 tempore
1724 5068 1996 5135 presentis

417 5179 613 5233 guerre
646 5173 703 5219 et
733 5163 875 5218 facta
907 5180 1004 5234 per
1047 5173 1350 5233 presentes,
1378 5162 1629 5215 videlicet
1660 5176 1753 5228 per
1791 5160 1997 5216 Grecos

416 5259 787 5316 Januensibus
816 5272 869 5315 et
896 5274 993 5329 per
1031 5257 1338 5314 Januenses
1360 5255 1571 5318 Grecis,
1602 5255 1711 5309 sint
1737 5256 1998 5320 remissa,

421 5370 524 5409 nec
549 5356 619 5409 de
650 5355 782 5423 ipsis
798 5353 1113 5423 aliqualiter
1136 5352 1312 5421 possit
1332 5350 1449 5405 ﬁeri
1501 5348 1685 5417 aliqua
1715 5350 1998 5419 requisitio

419 5448 506 5502 vel
537 5448 858 5501 emendacio
890 5461 985 5501 seu
1019 5443 1317 5500 restitutio.

492 5539 624 5595 Item
662 5539 848 5594 extitit
894 5554 992 5607 per
1028 5546 1268 5607 pactum,
1304 5538 1373 5591 de
1425 5535 1533 5607 Syo
1565 5546 1619 5590 et
1649 5535 1818 5599 Folia,
1854 5533 1997 5605 quod

420 5632 714 5702 Imperium
742 5641 997 5686 nostrum
1022 5631 1215 5685 debeat
1237 5631 1429 5686 audire
1450 5629 1827 5683 ambaxatores
1850 5642 2000 5688 suos,

426 5733 481 5779 et
507 5725 553 5779 si
577 5723 684 5795 ipsi
734 5724 877 5777 dicet
919 5722 984 5794 (ι)
1030 5721 1266 5791 Imperio
1296 5730 1481 5777 nostro
1515 5736 1630 5775 rem
1659 5735 1763 5792 que
1790 5719 2002 5790 placeat

496 5840 563 5907 (ι)
608 5840 771 5903 Lege,
796 5838 994 5892 dicent.

502 5905 579 5980 (ιι)
611 5908 835 5963 Videtur
862 5908 1069 5977 aliquid
1112 5905 1406 5964 excidisse.

2104 4710 2192 4754 tur
2247 4701 2301 4754 in
2336 4702 2612 4769 presentia
2656 4703 3051 4758 ambaxiatoris
3100 4698 3184 4758 vel
3244 4706 3676 4760 ambaxiatorum

2100 4793 2322 4863 Imperii
2373 4795 2573 4859 nostri,
2631 4797 2776 4863 quod
2833 4796 3131 4865 prediclant
3179 4812 3389 4867 pacem,
3445 4808 3597 4868 pacta
3623 4808 3676 4851 et

2099 4886 2493 4941 (onvetttimtes
2525 4897 2579 4942 et
2627 4887 2839 4957 singula
2873 4904 3033 4959 supra
3068 4888 3214 4943 dicta
3261 4889 3481 4944 habebit
3517 4899 3570 4944 et
3596 4902 3676 4945 te-

2101 4976 2247 5031 nebit
2295 4978 2476 5043 lirnta,
2522 4990 2640 5034 rata
2698 4990 2755 5034 et
2792 4990 2966 5049 grata.
3018 4979 3097 5034 Ad
3150 4996 3379 5050 quorum
3431 4982 3672 5045 omnium

2102 5069 2367 5123 cautelam
2402 5080 2456 5124 et
2484 5070 2819 5125 evidenciam
2870 5072 3166 5141 pleniorem
3203 5088 3429 5143 presens
3456 5075 3677 5142 privile-

2102 5166 2248 5233 gium
2294 5164 2697 5219 sacramentale
2726 5180 2892 5219 aurea
2940 5166 3082 5219 bulla
3128 5167 3396 5221 munitum
3458 5165 3676 5234 Imperii

2106 5255 2275 5308 nostri
2304 5255 2418 5309 ﬁeri
2448 5255 2736 5323 iussimus,
2762 5257 3116 5311 translactum
3144 5258 3197 5311 in
3220 5256 3394 5312 Greco
3412 5268 3465 5312 et
3485 5255 3677 5310 Latino

2103 5347 2170 5402 de
2196 5355 2383 5402 nostro
2418 5347 2696 5412 mandato,
2729 5348 3121 5417 interpretante
3169 5359 3223 5406 et
3246 5351 3487 5405 dictante
3518 5349 3677 5402 fami-

2102 5438 2222 5493 liari
2264 5446 2473 5503 nostro,
2505 5455 2700 5508 magno
2751 5439 3045 5508 interprete
3079 5443 3295 5511 Imperii
3337 5442 3532 5505 nostri,
3578 5444 3677 5513 do-

2103 5528 2253 5585 mino
2278 5527 2505 5583 Nicolao
2562 5528 2780 5599 Sagieo.
2819 5530 3012 5586 litteris
3053 5532 3235 5587 rubeis
3289 5548 3449 5586 mantt
3487 5541 3674 5585 nostra

2104 5622 2322 5693 propria
2346 5637 2494 5675 more
2516 5621 2679 5677 solito
2710 5623 3075 5691 subscriptum
3106 5633 3160 5678 et
3189 5639 3352 5678 aurea
3386 5625 3531 5680 bulla
3557 5638 3678 5693 pro»

2104 5713 2246 5769 dicta
2282 5713 2507 5770 inferius
2535 5728 2770 5787 appensa
2806 5715 3120 5770 ruburatum
3157 5717 3254 5786 (π).

2178 5828 2249 5898 (ν)
2291 5827 2437 5883 Sauli
2474 5828 2598 5885 duo.

2179 5903 2257 5971 (τις)
2297 5899 2493 5968 Tenori
2519 5900 2679 5969 hujus
2711 5899 3062 5958 instrumenti
3092 5900 3233 5971 apud
3260 5900 3407 5957 Sauli
3441 5902 3551 5957 lnee
3585 5918 3675 5963 ac-
