1912 3054
548 363 1424 504 BESSABIONIS

779 545 1014 576 CARDINALIS
1035 545 1178 577 NlCAiNl

160 643 433 724 “TA,
461 643 806 701 REBUS
834 640 1234 720 GESTIS,
1271 638 1785 718 SCRIPTIS,

656 783 1228 844 COMMENTARIUS
1271 772 1287 788 ⁴

356 1009 606 1034 EMINENTISSIMO
629 1012 666 1035 AC
687 1011 960 1034 REVERENDISSIMO
979 1010 1114 1034 PRINCIPI
1136 1009 1273 1032 JOSEPHO
1295 1009 1404 1030 MARIE
1426 1008 1591 1030 CASTELLH)

187 1083 296 1106 TITULI
317 1084 342 1105 S.
365 1085 472 1107 ALEXII
492 1086 693 1108 PBESBYTERO
716 1086 883 1108 CARDINALI
905 1086 944 1108 ΕΤ
967 1086 1071 1108 SACILE
1092 1084 1245 1106 CONGREG.
1272 1084 1311 1105 DE
1332 1084 1464 1107 PROPAG.
1493 1084 1565 1105 FIDE
1587 1084 1754 1105 PREFECTI

683 1160 834 1182 ALOYSIUS
857 1160 1028 1182 BANDINIUS
1051 1158 1254 1180 FELICITATEM
1260 1173 1265 1179 .

202 1224 291 1263 Step6
313 1225 512 1265 multumque
528 1233 646 1266 anceps
660 1225 721 1263 fui,
746 1225 917 1257 cardinalis
931 1225 1137 1265 amplissime,
1152 1227 1260 1255 utrum
1278 1223 1333 1254 tibi
1352 1223 1497 1254 libellum
1515 1221 1600 1253 hunc
1620 1230 1725 1253 meum
1743 1221 1790 1252 of-

159 1272 275 1304 ferrem
294 1275 542 1315 tuoquejudieio
559 1284 684 1306 summo
706 1276 870 1315 probatum
889 1276 975 1315 typis
993 1275 1204 1314 evulgandum
1222 1275 1468 1306 committerem.
1491 1273 1631 1304 Verebar
1647 1273 1731 1303 enim
1750 1281 1789 1302 ne

156 1323 362 1362 [importunus
379 1325 477 1364 magis
494 1334 590 1365 quam
610 1326 772 1357 otIiciosus
787 1335 902 1363 essem,
923 1326 949 1356 si
969 1329 1038 1356 tuas
1053 1326 1166 1357 multas
1186 1325 1412 1364 oecupationes
1431 1327 1461 1354 et
1477 1324 1580 1354 studia
1598 1323 1787 1362 gravissima

159 1371 410 1413 interpellarem,
428 1375 545 1414 quibus
561 1374 657 1406 eﬂicis
674 1380 706 1406 ut
723 1376 777 1415 qui
800 1376 950 1407 virtutem
978 1377 1084 1408 colunt
1106 1385 1202 1407 unum
1217 1379 1247 1406 te
1266 1376 1404 1406 maxime
1426 1375 1571 1406 omnium
1588 1375 1789 1406 admirentur

154 1433 195 1456 ac
213 1425 351 1457 laudent.
369 1427 437 1458 Duo
454 1427 531 1457 mihi
547 1431 650 1458 tamen
667 1428 805 1458 audendi
835 1436 1031 1468 omnemque
1052 1428 1300 1468 suspensionem
1318 1437 1353 1458 ac
1378 1436 1497 1458 moram
1516 1427 1732 1466 abrumpendi
1757 1427 1788 1456 in

157 1485 254 1507 causa
274 1477 372 1510 fuere.
390 1474 527 1509 Primum
556 1479 740 1510 humanitas
762 1484 811 1510 tua
835 1480 1020 1520 singularis,
1038 1489 1109 1520 quae
1133 1480 1212 1511 nihil
1229 1489 1361 1520 parvum
1378 1480 1498 1511 fastidit
1523 1483 1790 1520 aspernaturque,

159 1529 214 1559 sed
233 1537 361 1567 magnas
380 1530 501 1568 ingenii
521 1538 599 1569 opes
614 1534 648 1561 ut
666 1530 796 1570 plurimi
809 1531 896 1568 facit,
918 1531 963 1562 sic
983 1531 1125 1562 modicas
1142 1535 1320 1570 tenuesque
1337 1539 1396 1561 suo
1413 1530 1506 1561 habet
1524 1531 1556 1561 in
1576 1532 1677 1569 pretio
1692 1534 1788 1570 atque

159 1578 179 1608 ιι
194 1589 298 1616 inore;
315 1580 431 1610 deinde
448 1581 557 1616 alium,
577 1581 663 1620 quod
679 1581 772 1612 video
789 1581 950 1612 neminem
969 1580 1022 1620 qui
1040 1580 1171 1620 propius
1191 1581 1318 1619 vestigia
1336 1584 1465 1619 premat
1479 1589 1666 1620 morumque
1681 1590 1789 1612 exem-

162 1632 210 1669 pla
229 1631 373 1662 imitetur
389 1631 587 1662 celeberrimi
606 1631 757 1662 antistitis
784 1633 872 1671 cujus
893 1640 941 1662 res
961 1636 1064 1671 gestas
1080 1634 1110 1662 et
1126 1631 1217 1662 vitam
1235 1632 1442 1662 illustrandas
1454 1632 1591 1671 suscepi.
1614 1632 1784 1672 Equidem.

130 1711 137 1718 ,
158 1687 192 1713 ut
207 1682 258 1712 ille
275 1691 308 1713 se
329 1686 426 1712 totum
454 1683 492 1713 ad
520 1682 672 1713 Ecclesia:
685 1683 782 1713 decus
797 1686 828 1714 et
849 1683 894 1713 rei
913 1682 1098 1713 Christianas
1116 1682 1242 1714 tutelam
1255 1682 1449 1721 composuit,
1468 1682 1522 1719 ita,
1547 1684 1691 1714 omnium
1709 1692 1785 1714 sen-

161 1733 266 1770 tentia,
284 1737 315 1762 tu
334 1740 465 1771 quoque
484 1732 616 1771 vigilias.
634 1742 737 1769 curas,
755 1733 879 1763 labores
898 1733 930 1765 tn
947 1732 1006 1763 hoc
1030 1733 1123 1763 unice
1141 1733 1299 1772 impendis
1316 1737 1349 1763 ut
1368 1732 1458 1763 Sedis
1474 1733 1664 1772 Apostolicaa
1681 1735 1785 1773 digni-

160 1786 218 1820 tas,
236 1787 281 1814 tot
301 1790 457 1814 concussa
483 1782 644 1821 procellis,
660 1783 692 1813 in
709 1791 766 1813 suo
783 1782 883 1822 gradu
902 1783 1068 1821 consistat,
1088 1786 1187 1822 utque
1204 1783 1325 1822 religio,
1345 1792 1438 1822 quam
1457 1788 1568 1815 nostro
1585 1784 1646 1816 hoc
1664 1787 1784 1817 saeculo

163 1833 295 1864 novandi
315 1832 431 1869 cupido
449 1831 756 1871 pseudophilosophi
779 1832 909 1871 quidam
932 1836 1024 1872 atque
1041 1833 1176 1872 improbi
1195 1832 1343 1864 homines
1364 1834 1533 1871 lacessunt,
1549 1843 1612 1865 non
1629 1836 1786 1867 modoin-

162 1889 237 1916 tacta
254 1887 445 1923 permaneat,
461 1883 514 1914 sed
537 1882 719 1922 longinquis
735 1883 828 1913 etiam
846 1883 878 1914 in
894 1885 986 1914 terris
1003 1887 1033 1914 et
1049 1893 1149 1924 usque
1163 1885 1201 1915 ad
1222 1889 1382 1916 extremos
1396 1885 1511 1916 Oceani
1527 1886 1648 1918 accolas
1660 1886 1786 1918 felicius

158 1937 314 1976 germinet
330 1937 486 1976 latiusque
504 1934 647 1965 vireseat.
664 1934 706 1964 De
719 1937 763 1964 tot
780 1933 947 1964 virtutibus
962 1942 1035 1973 quas
1050 1935 1105 1965 tibi
1118 1935 1297 1966 uberrimos
1316 1935 1424 1974 gloriw
1439 1937 1632 1977 fructusjam
1647 1939 1784 1978 pariunt,

165 1988 240 2027 quid
260 1986 430 2026 proferam,
446 1992 566 2025 quaaso,
585 1984 670 2023 quod
689 1982 763 2014 huic
780 1982 869 2013 almae
885 1984 1025 2021 ignotum
1043 1992 1101 2014 nec
1129 1985 1221 2022 plane
1239 1989 1437 2023 perspectum
1463 1987 1503 2016 sit
1523 1988 1616 2019 urbi?
1641 1990 1787 2020 Tuamne

159 2044 406 2068 commemorem
424 2035 455 2066 in
474 2036 573 2065 Deum
592 2034 754 2073 pietatem,
775 2034 951 2064 etetfusam
983 2034 1016 2064 in
1039 2035 1169 2065 miseros
1191 2039 1220 2065 et
1236 2038 1365 2075 egentes
1393 2039 1456 2067 tam
1475 2038 1590 2069 multos
1609 2039 1781 2070 liberalita-

162 2087 239 2118 tem?
255 2089 300 2117 An
317 2096 389 2117 vero
407 2086 605 2126 prudentiam
623 2084 783 2120 extollam,
809 2084 1018 2123 integritatem
1049 2089 1080 2115 et
1104 2085 1289 2118 modestiam
1321 2086 1388 2116 viro
1409 2088 1627 2119 ecclesiastico
1644 2089 1784 2128 dignam,

163 2147 179 2176 (ι
196 2147 219 2168 ia
238 2138 374 2168 lautitias
391 2145 501 2167 omnes
514 2144 549 2166 ac
563 2134 620 2165 agri
644 2135 773 2165 delicias
790 2145 805 2165 a
819 2139 848 2165 te
865 2136 957 2173 longe
983 2136 1110 2175 tuisque
1132 2135 1251 2166 aedibus
1268 2135 1446 2168 eliminatas
1460 2139 1696 2178 conspicimus?
1712 2141 1783 2172 Dies

161 2187 234 2219 mihi
251 2188 345 2219 citius
361 2196 453 2227 quam
476 2187 575 2217 laudis
592 2186 724 2216 materia
739 2186 877 2223 deﬁciat,
893 2186 917 2216 si
944 2189 1096 2229 quantum
1112 2187 1265 2218 doctrinae
1293 2188 1407 2219 merito
1422 2189 1552 2220 excellis
1567 2193 1660 2230 atque
1685 2192 1783 2223 animi

164 2239 339 2278 priest-iulia
361 2238 452 2268 velim
471 2245 667 2276 percurrere,
690 2245 749 2268 nec
770 2237 830 2267 mei
851 2239 969 2274 partem
997 2237 1141 2276 obsequii
1164 2238 1328 2269 silentium
1353 2239 1543 2270 existimem.
1561 2241 1636 2277 Quae
1654 2251 1726 2273 cum
1744 2244 1785 2274 ita

162 2290 231 2326 sint,
250 2298 306 2320 oro
320 2292 361 2325 te,
383 2289 530 2328 princeps
547 2287 809 2323 eminentissime,
831 2291 865 2317 ut
884 2296 946 2327 qua
962 2288 1158 2326 benignitate
1186 2297 1235 2320 me
1264 2290 1415 2330 prosequi
1439 2291 1551 2322 solitus
1567 2300 1612 2330 es,
1629 2293 1738 2324 eadem
1755 2301 1786 2326 et

164 2341 243 2372 hunc
258 2341 410 2380 ingenioli
424 2340 486 2371 mei
503 2339 599 2370 fetum
616 2339 755 2378 excipias
769 2343 888 2378 tuoque
907 2339 1081 2378 patrocinio
1098 2339 1203 2371 faveas
1219 2345 1314 2381 atque
1326 2345 1494 2374 sustentes.
1516 2343 1549 2374 ω
1569 2343 1647 2374 mihi
1663 2345 1687 2375 si
1706 2354 1784 2384 prse-

164 2398 234 2430 stas,
251 2398 282 2424 et
298 2401 353 2432 pro
369 2398 423 2424 tuo
437 2393 553 2424 eximio
573 2393 669 2424 facies
688 2394 720 2423 in
745 2401 810 2423 rem
840 2391 1023 2422 litterariam
1040 2392 1158 2429 studio,
1175 2393 1302 2433 tuisque
1319 2394 1528 2434 amplissimis
1544 2395 1576 2426 in
1596 2404 1645 2426 me
1662 2396 1781 2427 benefi-

165 2448 215 2478 eiis
228 2455 342 2478 novum
363 2446 448 2477 hunc
463 2445 628 2477 cumulum
647 2448 742 2485 atque
759 2447 978 2476 ornamentum
995 2443 1161 2483 adjungcs.

199 2531 317 2565 Roma),
334 2537 372 2559 ex
391 2529 512 2559 uadibus
528 2537 624 2559 saera;
639 2528 751 2567 Congr.
780 2528 821 2559 De
850 2535 979 2568 propag.
1000 2527 1072 2565 lite,
1097 2529 1199 2567 pridie
1225 2531 1305 2561 Non.
1328 2531 1459 2570 Augusti
1480 2531 1564 2561 1777.

193 2625 224 2657 (')
237 2623 318 2649 “eum
331 2625 397 2651 i777.
415 2625 448 2652 4⁸.

323 2862 456 2893 ΡΑτιιοι..
486 2859 542 2889 Ga.
565 2857 670 2889 CLXI.

1569 2872 1588 2894 α
