1912 3054
160 124 225 144 LX")

146 169 324 201 "chianorum
350 165 445 208 prazdf
457 172 608 200 animarum
631 173 709 200 saluti
732 173 820 200 valeat
839 174 956 202 salubri-

163 226 205 247 ter
219 220 366 255 provideri,
395 226 427 247 ac
447 226 546 246 mensae
558 219 715 253 capitularis
729 219 809 247 dictae
826 220 952 252 basilicae,

163 267 185 292 si
210 273 262 300 qua
289 265 335 296 sit.
357 264 505 298 fructuum,
533 264 686 292 reddituum
713 272 745 292 ac
766 270 949 299 proventuum

160 318 238 339 veros
272 311 380 339 valores
408 318 513 338 annuos
537 311 715 346 przcsentibus
738 319 786 346 pro
815 311 952 347 expressis

159 357 299 389 habentes,
327 358 380 384 tuis
403 357 431 384 in
454 358 505 384 hac
519 362 594 391 parte
607 358 853 392 supplicationibus
874 359 951 385 incli-

160 403 225 436 nati,
251 402 490 437 circumspectioni
515 409 567 431 illiE
585 404 749 430 auctoritate
774 408 867 431 nostra
885 411 952 438 prac-

159 449 242 480 dicta,
265 449 460 477 eanouicorum
483 454 509 476 et
528 449 733 484 prmbendarnm
752 458 894 477 numerum
918 451 950 477 ad

159 501 306 520 numerum
330 499 450 529 quatuor
476 496 621 522 reducendi
637 504 668 522 ac
680 497 817 524 statuendi
836 497 951 524 etordi-

159 539 258 572 nandi,
288 541 359 574 quod
387 547 513 569 vacantes
542 542 681 576 praedicti,
711 547 737 568 ct
765 547 821 570 tres
844 543 889 570 alii
927 543 950 570 si

157 591 258 612 vacant
274 586 306 613 ad
325 594 455 620 praesens,
473 587 514 614 vel
536 595 604 622 quos
619 589 707 623 primo
721 589 950 622 vacarcrcontige-

159 631 203 663 rit,
220 631 345 665 personis
361 632 387 658 in
404 633 563 660 sacerdotio
587 633 741 660 constitutis
754 642 813 668 qure
827 634 896 668 apud
909 635 949 660 di-

157 682 228 703 ctam
253 677 393 705 basilicam
418 679 599 712 personaliter
620 679 740 706 residere
763 679 856 714 illique
869 680 894 706 in
909 681 949 706 di-

156 721 228 748 vinis
252 721 407 756 hujusmodl
443 723 581 750 deservire
610 731 642 751 ac
670 731 763 750 curam
792 724 947 758 pra-dictam

155 773 249 799 gerere
264 772 291 793 et
301 774 430 794 exercere
441 767 572 794 continuo
583 772 736 795 teneantur.
751 767 874 802 Alioquin
889 776 941 794 non

156 812 304 840 residentes
329 818 354 840 et
384 821 436 840 non
459 813 655 846 deservientes,
680 821 712 841 ac
735 821 827 841 curam
855 814 946 848 hujus-

156 859 226 885 tnodi
252 866 304 885 non
328 864 496 890 exercentes,
522 865 550 886 ut
570 859 944 893 praefertur,cauouicatibus

155 908 182 930 et
195 904 346 937 prmbendis
362 912 408 938 per
420 912 466 931 eos
479 904 597 932 obtentis
615 905 750 939 praedictis
764 905 860 940 privati
882 906 945 938 sint,

156 949 247 983 illique
267 957 364 977 vacare
386 956 549 978 censeantur
562 958 595 977 eo
610 951 678 985 ipso,
696 951 728 977 de
742 956 839 978 cmtero
853 958 947 985 perpe-

155 996 209 1023 tuis
233 996 332 1022 tuturis
357 997 524 1030 temporibus
552 996 747 1028 conterantur,
772 1004 804 1023 ac
829 997 948 1032 reliquos

153 1050 187 1068 ex
212 1042 312 1069 eisdem
337 1042 542 1069 canonicatibus
565 1048 591 1069 et
618 1043 770 1077 prmbendis
795 1044 946 1078 quampri-

153 1096 227 1114 mutn
261 1087 319 1115 illos
352 1084 441 1115 simul
460 1088 500 1116 vel
525 1089 680 1115 successive
703 1097 750 1123 per
766 1097 871 1116 cessum
900 1095 947 1117 aut

154 1135 295 1161 decessum
322 1134 381 1162 illos
405 1135 611 1168 obtinentium,
645 1142 693 1162 seu
723 1135 782 1162 aliis
807 1136 947 1170 quibusvis

153 1179 240 1207 modis
264 1187 361 1208 vacare
380 1181 539 1216 contigerit,
557 1181 662 1208 etiamsi
684 1188 779 1208 omnes
799 1182 946 1209 canonica-

154 1230 198 1252 tus
223 1230 250 1253 et
272 1226 422 1259 praebenda:
449 1227 490 1253 vel
509 1234 604 1254 eorum
630 1227 711 1261 aliqui
727 1227 882 1262 specialiter
898 1235 946 1255 scit

151 1272 317 1306 generaliter
344 1273 514 1307 dispositioni
538 1274 693 1308 apostolica:
719 1275 848 1301 reservati
871 1275 946 1301 etsi-

152 1322 239 1351 staut,
254 1319 437 1352 supprimendi
454 1320 561 1354 penitus
577 1326 604 1346 ct
620 1320 820 1355 exstinguendi;
838 1328 868 1347 ac
883 1321 946 1348 sub-

151 1369 297 1398 sequentcr
312 1369 408 1396 terras,
419 1365 492 1399 jura,
505 1366 691 1400 possessiones
703 1371 729 1392 et
741 1366 809 1393 bona
822 1373 946 1401 suppres-

151 1417 242 1436 sorum
268 1411 476 1437 canonicatuum
502 1416 529 1437 et
557 1412 764 1446 praehendarum
793 1412 944 1447 hujusmodi

150 1456 228 1482 dicta:
257 1463 370 1488 mensrc,
397 1457 420 1484 si
445 1465 496 1492 qua
514 1459 568 1491 sit,
585 1458 705 1493 alioquin
721 1460 752 1485 de
769 1466 837 1485 nera
853 1467 900 1493 prr
921 1464 946 1486 te

151 1502 324 1529 instituendtn
344 1510 391 1536 pro
408 1503 575 1537 quotidianis
602 1504 840 1532 distributionibus
873 1505 943 1532 inter

145 1548 298 1575 canonicos
312 1553 337 1575 et
354 1549 508 1582 capellanos
522 1550 642 1585 ejusdem
660 1550 779 1577 basilica:
795 1551 877 1577 in-illa
893 1550 937 1578 di-

150 1594 220 1621 vinis
237 1594 333 1621 otliciis
346 1595 540 1623 intercssentes
554 1596 749 1622 distribuendis
764 1604 824 1623 cum
840 1603 936 1624 eorum

152 1641 294 1672 fructibus,
319 1641 468 1668 rcdditibus
494 1649 525 1668 ac
544 1642 734 1675 proventibus,
750 1642 943 1677 aliisquejnri-

150 1686 202 1713 bus
218 1691 244 1714 et
258 1687 431 1721 pertinentiis
451 1688 508 1713 suis
523 1688 548 1713 in
566 1691 730 1722 perpetuum
745 1688 866 1721 uniendi,
888 1696 940 1716 an-

151 1734 287 1766 neCIendi,
303 1733 454 1768 applicandi
483 1738 508 1760 et
534 1734 720 1768 approbandi,
749 1742 854 1762 necnon
871 1737 942 1769 quod

152 1779 272 1811 interim,
284 1786 426 1813 quousque
437 1778 558 1805 reductio
575 1782 603 1805 ct
617 1778 668 1805 alia
687 1780 840 1814 pnetnissa.
859 1781 880 1807 si
895 1788 942 1814 per

151 1829 177 1850 te
201 1823 275 1855 ﬁent,
303 1823 422 1850 debitum
449 1823 597 1849 sortiantur
622 1823 758 1856 cll'ertum,
782 1825 941 1859 quihbetex

151 1868 231 1894 dictis
244 1867 383 1894 canonicis
399 1867 468 1901 apud
485 1867 624 1901 praefatam
645 1868 786 1895 basilicam
802 1877 854 1896 non
872 1871 942 1897 resi-

152 1913 292 1945 dentibus,
320 1918 346 1939 et
368 1913 394 1939 in
423 1913 466 1938 illa
482 1913 580 1940 divinis
599 1913 695 1942 olliciis
710 1915 867 1950 ltttjusmodi
888 1925 940 1943 non

155 1949 476 1986 interessentibus'unam
494 1960 625 1987 duntaxat
641 1962 784 1995 percipiat,
806 1963 859 1989 alia
877 1971 941 1990 vero

155 2005 287 2033 medietas
307 2013 416 2032 suorum
445 2007 651 2034 canonicatuum
682 2008 760 2043 117
777 2014 803 2036 et
820 2010 942 2044 przeben-

150 2053 245 2079 darutn
262 2052 417 2087 ltujusmodi
434 2053 625 2082 dictamnensm
639 2062 688 2088 pro
702 2055 942 2083 distributionibus

150 2097 270 2132 praelatis
282 2098 456 2133 assignetur,
470 2100 597 2134 quodqne
616 2101 705 2127 nullus
727 2108 759 2127 ex
781 2101 882 2128 eisdem
899 2110 943 2128 ca-

151 2144 256 2171 nonicis
269 2145 301 2170 dc
315 2145 451 2178 pranticlis
467 2153 514 2172 seu
529 2146 590 2172 aliis
602 2146 847 2173 distributionibus
858 2148 942 2182 ipsius

150 2190 278 2223 basilica},
295 2191 400 2217 etiantsi
426 2189 470 2216 illa
496 2191 521 2217 in
544 2191 728 2218 oblationibus
752 2200 798 2219 seu
812 2193 872 2219 aliis
884 2194 944 2227 qui-

150 2237 310 2270 buscunque
331 2237 493 2268 consistant,
511 2244 559 2271 pro
583 2238 732 2264 resldentia
752 2245 799 2264 seu
826 2238 944 2265 interes-

151 2283 237 2310 sentia
262 2282 377 2316 alicujus
399 2282 451 2308 dici
466 2282 566 2316 aliquid
582 2283 722 2316 percipere
738 2283 833 2317 possit,
851 2285 901 2310 nisi
916 2285 943 2312 in

151 2328 245 2354 eadem
273 2327 384 2354 basilica
406 2334 454 2361 per
477 2331 561 2354 totum
575 2335 675 2354 annum
693 2328 867 2356 resitlentiam
883 2338 943 2364 per-

151 2373 270 2401 sonaletn
295 2372 391 2400 iecerit
415 2379 442 2400 et
464 2374 490 2400 in
509 2381 540 2401 ea
564 2374 662 2402 divinis
680 2374 834 2409 hujustnodi
861 2376 944 2403 inier-

152 2420 245 2451 t'uerit,
259 2426 290 2445 ac
308 2419 400 2446 omnia
416 2424 443 2445 et
459 2419 564 2453 singula
584 2419 636 2446 alia
654 2419 726 2446 circa
744 2421 883 2455 praemissa
896 2429 943 2449 ne.

152 2465 273 2493 cessat-ia
284 2485 291 2498 ,
311 2473 359 2492 seu
375 2465 582 2499 quomodolibet
600 2471 752 2500 opportuna
766 2486 772 2498 ,
792 2468 940 2500 statuendi,

152 2512 307 2544 ordinandi,
321 2512 494 2544 decernendi,
510 2511 625 2539 faciendi
638 2517 666 2539 et
679 2514 844 2548 exsequendi
857 2522 864 2546 ;
879 2521 943 2541 con-

154 2558 317 2586 tradictores
336 2565 444 2593 quoque
465 2565 512 2591 per
528 2565 671 2585 censuram
687 2559 900 2587 ecclesiasticam
916 2565 942 2588 et

153 2606 205 2632 alia
232 2605 301 2640 juris
322 2606 453 2638 remedia,
477 2605 658 2640 appellatione
687 2607 848 2640 postposita,
869 2615 943 2634 com-

153 2653 282 2687 pescendi
310 2652 416 2686 plenam
429 2657 457 2679 et
480 2652 592 2680 liberam
614 2653 776 2680 auctoritate
795 2655 943 2687 apestolica

154 2704 247 2725 tenore
276 2698 450 2732 prmsentium
480 2699 655 2726 concedimus
681 2698 836 2726 facultatem
857 2708 865 2727 ξ
889 2708 943 2727 non

154 2743 326 2770 obstantibus
344 2743 551 2778 quibuscunque
566 2745 808 2772 constitutionibus
826 2751 853 2773 et
870 2747 944 2774 ordi-

154 2788 311 2816 nationibus
337 2788 513 2822 aportolicis,
542 2795 574 2817 ac
603 2791 682 2818 dicta:
711 2791 835 2819 basilicae
867 2793 944 2827 jura-

155 2839 263 2868 mento,
283 2833 489 2863 conﬁrmatione
509 2837 679 2872 apostolica,
708 2836 748 2865 vel
775 2838 869 2873 quavis
895 2838 942 2866 tir-

557 115 605 145 DE
624 115 714 153 VlTA
734 115 782 145 ET
803 116 931 147 RE’BUS
948 110 1085 147 GESTlS
1103 117 1356 148 BESSARlONIS

1733 123 1798 144 LXIV

1010 176 1102 203 unitate
1128 176 1179 203 alia
1206 176 1364 208 roboratis,
1399 175 1511 203 statutis
1537 179 1565 203 et
1592 175 1798 203 consuetudini-

1007 221 1076 253 bus,
1102 222 1208 250 etiamsi
1237 223 1269 249 de
1292 222 1347 250 illis
1363 229 1514 257 eorumque
1529 221 1593 249 totis
1608 221 1748 250 tenoribus
1764 221 1799 248 de

1003 266 1090 296 _vcrbo
1120 267 1154 294 ad
1187 267 1299 294 verbum
1325 267 1352 294 in
1375 267 1553 302 prtESCnllbUS
1577 266 1701 294 habenda
1728 266 1798 293 taret

1008 313 1118 344 mentio.
1142 312 1241 347 quibus
1263 313 1399 345 omnibus,
1419 312 1486 339 alias
1504 312 1530 339 in
1548 318 1598 338 suo
1618 311 1716 338 robore
1734 318 1798 344 pcr-

1007 358 1152 391 mansuris,
1179 358 1313 392 derogare
1339 358 1505 385 intendimus
1527 362 1553 385 et
1574 357 1734 391 derogamus
1749 362 1798 390 per

1007 408 1170 437 praesentes.
1193 405 1354 438 privilegiis,
1381 404 1475 439 gratiis
1491 408 1519 430 et.
1542 403 1653 430 indultis
1676 401 1711 429 de
1736 407 1798 435 per-

1006 449 1137 482 cipiendis
1157 450 1291 477 fructibus
1315 451 1342 477 in
1369 450 1490 477 absentia
1514 449 1664 484 prmscrtim
1680 448 1797 482 patriar-

1006 493 1123 520 cbaltum
1151 495 1330 522 ecclesiarum
1359 496 1391 522 de
1419 496 1488 522 dicta
1509 495 1575 522 urbe
1596 493 1797 526 canenicispro

1007 541 1125 570 tempore
1150 539 1344 567 cxsistentibus
1373 547 1421 574 per
1447 540 1538 567 sedem
1565 539 1743 574 apostolicam
1766 538 1794 564 in

1005 583 1096 616 specie
1122 590 1167 610 seu
1185 584 1210 611 in
1229 592 1326 618 genere
1341 585 1490 618 concessis,
1504 585 1666 619 canet-isque
1684 589 1797 611 contra-

1005 628 1053 655 riis
1077 629 1294 664 quibuscunque.
1312 631 1365 657 Aut
1377 630 1398 656 si
1417 629 1500 664 aliqui
1518 629 1666 663 apostolica
1680 627 1722 655 vel
1741 628 1795 655 alia

1004 674 1101 708 quavis
1123 676 1284 703 auctoritate
1309 676 1335 702 in
1356 675 1429 702 dicta
1457 675 1567 702 basilica
1595 674 1619 702 in
1646 674 1795 701 canonicos

1004 719 1058 747 sint
1074 723 1188 756 recepti,
1205 722 1246 748 vel
1264 726 1292 748 ιιι
1310 722 1476 756 recipiantur
1496 722 1635 753 insistant,
1652 727 1698 748 seu
1711 726 1795 754 super

1004 767 1202 800 provisionibus
1226 768 1277 795 sibi
1317 767 1449 795 faciendis
1477 768 1510 795 de
1534 767 1739 794 canonicatibus
1766 770 1794 793 et

1004 812 1155 845 prmbendis
1180 813 1263 847 ipsius
1281 813 1400 840 basilica:
1413 813 1556 848 speciales,
1572 813 1613 838 vel
1631 812 1690 839 aliis
1707 812 1792 838 bene-

1004 858 1071 885 ticiis
1087 859 1284 886 ecclesiasticis
1303 860 1327 885 in
1345 859 1398 886 illis
1421 859 1543 895 partibus
1558 859 1697 892 generales
1713 859 1793 885 dieue

1003 912 1032 931 se
1043 905 1074 931 lis
1087 904 1126 931 vel
1142 904 1290 940 legatorum
1306 905 1477 940 impetrarim
1491 905 1606 937 litteras,
1621 905 1728 932 etiamsi
1743 911 1792 938 per

1002 957 1049 977 cas
1072 951 1103 976 ad
1132 950 1332 982 inhibitionem,
1364 951 1574 978 reservationem
1596 955 1622 978 et
1639 951 1791 982 decretum,

1002 996 1041 1022 vel
1069 996 1128 1023 aliis
1146 997 1346 1031 quomodolibet
1366 997 1401 1023 sit
1418 998 1574 1030 provisum;
1590 1005 1657 1032 quas
1677 998 1787 1032 quidem

1002 1041 1105 1068 litteras
1129 1045 1156 1068 ct
1180 1048 1322 1075 processus
1344 1041 1450 1068 habitos
1467 1049 1514 1076 per
1529 1041 1656 1073 easdem‘,
1684 1049 1790 1069 necnon

1001 1094 1169 1123 qumcunqne
1187 1087 1248 1113 inde
1268 1091 1372 1119 secuta,
1385 1088 1417 1115 ad
1435 1087 1610 1115 canonicatus
1625 1092 1650 1115 et
1663 1088 1789 1122 prmhen~

1003 1134 1051 1160 das
1081 1132 1234 1167 huiusmodi
1263 1133 1387 1161 volumus
1411 1141 1464 1161 non
1485 1134 1605 1167 extendi,
1621 1134 1668 1161 sed
1686 1128 1789 1161 nullum

1001 1187 1048 1213 per
1063 1179 1114 1206 hoc
1134 1179 1174 1206 eis
1200 1180 1296 1215 quoad
1316 1180 1513 1208 assecutionem
1537 1181 1745 1208 canonicatuttm
1762 1186 1790 1208 et

1002 1226 1204 1258 prathendarum
1234 1231 1282 1253 aut
1309 1226 1501 1254 beucticiorum
1523 1226 1638 1254 aliorum
1662 1227 1790 1262 prwjudi-

1001 1270 1072 1297 cium
1101 1271 1248 1306 generari;
1284 1279 1391 1299 necnon
1423 1272 1589 1306 quibuslibet
1620 1272 1680 1300 aliis
1706 1272 1790 1307 privi-

1002 1318 1078 1351 Iegiis
1092 1337 1099 1348 ,
1119 1317 1293 1352 indulgentiis
1310 1323 1336 1345 et
1360 1318 1457 1345 litteris
1475 1318 1631 1352 apostolicis
1651 1319 1788 1353 generali-

1002 1363 1050 1389 bus
1075 1362 1116 1389 vel
1136 1362 1299 1396 specialibus
1325 1370 1551 1397 quorumcunque
1576 1367 1700 1389 tenerum
1712 1363 1788 1390 exsi-

1000 1412 1088 1440 stant,
1108 1416 1155 1442 pcr
1170 1415 1229 1443 quae
1245 1408 1425 1442 praesentibus
1440 1414 1494 1435 non
1508 1400 1699 1441 expressa'vcl
1717 1413 1788 1434 tota-

1002 1455 1063 1482 liter
1087 1463 1139 1481 non
1167 1455 1270 1481 inserta
1297 1455 1410 1481 etl‘ectus
1431 1460 1526 1480 earum
1553 1452 1676 1487 impediri
1700 1453 1788 1479 valeat

1001 1499 1202 1534 quomodolibet
1222 1499 1264 1525 vel
1287 1498 1401 1530 dillerri,
1418 1502 1444 1524 et
1461 1499 1493 1525 de
1505 1497 1603 1532 quibus
1618 1504 1788 1531 quarumque

1001 1546 1068 1573 totis
1083 1544 1223 1572 teuoribus
1247 1543 1371 1572 habenda
1386 1544 1418 1570 sit
1441 1543 1466 1570 in
1485 1543 1585 1570 nostris
1601 1543 1698 1570 litteris
1712 1551 1788 1570 men—

1002 1592 1037 1618 tio
1049 1591 1185 1626 specialis.
1201 1590 1255 1617 Nos
1272 1589 1345 1617 enim
1359 1597 1390 1617 ex
1407 1597 1480 1616 nunc
1493 1589 1600 1616 irritum
1615 1589 1787 1617 decernimus

999 1645 1024 1666 et
1046 1637 1135 1670 inattc,
1161 1637 1182 1664 si
1200 1644 1279 1664 secus
1296 1644 1377 1670 super
1394 1636 1427 1663 iis
1440 1643 1454 1662 a
1471 1636 1551 1670 118
1565 1642 1703 1670 quoquam
1721 1642 1788 1670 qua-

1001 1685 1040 1711 vis
1068 1683 1238 1716 auctoritate,
1264 1683 1381 1710 scienter
1404 1681 1447 1710 vel
1473 1682 1629 1715 ignoranter
1644 1681 1788 1716 contigerit

1000 1735 1125 1765 attcntpta
1131 1731 1162 1757 ri.

1035 1778 1129 1804 Datum
1152 1776 1245 1803 Roma:
1267 1775 1337 1810 apud
1363 1775 1392 1803 S.
1417 1775 1538 1807 Petrum,
1562 1782 1633 1802 anno
1648 1774 1784 1802 lncarnat.

999 1823 1144 1850 Dominicat
1177 1822 1319 1849 millesimo
1336 1821 1610 1856 {quadringentesimo
1635 1822 1786 1855 quadrage-

998 1870 1067 1896 simo
1097 1869 1193 1900 tertio,
1224 1876 1250 1894 χι
1277 1867 1337 1895 Kal.
1367 1867 1473 1900 Martii,
1502 1867 1675 1902 pontiﬁcatus
1701 1867 1785 1895 nostri

998 1923 1070 1942 ἱΙίΙΙΙΟ
1088 1922 1144 1941 ΧΙΗ.

1377 1960 1410 1987 ιι.
1458 1984 1463 1996 ,

998 2009 1107 2036 Statum
1121 2013 1145 2036 et
1167 2009 1347 2036 ordinationes
1366 2007 1490 2034 Ecclesiw
1506 2006 1556 2035 SS.
1573 2007 1630 2034 XII
1645 2007 1786 2042 Apostoloo

1296 2051 1353 2068 rum
1369 2043 1399 2068 de
1421 2041 1498 2069 Urbe.

1032 2102 1188 2133 Bessarion,
1202 2101 1377 2128 miseratione
1388 2100 1494 2127 ‘divina
1512 2099 1563 2128 SS.
1581 2099 1628 2127 ΧΠ
1643 2100 1784 2135 Aposmlo-

999 2157 1056 2175 rutn
1090 2149 1122 2175 de
1148 2147 1220 2174 Urbe
1246 2149 1333 2181 presb.
1358 2146 1484 2179 cardin.,
1511 2147 1620 2175 dilectis
1649 2147 1729 2174 nobis
1755 2147 1783 2173 in

997 2194 1106 2222 Christo
1131 2194 1258 2229 capitulo,
1278 2193 1415 2220 canonicis
1438 2197 1465 2219 et
1489 2192 1634 2227 capellanis
1649 2192 1727 2219 dicta:
1740 2200 1787 2220 ec-

999 2240 1086 2268 clesiae
1100 2239 1212 2266 salutem
1231 2239 1256 2265 in
1274 2238 1329 2266 Deo
1344 2238 1547 2273 sempiternam.

1034 2286 1167 2319 Quoniam
1186 2284 1316 2312 etl‘renata
1333 2284 1470 2311 hominum
1491 2284 1625 2318 cupiditas
1647 2288 1673 2311 et
1689 2283 1786 2310 noxius

998 2333 1142 2368 appetitus,
1167 2339 1274 2366 semper
1299 2331 1332 2357 ad
1357 2330 1457 2357 malum
1492 2338 1540 2357 sua
1560 2329 1690 2356 labilitate
1704 2329 1787 2356 decli-

999 2386 1077 2410 nans,
1105 2377 1154 2404 nisi
1178 2378 1228 2404 sub
1252 2377 1323 2412 juris
1345 2380 1370 2404 et
1395 2376 1508 2403 rationis
1531 2376 1621 2410 regula
1642 2375 1784 2407 litnitetur,

999 2432 1082 2458 prava
1112 2423 1228 2458 quadam
1254 2423 1384 2450 abusione
1414 2427 1442 2449 et
1465 2421 1617 2455 corruptela
1647 2420 1716 2448 bene
1746 2420 1786 2446 vi-

998 2470 1075 2497 vendi
1088 2469 1194 2505 justnnt'
1206 2469 1328 2496 ordinem
1343 2467 1504 2501 corrumpit,
1521 2468 1614 2501 sicque
1628 2467 1727 2501 passim
1745 2466 1786 2493 di-

998 2517 1059 2543 vina
1083 2516 1183 2550 pariter
1205 2519 1232 2541 et
1253 2514 1371 2541 humana
1395 2514 1519 2548 instituta
1536 2513 1691 2548 aequissima
1706 2513 1785 2546 depe-

998 2567 1078 2590 reunt
1092 2571 1098 2589 z
1115 2560 1360 2594 idcirco,volcntes
1376 2560 1409 2586 ad
1427 2559 1557 2586 honorent
1572 2564 1599 2585 et
1615 2558 1722 2586 laudem
1741 2559 1784 2584 Al-

999 2609 1112 2642 tissimi,
1142 2609 1262 2636 onutiunt
1292 2607 1446 2639 Creatoris,
1473 2605 1655 2640 apostolorum
1680 2613 1786 2640 quoque

998 2654 1114 2690 Philippi
1137 2660 1164 2682 et
1189 2654 1294 2686 Jacobi,
1310 2660 1426 2687 quorum
1444 2659 1567 2686 ‘corpora
1587 2651 1613 2678 in
1631 2652 1723 2680 eadem
1741 2660 1786 2680 ec-

998 2701 1080 2728 clesia
1106 2700 1244 2728 recondita
1268 2702 1342 2730 sunt,
1360 2702 1386 2725 et
1403 2698 1518 2724 aliorum
1533 2698 1720 2733 apostolorum
1735 2699 1784 2723 sub

999 2754 1112 2782 quorum
1139 2745 1294 2773 nominibus
1322 2744 1391 2772 dicta
1416 2743 1533 2771 ecclesia
1553 2746 1709 2770 consecrata
1733 2748 1783 2773 est,

998 2799 1100 2827 proque
1131 2791 1305 2825 ampliatione
1339 2790 1422 2817 divini
1449 2788 1538 2817 cultus
1572 2788 1725 2822 respicere,
1754 2793 1786 2813 ac

999 2839 1079 2867 etiam
1097 2846 1129 2866 ex
1145 2838 1234 2866 debito
1256 2837 1344 2866 nostri
1359 2837 1439 2871 tituli,
1463 2843 1516 2872 quo
1530 2835 1618 2864 eidem
1636 2833 1785 2874 presiden-
