1912 3054
85 178 133 198 LXV

82 235 121 257 tes
139 228 262 257 ecclesia:
274 228 306 256 ad
330 228 356 255 id
383 235 432 255 nos
450 227 644 262 cognosﬁinus
661 227 806 260 obligatos,
822 227 864 252 in-

83 276 239 310 frascriptas
266 275 402 303 edidimus
427 281 510 308 super
530 273 722 300 reformatione
747 271 866 306 putatam

81 322 199 349 ecclesiae.
213 329 246 349 ac
257 322 443 348 ministrorum
457 321 516 356 ejus
527 320 735 347 c0nstitutioncs
747 317 868 351 etfrcfor-

81 369 215 396 mationes
233 373 286 395 tam
308 367 490 402 spiritualium
514 374 594 400 quam
611 365 809 400 temporalium.
828 365 867 390 Δςι

82 422 128 441 eas
158 415 250 448 igitur,
279 414 324 440 lilii
339 413 442 445 dilecti,
461 413 590 440 inclinate
606 412 770 438 unanimiter
789 418 869 438 aures

82 467 199 493 vestras,
228 461 354 488 adhibete
382 459 602 495 promptitudinis
621 458 798 490 intellectum,
813 457 871 484 col-

84 508 197 542 ligentes
222 508 356 535 scminttm
382 507 485 534 fructus
506 513 576 541 quos
591 506 617 533 in
631 513 696 540 agro
710 509 807 531 vcstrze
824 505 870 530 dc-

84 553 200 580 votionis
226 553 394 588 providentia
425 558 538 586 paterna
567 552 739 586 conspergit,
769 551 808 577 sic
838 557 870 576 ea

85 600 182 626 culturi
206 599 298 626 studio
315 599 447 632 diligenti,
467 599 538 632 quod
557 606 650 633 sparsa
670 597 872 624 frnctilicentet

85 646 190 680 operosi
212 646 311 673 laboris
323 644 616 679 speratamntititatem
636 644 799 670 conducant.
820 641 872 668 Eas

86 691 167 724 igitur
185 691 335 724 hujusmodi
353 690 564 717 constitutiones
583 693 609 717 ct
625 689 810 716 ordinationes
827 694 872 713 vo-

88 738 127 764 bis
147 742 175 764 et
197 737 308 764 cuilibet
323 742 443 764 vestrum
461 737 510 763 Sub
525 736 612 771 pmnis
627 737 652 762 in
668 736 701 762 iis
717 735 872 762 constitutis

87 785 198 810 observa
204 784 224 810 ri
239 784 410 818 praecipimus
425 788 452 810 et
465 783 632 809 mandamus.

189 850 226 877 De
245 858 351 877 numero
367 850 552 877 canonicam":
575 856 598 876 et
614 848 767 876 rcsidentin.

123 919 152 945 In
179 919 272 953 primis
288 918 396 954 quidem
415 918 561 945 statuimtts
579 922 607 944 et
620 918 787 948 ordinamus,
803 915 872 950 quod

91 965 115 992 iu
139 965 209 992 dicta
225 965 338 992 ecclesia
360 964 497 998 perpetuis
520 963 618 990 intutis
636 963 801 997 temporibus
819 962 874 988 sint

89 1016 116 1038 et
132 1019 192 1038 esse
207 1011 323 1037 debeant
337 1015 453 1043 quatuor
468 1009 593 1036 canonici
611 1008 777 1043 prmbendati
802 1008 874 1034 dun-

92 1063 175 1087 taxat,
202 1056 278 1090 juxta
306 1056 530 1083 constitutionem
551 1060 576 1081 ct
601 1054 801 1081 ordinationem
827 1053 873 1081 Iei.

91 1103 194 1129 record.
226 1102 338 1136 Eugenii
366 1109 439 1136 papa:
461 1100 505 1133 IV,
532 1106 611 1136 prout
633 1101 658 1127 in
679 1101 762 1134 ipsius
776 1099 875 1127 litteris

94 1148 173 1183 119
194 1155 273 1181 super
291 1148 353 1174 inde
372 1147 502 1174 conlectis
518 1146 624 1180 plenius
639 1146 804 1172 continetur.
823 1144 874 1178 Qui

92 1195 198 1228 quidem
217 1198 332 1227 quatuor
349 1193 480 1225 canonici,
495 1193 540 1227 qui
560 1199 607 1226 pro
625 1196 745 1225 tempore
761 1191 873 1222 fuerint,

93 1243 235 1266 teneantur
261 1242 287 1265 et
304 1238 418 1265 debeant
440 1238 466 1264 in
487 1238 558 1264 dicta
579 1237 693 1264 ecclesia
709 1236 828 1264 residere
844 1243 876 1263 ac

94 1291 253 1312 noeIuruam
276 1285 342 1312 inibi
360 1284 532 1311 residentiam
551 1292 597 1318 per
612 1289 695 1310 totum
717 1290 817 1309 annum
833 1282 875 1308 in~

93 1338 197 1366 tcgrnm
219 1339 234 1358 a
271 1330 386 1358 Kalend.
411 1331 512 1357 mensis
529 1329 665 1362 Octobris,
681 1335 707 1356 ct
723 1328 877 1356 successive

94 1379 266 1413 ttlscqttitttr,
278 1377 406 1405 continuo
423 1377 529 1409 facere;
546 1376 671 1410 quodque
685 1375 707 1402 si
723 1374 875 1409 Imjttsmodi

94 1426 267 1453 rcsidenliam
294 1423 462 1458 integraiiter
486 1429 538 1450 non
561 1421 687 1454 fecerint,
712 1422 757 1449 scd
772 1429 818 1456 per
831 1429 878 1448 sex

95 1477 198 1498 tantum
222 1478 327 1497 nienses
351 1469 588 1504 pcrnmtaverint,
617 1473 670 1495 lrrs
687 1467 801 1494 lloreuos
823 1467 877 1493 Βο-

94 1525 206 1550 tnanos;
224 1517 277 1550 'qui
304 1523 368 1542 vero
393 1516 523 1550 integram
555 1514 727 1541 residentiam
757 1513 878 1546 pelicem

95 1565 148 1590 rint
164 1571 211 1597 per
236 1568 320 1589 totum
347 1569 459 1592 annum,
484 1568 530 1588 sex
556 1559 674 1587 llorcnos
697 1560 821 1586 similiter
846 1559 879 1585 de

95 1609 285 1637 communibus
299 1607 419 1635 ecclesia:
434 1606 607 1641 proventibus
616 1614 629 1631 a
642 1605 791 1632 camerario
801 1605 879 1632 dictae

95 1657 218 1682 t‘t‘ulcsizt‘
242 1655 287 1689 qui
321 1654 402 1681 fuerit
425 1661 473 1686 pro
501 1658 620 1687 tempore
649 1651 816 1686 percipiant;
848 1659 880 1678 ac

94 1703 140 1736 qui
169 1702 257 1728 minus
273 1709 320 1728 sex
341 1700 478 1726 mensibus
494 1698 704 1733 pernoctavcrit,
728 1698 778 1724 nisi
803 1697 880 1724 intir-

97 1747 190 1773 unitate
219 1750 265 1772 ant
290 1745 343 1771 alia
370 1745 490 1778 legitima
514 1751 595 1771 causa
618 1743 698 1770 tuerit
721 1743 879 1778 impeditus,

96 1793 164 1820 nihil
179 1793 290 1819 omnino
306 1791 447 1826 percipiat.
462 1790 490 1817 Si
504 1798 568 1818 vero
579 1790 675 1824 aliquis
687 1790 879 1817 canonicorum

96 1847 144 1875 per
169 1847 267 1865 annmn
292 1838 422 1872 integrum
448 1837 624 1864 rcsidenliam
643 1842 695 1863 nan
714 1836 818 1868 fecerit,
836 1844 881 1863 ca-

97 1884 225 1912 nonicatu
247 1882 364 1918 praefata:
382 1882 516 1909 ecclesia:
537 1882 573 1908 sit
593 1882 649 1916 ipso
665 1881 734 1908 facto
747 1883 880 1914 privatus,

98 1931 134 1956 ita
149 1929 218 1964 qunti
237 1937 268 1956 ex
284 1934 339 1955 tum
354 1929 425 1955 dicto
442 1935 513 1954 anno
525 1927 628 1961 elapso,
646 1927 698 1954 nisi
715 1928 746 1953 de
763 1927 882 1959 legitimo

98 1975 292 2008 impedimento
309 1973 480 2005 constiterit,
501 1974 578 2001 liceat
598 1972 728 2000 cardinali
752 1980 800 2006 pro
817 1978 883 1998 tem-

97 2029 164 2056 purc
193 2021 344 2052 exsistenli,
365 2028 411 2047 seu
435 2023 514 2047 etiam
537 2020 638 2046 vicario
651 2020 841 2046 catmuiealtlm
856 2022 883 2045 et

99 2067 271 2102 praebendam
296 2075 348 2094 non
374 2067 517 2094 residentis
553 2066 679 2094 canonici
695 2066 739 2092 alii
769 2065 802 2092 de
822 2065 883 2099 jure

98 2113 236 2143 conferre,
252 2121 300 2141 nec
312 2114 462 2148 superioris
482 2114 568 2148 aliqua
582 2113 650 2146 juris
666 2112 823 2139 solemnitas
837 2114 883 2138 aut

99 2161 233 2188 si-ntcntia
250 2161 408 2195 privationis
425 2165 451 2187 et
467 2159 644 2187 declaratoria
661 2159 829 2193 requiratur.

101 2219 138 2245 De
153 2219 305 2252 jttramento
335 2217 454 2244 canonici
479 2224 528 2243 non
559 2216 697 2252 residentis
713 2220 737 2242 et
767 2215 884 2242 absentia

275 2252 441 2288 pantillanda
457 2259 503 2285 per
522 2251 707 2278 camerarium.

135 2311 214 2344 Item,
233 2318 267 2337 ne
283 2309 308 2337 ia
328 2308 510 2344 pcrnoetando
529 2307 604 2334 fraus
621 2307 710 2342 aliqua
733 2307 886 2335 committa-

99 2363 144 2385 tur
156 2358 182 2383 in
201 2362 350 2391 posterum,
369 2355 515 2382 statuimus
530 2359 556 2381 ct
567 2354 727 2381 ordinamus
740 2354 810 2388 quod
829 2355 885 2380 sin-

98 2403 171 2437 gulis
185 2403 290 2430 duobus
312 2401 449 2428 mensibus
474 2399 588 2435 quilibet
606 2399 752 2426 canonirus
764 2403 888 2425 teneatur

100 2453 127 2476 et
145 2447 241 2475 debeat
258 2447 284 2474 in
295 2447 419 2473 manibus
434 2445 536 2480 pra-fati
550 2444 641 2472 vicarii
656 2444 803 2470 cardinalis
819 2450 886 2477 pra:-

100 2494 216 2522 sentiam
229 2500 277 2521 seu
288 2492 445 2520 absentiam
465 2498 542 2518 suam
559 2495 718 2519 nocturnam
740 2489 829 2516 medio
845 2489 884 2524 ju-

100 2543 226 2568 ramento
249 2545 393 2571 aceusarc,
415 2542 442 2564 et
471 2536 641 2564 camerarius
669 2535 748 2562 dictae
765 2535 887 2561 ecclesia:

101 2586 175 2612 illam
192 2585 219 2611 in
248 2583 316 2611 libro
329 2590 378 2610 suo
391 2586 522 2611 annotare
539 2586 564 2608 et
577 2581 733 2608 describere
744 2584 887 2612 teneatur;

101 2632 138 2659 ita
155 2631 226 2667 quod
242 2630 374 2665 completo
391 2636 463 2657 anno
478 2627 630 2656 residentis:
654 2626 789 2662 praedicta:
803 2625 889 2661 possit

101 2678 135 2707 de
164 2677 307 2712 praesentia
319 2681 346 2703 ct
357 2675 477 2704 absentia
494 2674 617 2702 canonici
649 2676 786 2702 constare.

102 2747 140 2774 De
157 2747 258 2773 duabus
275 2745 359 2772 missis
381 2744 498 2770 dicendis
529 2743 645 2776 quotidie
673 2749 719 2776 per
739 2741 889 2769 canonicos.

140 2805 217 2836 Item,
234 2803 378 2832 statuimus
395 2807 421 2829 ct
437 2802 594 2828 ordinamus
612 2801 682 2835 quod
694 2801 758 2827 dicti
772 2806 889 2834 quatuor

102 2850 227 2879 canonici
243 2855 389 2877 teneantur
401 2851 432 2875 ad
447 2848 537 2875 minus
552 2848 681 2882 qnalibet'
693 2847 738 2873 die
752 2846 890 2873 celebrare

101 2898 171 2925 duas
186 2896 283 2924 missas
296 2895 445 2924 secundum
462 2899 524 2921 nota
537 2901 544 2926 ;
558 2897 585 2921 et
599 2893 621 2921 si
636 2892 786 2921 defecerint
810 2891 889 2925 quili-

402 170 551 201 ALOYSII
574 169 750 199 BANDINII
770 168 1086 200 COMMENTARIUS.
1099 179 1134 186 -
1154 157 1355 197 APPENDIX.

1641 173 1703 194 ιη·

923 228 965 252 Ιιιιι
977 225 1105 252 dcticiens
1118 225 1246 258 puniatur
1260 231 1310 258 pro
1325 222 1444 257 qualibet
1459 222 1542 251 missa
1567 223 1593 250 in
1610 223 1689 250 holen
1699 238 1706 246 -

919 272 991 298 diuis
1007 271 1092 297 tribus
1109 271 1140 296 dc
1159 270 1214 296 suis
1227 268 1362 295 fructibus
1387 276 1432 303 per
1448 269 1627 295 camerarium
1659 269 1705 303 qui

919 324 969 350 pro
997 321 1117 350 tempore
1144 315 1227 341 fuerit
1258 314 1430 341 deducendis.
1461 313 1591 340 Volumus
1618 318 1708 342 tamen

920 361 989 395 quod
1004 361 1169 387 camerarius
1185 359 1328 394 provideat
1356 359 1389 386 de
1410 360 1601 385 communibus
1616 360 1704 387 eccle-

922 408 970 433 sia;
983 406 1117 440 pecuniis,
1134 413 1167 433 ne
1182 406 1208 432 in
1225 405 1323 432 divinis
1335 403 1448 432 ecclesia
1463 404 1488 430 in
1501 405 1553 431 hoc
1563 405 1709 433 detrimen-

922 457 976 478 tum
990 450 1098 485 aliquod
1112 451 1240 484 patiatur.

924 507 1003 542 120
1024 506 1059 533 De
1071 507 1136 534 liora
1156 506 1325 541 Vesper-arum
1337 512 1361 533 et
1370 507 1500 534 Matutino
1516 507 1543 533 in
1559 506 1710 541 duplicibu

1271 543 1357 576 festis.

959 598 1036 628 Item.
1053 599 1198 625 statuimus
1213 603 1241 625 et
1258 599 1416 625 ordinamus
1440 599 1512 633 quod
1530 599 1554 626 in
1575 599 1708 626 festivita-

924 645 994 672 tibus
1009 650 1035 672 et
1054 645 1202 671 Dominicis
1218 644 1311 671 diebus
1325 645 1387 672 dicti
1400 651 1517 680 quatuor
1532 645 1655 672 canonici
1669 650 1709 671 tu-

924 697 1110 718 ncauturcum
1128 696 1189 718 nota
1207 697 1318 718 cantare
1334 691 1467 726 Vesperas
1485 692 1627 726 utriusque
1644 691 1710 722 dici,

923 737 1021 771 vigilite
1043 741 1070 763 et
1086 735 1253 769 festivitatis,
1273 744 1303 763 ae
1320 737 1480 764 matutinum
1499 741 1526 763 et
1543 731 1651 763 missai'n
1663 744 1670 767 ;
1684 739 1712 764 et

925 783 948 809 si
961 781 1184 813 contrafcerriut,
1201 782 1314 816 quilibet
1325 783 1423 809 absens
1437 779 1562 816 puniatur
1580 789 1628 816 pro
1643 790 1713 816 quav

925 827 990 855 libet
1006 829 1132 855 horarum
1152 829 1305 863 hujusmodi
1326 829 1351 856 in
1369 837 1422 855 uno
1435 820 1585 863 bolengeno
1599 837 1659 856 cum
1672 828 1713 854 di-

926 874 1018 906 midio;
1030 875 1112 902 missa
1126 883 1190 902 vero
1210 875 1236 901 in
1251 875 1409 909 bolengenis
1427 880 1554 909 quatuor,
1567 874 1618 901 nisi
1631 874 1712 900 fuerit

926 919 1048 946 infirmus
1061 927 1109 946 sca
1128 921 1153 946 in
1171 921 1248 946 tactis
1260 920 1381 946 ecclesia:
1399 923 1558 954 occupatus,
1586 921 1621 946 ita
1638 919 1711 954 quod

925 966 1070 993 inﬁrmitas
1086 967 1121 993 sit
1134 967 1244 993 evidens
1259 967 1351 993 taliter
1366 967 1438 1000 quod
1457 975 1510 993 non
1533 967 1620 1000 possit
1636 966 1710 994 exiro

925 1011 1035 1038 domum
1048 1019 1102 1038 sua:
1119 1012 1303 1044 habitationis,
1320 1016 1364 1038 ant
1387 1020 1480 1047 parum
1498 1017 1573 1039 extra
1588 1012 1713 1038 ambula-

927 1066 966 1090 re,
978 1066 1026 1086 sett
1041 1059 1189 1086 secundum
1207 1060 1399 1087 discretionem
1416 1060 1509 1086 vicarii
1520 1059 1711 1093 judicandum.

926 1105 1056 1134 Volumus
1073 1111 1171 1139 tamen,
1189 1106 1259 1140 quod
1275 1113 1345 1133 unus
1368 1106 1487 1140 ipsorum
1507 1106 1589 1133 faciat
1619 1111 1714 1133 Canto-

927 1151 994 1177 riam
1008 1151 1033 1177 in
1049 1153 1185 1186 prin-dictis
1199 1153 1272 1178 horis
1289 1159 1350 1179 cum
1365 1160 1469 1186 superpt
1481 1152 1560 1178 Ilii-eo
1574 1160 1581 1185 ς
1602 1153 1625 1177 in
1639 1153 1714 1179 tosti-

927 1197 1056 1224 vitaiihus
1073 1205 1136 1225 vero
1148 1198 1295 1233 majoribus
1312 1199 1467 1232 duplicibus
1482 1206 1544 1225 cum
1571 1199 1677 1231 pivialc.

929 1254 966 1281 De
983 1254 1098 1282 habendo
1113 1254 1249 1286 concitatio
1262 1255 1405 1288 stunptihns
1423 1255 1621 1286 canonfrorum,
1637 1259 1660 1281 ct
1672 1263 1715 1281 είς

1123 1290 1202 1316 clesia
1217 1291 1388 1316 custodienda
1406 1299 1451 1326 per
1467 1298 1520 1318 eos.

963 1349 1040 1382 Item,
1054 1350 1197 1376 statuimus
1213 1353 1239 1376 et
1254 1349 1413 1377 ordinamus
1427 1350 1498 1383 quod
1514 1348 1577 1375 dicti
1596 1352 1714 1383 quatuor

930 1395 1051 1422 canonici
1069 1395 1199 1422 continuo
1213 1395 1345 1422 retineant
1361 1403 1442 1422 unum
1469 1395 1608 1421 honestum
1624 1394 1715 1428 capel-

929 1439 1020 1466 Ianum
1038 1440 1083 1474 qui
1101 1448 1199 1467 canere
1214 1440 1283 1467 sciat
1300 1430 1542 1474 caotntnplannm,
1556 1445 1582 1466 ct
1616 1440 1644 1467 in
1658 1447 1716 1466 om~

929 1486 1008 1513 nibus
1025 1487 1099 1512 horis
1117 1487 1142 1512 in
1157 1486 1282 1516 ecclesia,
1305 1486 1376 1513 sicut
1395 1487 1440 1512 alii
1457 1486 1591 1519 canonici,
1623 1486 1717 1513 descr-

929 1532 994 1559 viat.
1013 1532 1082 1560 Etsi
1100 1533 1303 1564 contrafcccrit,
1332 1533 1358 1559 in
1393 1540 1446 1560 lan
1474 1533 1628 1567 bnlcngeno
1657 1533 1717 1560 vico

931 1579 1050 1614 qualibet
1065 1579 1204 1613 puniatur.
1219 1578 1349 1606 Volumus
1365 1583 1452 1605 tamen
1468 1579 1539 1612 quod
1554 1579 1617 1606 dicti
1631 1586 1716 1605 cano-

931 1625 984 1651 nici
1000 1625 1044 1658 qui
1063 1624 1096 1653 ibi
1110 1623 1316 1657 pcrnoctabnnt,
1333 1624 1406 1650 muni
1421 1630 1482 1650 sero
1493 1624 1618 1651 claudere
1632 1624 1720 1651 eccle-

932 1671 998 1698 siam
1008 1674 1162 1703 teneantur.
1177 1669 1239 1697 Etsi
1250 1669 1470 1701 contratccerint,
1483 1669 1508 1696 in
1524 1677 1632 1703 pinnam
1647 1677 1716 1704 qna-

933 1720 994 1742 tnor
1007 1715 1217 1750 bolengenornin
1234 1716 1365 1748 ineurrat,
1385 1715 1443 1742 \‘Lce
1461 1715 1591 1750 qualibet,
1621 1715 1669 1752 qui
1689 1715 1716 1744 in

932 1762 1024 1788 cadem
1038 1761 1178 1796 cnlpabilis
1192 1760 1281 1788 fuerit.

1085 1817 1124 1844 De
1138 1818 1271 1845 honestate
1288 1818 1418 1845 servanda
1435 1819 1461 1845 in
1473 1819 1561 1846 choro.

968 1876 1044 1908 Item,
1065 1876 1211 1904 statuimus
1221 1881 1247 1903 et
1259 1876 1420 1904 ordinamus
1435 1877 1507 1911 quod
1522 1877 1646 1905 canonici
1666 1877 1714 1913 qui

935 1927 1081 1957 praesentes
1095 1928 1175 1948 erunt
1191 1922 1217 1949 in
1235 1923 1331 1955 choro,
1349 1922 1414 1949 dum
1440 1923 1625 1950 celebrabitur
1649 1923 1720 1950 divi-

935 1976 998 1995 mnn
1017 1967 1147 1999 olIicium,
1164 1972 1309 1994 stentcum
1322 1967 1438 1994 maxima
1461 1968 1602 1994 honestate
1619 1973 1646 1994 ct
1656 1967 1721 1995 abso

934 2021 986 2048 quc
999 2013 1050 2039 alia
1066 2013 1303 2045 confabulatione;
1322 2017 1349 2038 et.
1372 2013 1502 2040 medietas
1529 2013 1651 2046 ipsorum
1682 2013 1719 2040 sit

935 2061 968 2086 ab
996 2067 1046 2086 una
1077 2064 1152 2093 parte
1182 2060 1270 2090 chori,
1298 2059 1349 2086 alia
1365 2066 1431 2086 vero
1443 2061 1477 2085 ab
1489 2059 1562 2086 alia:
1579 2066 1666 2092 neque
1683 2059 1718 2086 ab

936 2113 987 2132 una
999 2110 1076 2140 parte
1089 2105 1165 2133 chori
1177 2106 1209 2131 ad
1220 2105 1300 2132 aliam
1315 2106 1463 2135 discurrat,
1482 2109 1529 2132 aut
1543 2105 1576 2132 ab
1592 2105 1655 2132 inde
1673 2113 1718 2132 re-

936 2152 1031 2179 cedere
1041 2151 1081 2180 vel
1094 2152 1169 2178 abire
1180 2156 1336 2186 praesumat,
1351 2152 1402 2178 nisi
1415 2152 1568 2179 necessitas
1580 2152 1723 2180 iuta-ineat

937 2197 1058 2233 corporis
1074 2197 1117 2225 vel
1133 2198 1270 2232 negotium
1283 2198 1418 2224 ecclesiae.
1437 2197 1467 2225 Et
1479 2198 1501 2225 si
1514 2198 1649 2232 quispiam
1679 2198 1722 2225 fec

937 2245 1008 2272 cerit
1024 2244 1153 2271 adversus
1169 2251 1201 2272 ea
1222 2243 1332 2278 aliquod
1349 2244 1518 2276 indecorum,
1536 2243 1626 2278 quoad
1647 2243 1722 2271 illam

939 2291 1048 2318 missam
1061 2291 1103 2318 vel
1119 2290 1213 2318 boram
1229 2298 1278 2325 pro
1289 2291 1401 2318 absente
1413 2290 1520 2324 penitus
1541 2290 1686 2317 habeatur.

940 2357 1017 2391 l2],
1035 2356 1071 2384 De
1089 2356 1320 2383 administratione
1341 2361 1570 2384 sacramentorum
1600 2356 1721 2391 facienda

1177 2400 1223 2426 per
1236 2392 1374 2419 canonicos
1399 2393 1494 2419 solum.

974 2449 1051 2482 Item,
1069 2449 1212 2477 statuimus
1225 2455 1251 2476 et
1262 2450 1420 2477 ordinamus
1438 2450 1509 2484 quod
1526 2450 1590 2476 dicti
1604 2454 1722 2484 quatuor

939 2496 1062 2523 canonici
1075 2496 1193 2523 habeant
1208 2495 1474 2523 administrationem
1489 2494 1624 2529 parochia‘.
1634 2495 1722 2521 eccle<

940 2543 1003 2576 site;
1017 2548 1044 2570 et
1057 2543 1128 2578 quod
1142 2543 1233 2570 nullus
1247 2543 1404 2577 capellanus
1419 2549 1468 2569 seu
1485 2542 1573 2575 aliqua
1588 2541 1639 2568 alia
1664 2547 1725 2575 perv

942 2596 1009 2616 sona
1024 2596 1054 2616 se
1074 2589 1101 2615 in
1119 2588 1179 2622 eius
1195 2596 1261 2616 cura
1276 2589 1367 2622 aliquo
1389 2587 1469 2615 modo
1485 2587 1598 2613 misceat
1629 2585 1679 2613 nisi
1697 2586 1723 2613 in

941 2642 1004 2662 casu
1018 2634 1196 2666 necessitatis,
1216 2634 1257 2661 vel
1274 2635 1308 2662 de
1321 2639 1448 2670 expressa
1467 2632 1577 2659 licentia
1595 2631 1722 2659 cardina-

941 2681 984 2714 lis,
1003 2681 1044 2709 vel
1056 2681 1114 2716 ejus
1124 2681 1230 2712 vicarii,
1258 2688 1308 2708 seu
1324 2680 1530 2708 canonicorum.

944 2749 980 2777 De
1007 2748 1091 2775 missio
1122 2747 1237 2774 dicendis
1272 2755 1316 2781 per
1351 2747 1500 2781 capeltancs
1527 2747 1651 2775 habentes
1682 2742 1728 2778 cc-

1117 2783 1201 2814 pellas
1213 2783 1284 2810 intra
1301 2791 1394 2817 carpas
1409 2783 1534 2810 ecclesia.

978 2840 1056 2873 Item,
1071 2839 1196 2867 volumus
1215 2839 1286 2874 quod
1298 2839 1430 2874 capellani
1448 2841 1493 2875 qui
1509 2841 1534 2867 in
1551 2841 1624 2868 dicta
1637 2839 1727 2868 ecclev

947 2889 987 2916 sia
1001 2886 1118 2922 capellas
1133 2885 1243 2920 habent,
1263 2892 1327 2914 snas
1347 2886 1445 2916 missas
1459 2886 1598 2915 Celebrent
1618 2884 1729 2915 statuti!
