1912 3054
187 159 261 182 LXVII

185 210 293 245 diebus,
309 214 354 238 aut
370 209 501 239 celebrari
518 208 619 237 faciant
632 216 681 245 per
700 209 812 237 idoneos
822 207 971 236 secundum

185 256 372 284 fundationem
384 260 411 284 et
432 255 557 284 ordinem
581 259 759 290 patronorum
789 253 974 288 capellarum;

185 308 211 330 et
229 303 251 331 si
271 302 495 336 contrufecerint,
521 301 643 336 qualibet
667 301 727 328 vice
756 301 781 328 in
811 299 974 335 bolengenis

184 351 272 378 tribus
284 350 442 385 puniantur.

186 408 224 436 De
238 407 404 442 lampadibus
421 406 593 434 accendendis
620 410 682 442 ante
702 406 787 442 uitare
818 405 906 439 majus
930 412 976 439 per

343 442 507 477 capclhtnum
535 443 642 476 capella:
657 441 687 469 S.
700 441 816 468 Tltonzre.

218 501 454 533 Item,statuimus
479 505 505 527 et
531 500 693 528 ordinamus
718 499 791 534 quod
819 497 975 533 capellanus

159 548 162 551 ’
184 547 295 582 capella:
315 547 344 574 S.
366 546 560 578 Tltomm,silte
577 546 604 573 in
622 546 693 573 dicta
707 545 832 576 ecclesia,
859 544 905 578 qui
937 547 976 569 te—

184 599 263 621 netur
290 601 321 620 ex
354 597 517 620 testamento
545 592 646 627 quond.
680 590 796 618 Mancini
826 587 975 616 accendere

183 639 338 673 sumptibus
347 639 457 674 capellae
473 639 542 666 duas
559 638 698 672 lampades
723 641 788 663 ante
802 636 892 669 majus
909 633 975 660 alta-

184 693 224 720 re,
239 694 300 721 qua:
314 685 359 712 diu
376 690 511 720 noctuque
528 685 624 711 ardere
639 684 748 715 debent,
768 683 804 709 ita
815 681 972 715 diligentem

184 733 210 760 in
230 732 383 768 huiusmodi
405 732 587 759 luminaribus
602 738 632 757 se
646 729 786 760 exhibeat,
802 727 873 762 quod
900 726 974 753 nulla

186 781 264 812 liora,
279 779 331 806 nisi
346 786 412 805 casu
426 777 549 809 fortuito,
567 776 738 812 reperiantur
758 775 900 802 exstinctae
918 777 975 806 ',.ct

188 826 211 853 si
226 820 430 856 cuntral‘ecerit,
456 825 514 851 vite
534 823 654 856 qttalibet
676 822 804 855 puniatur
819 827 869 854 pro
885 818 972 854 quali-

184 872 227 898 bet
240 871 364 905 lampade
377 871 403 897 in
417 870 577 904 ltolcttgcnis
589 868 706 895 duobus.
725 868 758 894 Et
771 867 803 893 de
820 866 871 893 boc
882 870 973 897 stetur

184 917 257 945 dicto
272 916 429 948 caitierarii,
441 923 487 943 seu
503 915 574 942 alius
594 915 717 941 bouest
730 919 866 947 persona‘,
886 912 975 938 medio

181 964 350 999 iuramento.
367 962 401 989 Et
417 962 439 989 si
454 961 614 995 capellanus
630 960 681 987 ltoe
708 959 801 987 facere
829 965 976 986 recusave-

182 1011 228 1043 rit,
240 1009 361 1037 vicarius
368 1008 517 1036 cardinalis
527 1012 652 1034 teneatur
664 1006 794 1034 ordinare
804 1007 876 1040 quod
887 1005 974 1033 dictas

183 1056 322 1090 lampades
336 1055 468 1082 accendat
481 1058 543 1080 com
558 1053 654 1080 eadem
669 1059 748 1087 pmna
765 1051 900 1086 apposita.

258 1118 261 1119 ⁷
289 1120 327 1147 De
347 1119 473 1146 electione
492 1119 636 1146 camerarii
666 1122 689 1145 et
702 1118 759 1152 ejus
775 1117 868 1152 οιπεὶο.

218 1177 297 1210 Item,
313 1177 460 1204 statuimus
476 1180 503 1204 et
515 1176 674 1204 ordinamus
690 1174 764 1210 quod
787 1174 861 1202 omni
888 1182 972 1207 anno,

183 1224 210 1250 in
227 1222 360 1250 Kalendis
378 1221 514 1254 Januarii,
533 1222 647 1257 eligatur
663 1229 710 1256 per
736 1221 868 1248 vicarium
907 1229 976 1256 prte-

184 1270 246 1297 fata:
273 1269 396 1298 ccclesim
426 1271 576 1297 canonicos
605 1277 674 1297 unus
700 1277 733 1297 cx
763 1269 902 1297 canonicis
929 1268 975 1304 qui

182 1318 347 1343 camerarius
385 1321 582 1350 nunenpetur,
627 1321 690 1344 ante
743 1315 821 1351 cujus
862 1316 976 1344 electio-

182 1360 244 1391 nem
279 1363 377 1397 singuli
413 1363 538 1390 canonici
571 1366 714 1390 teneantur
729 1363 755 1390 in
784 1363 909 1390 inanibus
936 1363 976 1390 \i-

181 1409 249 1436 carii
263 1409 357 1444 iurare
372 1409 443 1443 quod
458 1408 558 1444 eligent
580 1409 719 1437 meliorem
734 1415 760 1436 et
775 1410 860 1444 magis
883 1409 975 1437 utilio-

183 1463 238 1482 rem
257 1456 290 1482 ad
316 1455 471 1489 praedictum
507 1455 585 1490 122
628 1454 745 1482 ollicium
779 1455 974 1482 exercendum.

182 1501 332 1529 Pracdictus
351 1506 440 1529 autem
454 1501 621 1529 camerarius
638 1501 679 1528 sic
698 1501 802 1528 electus
818 1508 912 1528 onmes
934 1509 977 1529 re-

183 1544 257 1575 ditus
271 1552 297 1574 et
307 1553 455 1582 proventus
472 1547 552 1575 dictae
564 1547 686 1575 ecclesia:
702 1547 820 1582 recipiat
830 1552 855 1574 et
872 1547 975 1575 descri-

182 1595 241 1627 bat,
257 1599 284 1622 et
301 1595 333 1622 de
350 1595 415 1630 ipsis
431 1594 603 1622 administret
619 1594 761 1627 aequaliter
774 1594 916 1621 canonicis
935 1601 976 1621 re-

182 1642 333 1669 sidentibus
346 1647 372 1669 ct
387 1642 413 1669 in
430 1641 546 1668 ecclesia
563 1640 759 1672 servientibus,
775 1645 804 1666 ut
829 1648 908 1674 supra
928 1648 976 1667 tto-

185 1694 270 1716 tatum
284 1694 324 1716 est
340 1689 366 1715 in
384 1696 444 1723 cap.
460 1688 492 1715 de
507 1687 652 1714 rcsidentla
680 1690 707 1713 et
724 1687 751 1713 in
779 1694 836 1722 seq.
855 1694 916 1721 cap.
943 1686 976 1713 de

183 1735 275 1763 divina
293 1736 441 1767 servitute;
455 1739 481 1761 et
495 1741 591 1761 omnes
613 1733 682 1760 alias
698 1740 833 1767 expensas
851 1733 974 1760 ecclesiae

183 1782 266 1809 faciat
286 1781 400 1808 iideliter
418 1787 503 1815 usque
516 1780 550 1807 ad
570 1787 670 1806 annum
687 1787 782 1806 unum.
809 1778 842 1806 Et
859 1780 974 1815 singulis

184 1829 288 1856 duobus
301 1827 439 1854 mensibus
455 1828 579 1854 teneatur
591 1832 683 1853 coram
702 1826 804 1853 vicario
821 1830 849 1854 et
863 1826 976 1853 canoni-

184 1875 225 1903 c‘is
251 1874 368 1902 t‘eddece
391 1874 526 1901 rationem
551 1873 588 1901 de
616 1873 921 1902 omnibusintroitihus
949 1879 976 1902 ct

184 1921 304 1949 exitibus
318 1921 396 1948 dictae
410 1920 544 1952 ecclesias,
562 1928 594 1947 ac
608 1920 689 1947 etiam
701 1919 735 1947 de
748 1921 885 1954 noctibus,
901 1920 975 1949 lteris

184 1973 213 1994 et
226 1967 321 1994 missis
336 1974 383 2002 per
402 1967 551 1995 canonicos
563 1966 720 2001 prmdiclos,
739 1971 821 2001 prout
852 1967 975 2001 superius

185 2018 309 2042 notatum
322 2019 377 2042 est.
390 2013 418 2040 In
436 2014 488 2041 line
504 2021 568 2041 vero
589 2013 653 2041 aun-i
680 2013 722 2041 sui
747 2013 840 2046 cilicii,
864 2018 919 2040 tant
941 2013 975 2040 de

187 2060 302 2096 receptis
318 2067 400 2095 quam
417 2060 450 2087 de
465 2060 601 2095 expensis,
619 2064 645 2087 et
657 2059 822 2095 generaliter
837 2059 870 2087 de
883 2059 975 2086 omni-

185 2109 235 2135 bus
243 2107 440 2134 administratis
452 2114 499 2142 per
508 2114 572 2135 eum
586 2107 738 2142 plenarism
760 2107 896 2134 rationem
912 2108 974 2134 red-

185 2155 249 2181 dere
264 2159 412 2188 teneatur;
446 2157 473 2181 et
499 2154 521 2181 si
549 2153 651 2188 aliquid
673 2152 849 2188 superfuerit,
883 2159 973 2180 coram

185 2201 287 2228 vicario
297 2206 325 2228 et
336 2201 471 2235 capitulo,
500 2208 571 2227 novo
585 2200 741 2227 catnersrio
765 2199 835 2227 infra
858 2200 974 2234 q’uiudea-

184 2248 238 2275 tam
254 2248 312 2274 dies
326 2252 471 2281 postquam
491 2246 525 2274 de
536 2247 676 2282 prmdietis
706 2247 838 2273 rationem
863 2245 974 2279 fecerit,

187 2294 240 2321 hoc
252 2293 427 2328 cmisiguare,
442 2293 519 2325 elisa,
531 2292 624 2328 eia-pse
638 2291 754 2319 termino
766 2292 792 2319 in
806 2298 913 2327 pmnam
922 2292 974 2319 du-

185 2339 222 2375 pli
241 2339 298 2374 ipso
313 2339 384 2367 iacto
397 2339 529 2366 incurrat.
547 2338 579 2365 Et
594 2345 627 2365 uc
650 2338 816 2365 camerarius
831 2338 891 2366 sine
902 2345 975 2366 mer-

187 2388 255 2414 cede
268 2386 383 2417 laboret,
400 2393 450 2419 pro
462 2385 572 2419 aliquali
589 2391 638 2412 sua
650 2384 776 2411 mercede
787 2384 890 2412 laboris
907 2383 974 2412 reci-

186 2433 270 2468 cipiat
284 2433 317 2460 de
332 2431 466 2460 fructibus
481 2431 602 2459 ccclesim
613 2429 716 2457 solidos
735 2430 827 2458 decem
843 2437 891 2465 pro
906 2437 974 2465 quo-

186 2479 251 2507 libet
266 2486 369 2506 mense.

253 2547 291 2574 De
298 2545 365 2574 libro
375 2545 516 2572 camerer
530 2550 554 2572 et
579 2543 651 2579 {uilis
666 2543 810 2571 scribendis
819 2544 849 2571 in
865 2548 908 2573 eo.

189 2607 191 2610 ⁴
221 2617 300 2650 Item,
318 2616 463 2644 statuimus
476 2620 503 2642 et
518 2615 676 2642 ordinamus
688 2613 761 2649 quod
778 2613 866 2642 dictus
885 2620 976 2641 came-

187 2663 276 2704 ;arius
295 2663 419 2689 teneatur
431 2669 512 2689 unttm
526 2661 624 2688 librum
653 2660 743 2687 facere
767 2659 794 2687 in
820 2668 873 2694 quo
897 2659 977 2687 fallas

188 2718 235 2738 seu
249 2710 385 2737 absentias
400 2709 590 2736 canonicorum
609 2711 636 2734 et
650 2707 853 2742 eapellauornm
872 2704 975 2732 descri-

182 2758 252 2785 bere
266 2761 294 2784 et
308 2761 440 2784 annotave
456 2759 592 2786 teneatur,
614 2760 667 2780 nec
688 2759 740 2779 non
756 2751 896 2779 absentias
911 2758 976 2777 noc-

189 2802 254 2829 tium
267 2800 434 2833 tarumde‘m,
460 2805 492 2826 ac
507 2798 541 2825 de
555 2797 703 2833 praemissis
721 2802 813 2823 coram
829 2796 930 2822 vicario
950 2800 977 2822 et

185 2848 326 2876 canonicis
341 2847 418 2875 dictae
427 2846 552 2874 ecclesiae
568 2844 683 2872 reddere
690 2843 830 2871 calculum
843 2848 870 2870 et
890 2843 973 2870 ratio-

184 2904 263 2932 ‘nem,
282 2896 357 2925 nulla
374 2895 469 2924 fraude
482 2894 690 2926 interveniente,
711 2891 761 2920 sub
772 2899 853 2927 pinna
880 2890 974 2926 priva-

605 153 654 184 DE
675 153 764 185 VITA
786 152 835 183 ET
854 151 983 182 REBUS
1002 151 1141 182 GESTIS
1160 126 1415 182 BESSARIONIS

1738 158 1770 177 IX
1775 157 1822 178 VIII

1033 207 1116 235 tionis
1132 206 1212 235 cilicii
1229 215 1261 236 ac
1275 208 1388 243 prtestiti
1399 207 1558 242 jnramenti,
1575 207 1735 243 adjiciontcs
1749 209 1824 244 quod

1031 253 1048 280 ii
1065 253 1112 288 qni
1129 260 1181 281 non
1198 254 1323 282 venerint
1339 254 1366 280 in
1383 254 1504 282 secundo
1519 253 1623 289 psalmo
1640 253 1824 288 Vcsperarum

1030 303 1056 326 et
1068 299 1204 332 matutini,
1219 305 1245 327 ct
1256 299 1283 327 in
1297 300 1379 328 missa
1394 301 1457 328 dum
1471 301 1614 337 presbyter
1631 301 1726 335 incipit
1749 299 1819 327 Glo-

1030 346 1071 373 ria
1091 346 1118 372 in
1131 347 1253 380 excelsis,
1267 355 1316 374 seu
1330 348 1405 374 linito
1416 348 1497 382 Hyrie
1512 347 1620 380 eleison,
1653 347 1826 378 camerarius

1031 393 1057 419 in
1076 393 1225 420 continenti
1242 395 1301 422 sine
1318 395 1408 429 aliqua
1427 394 1556 422 dilatione
1574 399 1687 422 annotct
1705 395 1732 422 in
1754 395 1825 423 libro

1029 439 1080 466 sub
1096 447 1177 474 pmna
1195 444 1323 466 contenta
1337 441 1462 475 superius
1475 441 1502 468 in
1520 441 1572 469 isto
1593 441 1721 476 capitulo.

1126 506 1166 534 De
1183 508 1339 542 quotidiana
1352 508 1546 537 distributionis
1564 510 1723 545 quantitate.

1065 576 1144 609 Item,
1159 577 1206 611 qui
1230 578 1327 604 altario
1354 579 1438 605 servit
1468 581 1501 606 de
1516 578 1613 606 altario
1626 579 1718 606 vivere
1732 578 1823 606 debet.

1031 621 1183 662 Sltllu'illllls
1199 623 1272 657 quod
1285 624 1405 658 prwdicti
1423 625 1545 652 canonici
1571 625 1689 652 habeant
1704 625 1822 652 cotidia-

1030 675 1078 695 nas
1098 668 1303 698 distributiones
1332 672 1365 698 de
1396 670 1529 698 fructibus
1551 669 1630 698 dictae
1653 671 1774 698 ecclesia:
1796 672 1824 698 in

1030 713 1103 741 hunc
1131 715 1250 748 modum,
1280 715 1414 749 videlicet,
1438 717 1509 750 quod
1533 709 1648 751 quilibet
1673 718 1824 744 canonicus

1029 759 1151 794 qualibet
1163 760 1208 787 die
1228 761 1327 789 habeat
1339 761 1503 797 bolengenos
1519 767 1594 795 tres;
1624 761 1652 789 in
1668 762 1822 797 duplicibus

1030 812 1095 832 vero
1111 805 1372 840 ctDouiinicalibus,
1390 808 1522 842 quinque,
1538 808 1650 842 quilibet
1668 815 1716 842 pro
1753 815 1823 842 qua-

1030 851 1095 879 libet
1108 851 1187 887 123
1208 853 1263 885 die,
1288 853 1310 880 si
1326 859 1446 888 praesens
1460 854 1543 881 fuerit
1553 855 1579 882 in
1592 853 1757 888 supradictis
1773 853 1822 880 lto-

1030 897 1079 932 ris,
1097 900 1212 933 proutin
1226 899 1345 934 capitula
1358 901 1484 935 superius
1500 905 1622 928 notatum
1644 905 1697 928 cst.

1029 966 1211 995 Desolutione
1238 968 1360 1004 facienda
1378 977 1423 1003 per
1449 978 1527 998 novos
1549 970 1691 998 canonicos
1717 970 1744 997 in
1777 970 1822 998 in-

1373 1013 1475 1040 gressu.

1064 1059 1303 1092 Item,5tatuimus
1331 1066 1357 1090 ct
1391 1062 1552 1090 ordinanms
1578 1064 1648 1098 quod
1671 1068 1819 1099 antequam

1029 1106 1153 1133 canonici
1171 1107 1204 1133 de
1219 1114 1289 1134 novo
1305 1108 1473 1142 recipiantur
1488 1109 1514 1135 in
1534 1109 1606 1136 dicta
1623 1109 1751 1141 ecclesia.
1768 1116 1820 1144 pro

1030 1152 1196 1186 paratnentis
1216 1157 1242 1180 et
1257 1153 1424 1181 ornamentis
1449 1154 1529 1182 dictae
1556 1155 1678 1182 ecclesia:
1711 1155 1821 1184 solvere

1029 1197 1147 1226 ﬂurenos
1163 1198 1305 1227 Romanos
1327 1203 1389 1227 octo
1405 1201 1555 1228 camerario
1572 1206 1728 1237 teneantur,
1752 1210 1821 1237 quos

1029 1243 1086 1278 ipse.
1100 1245 1270 1272 camerarius
1288 1245 1314 1272 in
1333 1244 1413 1273 dictis
1440 1247 1617 1282 parantentis,
1634 1255 1716 1284 quam
1739 1250 1821 1277 citius

1030 1290 1141 1324 poterit,
1156 1295 1320 1318 convertere
1337 1295 1461 1318 teneatur
1477 1292 1526 1319 sub
1541 1296 1621 1325 poena
1646 1293 1759 1327 przcstiti
1773 1293 1821 1328 ju-

1030 1336 1156 1368 ramcnti,
1169 1337 1220 1364 nisi
1233 1337 1381 1364 cardinalis
1390 1338 1431 1365 vel
1440 1337 1498 1372 ejus
1510 1337 1628 1366 vicarius
1637 1339 1663 1366 in
1672 1339 1820 1374 specialem

1030 1382 1173 1410 utilitatem
1186 1383 1227 1410 uel
1242 1385 1430 1412 necessitatem
1444 1384 1566 1412 ecclesia:
1576 1384 1660 1419 ipsam
1675 1387 1820 1420 pecuniam

1030 1429 1138 1457 duxerit
1153 1431 1376 1459 convcrteudam.

1032 1490 1067 1516 De
1077 1490 1231 1525 juramcnto
1246 1492 1397 1525 pra'stttna'o
1409 1499 1454 1524 per
1474 1500 1554 1519 novos
1568 1493 1707 1519 canonicos
1722 1492 1754 1518 de
1764 1500 1822 1519 ser-

1242 1527 1333 1553 vandis
1355 1527 1463 1553 statutis
1480 1527 1606 1554 ecclesiw.

1065 1583 1145 1627 Itemz
1159 1584 1304 1611 statuimus
1321 1584 1517 1611 etordinamus
1529 1584 1601 1620 quod
1616 1584 1727 1619 quilibet
1740 1592 1822 1613 cano-

1031 1629 1152 1656 nicorutn
1169 1629 1380 1663 recipiendusin
1396 1629 1468 1657 dicta
1487 1630 1612 1663 ecclesia,
1639 1631 1665 1656 in
1694 1631 1822 1659 manibus

1030 1675 1124 1701 vicarii
1139 1679 1247 1709 praestet
1264 1674 1450 1709 juramentum
1465 1675 1496 1702 de
1512 1674 1691 1702 observandis
1709 1680 1820 1704 statutts

1029 1727 1056 1749 et
1071 1721 1316 1749 consuetudinibus
1331 1721 1455 1748 ecclesiae
1470 1726 1639 1749 memoratae.

1029 1778 1067 1806 .De
1078 1779 1171 1814 quibus
1187 1779 1340 1806 mulieribus
1355 1780 1517 1813 permittitur
1536 1781 1669 1808 canonicis
1699 1787 1724 1809 ul
1739 1782 1822 1810 inter-

1224 1816 1286 1841 dum
1304 1816 1400 1842 intrent
1420 1816 1509 1842 domos
1522 1825 1622 1844 eorum.

1064 1873 1142 1906 Item,
1169 1873 1314 1900 statuimus
1344 1873 1414 1907 quod
1444 1872 1533 1900 nullus
1562 1875 1712 1902 canonicos
1736 1880 1819 1904 tanta;

1030 1919 1192 1947 temeritatis
1207 1923 1233 1947 et
1247 1919 1370 1947 audaciae
1385 1920 1422 1946 sit
1434 1921 1507 1954 quod
1521 1920 1551 1947 in
1568 1922 1683 1949 cameris
1696 1922 1818 1956 ipsorum

1028 1964 1146 1998 aliquam
1162 1963 1303 1992 mulierem
1320 1970 1477 1999 suspectam
1499 1966 1607 1999 audeat,
1622 1967 1673 1994 nisi
1691 1972 1817 2000 matrem,

1027 2018 1150 2038 sererent
1169 2016 1215 2038 aut
1231 2011 1355 2045 auritum,
1373 2011 1567 2045 intromittere,
1581 2018 1607 2040 et
1625 2014 1678 2042 hoc
1697 2014 1732 2042 de
1744 2022 1818 2047 raro,

1027 2065 1118 2092 neque
1145 2063 1287 2092 receptare
1314 2058 1434 2093 aliquem
1463 2059 1628 2087 homicidam
1660 2061 1702 2088 vel
1728 2061 1820 2096 aliquo

1027 2104 1134 2132 enormi
1156 2104 1277 2132 crimine
1297 2104 1488 2138 dill‘amatum,
1520 2107 1570 2134 sub
1601 2114 1680 2142 pecua
1705 2107 1820 2136 arbitrio

1030 2150 1079 2178 Dni
1092 2150 1243 2178 cardinalis
1257 2151 1299 2178 vel
1308 2151 1370 2186 ejus
1385 2152 1491 2180 vicarii.

1063 2207 1103 2235 De
1117 2207 1252 2242 capellana
1268 2208 1313 2242 qui
1328 2199 1408 2243 fuerit
1434 2209 1527 2237 absens
1542 2218 1588 2245 per
1604 2219 1705 2239 menses
1720 2216 1783 2240 tres.

1065 2265 1141 2299 ltcm,
1164 2266 1312 2294 statuimus
1337 2270 1365 2293 et
1390 2266 1549 2294 ordinamus
1569 2269 1640 2303 quod
1657 2269 1678 2296 si
1695 2270 1756 2304 quis
1774 2278 1819 2298 ca-

1026 2311 1153 2347 pellauus
1170 2312 1275 2347 absque
1302 2312 1412 2340 licentia
1432 2304 1581 2340 cardinali's
1600 2314 1642 2342 vel
1656 2315 1715 2350 ejus
1725 2316 1818 2345 vicarii

1028 2367 1058 2386 se
1076 2359 1271 2392 abscntaverit,
1293 2364 1321 2386 et
1347 2359 1417 2386 infra
1441 2360 1525 2386 trium
1547 2361 1683 2388 mensium
1700 2364 1817 2396 spatium

1029 2412 1083 2433 non
1096 2405 1208 2433 redierit
1222 2405 1254 2432 ad
1266 2404 1408 2432 ecclesiam
1419 2405 1587 2440 prtulibatam
1599 2406 1632 2434 ad
1645 2408 1818 2436 serviendum

1030 2452 1149 2487 capolim,
1161 2457 1264 2480 estuue
1288 2459 1335 2487 per
1343 2452 1461 2479 edictum
1479 2452 1614 2487 publicum
1632 2454 1658 2481 in
1672 2454 1758 2482 choro
1772 2463 1818 2483 ee-

1029 2499 1128 2531 clesim,
1142 2498 1206 2525 dum
1223 2498 1369 2526 missarum
1381 2498 1512 2526 soienmia
1528 2499 1712 2533 celebrantur,
1726 2501 1817 2536 publi-

1029 2546 1196 2579 caudum,ct
1214 2550 1307 2579 postea
1325 2546 1351 2572 in
1366 2545 1450 2580 portis
1475 2545 1595 2579 ejusdem
1621 2548 1741 2576 ecclesiae
1760 2548 1817 2576 am-

1029 2593 1146 2627 gendum
1162 2592 1195 2620 ad
1209 2593 1379 2620 serviendum
1398 2597 1541 2620 revocetur
1554 2602 1562 2622 :
1575 2599 1600 2622 el
1616 2595 1638 2622 si
1654 2595 1725 2622 infra
1744 2604 1818 2623 tuen-

1029 2645 1086 2667 sem
1100 2639 1181 2666 alium
1196 2643 1342 2674 atempore
1355 2638 1436 2675 12η
1447 2640 1748 2676 citationishujusmodi
1762 2651 1813 2670 nm

1029 2685 1240 2720 redierit,ju5to
1267 2685 1461 2720 impedimento
1491 2693 1626 2722 cessante,
1652 2695 1700 2723 per
1728 2689 1815 2724 ipsum

1029 2732 1161 2760 vicarium
1181 2732 1337 2766 capellania
1353 2740 1402 2760 sua
1421 2733 1522 2768 absque
1541 2735 1671 2770 aliajuris
1691 2736 1818 2764 Solemni-

1032 2783 1085 2804 late
1102 2778 1222 2812 privetur
1239 2781 1265 2804 et
1280 2777 1349 2804 alius
1364 2785 1414 2805 suo
1432 2778 1491 2806 loco
1505 2779 1695 2806 substituatur.

1031 2833 1067 2861 De
1082 2833 1218 2861 audiendis
1233 2833 1447 2861 excusationiims
1457 2834 1606 2869 [clientium
1617 2843 1662 2869 per
1677 2835 1813 2864 uictu-ium.

1068 2889 1147 2924 Item,
1167 2890 1312 2919 statuimus
1335 2895 1362 2919 et
1387 2892 1544 2920 ordinamus
1563 2891 1635 2926 quod
1652 2891 1818 2920 vicariuste-
