1912 3054
94 189 157 209 LXIX

94 243 193 267 neatur
211 237 378 273 singulorum
393 235 439 271 qui
464 242 494 262 se
519 239 651 261 excusare
667 228 816 259 voluerim,
837 229 881 254 aut

94 286 243 320 potuerint,
254 283 443 312 excusationes
456 281 550 308 audire
567 278 680 313 singutis
693 275 798 303 duobus
810 281 883 300 inen-

96 333 185 364 sibus,
200 331 391 359 excusationes
407 327 542 364 legitimas
559 325 713 356 admittere,
732 320 817 356 ipsius
839 318 885 353 qui

95 386 126 406 se
138 382 250 405 excusat
269 375 356 403 medio
367 375 533 411 iuramento.

95 447 135 475 De
150 445 318 481 [narratibus
349 451 406 479 quw
435 442 539 470 velitaut
565 440 599 467 ad
621 446 715 467 atauus
734 435 885 464 conterat-ii.

132 505 211 538 IIem,
233 503 380 531 statuimus
403 500 475 535 quod
492 499 580 527 onmis
594 505 664 527 certe
680 495 820 531 quantitas
836 493 886 520 ob-

95 552 212 580 veniens
223 549 347 578 ecclesia:
363 555 397 575 ex
410 546 550 579 exsequiis
565 544 765 573 defunctorum,
781 538 886 567 omnis~
908 562 909 565 η

86 594 150 632 ἐμω
170 595 284 630 pecunia
298 594 405 621 ratione
419 592 482 623 soli,
497 592 607 618 veniant
623 589 657 617 ad
681 595 778 615 manus
794 591 885 612 came.

96 643 164 670 rarii
177 648 226 677 pro
242 639 363 668 candelis
379 639 465 666 cereis
481 637 508 665 in
533 636 604 664 festo
621 631 816 670 puriticatiouis
830 629 888 665 glo-

98 689 179 716 riosa:
191 686 310 721 Virginia
320 685 422 717 Mariae,
432 691 464 711 ac
475 683 556 711 etiam
573 689 621 717 pro
634 677 888 708 aliis-lutttinaribus

97 733 259 770 opportunis
270 733 297 759 in
311 731 384 758 dit-ta
401 729 526 757 ecclesia.
542 728 575 756 Et
598 727 621 755 si
651 724 760 760 aliquod
777 729 889 757 supere-

98 769 232 814 rit,ittter
247 781 394 814 prtcsentcs
412 776 440 803 in
464 775 546 803 dictis
573 772 710 808 cxstqulis
739 769 889 798 distribua-

98 834 154 856 tur.

101 886 140 914 De
155 884 337 912 distributione
362 883 390 910 in
418 882 503 909 locum
522 879 637 907 absentis
653 874 773 903 canonici
790 873 828 901 rei
846 880 891 900 ca-

445 917 553 952 pettani.

139 979 173 1006 Et
188 986 222 1006 tte
237 978 310 1006 circa
337 975 420 1004 divini
446 974 536 1001 cultus
551 971 746 999 exhibitionem
760 968 832 996 dicta
846 975 892 994 ce-

105 1025 190 1054 clesia
212 1024 346 1051 defectum
373 1021 490 1056 aliquem
509 1018 638 1053 patiatur,
653 1015 796 1043 statuimus
819 1013 890 1048 quod

105 1073 128 1099 si
155 1069 264 1105 quando
293 1067 440 1095 canonicus
463 1065 505 1092 vol
529 1062 686 1097 capellanus
697 1059 842 1093 contigerit
857 1058 892 1085 ab

103 1103 218 1146 ecclesia
237 1113 383 1147 absetttari,
404 1115 464 1147 post
481 1110 514 1138 l5
530 1109 588 1137 dies
604 1107 721 1134 vicarius
736 1106 770 1133 de
793 1103 892 1132 substi-

104 1169 162 1192 tuto
186 1163 325 1198 provideat
349 1159 396 1195 qui
423 1159 482 1186 loco
506 1155 627 1183 absentis
654 1152 776 1181 ecclesiae
792 1151 832 1178 vel
847 1156 891 1177 ca-

105 1196 193 1247 pellte-
206 1208 362 1240 deserviat;
378 1205 424 1241 qui
448 1203 610 1231 substitutus
628 1207 723 1226 omnes
733 1204 759 1225 et
772 1196 892 1232 singulas

106 1244 172 1283 ilicti
200 1253 324 1282 canonici
343 1252 386 1278 vui
410 1249 544 1284 capcllaui
576 1245 792 1277 distributiones,
822 1244 893 1270 sicut

106 1310 174 1337 Ipse,
187 1301 210 1328 si
227 1298 408 1334 personaliter
423 1297 579 1326 interesSct,
597 1291 737 1327 percipiat.

105 1360 145 1388 De
162 1358 238 1386 rebus
264 1355 403 1384 mobilibus
424 1352 541 1380 ecclesia)
558 1359 609 1388 non
630 1347 827 1376 commodandis
839 1347 894 1375 sine

387 1390 491 1417 licentia
511 1387 614 1414 vicarii.

143 1451 219 1483 item,
231 1448 377 1478 statuimus
390 1446 461 1482 quod
477 1444 567 1472 ttullus
582 1442 731 1470 canonicus
746 1449 833 1476 neque
848 1447 894 1467 ca-

108 1498 242 1525 merarius
265 1494 405 1529 reliquias,
426 1498 541 1527 pannos,
557 1489 658 1523 ,ltbroa,
678 1492 835 1522 par-amenta
855 1486 895 1513 tel

108 1545 159 1572 alia
181 1551 258 1570 sacra
280 1549 353 1574 vasa,
378 1545 424 1566 aut
439 1541 610 1569 ornamenta,
636 1543 683 1562 seu
701 1537 843 1568 argentpm
862 1532 895 1559 ad

109 1591 229 1619 divinum
245 1588 349 1615 cultum
364 1585 487 1614 ecclesia:
510 1584 639 1618 deputata
654 1586 731 1607 extra
753 1578 895 1606 ecclesiam

109 1637 189 1664 alicui
219 1633 393 1663 commodare
424 1630 478 1658 ullo
504 1630 582 1657 modo
607 1630 762 1663 plahlllltttl,
786 1623 895 1651 licentia

111 1684 160 1711 Dni
186 1681 332 1709 cardinalis
362 1679 404 1706 vel
430 1677 488 1713 ejus
517 1675 610 1703 vicarii
641 1681 693 1700 non
721 1673 842 1699 obtenta.
866 1669 896 1696 Et

111 1729 221 1767 quando
238 1728 271 1754 de
287 1725 396 1753 licentia
421 1721 524 1758 pratiati
548 1719 641 1747 vicarii
666 1717 821 1752 contigerit,
839 1720 897 1742 tum

110 1762 279 1803 cantarat-ius
305 1772 402 1799 debeat
417 1770 446 1797 itt
463 1776 512 1796 suo
537 1768 607 1794 libro
631 1765 763 1792 adnotare
778 1762 894 1798 portito-

112 1829 179 1854 res;
198 1824 225 1848 ct
242 1819 264 1847 si
292 1821 388 1845 contra
416 1814 519 1848 fecerit,
539 1812 668 1848 puniatur
695 1809 808 1837 arbittio
825 1808 900 1835 vica-

112 1876 156 1895 l‘ll.

114 1921 193 1958 125
210 1921 249 1949 De
262 1920 409 1958 insidentia
425 1917 549 1958 facienda
563 1917 658 1942 iterum
673 1921 752 1948 usque
773 1913 835 1953 dum
849 1911 901 1938 sint

167 1954 267 1984 r'educti
285 1955 403 1982 canonici
417 1954 452 1980 ad
470 1960 608 1980 numerum
636 1955 848 1985 quater-narium.

149 2016 228 2049 Item,
245 2013 316 2048 quod
336 2000 483 2040 secundum
509 2013 642 2038 statutum
661 2011 688 2034 et
718 2004 903 2033 ordinationes

114 2062 220 2097 prtcfati
248 2061 298 2088 Diti
321 2059 582 2094 Eugettiinumerus
609 2054 802 2083 canonicorum
819 2052 854 2079 sit
870 2054 902 2079 ad

115 2114 232 2144 quatuor
247 2108 381 2134 duntaxat
407 2105 543 2134 redactus,
557 2111 591 2129 ne
613 2101 724 2136 praefata
745 2098 860 2127 ecclesia
877 2098 903 2124 itt

115 2154 216 2184 divitiis
231 2151 434 2180 incommodum
451 2149 559 2176 interitu
576 2148 705 2181 patiatur,
719 2145 864 2172 statuimus
878 2147 906 2171 ct

116 2201 278 2230 ordinamus
300 2198 372 2233 quod
396 2194 519 2224 canonici
538 2194 582 2228 qui
596 2201 610 2220 a
625 2193 685 2219 data
702 2191 851 2219 litterarum
865 2189 906 2216 di—

117 2249 152 2276 cti
172 2246 221 2274 Diti
237 2244 351 2280 Eugettii
378 2243 447 2269 citra
465 2241 492 2267 itt
510 2239 581 2267 dicta
601 2238 716 2266 ecclesia
731 2236 833 2271 recepti
850 2235 907 2263 fuc-

120 2295 184 2327 rint,
199 2300 314 2320 necnon
331 2287 464 2324 capellani
483 2287 529 2322 qui
547 2286 605 2312 vice
628 2283 781 2311 absentium
798 2282 906 2309 canoni-

121 2346 214 2367 covum
229 2336 320 2365 divina
331 2335 478 2362 secundum
491 2331 635 2366 deputatas
647 2329 685 2356 cis
696 2329 834 2364 portiones
845 2335 909 2362 sup-

121 2385 195 2420 plere
211 2386 359 2422 teneantur
376 2388 407 2407 ac
421 2378 550 2408 debeant,
571 2383 604 2403 cx
620 2379 684 2402 tunc
696 2383 710 2400 a
726 2373 908 2409 publicatione

122 2418 295 2464 put-sentiunt
317 2418 494 2456 statutorum,
508 2422 662 2460 secundum
687 2418 841 2454 hujusmodi
860 2425 908 2444 tto-

122 2482 193 2504 stras
213 2475 403 2502 ordinationes
427 2475 455 2497 et.
481 2474 593 2501 statuta,
608 2468 634 2494 itt
662 2466 773 2500 pral'ata
795 2464 909 2492 ecclesia

123 2526 283 2558 pernoctare
296 2525 324 2547 et
345 2517 483 2547 deservire
500 2514 641 2542 nocturnis
663 2513 766 2548 pariter
794 2515 819 2538 ct
837 2511 910 2537 diuv-

123 2556 165 2597 itis
177 2568 271 2595 ciliciis
284 2567 400 2594 debeant
414 2564 442 2591 itt
467 2562 593 2590 omnibus
613 2564 640 2587 et
664 2566 710 2593 per
732 2558 824 2584 omnia
841 2564 872 2583 ac
887 2556 909 2583 si

124 2615 267 2651 pra-dictus
281 2619 409 2640 numerus
426 2614 499 2637 esset
517 2606 637 2642 plettarie
654 2605 827 2639 adimpletus.

300 2669 338 2696 Bc
355 2667 485 2695 oblatione
501 2664 595 2691 altaris
613 2661 734 2696 majoris.

159 2729 310 2763 Adjicintus
325 2733 432 2761 quoque
459 2725 492 2751 de
515 2721 699 2750 oblationibus
716 2718 825 2754 majoris
843 2718 911 2744 alta-

127 2777 164 2804 ris
188 2775 274 2810 ipsius
290 2773 424 2803 ecttcsitc,
441 2769 567 2797 videlicet
582 2775 595 2794 a
611 2767 704 2794 decem
723 2765 816 2793 solidis
841 2765 911 2790 intra

127 2821 260 2857 capellam
277 2821 355 2845 dictae
369 2817 502 2848 cctlesiac,
517 2815 564 2849 qui
584 2821 631 2849 pro
657 2813 796 2840 canonicis
812 2812 911 2838 absen-

128 2869 198 2895 tibus
220 2873 292 2893 uune
311 2863 478 2893 deserviunt,
498 2860 660 2896 participare
676 2859 806 2892 debeant,
833 2863 912 2894 prottt

126 2913 248 2942 canonici
265 2913 312 2945 ipsi
331 2910 491 2941 participant

425 176 575 210 ALOYSII
595 171 775 205 DANDINII
795 167 1111 201 COMMENTARIUS.
1132 180 1166 186 —
1184 168 1388 199 APPENDIX.

1673 170 1725 192 l..\X

996 224 1033 252 De
1048 224 1171 258 larnpudr
1188 224 1353 251 accendenda
1377 229 1436 251 ante
1458 232 1551 258 corpus
1565 224 1673 254 Christi.

980 282 1130 317 Adjicimus
1147 282 1259 316 insuper
1271 289 1391 316 quoque,
1411 282 1482 315 quod
1498 285 1667 312 camerarius
1689 285 1731 312 di-

941 334 990 356 cta:
1015 328 1137 356 ecclesia:
1154 327 1187 355 de
1200 327 1332 354 fructibus
1357 327 1442 362 ipsius
1461 329 1582 356 ecclesitn
1607 335 1731 361 teneatur

942 376 1090 403 accendere
1104 374 1257 409 lampadem
1270 380 1438 409 antecorpus
1447 375 1547 402 Citriin
1564 376 1627 403 dum
1639 377 1731 405 divina

941 421 1173 454 celcltrantttrg‘et
1186 420 1209 447 si
1226 420 1431 453 contrafeccrit,
1457 421 1483 448 itt
1510 421 1665 457 bolcngcitis
1681 425 1730 450 tri-

942 467 991 495 bus
1005 467 1125 502 qualibet
1139 467 1197 494 vice
1217 466 1354 502 puniatur,
1371 471 1397 495 et
1418 471 1505 494 stetur
1528 468 1600 495 dicto
1616 469 1730 497 canoni—

941 520 1047 546 corum,
1066 512 1155 540 medio
1167 512 1334 547 iuramento.

943 650 1022 691 Bri/{rt
1038 659 1089 686 qua
1108 650 1293 691 Eugcitiurth
1304 652 1614 691 ca‘rdirtgji_Bessuriaui,
1634 659 1658 681 et
1674 659 1733 688 post

977 687 1042 727 eius
1055 692 1178 727 mortem.
1192 687 1316 727 basilica:
1329 687 1378 715 SS.
1394 688 1452 716 XI!
1462 689 1663 727 Apostolorum,
1675 687 1678 688 ⁷
1691 697 1733 716 ec-

979 722 1086 748 clesiam
1105 721 1136 749 S.
1162 723 1286 756 Androm,
1301 729 1355 748 una
1371 732 1431 751 cum
1449 721 1569 751 dantibus
1595 730 1619 751 et
1651 726 1734 752 hortis

979 757 1013 783 ad
1027 765 1086 784 eam
1100 759 1301 791 pertinentibus,
1312 761 1442 786 concedit.

981 823 1118 859 Ettgenitts
1144 825 1299 860 cpiscopus,
1325 834 1421 854 servus
1449 834 1591 855 servorum
1613 828 1672 861 Dei,
1699 829 1733 856 ad

945 869 1062 897 futuram
1083 871 1121 897 rei
1144 874 1317 898 memoriam.
1338 871 1400 899 illas
1419 873 1562 906 potissime
1587 874 1734 909 petitiones

946 916 1189 944 ad‘cxauditionis
1217 918 1330 951 gratiam
1356 917 1541 945 favorabiliter
1565 918 1735 951 admittimus

945 971 994 998 per
1009 971 1077 998 quas
1096 965 1225 991 venerab.
1237 963 1351 991 fratrum
1368 968 1523 992 nostrorum
1542 965 1622 1000 126
1636 965 1665 992 S.
1681 965 1735 992 lto-

947 1017 1035 1037 ntante
1065 1009 1194 1037 Ecclesia:
1229 1010 1410 1038 cardinalium
1439 1012 1582 1038 commodo
1605 1001 1736 1046 speratur

947 1060 1028 1090 atque
1039 1055 1170 1091 profcctui
1189 1055 1337 1090 provideri.
1349 1055 1430 1089 Sane,
1440 1056 1512 1084 sicut
1528 1056 1606 1084 ttobis
1622 1056 1736 1084 dilectas

948 1102 1019 1129 titius
1034 1106 1127 1129 n0ster
1154 1101 1448 1141 Bcssarion,_hasit‘ctn
1467 1101 1512 1128 ΧΗ
1530 1103 1623 1136 Apost.
1641 1103 1733 1137 presb.

947 1148 1020 1175 card.
1037 1169 1045 1178 ,
1062 1156 1148 1183 ttupcr
1162 1155 1297 1183 exponere
1308 1148 1425 1182 curavit,
1438 1149 1553 1176 ecclesia
1566 1149 1595 1177 S.
1608 1149 1735 1181 Androm,

948 1195 999 1222 sita
1020 1195 1044 1222 in
1063 1196 1103 1223 via
1124 1195 1248 1231 Ergatica
1272 1196 1306 1223 de
1331 1194 1414 1230 Urbe,
1439 1203 1498 1231 qua:
1515 1196 1579 1222 olitn
1601 1201 1736 1223 monaste-

948 1243 1016 1269 rium
1031 1242 1187 1269 monialium
1202 1249 1263 1269 csse
1279 1242 1393 1275 solebat,
1411 1248 1437 1269 et
1451 1247 1511 1276 post
1529 1241 1736 1268 translatiottcttt

948 1289 1105 1316 monialium
1130 1288 1284 1323 huiusmodi
1310 1288 1344 1315 ab
1375 1288 1446 1321 inde,
1462 1295 1521 1315 cum
1538 1287 1736 1322 quondantlta-

949 1335 1125 1363 bitationibus
1141 1334 1298 1361 monialium
1312 1341 1344 1361 ac
1362 1334 1443 1361 ccrtis
1463 1334 1588 1361 domibus
1604 1334 1738 1361 censuali-

949 1380 999 1408 bus
1015 1380 1102 1407 cidem
1115 1379 1238 1407 ecclesia:
1252 1379 1386 1414 contiguis
1399 1379 1456 1407 sive
1472 1379 1672 1413 adiacentibus,
1689 1388 1738 1406 nec

949 1433 1002 1452 tton
1015 1425 1111 1457 hortis,
1130 1424 1273 1451 Itortalitiis
1288 1432 1319 1451 ac
1333 1425 1439 1459 jur'tbus
1452 1429 1478 1451 et
1493 1415 1667 1458 pcrtquntiis
1682 1425 1739 1452 suis

951 1470 1115 1498 monasterio
1131 1471 1158 1497 5.
1178 1471 1324 1504 Clementis
1344 1470 1378 1498 de
1400 1470 1470 1498 dicta
1488 1470 1569 1503 Urht‘,
1586 1471 1690 1497 ordinis
1708 1471 1738 1498 S.

950 1515 1102 1549 Jcroaytni,
1113 1515 1162 1542 sub
1177 1514 1259 1542 certis
1271 1514 1351 1542 modo
1364 1520 1390 1542 ct
1402 1514 1488 1542 forma
1501 1515 1663 1543 auctoritate
1676 1523 1740 1551 apo-

951 1561 1048 1589 stolica
1071 1561 1144 1588 unita
1164 1565 1190 1588 et
1205 1560 1379 1595 intorporata
1406 1562 1521 1595 exstitit,
1546 1562 1663 1589 totalitcr
1686 1562 1742 1590 dis-

951 1613 1079 1641 cooperta
1103 1613 1130 1634 et
1149 1608 1299 1640 destructa,
1314 1615 1345 1634 ac
1364 1608 1545 1635 habitationes
1568 1598 1672 1635 necnon
1692 1609 1741 1636 do-
1786 1598 1788 1600 I

952 1661 1013 1680 mus
1031 1653 1166 1688 prtcdictac
1182 1652 1316 1687 pleneque
1325 1653 1441 1680 ruinosae
1455 1661 1462 1686 ;
1480 1661 1511 1681 ac
1528 1659 1659 1689 prattcrca
1675 1655 1742 1682 diEc-

953 1701 1004 1728 ctis
1028 1699 1092 1728 ﬁliis
1119 1699 1202 1734 priori
1232 1704 1260 1726 et
1287 1699 1417 1728 fratribus
1444 1701 1508 1728 dicti
1534 1702 1692 1729 monasterii
1710 1702 1739 1728 S.

953 1747 1099 1776 Clementis
1117 1746 1205 1774 tttintts
1225 1745 1305 1773 utiles
1319 1751 1346 1773 et
1358 1748 1541 1775 accommoda:
1554 1747 1610 1775 fore
1624 1755 1743 1776 nascun-

955 1799 1008 1822 tur.
1023 1794 1091 1821 Cum
1107 1798 1211 1825 autem,
1226 1792 1296 1820 sicut
1310 1792 1476 1827 accepimus,
1491 1794 1620 1828 ecclesia,
1634 1792 1744 1822 habita-

955 1841 1044 1868 tiones
1056 1844 1084 1867 tt
1102 1840 1200 1867 domus
1219 1839 1354 1874 prtcdicta:
1370 1839 1447 1874 juxta
1467 1840 1576 1867 domum
1590 1849 1645 1868 sua:
1667 1840 1742 1868 hahi-

956 1886 1067 1914 tntionis
1080 1886 1138 1914 sive
1159 1886 1313 1914 resi-tcntize
1329 1886 1494 1919 consistant,
1510 1894 1541 1912 ac
1562 1886 1744 1914 habitationes

956 1938 983 1961 ct
1007 1934 1104 1961 domus
1129 1933 1274 1968 praedictae,
1296 1941 1358 1968 quae
1388 1933 1509 1968 quinque
1544 1939 1655 1959 munero
1683 1937 1767 1968 suttt_

946 1980 1024 2009 'citra
1037 1981 1107 2007 viam
1125 1981 1158 2007 ad
1177 1979 1245 2006 latus
1262 1979 1427 2006 occidentale
1442 1975 1561 2010 Situataz,
1580 1978 1667 2005 cidcnt
1685 1985 1746 2005 car-

958 2027 1040 2056 dinali
1059 2034 1107 2061 pro
1128 2034 1175 2054 sua
1192 2027 1217 2053 itt
1242 2026 1280 2053 eis
1298 2025 1455 2053 collocanda
1481 2024 1581 2051 fattrilia
1599 2024 1743 2058 plurimum

960 2073 1119 2101 necessaria:
1140 2073 1283 2105 exsistam,
1307 2072 1420 2106 ipseque
1438 2070 1586 2097 cartlinalis
1601 2070 1623 2097 si
1641 2070 1747 2097 habita-

960 2120 1048 2148 tiones
1060 2124 1086 2146 ct
1102 2119 1218 2154 quinque
1230 2119 1326 2146 domus
1341 2118 1493 2152 huiusmodi
1506 2118 1529 2144 ci
1549 2117 1746 2148 concedantur,

960 2173 1006 2193 eas
1031 2172 1110 2200 posse
1132 2169 1214 2192 tenus
1242 2172 1369 2198 reparare
1385 2168 1411 2190 et
1430 2168 1583 2190 restaurare
1597 2163 1720 2190 intendat
1738 2173 1745 2189 :

962 2220 1011 2240 nos
1025 2211 1122 2246 quibus
1138 2218 1199 2237 rcn.
1218 2210 1302 2237 frater
1318 2215 1409 2237 noster
1425 2209 1588 2237 Franciscus
1604 2209 1747 2244 cpiscopus

962 2257 1129 2291 Portueusis,
1159 2256 1188 2284 S.
1221 2256 1299 2284 Rom.
1325 2256 1397 2283 Eccl.
1418 2256 1672 2286 vicecanccllarius,
1703 2257 1748 2282 ctti

962 2309 991 2332 ut
1027 2311 1058 2332 se
1076 2310 1159 2338 super
1185 2302 1333 2337 praemissis
1363 2302 1524 2329 ittl'ormarct
1551 2301 1747 2331 commisimus.

963 2349 1120 2377 relationem
1139 2348 1204 2375 fecit
1224 2347 1341 2379 ﬁdelem,
1355 2347 1456 2381 quique
1474 2354 1520 2381 per
1538 2344 1691 2380 huiusmodi
1708 2344 1750 2370 itt-

963 2396 1150 2424 l'ovmatioucm
1167 2394 1204 2420 ita
1219 2400 1289 2425 esse,
1302 2399 1328 2420 et
1344 2393 1414 2427 quod
1430 2393 1456 2419 itt
1485 2393 1527 2419 his
1543 2394 1662 2426 ipsorum
1678 2391 1750 2425 priu-

965 2449 1024 2469 rum
1039 2446 1065 2469 et
1087 2440 1201 2467 fratrum
1218 2447 1364 2474 expressus
1380 2439 1498 2466 accvssit
1513 2446 1652 2469 assensus,
1671 2439 1748 2464 iuves

965 2489 1065 2521 nimus,
1083 2487 1167 2522 ipsius
1192 2485 1338 2513 cardinalis
1354 2485 1379 2512 itt
1396 2485 1446 2512 hac
1471 2488 1548 2519 parte
1563 2484 1687 2518 precibus
1709 2483 1751 2509 in-

965 2535 1069 2566 clinati,
1093 2533 1245 2569 huiusmodi
1272 2532 1426 2563 ecclesiam,
1452 2539 1501 2559 nee
1529 2538 1582 2558 non
1614 2529 1750 2564 quondam

966 2581 1148 2609 habitationes
1169 2579 1339 2610 monialium,
1358 2587 1388 2605 ae
1417 2578 1538 2612 quinque
1557 2576 1655 2604 domus
1683 2584 1752 2608 prtu-

966 2629 1054 2655 dictas
1072 2635 1131 2654 cum
1152 2627 1240 2654 hortis
1266 2632 1294 2653 ct
1314 2625 1458 2652 hortalitiis
1474 2631 1506 2650 ac
1522 2623 1628 2657 jurihus
1646 2627 1673 2649 ct
1693 2631 1753 2656 pot--

968 2674 1089 2701 tincntiis
1121 2673 1279 2708 ptanuissis,
1306 2671 1357 2706 ipsi
1389 2670 1533 2702 cardinali,
1560 2669 1649 2704 quoad
1676 2670 1752 2695 vixe-

968 2721 1013 2753 rit,
1036 2725 1063 2747 ct
1088 2725 1148 2752 post
1172 2720 1229 2754 ejus
1245 2720 1399 2748 decessum,
1422 2716 1542 2744 basilica:
1567 2715 1615 2742 Xil
1639 2716 1754 2750 Aposto-

967 2767 1055 2793 lorum
1077 2764 1235 2799 ltttjnsmodi
1258 2764 1421 2790 auctoritate
1449 2763 1597 2797 apostolica
1623 2767 1754 2796 perpetuo

968 2813 1144 2847 applieatuus,
1161 2811 1377 2846 appropriautus,
1401 2809 1563 2844 deputamus
1579 2814 1606 2836 et
1633 2808 1755 2843 assigna-

970 2866 1047 2891 tuus;
1074 2858 1109 2884 ita
1128 2859 1198 2892 quod
1217 2857 1344 2884 licenter
1372 2863 1444 2883 nunc
1471 2855 1600 2883 cardinali
1627 2855 1756 2889 pranilclt)

972 2914 1018 2941 per
1037 2914 1064 2933 se
1082 2905 1120 2933 vel
1141 2913 1189 2940 per
1207 2903 1288 2932 alium
1311 2911 1359 2931 seu
1389 2903 1467 2936 alios,
1483 2903 1625 2932 ecclesiam
1650 2899 1758 2927 habita-
