1912 3054
147 142 211 167 LXXI

149 198 236 224 tiones
255 198 282 221 et
312 192 433 227 quinque
464 189 561 216 domus
590 186 717 222 przefatas
744 193 805 212 cum
835 184 934 215 hortis,

147 239 293 270 hortalitiis
308 244 334 265 et
355 237 415 264 aliis
448 243 530 270 supra
556 234 636 260 dictis
652 232 815 259 auctoritate
831 230 938 264 propria

149 286 233 313 littere
250 283 453 319 apprehendere
469 289 500 308 ac
515 280 576 307 illas
596 278 749 306 inhabitare
771 285 818 303 seu
833 275 940 302 iuttatti—

149 333 202 360 tari
217 331 317 363 facere,
333 331 455 363 tutiusque
476 328 508 355 de
523 328 563 354 eis
580 324 726 359 disponere
743 328 769 351 et
795 322 935 352 ordinare,

150 379 265 412 alicujus
278 385 360 411 super
380 377 430 403 tioc
445 373 554 401 licentia
585 369 698 399 minime
714 369 844 404 requisita
861 376 868 394 ι
887 375 939 393 non

150 424 322 452 obstantibus
338 422 435 449 litteris
450 420 560 447 ultionis
574 417 741 444 monasterio
752 415 781 442 S.
793 415 903 441 (lli-tuen
920 414 940 439 is

151 470 229 497 facta:
247 467 402 504 hujusmodi
429 474 460 493 ac
487 467 514 492 in
535 462 574 492 eis
594 461 743 495 contentis,
760 469 791 488 ac
805 461 941 487 constitu-

154 517 272 544 tionibus
301 514 458 549 apostolicis
495 511 655 545 ett-terisque
683 504 830 536 contrariis
862 506 940 540 127

126 563 136 602 /'
152 563 371 598 quitmscuuque.

190 608 261 636 Nulli
275 615 338 642 ergo
352 607 490 632 hominum
509 603 589 629 liceat
617 601 688 628 lianc
701 599 827 633 paginam
846 602 944 624 nostra:

154 653 355 689 applicationis,
384 648 626 685 appropriutionis,
643 645 829 680 deputationis
852 648 878 670 et
899 650 943 669 as-

156 700 318 736 signatiouis
341 697 491 731 infringere
507 695 547 721 vel
577 694 599 720 ei
619 700 686 719 ausu
710 690 856 718 temerario
881 696 945 715 con-

157 747 249 774 traire.
267 746 294 773 Si
312 745 373 778 quis
390 748 478 770 autem
501 742 551 768 hoc
578 744 740 773 attemptare
760 741 942 771 praesumpse-

157 795 202 827 rit,
220 791 431 827 indignationem
453 787 647 821 omnipotentis
673 784 717 811 Dei
734 788 760 810 et
792 781 843 808 ΒΗ.
872 780 941 807 l'etri

157 846 181 868 cl
202 840 276 867 Pauli
293 837 479 873 apostolorum
495 834 552 868 ejus
567 841 597 860 sc
624 830 730 858 noverit
758 830 944 856 iucursurutn.

195 887 290 912 Datum
317 885 410 911 ttomte
437 882 506 916 apud
536 881 565 906 S.
581 878 690 905 Petrum
709 882 779 902 anno
810 875 944 900 ittcul‘ttat.

158 930 266 960 Domini
291 929 370 961 1446,
391 935 438 955 vui
458 926 514 953 ttat.
543 929 616 959 Sept.
633 943 641 955 ,
657 921 829 956 pontiﬁcatus
861 916 947 945 nostri

160 984 232 1004 anno
248 982 302 1002 XVI.

535 1025 579 1054 ιν.

161 1093 242 1122 Bulla
258 1088 438 1117 exstinctiauis
453 1084 628 1122 clericutuuru
641 1080 820 1122 5....l‘lnriatin
835 1078 946 1109 Campo,

363 1125 393 1150 de
408 1122 547 1151 Columna,
565 1127 594 1144 uc
610 1117 639 1144 S.
658 1115 785 1155 silicet-tri
801 1116 833 1140 de
850 1114 948 1140 Arcto-

197 1163 278 1193 niuis,
291 1166 315 1188 et
326 1151 487 1193 rapplicatiop
503 1154 636 1193 fructuum
650 1151 790 1178 rectoribus
802 1155 826 1176 ει
839 1155 949 1182 repara-

197 1198 263 1225 ιὶυηὶ
273 1191 414 1222 dicturum
434 1191 617 1217 ecclesiarum.

198 1256 325 1284 Nicotaus
339 1252 491 1287 episcopus,
505 1254 601 1274 servus
622 1251 762 1272 servorum
781 1242 838 1274 Dei,
853 1241 953 1268 dilecto

164 1305 221 1332 filio
233 1300 348 1330 Jobanni
364 1295 523 1325 Gumlisalt'i
541 1293 574 1320 tle
600 1293 682 1322 Dcza,
706 1290 898 1317 arcttidiacono
920 1287 954 1314 de

165 1348 323 1379 Baroucclte
343 1346 369 1372 in
385 1342 502 1370 ecclesia
517 1340 629 1368 Auricn.
646 1357 653 1370 ,
672 1337 787 1365 salutem
803 1340 829 1362 et
845 1339 954 1368 aposto-

166 1399 245 1426 ticatn
258 1390 488 1421 benedictionem.

198 1439 341 1474 Quoniam,
353 1436 415 1463 dum
426 1432 602 1461 ecclesiarum
612 1435 637 1457 ct
647 1427 889 1456 ecclesiasticarum
897 1433 958 1460 per-

167 1495 242 1517 sonat
250 1494 294 1512 um
304 1480 524 1518 opportunitates
533 1476 707 1505 etconimoda
717 1473 906 1508 temporalium
919 1479 959 1499 re-

168 1541 227 1562 rum
242 1531 357 1558 tenuitas
369 1526 475 1558 tninuit,
491 1525 595 1550 illarum
606 1522 709 1549 vilescit
719 1521 839 1547 deccntza
852 1522 878 1545 et
891 1518 959 1544 divi-

169 1588 218 1607 ttus
225 1577 311 1606 cttttus
319 1576 346 1603 in
356 1575 435 1602 domo
444 1570 548 1598 Domini
557 1565 795 1596 desinitexcrceri,
805 1563 960 1599 apostolicae

168 1627 202 1653 ad
217 1626 268 1652 ttoc
293 1630 344 1650 nun
360 1620 470 1654 indigne
489 1615 644 1644 extenditur
660 1612 818 1648 provisiouis
830 1617 922 1643 opcia,
933 1614 962 1635 ut

170 1665 480 1706 hujusmodidispendiis
499 1670 545 1697 per
560 1660 678 1688 remedia
693 1658 797 1685 occttrri
817 1658 904 1683 valeat
915 1663 962 1690 op-

171 1715 396 1754 purtuna.Nuper
410 1709 544 1745 siquidem
558 1707 672 1735 dilectus
687 1704 756 1731 titius
768 1708 858 1731 uoster
870 1702 963 1729 Bessa-

172 1751 243 1798 l‘lOtt,
254 1764 296 1791 tit.
313 1761 431 1789 basilica:
440 1757 489 1785 SS.
499 1755 545 1782 ΧΗ
555 1756 650 1790 Apost.
662 1752 751 1788 presb.
771 1751 857 1781 ωλι-(1.,
871 1757 961 1777 coram

172 1796 250 1838 nobis
258 1807 384 1843 exposuit
397 1804 476 1840 quod,
489 1803 550 1829 licet
561 1801 587 1827 iit
600 1798 807 1834 quampluribus
819 1796 962 1831 parorttia-

173 1858 244 1885 libus
261 1854 384 1883 ecclesiis
400 1852 432 1879 de
444 1850 519 1877 Urbe
533 1848 566 1875 ab
586 1848 707 1882 ipsarum
728 1845 886 1871 t‘ttudattone
915 1850 964 1877 pro

173 1903 257 1932 divini
272 1901 362 1929 cultus
375 1894 581 1925 honoriﬁcentia
609 1897 636 1920 et
666 1895 812 1926 augmento
837 1889 964 1916 nonnulla

174 1954 302 1986 perpetua
319 1944 461 1975 beneﬁcia,
477 1941 621 1969 clericatus
644 1942 812 1970 nuncupata,
831 1943 877 1969 pro
896 1943 964 1961 iiun-

174 1996 257 2024 nullis
272 1993 380 2022 clericis
393 1991 438 2026 qui
453 1987 607 2017 rectoribus
624 1992 719 2013 earum
734 1991 783 2019 pro
802 1988 924 2017 tempore
936 1982 964 2008 in

174 2042 275 2071 divinis
292 2039 394 2068 Otticiis
409 2042 437 2065 et
446 2035 536 2063 Missis
550 2031 699 2064 deservire,
730 2030 839 2065 pulsare
857 2036 967 2062 campa-

174 2098 235 2122 nas,
249 2086 375 2115 claudere
394 2082 536 2118 ctaperire
548 2079 679 2108 ecclesias
691 2082 720 2105 et
736 2077 788 2104 alia
805 2075 845 2102 eis
859 2075 967 2102 incum-

176 2121 268 2163 tmitia
290 2135 452 2167 supportare
469 2128 611 2158 deberent,
633 2125 734 2159 quique
747 2122 832 2156 inquis
864 2121 967 2156 partio-

177 2185 255 2209 nibus
272 2188 334 2207 cutu
352 2175 505 2205 rectoribus
519 2174 654 2201 dicturum
671 2168 967 2198 ecclesiarumittaruut

177 2231 294 2259 tinctus,
323 2224 423 2252 reditus
451 2225 479 2248 et
507 2222 654 2255 proventus
679 2215 812 2252 pradicti,
837 2219 968 2242 causante

178 2278 329 2306 temporum
346 2267 458 2301 malitia,
477 2266 544 2292 adeo
557 2263 647 2292 etfecti
665 2267 728 2290 sunt
762 2266 856 2288 tenues
870 2264 896 2287 et
912 2259 969 2287 exi-

177 2321 228 2351 tes,
243 2317 315 2352 quod
330 2318 439 2350 propter
463 2313 584 2348 ipsorum
601 2308 776 2344 exiguitatem
793 2312 912 2334 rectores
941 2309 968 2332 et

177 2364 269 2393 cteriti
288 2361 393 2398 praefati
411 2367 441 2387 se
456 2366 489 2386 ex
516 2358 570 2385 illis
586 2354 729 2384 commode
759 2357 914 2381 sustentare
941 2351 976 2378 et’

177 2413 229 2439 alia
244 2411 283 2438 eis
298 2417 347 2444 pro
362 2413 486 2442 tempore
501 2401 685 2432 iucutnbentia
709 2407 791 2428 onera
807 2402 968 2433 supportare

177 2458 320 2485 commode
337 2462 390 2481 tton
403 2456 532 2488 possunt;
547 2458 578 2481 ac
590 2449 654 2477 dicti
668 2448 759 2476 clerici
777 2446 822 2481 qui
839 2446 865 2472 in
887 2443 967 2472 exlti-
983 2472 986 2473 ν

178 2504 281 2531 bitione
297 2499 441 2528 ministerii
456 2504 483 2525 ct
505 2497 678 2525 servitiorum
694 2493 774 2529 128
807 2490 968 2526 ttujusmodi

178 2559 207 2578 se
223 2549 339 2577 reddunt
364 2545 508 2582 plurimum
525 2543 701 2578 negligentes,
729 2542 843 2569 tractus,
866 2536 969 2564 reditus

179 2602 205 2624 et
216 2599 363 2631 proventus
385 2593 528 2628 praedictos
545 2590 635 2617 minus
646 2588 736 2615 debite
751 2586 832 2612 etiam
848 2592 901 2610 non
921 2585 968 2608 dc-

179 2641 323 2669 serviendo
336 2639 498 2674 percipiunt,
514 2637 607 2670 sicque
622 2633 694 2661 cedit
711 2632 737 2659 iii
763 2631 861 2658 divina:
886 2628 971 2663 maje-

179 2688 259 2718 statis
272 2687 403 2715 oﬂ'ensam
413 2686 485 2720 quod
501 2682 535 2710 ad
547 2682 607 2717 ejus
618 2680 726 2707 laudent
738 2683 765 2705 et
778 2678 911 2704 dictarum
925 2682 971 2702 et:-

180 2733 462 2764 ctesiarumdecoretu
480 2730 569 2757 fuerat
592 2726 717 2762 primitus
738 2724 904 2752 institutum.
935 2720 971 2749 Et

141 2780 143 2782 ’
181 2783 253 2811 sicut
269 2781 339 2808 idem
355 2777 501 2806 cardinatis
518 2774 600 2802 nobis
615 2772 697 2800 etiam
730 2777 866 2804 exponere
890 2776 971 2795 cura-

181 2829 230 2861 vit,
245 2828 268 2855 si
282 2827 308 2854 in
320 2824 436 2860 singulis
494 2820 584 2848 Maria:
599 2818 625 2846 in
641 2818 751 2852 Campo,
772 2816 849 2850 cujus
863 2816 967 2847 decem;

183 2876 212 2905 Β,
222 2860 325 2902 Nicolai
340 2873 372 2901 de
384 2869 527 2903 Columna,
541 2865 617 2901 cujus
631 2862 874 2905 similttcrdeccnt,
887 2868 919 2889 ac
937 2860 976 2902 5.,

566 128 615 160 DE
635 129 724 158 \'tT.\
747 128 794 156 ΕΤ
819 125 944 156 ttEBUS
965 123 1104 154 GESTIS
1128 117 1387 152 BESSARIONIS‘

1710 108 1782 133 Lxxtl

994 181 1124 218 Sytvestri
1142 181 1175 208 de
1191 176 1347 206 Arcioninis
1362 170 1563 210 parocltiatibus
1576 166 1698 196 ecclesiis
1712 170 1739 192 et
1751 165 1789 192 de

994 210 1069 257 Urbe
1085 226 1205 262 praefata:
1222 223 1341 252 basilicae
1368 216 1523 248 immediate
1549 212 1691 248 subjectis,
1710 210 1790 245 cujus

993 274 1147 311 quindecim
1165 273 1226 300 ﬂor.
1238 271 1296 297 auri
1307 269 1340 296 de
1351 274 1458 295 camera
1476 262 1643 298 singularum
1654 257 1787 286 videlicet

995 327 1117 349 reetores
1134 324 1160 345 et
1177 317 1293 345 clericos
1305 316 1424 349 ipsarum
1440 318 1488 345 pro
1502 312 1626 342 tempore
1649 303 1789 331 exsistet:-

997 373 1036 394 tes
1067 363 1281 398 contingentium
1309 359 1462 394 porticuum
1494 353 1609 383 fructus,
1641 349 1744 376 reditus
1762 351 1791 374 et

996 418 1154 448 proventus,
1169 408 1315 438 secundum
1330 410 1500 434 cotttmunem
1513 399 1730 428 aestimationem,
1742 402 1791 421 va-

996 464 1079 491 lerem
1095 467 1225 490 attttttum,
1243 462 1272 484 ut
1290 455 1433 485 asseritnr,
1447 459 1501 479 non
1520 449 1665 478 excedunt,
1681 442 1790 479 singula

997 513 1126 544 perpetua
1150 504 1282 532 beneﬁcia
1300 502 1444 529 clericatus
1459 499 1612 529 nuncupata
1633 489 1790 526 hujusmodi

998 559 1078 589 prout
1094 554 1120 580 in
1138 550 1274 578 nonnullis
1286 548 1347 575 aliis
1358 543 1561 581 parocttialibus
1571 539 1696 567 ecclesiis
1709 536 1792 563 dictat

999 600 1073 627 urbis
1090 606 1136 633 per
1152 597 1283 631 tllIOStl'dm
1300 594 1437 620 [tot-ianos
1451 588 1594 624 pontittees
1606 584 1794 618 prtederesso-

998 654 1042 673 res
1059 649 1166 672 nostros
1183 651 1230 677 pro
1246 639 1351 668 salubri
1381 637 1503 672 ipsarum
1521 631 1702 660 ecclesiarum
1718 631 1792 655 statu

1000 693 1100 719 factum
1127 690 1213 717 fuisse
1231 685 1412 722 dignoscitur,
1440 681 1676 716 suppritnerentur
1692 681 1719 702 et
1744 682 1794 700 ex-

999 740 1212 773 stinguerentnr,
1231 742 1263 761 ac
1281 734 1355 768 ipsos
1371 729 1486 757 clericos
1497 723 1714 760 contingentium
1730 727 1795 754 por-

1001 786 1104 812 tionttm
1131 783 1249 812 fructus,
1281 779 1392 810 reditus,
1421 778 1579 810 proventus,
1602 767 1795 804 possessiones

1001 835 1029 858 et
1042 831 1112 857 bona
1135 827 1306 864 portionibus
1323 830 1442 851 rectores
1458 819 1583 856 pratfatos
1612 812 1797 848 contingenti—

1001 878 1052 904 bus
1081 879 1211 910 perpetuo
1242 871 1457 906 applicarentur,
1491 866 1730 898 iucorporarcntur
1768 861 1796 884 et

1003 925 1225 952 annecterentnr,
1245 919 1271 944 id
1285 917 1310 943 iii
1325 924 1377 943 non
1395 913 1530 941 modicum
1551 909 1733 945 subiectarum
1751 911 1797 930 cc-

1003 967 1147 995 clesiarum
1166 967 1192 991 et
1205 966 1340 990 rectorum
1360 959 1386 986 in
1413 955 1561 992 prtcntissis
1591 953 1698 981 cederet
1724 949 1798 977 leva-

1004 1020 1076 1040 men.

1039 1059 1127 1090 uitare
1143 1062 1191 1090 pro
1207 1057 1282 1088 parte
1297 1051 1360 1078 dicti
1380 1047 1549 1077 Bessariouts
1574 1042 1734 1076 cardinalis,
1749 1048 1795 1068 as-

1009 1103 1127 1132 Screntis
1141 1110 1170 1130 se
1189 1101 1290 1128 dictam
1313 1097 1464 1128 basilicam,
1487 1101 1546 1128 qua:
1558 1092 1652 1119 titulus
1669 1090 1710 1118 siti
1736 1095 1798 1114 car-

1006 1149 1143 1178 dinalatus
1155 1146 1270 1176 exsistit,
1295 1152 1343 1178 pro
1362 1146 1436 1177 parte
1448 1140 1623 1170 rel‘urtnasse,
1641 1137 1668 1163 iit
1684 1142 1715 1162 ea
1731 1133 1800 1160 divi-

1007 1203 1070 1224 num
1094 1194 1195 1222 cultum
1221 1191 1329 1218 auxisse
1356 1193 1382 1215 et
1412 1195 1461 1222 pro
1485 1193 1563 1220 posse
1587 1183 1730 1217 adaugere,
1748 1186 1799 1206 nec

1008 1249 1060 1270 non
1078 1240 1205 1275 praefatus
1226 1237 1363 1271 snbjectas
1386 1233 1518 1261 ecclesias
1538 1230 1688 1257 reformare
1712 1227 1800 1254 inten-

1008 1289 1045 1316 sis
1059 1286 1201 1314 desideriis
1218 1283 1356 1313 aﬂ'ectare,
1371 1280 1449 1307 nobis
1471 1278 1521 1304 fuit
1539 1275 1678 1303 humiliter
1697 1272 1800 1306 suppli—

1009 1338 1099 1362 catum
1119 1337 1147 1359 ut
1166 1338 1247 1364 super
1265 1327 1306 1355 bis
1336 1329 1488 1360 opportune
1507 1322 1647 1357 providere
1668 1319 1701 1346 de
1725 1312 1801 1344 brni-

1013 1380 1116 1415 gnitate
1140 1375 1288 1412 apostolica
1313 1373 1498 1406 dignarentur.
1521 1369 1574 1396 Nos
1593 1367 1685 1402 igitur,
1703 1365 1749 1400 qui
1767 1364 1800 1390 de

1011 1424 1157 1461 prtctnissis
1179 1429 1282 1450 certam
1308 1418 1432 1447 notitiam
1462 1425 1516 1443 non
1543 1414 1687 1444 habemus,
1711 1410 1801 1445 hujus-

1012 1474 1084 1500 modi
1115 1467 1360 1505 supplicationibus
1392 1463 1534 1494 ittt‘littnti,
1566 1458 1720 1487 discretioni
1750 1462 1801 1482 tute

1013 1527 1060 1555 per
1081 1517 1229 1553 apostolica
1251 1514 1352 1548 scripta
1385 1511 1544 1539 mandamus
1571 1512 1705 1543 quatenus
1722 1505 1755 1537 si,
1776 1508 1803 1530 et

1014 1571 1167 1601 postquam,
1183 1570 1265 1596 super
1280 1569 1333 1596 quo
1348 1565 1420 1586 tuam
1437 1556 1630 1584 conseienliam
1643 1558 1800 1581 oneramus,

1016 1613 1108 1640 tibide
1131 1609 1278 1645 praemissis
1304 1606 1423 1641 legitime
1447 1601 1619 1633 constiterit,
1643 1598 1803 1625 auctoritate

1015 1656 1163 1692 apostolica
1188 1659 1294 1681 statuas
1314 1657 1341 1679 et
1359 1651 1492 1687 decernas
1508 1648 1579 1683 quod
1600 1646 1690 1673 omnia
1707 1649 1733 1671 et
1748 1644 1803 1669 siu-

1017 1703 1076 1739 gula
1103 1701 1266 1733 oblationes,
1296 1695 1439 1727 funeralta,
1465 1694 1640 1722 obvent'zoaes
1658 1689 1803 1718 υιείμυιιι-

1018 1754 1107 1776 menta
1123 1749 1148 1775 in
1162 1746 1243 1774 dictis
1266 1744 1397 1779 subjectis
1414 1741 1538 1769 ecclesiis
1551 1747 1599 1774 pro
1617 1743 1737 1771 tempore
1756 1736 1804 1762 Oll-

1019 1795 1165 1825 venientia,
1180 1801 1230 1820 ttcc
1245 1800 1299 1819 tioti
1315 1798 1367 1817 uua
1384 1796 1417 1817 ex
1432 1794 1505 1819 tutte,
1523 1784 1575 1813 alia
1591 1793 1655 1812 vero
1672 1783 1805 1809 iiiedieias

1018 1845 1139 1870 omnium
1164 1845 1191 1867 et
1226 1838 1393 1873 singularum
1431 1834 1586 1869 pattiontttn
1617 1829 1805 1866 prandii-tarum

1019 1889 1128 1916 costtetn
1145 1887 1259 1914 clclicus
1285 1881 1498 1917 contingentium
1511 1901 1517 1910 .
1543 1886 1623 1913 qttatn
1641 1876 1758 1911 primum
1774 1874 1807 1900 il-

1021 1935 1106 1962 lorum
1121 1932 1251 1961 beneﬁcia
1268 1928 1424 1964 ttujnsmodi
1448 1934 1495 1961 per
1509 1925 1629 1958 ipsoruut
1643 1924 1806 1949 Cltfr.t20t'ttttt

1021 1989 1115 2008 cessus
1139 1980 1180 2006 vel
1200 1980 1343 2008 decessus,
1367 1979 1415 2001 aut
1433 1971 1548 2006 alicujus
1569 1968 1691 1997 beneﬁcii
1718 1975 1764 1995 cce
1778 1975 1807 1994 e-

1021 2027 1125 2055 siastici
1147 2033 1195 2053 seu
1212 2025 1362 2057 aliquorum
1387 2018 1581 2047 beneﬁciorum
1610 2014 1806 2043 ecclesiastico-

1023 2080 1082 2100 rutn
1101 2069 1280 2099 assccutionc,
1299 2066 1377 2100 cujus
1393 2071 1441 2091 seu
1457 2070 1573 2098 quorum
1597 2060 1711 2093 fructus,
1739 2059 1807 2085 redi-

1023 2125 1064 2146 tzts
1089 2125 1120 2144 ac
1148 2119 1294 2150 proventus
1323 2110 1505 2145 tequlvaleant
1535 2107 1691 2138 frui-tibus,
1729 2104 1807 2138 129

1023 2165 1154 2192 reditibtts
1183 2166 1210 2189 et
1241 2158 1419 2195 proventibus
1455 2155 1609 2190 put-tinuum
1647 2151 1806 2179 clericorum

1022 2211 1222 2247 pratdictorum,
1247 2213 1307 2242 quin
1345 2205 1445 2231 fuerint
1478 2201 1588 2237 paciﬁci:
1610 2198 1737 2230 assecuti,
1762 2203 1806 2222 δίκη

1022 2258 1120 2292 aliquis
1141 2263 1234 2284 eorum
1263 2253 1345 2280 l'uerlt
1368 2251 1480 2286 paciﬁce
1507 2241 1648 2276 assecutus
1661 2252 1706 2279 per
1728 2250 1808 2277 quas-

1022 2311 1129 2339 cunque
1152 2301 1350 2332 assccutiones,
1378 2296 1506 2325 benclicia
1527 2292 1680 2328 tiujusmodi
1694 2291 1809 2318 auctori-

1022 2355 1076 2379 tate
1091 2349 1201 2385 przet'ata
1220 2353 1313 2375 tenore
1329 2344 1502 2379 praesentium
1518 2347 1614 2368 vacare
1629 2338 1808 2369 decernimus,

1022 2407 1069 2427 seu
1097 2397 1165 2424 alias
1190 2394 1300 2429 quasvis
1325 2390 1498 2419 dimissiones
1521 2394 1620 2414 vacare
1654 2385 1806 2418 contigerit.

1023 2447 1101 2480 prout
1116 2444 1173 2478 ipsa
1192 2440 1322 2468 beneﬁcia
1338 2437 1471 2465 vacabunt
1484 2442 1516 2461 ex
1531 2439 1594 2460 tunc
1607 2432 1632 2459 itt
1653 2436 1731 2458 antea
1748 2436 1808 2463 pcr-

1024 2491 1113 2527 petuis
1135 2486 1314 2523 temporibus,
1329 2482 1499 2519 portionibus
1516 2485 1649 2507 rectorum
1666 2475 1808 2511 praidicto-

1025 2546 1083 2565 rutn
1099 2535 1280 2571 applicentur,
1301 2531 1428 2559 uitiantur
1444 2533 1471 2554 ct
1490 2526 1572 2554 etiatn
1592 2524 1810 2556 incorporeutur,

1024 2585 1061 2612 ita
1088 2583 1159 2618 qttod
1189 2571 1270 2608 liceat
1306 2568 1425 2613 prmiati‘s
1461 2571 1614 2600 rectoribus
1639 2569 1759 2596 otnuium
1786 2571 1812 2592 ct

1027 2626 1195 2665 singulorum
1220 2626 1398 2654 oblationem,
1421 2619 1595 2648 titneralium,
1622 2615 1810 2643 obveutiuuuui

1027 2682 1054 2704 et
1079 2675 1335 2703 cmotumeutorttm,
1361 2676 1410 2696 ttec
1437 2674 1489 2693 non
1517 2665 1694 2692 medictatutn
1715 2660 1811 2696 portio-

1029 2730 1091 2750 num
1122 2720 1282 2747 clericorum
1310 2714 1501 2750 praedictorum
1538 2714 1758 2744 quamprimum,
1785 2709 1811 2732 tit

1028 2766 1211 2802 pra-mittitur,
1226 2770 1274 2798 per
1291 2768 1384 2788 cessus
1397 2758 1437 2786 vel
1461 2757 1601 2787 decessus,
1619 2758 1664 2780 :utt
1680 2751 1811 2778 assensio-

1029 2820 1076 2839 nes
1095 2808 1249 2844 ltnjusmudi
1264 2807 1305 2834 vel
1323 2806 1402 2833 aliter
1416 2811 1513 2831 vacare
1529 2799 1684 2833 contigerit,
1703 2798 1810 2830 tractus,

1027 2858 1133 2900 reditus
1149 2861 1176 2885 et
1200 2860 1345 2891 proventus
1359 2851 1508 2888 percipere,
1531 2853 1558 2875 et
1577 2846 1636 2874 illos
1653 2843 1750 2882 insuts
1769 2849 1813 2878 pro
