1912 3054
87 173 174 194 LXXIII

88 227 191 260 tribus,
204 233 232 256 et
244 235 293 264 pro
309 234 404 264 quarta
419 232 543 266 partibus
569 233 596 260 itt
616 234 748 261 dictarunt
763 233 896 261 ecclesia-

90 281 152 301 rum
181 276 353 310 reparatione
380 284 550 313 convcrtere,
568 280 754 315 cujuscunque
781 281 889 308 licentia

90 325 210 358 desuper
223 323 376 352 nullatenus
393 325 534 360 requisita,
548 326 676 360 dictaque
688 325 818 354 beneﬁcia
828 334 892 361 sup.

90 379 186 406 pressa
205 377 232 398 et
250 372 383 400 exstincta
394 372 446 399 sint
459 376 486 399 et
502 380 564 401 esse
577 373 687 408 penitus
701 378 888 400 censeantur:

93 426 148 446 non
170 417 340 445 obstantibus
373 419 614 446 couustitutionibuts
633 418 891 447 ctordinationibus

92 464 250 499 apostolicis
281 462 440 500 crete-risque
482 466 630 493 contrariis
662 466 883 502 quibuscumque.

92 511 149 536 Aut
163 511 186 537 si
202 511 284 545 aliqui
303 518 385 545 super
405 512 607 546 provisionibus
634 514 685 540 sibi
703 513 836 542 faciendis
855 515 888 542 de

94 557 252 590 bnjusnuodi
271 558 312 585 vel
328 558 388 585 aliis
405 559 546 587 beneﬁciis
568 559 764 588 ecclesiasticis
786 562 812 588 itu
835 562 889 590 illis

95 605 219 638 partibus
246 605 378 640 speciales
403 605 443 632 Vel
469 607 611 640 generales
639 607 796 642 apostolica:
817 609 890 636 sedis

94 650 138 678 vel
166 651 316 685 legatorum
342 652 400 686 ejus
426 652 761 687 litterasiunpetrnverint,
776 655 886 682 etiamsi

96 706 144 732 per
160 706 207 726 eas
221 698 253 724 aut
267 697 454 730 inltibitiones,
470 700 681 727 rescrvatioucm
694 706 719 727 et
731 701 882 732 decretum,

97 743 140 770 vel
158 744 226 771 alias
240 744 444 778 quuomodolibet
458 745 492 772 sit
507 753 676 779 processuum,
695 753 763 781 quas
776 746 886 780 qutidem

98 791 204 818 litteras
228 796 255 818 et
278 799 424 826 processus
449 793 531 818 etiam
563 800 612 827 pro
637 798 760 828 tempore
785 794 892 822 habitas

99 845 148 873 per
171 837 291 869 easdem,
317 843 345 865 et
374 845 543 873 quaecunque
566 839 630 866 inde
644 844 748 872 secuta,
773 840 806 866 ad
820 839 891 867 dicta

99 884 231 912 beneﬁcia
265 884 391 912 voluunuts
417 893 469 912 non
499 885 622 917 extendi,
648 886 695 913 sed
723 886 825 913 nulluun
844 894 892 921 per

101 929 153 956 Itoc
165 928 205 955 eis
220 929 309 963 quoad
327 929 528 957 assecutionem
554 930 668 956 aliornuu
699 931 891 959 betuetlciorunt

99 974 286 1009 pra-judicium
315 976 462 1010 generari,
482 980 509 1002 ct
534 977 700 1010 quuibuslibct
727 978 889 1012 privilegiis,

101 1021 276 1056 indulgentiis
294 1030 325 1049 ac
348 1022 446 1049 litteris
471 1024 631 1056 apostolicis
663 1025 834 1058 generalibus
851 1025 892 1052 vel

100 1067 277 1102 specialibus,
293 1076 519 1104 quorumcumque
548 1075 671 1096 tenerum
687 1071 829 1103 exsistant,
846 1079 894 1104 per

99 1124 160 1150 qua:
175 1116 354 1150 prmsrntubus
365 1125 420 1144 non
437 1124 564 1151 cxpreSsa
583 1118 623 1144 vel
653 1118 770 1145 totaliter
785 1125 836 1145 non
854 1118 894 1145 iuu-

99 1168 172 1190 serta
189 1163 302 1191 eﬂ'cctus
315 1171 410 1191 earuun
435 1164 558 1199 impediri
576 1165 664 1191 valeat
677 1165 892 1198 qutomodollbct,

101 1210 142 1237 vel
161 1209 275 1244 diﬂ'crri,
287 1215 314 1238 et
329 1211 363 1238 dc
378 1211 476 1246 quibus
491 1219 662 1245 quorumque
673 1211 736 1238 totis
752 1212 892 1238 tenor-ibus

103 1259 137 1283 de
156 1258 239 1284 uerbo
260 1258 292 1284 ad
315 1257 428 1284 verbum
447 1257 570 1284 ltabenda
585 1258 621 1284 sit
640 1258 665 1284 in
683 1258 782 1285 nostris
798 1257 894 1285 litteris

103 1304 204 1330 mentio
213 1304 350 1338 specialis.
364 1303 491 1332 Volumus
510 1310 598 1331 auttem
615 1305 687 1339 quuod
704 1311 736 1331 ex
754 1311 825 1331 nunc
838 1304 893 1330 siu-

101 1350 154 1384 guli
180 1350 314 1378 dictarutuu
346 1351 531 1384 subiectarum
567 1351 745 1378 ccclesiarutn
775 1354 894 1378 rectores

104 1405 188 1424 unum
206 1397 332 1425 clericum
346 1398 390 1432 qui
405 1398 458 1425 illis
470 1397 496 1424 in
510 1398 599 1424 missis
611 1401 638 1424 et
653 1397 713 1424 aliis
726 1396 823 1424 divinis
839 1397 898 1424 olli-

103 1444 152 1471 ciis
169 1445 314 1477 deserviat,
330 1449 459 1479 perpetuo
479 1446 596 1471 retinere
620 1451 651 1471 nc
666 1445 690 1471 ei
707 1443 770 1470 vitue
782 1450 895 1471 nccessa

106 1490 144 1516 ria
163 1490 317 1517 ministrare
329 1480 482 1518 teneantur.
493 1490 547 1518 Nos
563 1491 634 1517 enim
647 1497 680 1517 ex
699 1497 770 1517 nuuuuc
787 1490 895 1517 irrituuun

103 1537 276 1565 decernimus
303 1542 332 1565 et
360 1538 451 1570 inane,
481 1537 504 1564 si
533 1545 613 1565 secus
643 1545 724 1572 super
742 1537 814 1564 ltisa
831 1544 898 1572 quo-

104 1593 186 1618 qutam
209 1585 305 1619 quavis
332 1585 495 1613 auctoritate
522 1585 640 1612 Scientcr
671 1585 713 1611 vel
741 1585 898 1620 ignorantur

107 1631 254 1665 contigerit
267 1636 348 1658 attetn
355 1631 436 1664 piari.

141 1678 236 1705 Datum
262 1678 353 1705 Roma:
382 1679 451 1712 apud
473 1678 501 1705 S.
522 1678 642 1711 Petrum,
665 1686 736 1706 anno
759 1678 896 1706 incarnat.

106 1724 212 1752 Doauin.
228 1725 309 1756 ΗΠ,
324 1725 360 1752 id.
378 1725 478 1758 Martii,
497 1726 670 1760 pontiﬁcatus
692 1727 777 1752 nostri
789 1733 860 1752 anno
878 1733 897 1752 t.

435 1794 516 1829 130
535 1795 567 1822 V-

108 1839 188 1866 Bnlla
206 1840 247 1866 Pii
262 1839 302 1871 ll,
319 1849 370 1874 qua
384 1842 526 1876 contuitu“
540 1841 652 1868 .‘u'icoluo
670 1842 742 1867 m'r/u.
759 1842 899 1876 Sipouliuo

142 1875 178 1900 all
192 1876 348 1901 ilualatulimu
360 1875 436 1901 card.
454 1875 631 1905 Bessurioiuix.
645 1883 672 1902 ut
693 1877 829 1904 basilicam
846 1878 899 1906 SS.

143 1910 201 1946 ΧΗ
236 1911 434 1944 Apulo/orum,
468 1911 566 1937 (tillolls
590 1912 649 1938 inde
679 1914 834 1946 [ιιι.ο)ιίεί.ς,
863 1915 898 1940 αα

145 1945 257 1972 Fratres
275 1946 358 1972 Μιιιυι
367 1946 419 1972 itus
440 1947 596 1980 transferat.

144 2003 208 2031 Pius
226 2004 382 2039 episcopus,
408 2011 504 2031 servus
532 2011 673 2031 servorum
693 2004 750 2037 Dei,
763 2013 824 2032 vcn.
843 2004 897 2032 fra-

109 2049 145 2077 tri
172 2049 295 2081 Nicolao,
324 2050 531 2085 archiepiscopo
557 2051 711 2085 Sipontino,
737 2051 853 2078 salutent
874 2056 900 2079 et

111 2096 291 2130 apostolicam
309 2096 537 2124 benedictionem.

145 2144 225 2173 Sedis
239 2144 394 2178 apostolica:
411 2143 580 2174 providentia
607 2144 818 2180 circumspecta,
848 2146 899 2172 Ec-

110 2191 254 2218 clesiarunt
279 2191 400 2217 otnnitum
425 2190 542 2216 debitam
558 2198 650 2217 curam
668 2200 776 2225 gerens,
792 2192 902 2219 assidue

111 2238 204 2272 vigilat
221 2243 247 2265 et
269 2245 298 2265 sc
324 2238 454 2264 continue
480 2237 569 2265 reddit
585 2243 717 2265 attentam
736 2244 763 2265 ut
780 2239 902 2267 ρεοιιδίλυ

111 2286 188 2320 ἱρεῖαι,
203 2292 261 2319 qua:
283 2285 380 2311 douuuns
403 2289 466 2312 sunt
491 2284 623 2312 orationis
642 2284 667 2311 itu
687 2285 777 2318 terris,
794 2293 841 2320 per
861 2286 903 2312 di-

113 2332 238 2358 vinorum
263 2331 415 2359 ciliciorum
437 2331 639 2358 observantiam
664 2332 744 2367 digna
761 2333 904 2360 devotione

112 2383 139 2406 ct
172 2379 232 2406 lidci
257 2379 409 2405 reverentia
435 2386 449 2406 a
474 2378 704 2405 Cltristiﬁdclibus
731 2384 902 2412 venerentur,

113 2431 140 2452 et
156 2425 255 2460 quibus
273 2425 397 2452 subtrahi
422 2424 555 2459 conspicit
572 2424 691 2452 divinumu
720 2425 821 2452 cultum
833 2445 840 2456 ,
854 2425 906 2452 ltnc

114 2471 256 2497 brachium
275 2470 418 2504 potestatis
443 2469 565 2497 extendit
591 2473 619 2497 ut
636 2470 669 2497 ad
692 2470 738 2497 Dei
758 2470 864 2497 laudent
881 2475 907 2498 ct

114 2518 234 2544 ﬁdcliuuun
251 2518 402 2544 animarum
418 2517 531 2544 salutem
545 2517 572 2544 in
585 2516 773 2552 spiritualibns
789 2519 908 2545 maxime

114 2563 192 2598 dirigi
214 2564 324 2591 valeant
354 2568 378 2589 et
401 2564 504 2597 augeri.
531 2563 602 2590 Sane
633 2572 719 2598 nuper
747 2572 805 2591 vctu.
826 2565 908 2593 frater

115 2612 273 2643 llessariott,
290 2602 630 2646 cpiscopus.'l‘nsrulmns,
643 2611 762 2638 basilica;
779 2610 823 2638 ΧΗ
836 2611 910 2646 Apo-

115 2659 246 2687 stnlorum
258 2658 290 2686 de
301 2658 372 2686 Urbe
383 2665 399 2692 p
409 2662 528 2693 u-petuus
541 2657 632 2685 adnuin
645 2662 670 2685 st
686 2663 756 2689 atztr,
767 2661 801 2685 ab
813 2660 908 2686 eadem

116 2705 180 2733 sede
192 2705 436 2739 ulepntauusmobls
446 2705 570 2739 exposuit
580 2705 649 2738 quod
663 2704 773 2739 przefaia
786 2705 910 2735 basilica.

117 2759 197 2786 quant
229 2751 274 2778 diu
303 2755 447 2784 antequam
473 2751 506 2777 aul
525 2750 710 2784 episcopatum
737 2758 910 2785 promovere-

119 2805 162 2825 tur
178 2799 204 2825 in
231 2798 272 2824 sui
299 2796 482 2824 cardinalatus
501 2796 682 2831 parueluialem
702 2796 811 2826 titllum
837 2798 909 2825 oliti-

120 2848 226 2876 nucrat,
244 2851 314 2870 nunc
330 2851 396 2870 vero
412 2843 439 2869 in
455 2842 642 2870 commendant
667 2844 780 2876 obtinet,
800 2849 910 2878 propter

120 2891 292 2918 devotionem
306 2890 437 2922 ﬁdelium,
455 2895 507 2917 tam
528 2891 627 2919 civium
644 2899 725 2925 quuant
745 2891 905 2924 forensium,

119 2946 172 2966 nun
190 2945 285 2971 parum
303 2937 383 2965 balet
399 2937 538 2966 hominum
555 2945 730 2972 concauum,
745 2939 789 2973 qui
808 2939 902 2968 basii-

429 166 582 205 ALOYSlI
604 176 782 206 BANDlNlI
801 176 897 206 cont

950 177 1122 214 VTARIUS.
1143 194 1177 202 -
1192 183 1393 215 ΛΡΡΕΝΟΙΧ.

1652 192 1732 212 ιχκιν

950 243 1008 264 cam
1034 240 1189 273 praedictam
1213 242 1324 270 visitare
1349 247 1376 270 et
1399 243 1497 271 missas
1521 251 1550 271 ac
1574 243 1625 271 alia
1646 245 1733 272 divini

945 285 1030 313 omcia
1049 287 1115 320 inibi
1133 289 1227 316 audire
1245 295 1459 326 consueverunt,
1476 295 1505 318 et
1518 292 1588 325 quuod
1605 291 1668 319 licet
1684 300 1735 318 nuu-

942 341 1034 361 uncrns
1052 335 1245 362 canonicorum
1262 337 1347 371 ipsiuts
1376 337 1511 370 ccclesite,
1530 337 1574 371 quui
1592 338 1658 365 olim
1673 343 1735 365 octo

941 387 1002 408 esse
1020 387 1231 414 consueverant,
1245 390 1293 417 per
1309 382 1352 410 fel.
1371 391 1424 410 rcc.
1443 383 1591 418 Eugenium
1607 383 1650 415 ιν,
1667 393 1735 418 pm:-

942 427 1113 455 dccessorem
1135 433 1271 462 nostrum,
1296 429 1329 456 ad
1351 429 1437 463 ipsius
1453 429 1574 464 episcopi
1596 431 1732 465 supplica-

943 475 1055 510 tionem,
1087 477 1120 504 ad
1148 484 1290 504 numerum
1319 482 1440 512 quatuor
1468 477 1659 504 canonicorunu
1687 485 1734 511 per

941 529 1048 550 cessum
1078 523 1120 550 vel
1144 523 1286 550 decessum
1315 523 1444 552 reductus
1466 522 1556 556 fuerit,
1583 523 1615 549 ad
1639 522 1690 550 hoc
1705 527 1734 549 ut

942 568 1064 604 pruedieti
1097 573 1215 604 quatuor
1245 569 1370 598 canonici
1399 569 1507 597 facilius
1523 577 1555 596 se
1579 573 1734 596 sustentare

941 620 968 642 et
988 616 1013 643 in
1030 615 1102 643 dicta
1123 616 1233 644 basilica
1250 615 1425 644 residentiant
1454 615 1544 643 facere
1557 622 1590 642 ac
1601 615 1626 642 ei
1645 615 1671 641 iuu
1693 615 1735 640 di-

946 661 1016 689 vinis
1044 662 1174 689 cuntinue
1207 662 1347 689 deservire
1374 667 1493 696 possent.
1511 661 1578 689 Cum
1595 666 1684 688 auutcutt
1707 661 1734 688 id

942 711 1049 742 tempus
1074 709 1162 735 utullus
1189 715 1221 735 ex
1251 709 1392 736 canonicis
1419 709 1444 735 itu
1469 716 1501 735 ea
1532 708 1673 739 resideret,
1705 716 1737 734 ac

944 762 1016 782 unus
1037 760 1140 781 tantuunu
1159 755 1317 790 capellanus
1334 755 1444 782 nomine
1473 755 1594 782 omnium
1613 755 1735 790 ipsorum

942 800 1136 828 Canonicorum
1166 801 1191 828 in
1217 809 1248 829 ea
1276 801 1437 834 descrviret,
1467 800 1657 831 nihilominus.
1681 808 1735 833 non

943 846 1067 874 obstante
1082 847 1239 874 reductione
1251 847 1404 882 huiusmodi
1419 851 1445 875 et
1459 847 1519 874 aliis
1532 847 1660 874 remediis
1674 855 1734 881 quae

943 893 1000 927 ipsc
1017 893 1161 928 episcopus
1177 893 1306 920 adbibere
1321 894 1448 927 continue
1466 898 1581 920 conatus
1595 892 1655 923 fuit,
1677 900 1736 919 unn-

943 937 1021 964 dicuus
1037 938 1078 964 vel
1089 937 1165 971 quasi
1182 937 1275 965 nuulluts
1289 938 1314 964 iuu
1333 945 1363 965 ea
1376 943 1500 966 servatur
1513 938 1604 966 cultus
1617 937 1737 969 divinus,

943 987 970 1009 et
981 982 1024 1010 vix
1041 983 1096 1011 duo
1110 991 1143 1010 ex
1161 983 1242 1011 dictis
1261 985 1402 1012 canonicis
1430 984 1476 1018 qui
1496 991 1567 1011 nutnc
1583 983 1616 1010 ad
1641 991 1736 1010 nnmc-

945 1038 1003 1057 rum
1018 1037 1065 1057 sex
1080 1030 1187 1058 reducti
1201 1035 1275 1062 suutt,
1294 1029 1361 1057 inibi
1380 1031 1499 1057 resident
1512 1050 1521 1063 ,
1533 1030 1639 1064 ipsique
1653 1037 1736 1057 Cllnll,‘

945 1077 996 1104 nici
1014 1077 1047 1104 ad
1068 1077 1188 1104 diviuuum
1207 1077 1323 1105 ollicium
1347 1077 1512 1104 sutﬁicientcs
1539 1081 1585 1104 aut
1612 1075 1736 1110 dispositi

944 1131 998 1150 non
1012 1123 1158 1155 exsistunt,
1189 1122 1246 1157 ipsa
1263 1131 1373 1158 quoque
1397 1122 1509 1151 basilica
1529 1123 1557 1150 in
1573 1123 1630 1150 suis
1650 1123 1734 1150 anliﬁ-

945 1170 994 1197 ciis
1012 1170 1125 1197 nimium
1152 1170 1228 1205 131
1254 1174 1294 1197 est
1311 1169 1430 1204 collapsa
1445 1174 1472 1196 et
1497 1169 1578 1197 etiam
1600 1170 1709 1196 ruinosa
1728 1177 1736 1200 ;

946 1217 1072 1253 quodque
1102 1217 1174 1245 ideuuu
1200 1217 1346 1252 episcopus
1374 1216 1685 1251 pratdictan‘ubasilieam
1701 1216 1737 1243 ad

947 1264 1088 1298 religiosos
1117 1263 1270 1296 transferri,
1296 1254 1324 1292 ct
1346 1264 1372 1291 in
1400 1271 1431 1291 ea
1454 1268 1494 1291 tot
1517 1262 1617 1290 fratres
1634 1263 1737 1289 ordinis

945 1310 1091 1343 lllinorutm,
1107 1318 1222 1344 quorum
1239 1317 1307 1338 unus
1327 1310 1364 1338 sit
1381 1309 1558 1344 guardiauus,
1574 1309 1620 1344 qui
1640 1317 1733 1335 curam

946 1358 1063 1385 aliorum
1088 1357 1202 1384 fratrum
1231 1357 1339 1390 habeat,
1367 1362 1394 1385 et
1415 1357 1447 1383 ad
1474 1363 1568 1384 curram
1583 1356 1735 1383 animarum

948 1405 974 1432 in
998 1405 1067 1431 dicta
1092 1405 1204 1431 basilica
1230 1404 1347 1438 aliquem
1367 1403 1554 1438 presbyterum
1580 1402 1738 1430 saecularem

948 1452 981 1478 de
1008 1459 1141 1480 conscnsut
1173 1451 1332 1483 cardinalis,
1356 1451 1402 1485 quti
1430 1458 1478 1483 pro
1504 1453 1625 1484 tempore
1648 1449 1739 1480 fuerit,

948 1499 1079 1533 deputtare
1103 1499 1197 1533 possit,
1223 1497 1310 1525 creari
1336 1503 1363 1524 et
1388 1497 1492 1525 iuustituui
1523 1500 1588 1531 quot
1611 1500 1740 1531 poterunt

948 1553 980 1573 ex
1006 1545 1091 1580 ipsiuts
1117 1545 1238 1572 ecclesia:
1270 1544 1405 1572 fructibus
1430 1551 1551 1579 cettgruue
1578 1543 1739 1574 sustentari,

949 1592 1084 1620 desiderat
1099 1597 1126 1620 et
1137 1591 1257 1620 allectat.
1274 1591 1362 1625 Quare
1374 1599 1421 1627 pro
1435 1596 1510 1626 parte
1535 1590 1600 1618 dicti
1620 1589 1741 1624 episcopi

950 1639 1029 1667 ttobis
1042 1639 1093 1667 fuit
1107 1639 1245 1667 humiliter
1257 1639 1437 1673 suupplicatuuu
1453 1642 1491 1671 ut,
1509 1645 1568 1665 cuttn
1582 1641 1740 1672 prorttrator

949 1686 1083 1721 generalis
1111 1686 1177 1713 dict.
1204 1685 1318 1712 fratruuun
1344 1684 1372 1712 in
1386 1684 1458 1711 ulicta
1475 1684 1542 1711 urbe
1559 1684 1591 1710 sit
1608 1691 1741 1718 prmscns,

949 1737 976 1760 et
996 1732 1028 1759 ad
1046 1731 1227 1766 receptioneun
1252 1731 1331 1758 dicta:
1344 1730 1468 1758 ecclesia:
1489 1733 1612 1764 paratum
1628 1738 1657 1757 se
1671 1729 1740 1756 θίγε.

951 1784 1001 1811 rat,
1013 1779 1159 1814 plurcsrpuc
1170 1777 1341 1813 parocluialcs
1359 1777 1489 1804 ecclesias
1498 1776 1531 1803 de
1540 1777 1608 1802 dicta
1619 1775 1684 1802 nrltc
1694 1783 1742 1808 per

951 1826 1108 1861 lunjusmodi
1127 1824 1270 1859 religiosos
1287 1824 1342 1851 sint
1358 1824 1444 1850 solita:
1467 1823 1625 1858 gubernari,
1639 1823 1740 1849 dictant

951 1872 1089 1899 basilicam
1121 1871 1155 1898 ad
1178 1870 1332 1906 lunjnsmodi
1361 1869 1505 1904 religiosos
1530 1867 1687 1901 transferri,
1713 1872 1743 1895 et.

951 1919 1050 1946 ibidem
1073 1918 1171 1945 fratres
1185 1918 1272 1945 creari
1285 1922 1310 1945 ct
1324 1917 1427 1944 institui
1444 1917 1600 1951 przculirtos,
1618 1916 1656 1943 ita
1669 1915 1740 1950 quod

952 1965 1056 1992 fructus
1068 1969 1094 1992 et
1108 1969 1254 1997 proventus
1266 1964 1445 1990 canouticatus
1467 1967 1493 1989 et
1510 1962 1661 1996 pra-bendo:
1677 1968 1746 1996 quos

952 2012 1010 2045 ipse
1037 2011 1180 2044 episcopus
1203 2016 1229 2038 ct.
1256 2010 1463 2037 administrator
1486 2009 1602 2041 obtinet,
1629 2016 1662 2036 ac
1691 2008 1740 2035 alii

952 2058 1072 2093 ejusdem
1094 2057 1214 2084 basilica:
1227 2055 1380 2084 cardinales
1392 2056 1516 2083 obtinere
1531 2061 1746 2085 consueverunt,

953 2111 1003 2130 nec.
1030 2111 1082 2130 non
1107 2103 1211 2130 fructuts
1231 2107 1258 2128 et
1276 2101 1379 2128 reditus
1398 2108 1557 2128 communes
1582 2099 1615 2127 ad
1643 2099 1742 2127 dictant

954 2151 1091 2178 basilicam
1107 2148 1298 2184 provenienles
1313 2155 1343 2174 ex
1363 2156 1447 2179 nunc,
1463 2147 1620 2174 cedentibus
1638 2153 1703 2173 vero
1719 2150 1747 2173 et

953 2196 1148 2224 decedentibus
1162 2194 1229 2228 ipsis
1243 2194 1323 2222 dictis
1337 2202 1384 2220 sex
1403 2193 1544 2220 canonicis
1561 2197 1588 2220 et
1605 2192 1666 2220 aliis
1683 2199 1745 2226 prc-

954 2243 1082 2279 sbyteris,
1109 2248 1136 2269 et
1151 2241 1268 2275 clericis,
1285 2241 1421 2276 perpetuis
1444 2240 1623 2268 beneficiariis
1653 2241 1678 2267 itu
1699 2248 1745 2267 ea-

954 2292 1015 2318 dem
1029 2290 1151 2322 basilica,
1169 2288 1209 2315 vel
1227 2295 1293 2316 suos
1310 2288 1485 2315 canmuicatuts
1499 2292 1524 2315 ct
1543 2287 1703 2322 prietcndas
1712 2294 1744 2314 ac

955 2336 1085 2365 beneﬁcia
1102 2335 1306 2371 qutomodolibet
1329 2334 1539 2367 dimittentibuts,
1565 2334 1660 2369 reliqui
1686 2342 1744 2360 Oull-

957 2392 1005 2412 nes
1022 2382 1259 2419 fructuts,.rcditus
1273 2385 1300 2408 et
1324 2385 1472 2415 proventus
1492 2380 1646 2416 hujusmodi
1662 2388 1745 2407 cauto-

959 2431 1109 2464 nicatuutuut,
1131 2428 1336 2464 pra:bettdarnm
1352 2432 1379 2454 et
1396 2427 1601 2458 beneﬁciorum,
1614 2434 1647 2454 ac
1663 2428 1744 2453 etiam

958 2478 1146 2513 possessiones
1160 2481 1187 2504 et
1198 2476 1270 2503 bona
1287 2482 1456 2510 quaecunque
1473 2474 1506 2501 aut
1523 2473 1609 2501 dictos
1632 2475 1746 2501 canoni-

960 2532 1006 2550 cns
1020 2529 1046 2550 et
1068 2526 1212 2558 perpetuos
1227 2522 1402 2548 beneﬁciatos
1420 2521 1523 2548 ratione
1537 2527 1648 2547 suorum
1664 2527 1745 2546 cauto-

961 2569 1101 2596 nicatuum
1118 2573 1144 2596 ct
1165 2567 1370 2603 pratbcudaruuuu
1391 2575 1423 2593 ac
1445 2566 1637 2593 beneﬁciorum
1655 2566 1750 2599 hujus-

961 2615 1033 2642 uuuodi
1054 2614 1215 2649 pertinentia
1239 2614 1375 2648 praedictis
1394 2612 1522 2640 fratribus
1539 2618 1565 2640 et
1588 2620 1682 2640 corum
1707 2621 1751 2639 or-

960 2660 1016 2687 dini
1035 2660 1216 2694 applicentur.
1233 2661 1265 2687 de
1284 2659 1451 2694 benignitate
1474 2659 1625 2694 apostolica
1642 2659 1760 2686 manda-.

963 2715 1063 2734 remus.

996 2753 1050 2780 Nos
1070 2753 1171 2787 itaque,
1190 2752 1345 2787 ltujusunodi
1362 2752 1605 2787 supplicationibus
1619 2753 1752 2787 inclinati,

962 2799 1122 2827 fraternitati
1146 2804 1196 2826 tunc
1209 2805 1257 2833 per
1278 2798 1425 2833 apostolica
1451 2799 1552 2834 scripta
1580 2801 1752 2833 mandamus,

961 2852 1097 2880 quatenus
1123 2845 1226 2872 diu-tam
1249 2845 1387 2873 basilicam
1413 2847 1577 2875 auctoritate
1603 2847 1752 2880 apostolica

961 2893 993 2919 ad
1022 2892 1176 2927 Itujusmodi
1203 2892 1344 2927 religiosos
1369 2891 1532 2924 transferas,
1553 2898 1581 2920 et
1599 2893 1698 2921 ibidcuut
1715 2897 1752 2920 tot

966 2947 996 2968 cx
1017 2939 1173 2975 luujusunudi
1187 2939 1319 2968 fratribus
1333 2938 1466 2968 Minorunt
1477 2961 1484 2974 ,
1506 2947 1620 2975 quorum
1636 2948 1704 2968 unus
1720 2940 1753 2967 sit
