1912 3054
149 123 220 150 txxv

147 179 323 214 guardianni,
340 181 385 215 Qui
403 187 485 209 unum
511 184 700 218 presbyterum
724 184 879 211 szeeularem
897 185 930 211 ad

146 230 240 254 curant
260 227 410 254 animarum
425 229 458 255 de
482 236 616 256 consensu
637 230 783 257 cardinalis
807 231 935 265 deputare

146 272 233 305 possit
250 277 275 300 ct
303 273 408 305 valeat,
429 274 474 307 Qui
499 275 675 309 paroclrianis
692 277 829 304 ministret
847 277 934 305 eccle-

145 319 254 346 siastica
271 325 451 352 sacramenta,
469 318 566 347 ibidem
581 320 724 355 instituas,
738 328 802 356 quot
816 331 848 350 ex
863 323 936 350 frtre-

144 365 218 393 tibtts
235 363 371 400 prmdictis
385 370 510 400 poterunt
527 371 645 402 congrue
660 369 815 401 sustentari,
829 376 859 396 ac
874 373 931 396 sta-

147 417 208 440 tuas
222 414 386 440 auctoritate
403 414 531 448 praedicta
547 415 709 447 etordines,
725 415 796 450 quod
816 416 932 446 fructus,

145 457 249 484 reditus
272 461 298 484 et
321 464 470 492 proventus
493 464 524 485 ac
548 460 735 493 possessiones
762 465 790 486 et
816 460 884 486 bona
899 461 933 487 ad

143 504 336 531 canonicalurn
373 505 400 531 et
435 503 606 538 praebendam
629 504 732 540 prmfati
757 505 876 539 episc0pi
906 510 933 532 et

104 542 118 585 ’ς
145 550 380 583 commendatarii,
399 557 446 577 seu
468 551 614 578 cardinalis
640 559 689 585 pro
714 555 835 585 tempore
859 552 931 578 exsi-

142 597 249 630 SIentis,
282 604 332 624 nec
364 603 416 624 non
447 596 562 628 fruetus,
593 597 695 624 reditus
720 599 747 623 ct
774 603 932 630 proventus,

143 642 326 670 communiter
347 643 380 669 ad
398 643 497 670 dictam
524 641 661 670 basilicam
688 642 878 677 provenienles
899 650 932 670 ex

144 696 226 721 nunc,
246 687 402 716 cedentibus
418 697 480 716 vero
493 691 519 716 et
544 689 739 716 decedentibus
757 687 834 724 132
850 697 933 716 cano-

143 735 212 763 nicis
226 739 253 762 et
274 734 440 762 berreflciatis
458 728 604 770 prmdictis,
623 735 662 762 vel
677 743 740 762 suos
756 736 932 763 eanonicatns

142 787 169 810 et
189 781 349 817 praebendas
372 787 398 809 et
420 782 551 809 beneﬁcia
580 774 737 818 supradicta
761 781 932 817 quornodoli-

142 826 188 856 bet
214 829 420 862 dimitti-ritibus,
443 830 562 864 reliquos
585 837 680 857 omnes
706 829 830 861 frnctrts,
862 829 934 856 redi-

143 885 187 913 ιιις
201 882 226 903 et
243 881 391 912 proventus
408 884 439 904 ac
456 878 641 912 possessiones
665 882 691 904 et
715 877 785 904 bona
803 876 836 904 ad
848 884 933 904 carto-

143 923 219 951 tricos
240 927 267 950 et
293 923 468 951 beneﬁcialos
493 923 636 958 praedictos
661 923 765 950 ratione
781 923 928 950 canonica-

144 970 219 995 tuum
234 973 259 996 et
275 967 479 1003 praebeudarum
511 972 538 995 et
558 967 751 996 bcrrelieiorurn
778 969 930 1002 lrnjusmodi

144 1015 316 1049 pertinentia,
345 1020 374 1041 ut
403 1013 556 1049 priefertur.
586 1014 692 1042 etiamsi
718 1015 767 1048 ipsi
787 1016 932 1042 canonica-

145 1067 190 1089 ttts
204 1066 230 1089 et
244 1060 397 1097 praebenda:
416 1069 447 1087 ac
462 1061 591 1088 beneficia
604 1061 658 1088 sint
680 1059 852 1096 dispositioni
867 1069 933 1096 apo-

145 1107 247 1135 stolicae
269 1106 472 1140 qrrornodolibet
496 1109 642 1138 reservata,
671 1107 772 1134 eisdem
804 1107 932 1133 fratribus

145 1159 172 1181 et
188 1159 283 1181 eorum
300 1153 388 1180 ordini
411 1153 582 1188 applicentur
600 1161 632 1180 eo
657 1152 724 1187 ipso.
743 1154 781 1180 Ae
795 1151 933 1180 uiliilonzi-

146 1202 197 1226 ltus
222 1199 323 1226 eisdem
346 1198 494 1233 guardiarto
515 1202 540 1225 et
565 1197 704 1232 fratribus,
729 1203 871 1234 postquam
906 1199 932 1226 in

145 1247 215 1274 tticta
231 1245 342 1273 basilica
360 1246 443 1273 creati
459 1247 485 1273 et
511 1245 625 1272 instituti
653 1245 763 1278 fuerint,
781 1244 887 1273 locandi
907 1251 935 1274 et

145 1292 306 1321 :trrendattdl
333 1292 447 1323 fructus,
472 1292 574 1319 reditus
593 1296 620 1320 et
650 1299 810 1328 proventus,
832 1293 892 1327 jura
906 1298 934 1321 et

145 1340 321 1368 obverrtiorres
344 1340 551 1366 canonicatnmn
569 1343 594 1366 et
618 1341 820 1373 prrcbcndarnm
837 1347 868 1366 ac
887 1340 929 1367 bc-

147 1384 306 1413 treflciorum
322 1384 525 1419 prscdlctorum,
542 1390 557 1411 a
569 1385 708 1412 canonicis
721 1391 748 1412 et
764 1385 933 1413 beneﬁciatis

146 1431 284 1466 prmdictis
310 1431 493 1458 obtinentibus
523 1429 579 1463 illa,
597 1431 717 1466 quandiu
743 1431 792 1466 ipsi
808 1432 933 1460 canerrici

146 1484 177 1504 ea
196 1476 373 1509 obtinuerint,
394 1482 442 1510 pro
458 1480 535 1503 certo
552 1477 640 1511 pretio
662 1476 765 1504 eisdem
793 1478 932 1505 canonicis

146 1529 174 1551 et
190 1522 360 1550 beneﬁciatls
375 1522 513 1549 annuatim
527 1523 715 1556 persolvendo,
733 1523 755 1550 si
771 1525 804 1550 de
822 1524 874 1551 hoc
889 1524 933 1551 irt-

148 1573 190 1598 tcr
205 1577 235 1597 se
254 1570 439 1603 convenerint,
465 1568 627 1596 auctoritate
643 1569 772 1604 praedicta
796 1570 932 1597 licentiam

147 1616 283 1651 largioris,
300 1615 513 1643 contradictores
533 1623 581 1650 per
603 1622 748 1642 censuram
767 1616 933 1643 ecclesiasti-

147 1668 214 1696 tarn,
242 1662 421 1697 appellatione
449 1662 614 1696 postposita,
635 1662 832 1696 compescendo
854 1671 861 1690 :
881 1670 932 1689 non

149 1709 323 1738 obstantibus
348 1707 556 1742 quibuscunque
578 1708 819 1736 constitutionibus
834 1716 865 1735 ac
881 1709 934 1743 pri-

148 1755 253 1790 vilegiis
276 1759 303 1782 et
324 1754 422 1787 litteris
449 1753 623 1788 apostolicis,
650 1761 698 1781 nec
719 1763 771 1781 non
786 1755 895 1782 slatrrtis
907 1760 934 1782 ct

147 1801 388 1829 consuetudinibus
424 1799 541 1828 basilrcze
562 1806 587 1828 et
617 1801 720 1828 ordinis
747 1801 932 1835 rrardietorutn

146 1847 304 1879 contrariis,
318 1845 487 1880 iuramento,
504 1846 709 1874 conﬁrmatione
729 1847 876 1882 apostolica
893 1849 933 1875 vel

148 1898 308 1926 quacunque
325 1893 451 1919 ﬁrmitate
468 1893 612 1920 roboratis.

185 1941 238 1966 Aut
251 1939 273 1966 si
288 1939 382 1974 aliqui,
401 1939 548 1974 apostolica
574 1938 615 1966 vel
634 1938 686 1965 alia
702 1941 798 1973 quavis
812 1940 933 1969 unctori-

147 1991 202 2015 tate
227 1987 253 2014 in
268 1986 363 2014 eadem
381 1985 492 2013 basilica
520 1985 546 2012 in
567 1986 712 2013 canonicos
739 1987 794 2013 sint
821 1988 932 2021 recepti,

146 2034 188 2060 Vel
209 2038 237 2059 ut
252 2032 418 2067 recipiantur
441 2032 583 2065 insistant;
600 2039 646 2058 seu
669 2031 690 2059 si
706 2039 786 2066 super
802 2032 930 2066 provisio-

147 2079 227 2106 nibus
246 2078 298 2106 sibi
315 2078 446 2104 faciendis
462 2077 494 2104 de
512 2077 665 2112 huiusmodi
682 2077 887 2104 canonicatibus
906 2082 934 2105 et

147 2125 299 2158 pricbendis
315 2125 398 2158 ipsius
422 2123 541 2151 basilica:
557 2121 700 2158 speciales,
724 2123 766 2150 vel
779 2124 838 2151 aliis
851 2124 934 2152 bette-

148 2169 218 2196 ticiis
234 2168 428 2196 ecclesiasticis
442 2169 468 2194 in
485 2167 537 2195 illis
548 2168 671 2202 partibus
679 2169 820 2202 generales
827 2174 934 2204 aposto-

147 2216 205 2242 licaa
222 2216 295 2243 sedis
312 2215 353 2242 vel
374 2216 522 2249 legatorum
539 2215 597 2249 ejus
622 2215 728 2243 litteras
753 2216 933 2251 impetrarim,

147 2263 255 2289 etiarnsi
279 2270 326 2297 per
353 2270 400 2290 cas
416 2263 448 2289 ad
472 2262 663 2290 inlribitionem
684 2266 711 2290 et
725 2262 875 2295 decretum,
893 2263 935 2291 vel

148 2309 216 2336 alias
238 2309 441 2344 quomodonbet
464 2310 499 2336 sit
525 2317 680 2343 processum
703 2318 710 2337 :
729 2317 797 2344 quas
825 2311 934 2344 quidem

148 2350 251 2382 litteras
267 2359 293 2381 et
310 2361 455 2388 processus
479 2355 585 2382 habitos
609 2363 656 2390 per
673 2356 792 2388 easdem,
819 2360 845 2382 et
862 2363 935 2390 qua:-

148 2408 255 2435 euuque
274 2401 336 2428 inde
362 2406 455 2428 scenta
481 2401 514 2428 ad
540 2401 695 2436 bujustnodi
717 2402 893 2429 canouieattts
909 2406 936 2429 et

149 2450 308 2483 praebendas
324 2455 350 2477 et
366 2449 418 2476 alia
432 2451 562 2478 beneficia
580 2451 664 2486 ipsius
676 2450 797 2479 basilica:
811 2451 936 2478 volumus

147 2501 201 2524 non
216 2497 339 2533 extendi,
354 2498 401 2525 sed
415 2497 520 2524 rutilum
537 2504 584 2530 per
600 2497 651 2525 lroc
667 2498 706 2524 eis
721 2497 811 2532 quoad
827 2503 937 2524 assecu-

147 2543 248 2570 tiortent
273 2544 483 2571 canonicatuum
501 2548 528 2570 et
556 2543 760 2577 przcbendarurn
781 2550 812 2570 ac
833 2542 935 2570 benefi-

146 2590 251 2616 ciorum
265 2590 378 2616 aliorum
393 2590 577 2625 prwjudiciuni
596 2589 730 2624 generari.
756 2589 808 2616 Seu
825 2589 936 2624 quibus-

148 2643 256 2670 crtnqne
281 2637 439 2672 privilegiis,
452 2637 625 2672 iudnlgentiis
652 2642 679 2663 et
695 2636 793 2663 litteris
807 2637 934 2670 apostoli-

148 2681 189 2708 cis
205 2683 377 2716 generalibus
393 2683 434 2710 vel
457 2683 621 2717 specialibus
634 2702 641 2714 ,
658 2681 843 2717 cujuscunque
858 2685 935 2710 teno-

150 2728 190 2755 Iis
210 2728 354 2762 exsistant,
380 2736 427 2763 βυτ
453 2736 513 2763 qua:
533 2727 711 2764 przcseutibus
730 2736 781 2755 non
807 2735 934 2762 expressa

152 2774 194 2801 \rel
216 2774 333 2801 totaliter
350 2782 401 2801 non
418 2774 530 2806 inserta,
555 2774 667 2802 effectus
685 2782 777 2801 eorum
807 2773 934 2808 impediri

149 2819 240 2847 valeat
257 2820 459 2855 quomodolibet
472 2821 513 2847 vel
534 2820 648 2852 differri,
664 2825 690 2847 ct
704 2822 738 2847 de
754 2820 855 2855 quibus
870 2828 935 2854 quo-

149 2869 263 2900 tumque
289 2871 352 2893 totis
372 2866 511 2894 terroribus
534 2867 567 2894 de
583 2866 663 2894 verbo
689 2867 721 2894 ad
743 2866 856 2894 verbum
884 2865 930 2893 Ita-

563 123 611 157 DE
633 124 721 157 VITA
740 128 788 158 ET
810 127 939 160 REBUS
965 130 1105 162 GESTIS
1122 130 1373 164 BESSARIONIS

1695 136 1776 159 ιιιινι

992 187 1078 215 benda
1095 187 1131 215 sit
1150 188 1176 215 in
1194 188 1298 216 nostris
1322 187 1421 215 litteris
1455 189 1554 216 mentio
1569 189 1709 223 Specidis;
1728 198 1778 216 nos

989 233 1061 260 enim
1078 233 1151 261 dicto
1182 235 1312 268 episcopo
1327 237 1354 261 et
1370 233 1554 262 rardirraliims
1571 235 1596 261 in
1612 235 1683 262 dicta
1708 234 1780 262 basi-

990 278 1039 306 lica
1057 279 1275 312 successoribus,
1301 280 1326 307 in
1349 278 1426 316 133
1442 281 1498 316 ipsa
1523 280 1634 308 basiliCa
1651 285 1681 307 ac
1698 288 1779 314 guar-

989 325 1071 352 diano
1098 331 1126 354 et
1150 325 1281 354 fratribus
1302 327 1338 354 ibi
1363 327 1606 360 cornrnorantibus,
1630 327 1691 354 drrrn
1710 328 1777 355 inihi

990 372 1101 404 frrerint,
1118 379 1169 400 nec
1183 379 1239 400 non
1256 373 1429 407 paroelrianis
1444 373 1522 400 dictae
1534 374 1650 401 basilica:
1667 379 1776 400 omnem

988 419 1196 452 correctionem,
1215 420 1433 453 iurisdictionem
1451 427 1483 448 ac
1502 421 1632 454 justitiam
1655 428 1776 448 resr-rva-

989 472 1058 497 mus,
1068 471 1148 499 quam
1158 465 1185 493 in
1199 465 1337 495 canonicis
1349 470 1376 494 et
1388 466 1554 494 beneﬁciaris
1563 474 1594 494 ac
1602 467 1777 502 parochianis

988 509 1067 538 dicta:
1089 511 1210 539 ecclesia:
1235 512 1320 547 ipsius
1343 513 1461 548 episcopi
1482 514 1696 548 praedecessores
1719 514 1777 540 «iit-

989 559 1041 582 tam
1059 556 1196 584 basilicam
1212 558 1365 586 obtinentes
1380 559 1532 586 lrabrrernnt
1543 564 1570 587 et
1586 559 1656 586 idern
1671 560 1777 594 episeo-

988 609 1037 635 pus
1064 602 1184 630 noscitur
1211 603 1311 631 habere
1338 603 1371 631 de
1398 605 1535 638 prie-senti.
1561 604 1594 632 Et
1617 604 1726 638 insuper
1742 612 1774 631 ex

988 655 1059 675 nunc
1076 648 1181 676 irritum
1198 649 1369 678 decernimus
1394 655 1420 678 et
1444 651 1523 678 inane
1549 651 1571 677 si
1598 657 1677 677 secus
1695 659 1776 684 super

989 692 1031 721 bis
1049 701 1063 720 ιι
1080 702 1214 729 quoquam
1242 697 1340 730 quavis
1373 697 1557 730 auctoritate,
1588 697 1706 725 scienter
1735 698 1775 724 vel

988 738 1155 774 ignoranter,
1166 741 1319 776 'contigerit
1330 743 1497 776 attemptari.

1026 785 1121 813 Datum
1143 786 1235 814 Romae
1251 788 1322 822 apud
1349 787 1379 815 S.
1399 788 1518 822 Petrum,
1542 796 1612 817 anno
1635 790 1774 820 incarnat.

988 831 1094 859 Domini
1119 832 1199 866 “63,
1217 834 1303 868 pridie
1320 833 1376 860 kal.
1395 833 1468 867 Julii,
1498 834 1671 869 pontiﬁcatus
1688 835 1772 863 nostri

988 883 1060 903 anno
1078 885 1104 904 V.

1365 934 1398 965 Vl

989 991 1069 1021 Bulla
1080 1003 1131 1028 qua
1144 994 1208 1022 Pius
1219 994 1251 1023 II
1263 997 1336 1023 card.
1346 997 1498 1024 Regem-iani
1506 998 1624 1024 concedit
1635 1003 1662 1024 ut
1675 998 1704 1025 S.
1720 998 1775 1024 Ett-

1024 1031 1109 1064 gem‘rc
1123 1031 1248 1058 sacellum
1277 1037 1437 1065 restaurare,
1455 1030 1619 1059 socc/larium
1641 1034 1775 1060 invtilnrre

1025 1071 1102 1102 atque
1116 1065 1220 1100 eligere,
1232 1066 1349 1102 illudque
1359 1068 1386 1094 in
1396 1074 1526 1102 posterum
1538 1068 1600 1102 jure
1617 1073 1775 1102 patronatus

1024 1100 1140 1127 obtinere
1153 1102 1246 1136 posuit.

1027 1157 1088 1185 Pius
1104 1158 1259 1193 episcopus,
1283 1166 1377 1187 servus
1400 1166 1539 1188 servorum
1564 1160 1621 1194 Dei,
1640 1161 1773 1189 venerab.

989 1201 1065 1230 fratri
1080 1203 1245 1236 Bessarioni,
1261 1206 1387 1240 episcopo
1401 1206 1565 1239 Ttrsculano.
1582 1206 1712 1234 cardinali
1730 1206 1775 1235 Ni-

988 1256 1074 1281 cacno,
1092 1251 1206 1277 salutem
1224 1255 1250 1278 et
1263 1251 1438 1286 apostolicam
1453 1253 1680 1281 benedictionem.

1023 1294 1171 1325 Personam
1187 1301 1273 1328 trram,
1292 1297 1367 1325 nobis
1393 1303 1419 1325 et
1442 1299 1597 1333 apostolica:
1612 1301 1668 1327 sedi
1693 1301 1775 1327 devo-

989 1345 1055 1373 tam,
1083 1338 1138 1369 tuls
1148 1342 1318 1377 exigentibus
1336 1343 1448 1376 meritis,
1463 1349 1572 1379 paterna
1589 1345 1775 1373 benedictione

988 1391 1195 1421 prosequentes,
1219 1392 1280 1414 vota
1307 1392 1352 1414 tua
1372 1395 1551 1424 qtlmcuuqtte,
1578 1392 1726 1424 prmscrtim
1741 1399 1773 1417 ex

988 1431 1085 1466 quibus
1100 1431 1185 1460 divini
1204 1433 1292 1460 cultus
1316 1440 1490 1468 augmentum
1511 1440 1538 1461 et
1563 1436 1635 1462 salus
1648 1442 1775 1470 speratur

988 1476 1150 1511 aniruaruru,
1167 1478 1200 1504 ad
1218 1478 1399 1506 exauditionis
1415 1480 1528 1514 gratiam
1542 1480 1656 1508 libenter
1671 1481 1771 1508 admit-

988 1523 1081 1557 tirtrus,
1095 1529 1121 1551 et
1138 1529 1168 1550 ut
1184 1528 1305 1558 optatum
1329 1525 1480 1553 sor-:iantur
1493 1526 1633 1558 cﬂeetum,
1650 1535 1729 1562 opem
1747 1532 1774 1554 et

987 1577 1095 1604 operam
1117 1570 1296 1602 irnpartirnur.
1314 1571 1384 1598 Sane
1403 1581 1450 1606 pro
1472 1578 1549 1607 parte
1565 1579 1608 1600 tua
1625 1574 1703 1601 nobis
1720 1581 1773 1600 nu-

988 1622 1035 1648 per
1052 1615 1172 1643 exhibita
1190 1617 1282 1650 petitio
1292 1617 1446 1644 continebat
1461 1619 1530 1653 quod
1546 1623 1573 1645 tu
1585 1620 1713 1653 capellam
1723 1622 1775 1647 sub

989 1659 1160 1688 invocatione
1173 1660 1203 1688 S.
1219 1661 1343 1696 Ettgt‘ttim
1358 1663 1382 1689 iu
1399 1662 1507 1690 basilica
1523 1661 1570 1689 XII
1586 1662 1773 1696 Apostolorum

988 1707 1021 1732 de
1037 1706 1108 1734 Urbe
1133 1707 1223 1739 sitam.
1241 1715 1300 1742 qua:
1316 1708 1435 1735 indotata
1460 1709 1567 1736 exsistit
1582 1713 1609 1736 et
1636 1715 1775 1735 restaura-

990 1753 1060 1780 tionc
1078 1753 1190 1788 indiget,
1208 1761 1256 1788 pro
1273 1758 1326 1780 ture
1339 1759 1366 1781 et
1380 1758 1485 1782 tuorum
1502 1754 1702 1790 progenitorum
1717 1755 1775 1781 arri-

990 1806 1093 1825 nrarum
1122 1800 1211 1826 salute
1237 1800 1287 1826 srrb
1312 1793 1483 1828 invocatione
1501 1800 1550 1828 SS.
1577 1801 1714 1829 Michaelis
1731 1810 1775 1828 ar-

988 1846 1110 1880 changeli
1140 1850 1167 1874 et
1189 1845 1302 1874 Joannis
1329 1846 1468 1880 Baptistae,
1491 1852 1663 1879 restaurare,
1686 1847 1775 1880 lit-ris,

988 1892 1155 1924 paramentis
1174 1896 1200 1918 et
1215 1891 1275 1919 aliis
1288 1891 1481 1918 ecclesiasticis
1502 1892 1670 1919 ornamentis
1683 1893 1716 1918 ad
1731 1892 1773 1918 di-

988 1937 1079 1965 vinum
1094 1938 1197 1965 cultum
1209 1939 1372 1966 necessariis
1390 1937 1495 1971 fulcire,
1511 1946 1542 1965 ae
1560 1938 1774 1972 competentibus

989 1991 1038 2018 pro
1058 1991 1110 2011 uno
1132 1985 1300 2019 presbytero.
1318 1984 1362 2018 qui
1378 1984 1443 2010 inibi
1463 1984 1559 2011 missas
1576 1984 1667 2011 etalia
1685 1985 1775 2011 divina

987 2028 1075 2055 ofﬁcia
1091 2029 1220 2061 celebret,
1246 2029 1376 2056 reditibus
1398 2029 1431 2056 de
1452 2029 1531 2056 bonis
1557 2030 1609 2056 ttris
1627 2030 1708 2057 ctiam
1730 2039 1775 2064 per

989 2076 1138 2103 Ecclesium
1152 2075 1294 2110 acqrrisitis
1310 2075 1403 2102 dotare
1415 2076 1554 2109 proponis,
1567 2075 1696 2103 aﬁectans
1706 2077 1774 2111 quod

987 2122 1031 2156 jus
1046 2126 1205 2157 patronatus
1220 2122 1299 2148 dicta-
1318 2121 1427 2155 capella:
1441 2121 1485 2148 tibi
1505 2127 1533 2148 et
1550 2128 1607 2157 pOst
1621 2129 1646 2149 te
1666 2124 1776 2150 nomine

990 2173 1035 2195 tuo
1056 2167 1199 2195 abbatibus
1230 2167 1258 2194 S.
1289 2167 1362 2194 Pauli
1387 2167 1420 2194 de
1445 2166 1517 2194 Urbe
1538 2168 1566 2195 S.
1586 2168 1723 2195 Benedicti
1750 2174 1776 2195 et

990 2215 1071 2250 priori
1088 2214 1116 2242 S.
1135 2214 1225 2242 Maria:
1240 2216 1271 2242 de
1284 2214 1385 2250 Populo
1402 2215 1431 2242 S.
1447 2216 1590 2250 Augustini
1605 2217 1730 2242 ordinum
1750 2216 1774 2242 in

991 2267 1149 2297 perpetuum
1166 2266 1289 2289 servetur
1304 2269 1310 2289 :
1335 2267 1361 2289 et
1377 2267 1520 2296 eapropter
1537 2262 1613 2289 nobis
1634 2262 1712 2297 134
1728 2262 1776 2288 liti-

990 2309 1090 2337 rnliiler
1109 2309 1265 2344 supplicasti
1282 2313 1311 2335 ιιι
1327 2314 1372 2336 tuo
1391 2309 1529 2343 proposito
1554 2312 1581 2336 cl.
1599 2309 1705 2336 aﬁ'cctui
1725 2310 1775 2336 lru.

988 2355 1106 2389 justnodi
1119 2362 1238 2381 anrtuere
1251 2353 1284 2381 de
1302 2354 1421 2382 bonitate
1431 2346 1576 2390 apostolica
1592 2356 1774 2389 dignarentur.

989 2401 1044 2429 Nos
1067 2401 1160 2437 igitur,
1176 2402 1221 2436 qui
1240 2402 1342 2428 cultum
1365 2401 1454 2435 ipsum
1476 2401 1598 2428 divinum
1619 2401 1710 2436 augeri
1736 2401 1776 2427 irr-

991 2448 1077 2475 tcnsis
1094 2447 1279 2476 desideramus
1295 2447 1447 2480 affectibus,
1461 2446 1562 2473 dictant
1578 2451 1652 2473 tuum
1677 2454 1776 2480 propu-

990 2494 1073 2521 situm
1090 2493 1116 2520 irt
1129 2494 1244 2521 Domino
1260 2493 1404 2527 plurimunt
1419 2493 1651 2524 commendantes,
1673 2493 1779 2527 tuisque

990 2541 1157 2576 lrujusmodi,
1170 2540 1215 2575 qtti
1233 2540 1316 2567 etiam
1330 2539 1484 2574 praedictam
1507 2539 1645 2565 basilicam
1661 2539 1688 2566 in
1704 2547 1777 2566 eom~

990 2588 1115 2615 tuendam
1133 2587 1249 2619 obtines,
1262 2594 1311 2620 pro
1323 2586 1406 2620 ipsius
1419 2586 1644 2613 basilicasdecorc
1656 2591 1682 2613 et
1691 2587 1777 2614 cultus

991 2634 1111 2670 prmdicti
1136 2634 1162 2660 in
1192 2641 1223 2661 ea
1240 2638 1385 2668 augmento
1408 2633 1512 2659 devotis
1530 2633 1776 2667 supplicationibus

991 2681 1123 2713 inclinati,
1140 2681 1187 2707 tibi
1207 2679 1338 2714 capellam
1357 2679 1509 2714 prmtliclam
1526 2679 1685 2711 restaurari,
1699 2686 1775 2713 repa-

991 2728 1042 2754 rari
1056 2726 1184 2757 faciendi,
1201 2725 1288 2757 libris,
1306 2724 1471 2760 paramcutis
1491 2729 1517 2752 ct
1528 2724 1694 2752 ornamentis
1710 2732 1777 2757 pra;-

988 2774 1066 2801 dictis
1096 2772 1235 2804 fulciendi,
1255 2780 1304 2799 nec
1325 2779 1378 2799 nott
1397 2771 1545 2803 reditibus,
1571 2776 1600 2798 ιιι
1623 2770 1776 2804 praefertur,

989 2822 1021 2846 rte
1043 2819 1121 2846 bouis
1146 2820 1198 2846 luis
1222 2819 1302 2845 etiam
1325 2826 1373 2852 per
1400 2817 1546 2844 Ecclesium
1571 2817 1713 2850 acquisitis
1730 2817 1775 2843 do-

993 2864 1077 2899 tandi,
1107 2863 1266 2892 auctoritate
1303 2861 1453 2898 apostolica
1482 2865 1576 2889 tenore
1600 2862 1775 2896 pra‘scntlurn
