1912 3054
152 137 247 161 ιυνιι

149 191 307 219 facultatem
322 192 495 221 concedimus
509 202 518 227 ;
535 201 567 221 ac
579 199 720 229 postquam
741 194 815 222 illam
834 200 940 223 restau-

150 237 206 264 rari
228 236 327 266 feceris
339 239 525 273 etdotaveris,
542 244 571 267 ut
592 240 744 274 praefertur,
761 240 809 268 tibi
832 245 858 268 et
882 246 941 275 post

149 287 177 310 te
189 283 300 311 nomine
319 289 374 318 tuo,
394 284 484 312 abbati
498 290 525 313 et
539 286 623 321 priori
642 286 779 322 prtedictis
800 287 825 313 in
844 294 940 322 perpe-

151 333 240 360 tuum,
272 330 312 357 Vt-l
339 330 362 357 si
389 330 470 358 aliter
493 335 557 359 ante
582 337 696 360 mortem
714 337 786 359 tuam
812 332 940 368 disponas

146 374 392 410 jurispatronatus,
409 380 436 404 et
453 376 633 411 przescutandi
654 385 797 412 personam
815 377 939 405 idoneam

147 421 183 448 ad
199 421 299 449 dictam
326 421 456 458 capellam
486 422 537 450 hac
551 424 639 458 prima
663 423 722 452 vice
744 429 771 452 et
784 424 889 459 quoties
914 425 939 451 in

148 473 230 495 antea
244 467 319 499 illam
334 475 431 496 vacare
447 468 602 504 contigerit,
627 469 788 505 presbytero
808 469 940 498 cardinali

148 514 229 541 dicta.-
246 513 374 543 Ecclesia:
389 523 438 551 pro
452 519 572 551 tempore
586 516 725 543 exslstentl
741 516 813 544 dicta
824 516 941 544 auctori-

150 563 206 586 tate
220 566 404 594 reservamus,
431 561 606 589 decernentes
631 561 759 597 capellam
782 562 867 597 ipsum
891 562 940 589 sub

152 607 326 634 invocatione
344 606 501 636 earumdem
520 607 571 636 SS.
592 608 730 636 Michaelis
745 609 899 644 archangeli
914 614 941 636 et

149 651 263 680 Joannis
284 651 421 688 Baptistm,
434 657 460 680 et
472 659 572 682 sancta!
590 653 727 688 Eugenite,
737 654 770 681 de
781 658 878 681 cavtcro
895 661 942 680 no-

140 698 251 731 .Inlnari
272 699 380 731 debere,
397 699 458 734 jure
482 704 572 727 tamen
601 699 685 735 ipsius
706 700 824 728 basilica:
841 701 867 727 in
882 707 941 727 ont-

138 735 233 771 lnibus
248 751 358 780 semper
376 746 462 772 salvo.

143 790 148 833 ι
186 790 257 819 Nulli
271 799 334 826 ergo
349 792 462 820 o'unino
475 790 616 820 hominum
639 791 719 820 liceat
733 791 804 819 hanc
817 791 940 827 paginam

152 843 253 864 nestr:c
262 838 459 871 conCcssionis,
477 839 668 865 reservationis
683 843 711 865 et
728 837 940 870 constitutionis,

151 882 312 916 iniringcrc,
328 884 369 911 vel
382 883 406 911 cl
421 891 490 912 ausu
506 884 654 911 temerario
671 884 821 910 contraire.
836 884 863 910 Si
881 884 942 918 quis

149 933 240 956 autem
258 928 309 956 hoc
320 934 483 965 attemptare
499 931 713 965 pnesumpserit,
730 930 941 964 indignationem

148 975 345 1010 omnipotentis
360 976 406 1003 Dei
419 981 445 1005 et
462 977 602 1004 beatorum
616 976 688 1004 Petri
705 981 731 1003 ct
743 975 819 1003 Pauli
834 980 943 1011 aposto-

148 1021 240 1048 lorum
256 1021 313 1056 ejus
327 1030 355 1049 se
369 1023 474 1050 noverit
490 1024 672 1051 incursurum.

190 1068 286 1096 Datum
305 1069 399 1097 Roma:
419 1071 488 1104 apud
517 1070 546 1097 S.
569 1071 690 1102 Petrum,
707 1078 780 1099 anno
807 1071 941 1098 incarnat.

152 1115 262 1143 Domiu.
281 1115 361 1149 “65,
381 1116 469 1151 pridie
489 1117 545 1144 kal.
561 1116 635 1150 Maii,
661 1117 835 1152 pontificatus
857 1118 942 1143 nostri

150 1170 224 1190 anno
240 1169 266 1190 ν.

530 1221 573 1250 Vli

154 1280 299 1316 Dispositio
325 1282 524 1309 lellamcularia
547 1290 599 1316 qua
615 1281 688 1309 card.
704 1279 859 1316 Beudi-tiae
871 1280 944 1307 varia

189 1314 238 1344 sita
254 1317 320 1343 bona
333 1318 432 1344 sacello
449 1317 479 1344 S.
501 1314 625 1351 Eug'cuitv
639 1316 786 1343 ittbasi/ica
801 1314 859 1342 XII
873 1317 942 1350 Apo-

188 1353 319 1379 stolorum
339 1354 432 1384 donat,
447 1359 478 1378 ac
493 1352 518 1380 in
545 1359 574 1378 ea
597 1356 793 1379 monumentum
808 1352 859 1378 sibi
883 1351 945 1385 poni

189 1388 319 1422 pra-cipit.

190 1445 220 1472 lu
246 1444 356 1474 nomine
384 1445 502 1473 Domini.
527 1445 625 1472 Amen.
658 1445 736 1472 Anno
760 1451 774 1471 a
804 1443 946 1471 nativitate

153 1492 275 1528 ejusdem
305 1491 449 1519 millesimo
467 1490 749 1526 quadringentesimo
775 1488 945 1523 sexagesimo

153 1544 264 1574 quarto,
294 1538 389 1565 indict.
418 1545 467 1569 xu.
491 1537 536 1564 die
561 1544 624 1564 rero
653 1535 765 1563 Veneris
781 1535 813 1562 ΓΙ
844 1534 945 1561 mensis

155 1584 308 1618 Februarii,
329 1583 501 1621 pontificatus
518 1583 574 1611 Smi
594 1583 673 1618 135
689 1583 714 1609 in
730 1581 840 1609 Christo
854 1581 943 1608 Patris

153 1637 182 1660 et
195 1631 297 1660 domini
315 1632 399 1658 nostri
414 1630 444 1656 Ι).
460 1629 512 1663 Pii,
536 1630 625 1656 divina
641 1629 808 1663 providentia
834 1634 910 1663 papa:
922 1626 945 1654 il

154 1686 227 1707 anno
244 1682 331 1710 sexto.
349 1678 374 1705 in
387 1677 438 1704 mei
453 1677 549 1704 notarii
564 1675 663 1710 publici
679 1676 845 1709 testiumque
860 1674 946 1701 infra-

154 1725 328 1760 scriptorum,
343 1724 376 1750 ad
390 1723 441 1750 hoc
455 1722 611 1758 specialiter
623 1725 781 1749 vocatorum
799 1725 823 1748 et
838 1726 946 1756 rogato-

156 1779 230 1804 rum,
247 1770 400 1806 prtesentia,
418 1769 601 1806 personaliter
621 1769 785 1796 constitutus
808 1768 893 1795 limus
917 1768 944 1795 in

155 1818 268 1846 Christo
290 1817 370 1844 Pater
394 1820 421 1844 et
443 1816 514 1844 dnus
538 1815 567 1842 υ.
585 1814 740 1848 Bessarion,
771 1815 945 1842 miseratione

155 1865 247 1892 divina
261 1864 405 1899 cpiscopus
420 1861 591 1890 Tusculanus
613 1865 639 1888 ct
665 1861 794 1888 Romana:
818 1861 946 1888 Ecclesia:

154 1912 315 1942 cardiualis,
326 1909 483 1944 patriarcha
499 1908 829 1944 Coustautinopolitanus,
839 1913 866 1935 ct
882 1916 947 1943 apo‘

155 1959 258 1987 stolic:e
273 1957 346 1991 sedis
364 1957 466 1992 lcgatus
483 1957 515 1984 de
530 1956 625 1988 latere,
642 1963 725 1983 sanus
738 1961 765 1982 et
779 1960 874 1989 potens
886 1962 946 1982 cor-

155 2013 220 2040 pore
231 2009 258 2031 et
277 2009 378 2037 mente,
395 2003 486 2030 volens
504 2009 623 2037 quoque,
649 2006 678 2029 ut
701 2002 829 2034 asseruit,
851 2003 884 2028 de
901 2009 945 2028 ca-

156 2051 224 2085 pt-lla
246 2055 387 2086 perpetua,
421 2057 501 2084 quam
526 2049 593 2076 alias
614 2056 647 2075 ex
679 2047 806 2075 facultate
821 2047 872 2075 sibi
900 2055 947 2082 ιιι-ι·

155 2097 296 2132 prtefatnm
322 2097 459 2123 dominum
484 2093 608 2122 nostrum
623 2102 752 2122 concessa
770 2094 891 2121 fundavit
920 2094 945 2121 in

155 2142 274 2170 ecclesia
300 2142 351 2170 SS.
378 2142 566 2176 Apostolorum
585 2141 619 2168 de
643 2140 724 2173 Urbe,
741 2141 791 2168 sub
815 2140 946 2168 vocabulo

155 2196 204 2215 seu
228 2188 401 2215 invocatione
418 2186 469 2213 liii.
485 2186 624 2214 Michaelis
649 2186 818 2220 archangeli,
835 2185 947 2212 Joannis

155 2235 285 2270 Baptistae
315 2239 343 2262 ct
372 2234 400 2261 S.
429 2233 567 2269 Eugeniae,
585 2238 610 2260 tl.
633 2235 705 2260 circa
724 2233 795 2260 illam
815 2241 876 2268 qua:
892 2242 947 2260 sua:

155 2282 304 2317 volpntatis
332 2281 453 2316 suggerit
484 2280 608 2311 allectus,
633 2279 718 2307 donec
751 2279 776 2306 iu
809 2279 947 2312 corporeis

157 2328 285 2355 membris
302 2328 378 2363 quies
394 2328 465 2363 viget
481 2333 508 2355 et
532 2328 602 2354 ratio
630 2333 749 2354 tuentem
776 2327 855 2362 regit,
874 2327 948 2354 salu-

157 2373 243 2400 briter
260 2373 410 2407 providere,
436 2373 565 2400 ordinare
591 2378 618 2399 et
646 2373 793 2407 disponere
814 2373 903 2399 omnia
922 2378 950 2399 et

157 2419 260 2454 singula
283 2421 309 2446 in
327 2420 396 2447 inira
422 2420 543 2447 seriatim
561 2420 670 2446 insertis
693 2427 733 2452 ea;
746 2419 830 2452 itulis,
847 2425 946 2454 sponte

158 2474 190 2493 nc
215 2466 298 2493 libere
324 2466 468 2500 0rdiuavit,
490 2465 645 2500 disposuit,
671 2465 797 2498 instituit,
823 2466 949 2497 donavit,

158 2513 262 2539 dimisit
289 2517 370 2546 atque
388 2512 463 2544 fecit,
481 2517 559 2547 prout
580 2513 605 2539 in
625 2511 725 2539 eisdem
741 2511 867 2545 capitulis
895 2511 949 2537 alta

158 2564 184 2586 et
197 2558 360 2593 intelligibili
379 2566 444 2585 voce
469 2566 516 2593 per
531 2558 741 2585 dominationem
760 2565 836 2583 suam
854 2557 950 2584 limam

159 2612 251 2632 coram
272 2613 315 2632 me
329 2605 436 2632 notario
456 2610 483 2632 ct
504 2605 619 2632 testibus
644 2603 838 2638 intr-ascriptis,
863 2603 951 2637 lectis,

158 2659 273 2686 quorum
292 2656 369 2678 tenor
379 2652 411 2678 de
427 2651 509 2678 Verbo
526 2651 559 2678 ad
577 2651 688 2678 verbum
708 2651 767 2678 talis
783 2656 823 2678 est
838 2659 845 2676 :

197 2706 207 2721 ι
231 2695 259 2722 In
273 2696 368 2731 primis
382 2697 493 2723 instituo
519 2697 544 2723 in
561 2697 717 2732 capellanos
739 2696 848 2730 capella:
875 2704 952 2727 mea},

162 2750 172 2767 ι
196 2741 221 2768 in
240 2747 399 2776 perpetuum
417 2742 533 2769 fundata:
548 2743 598 2770 sub
609 2743 738 2769 vocabulo
754 2742 804 2770 UB.
816 2743 954 2771 Michaelis

163 2798 172 2814 ι
197 2789 372 2821 archangeli,
404 2788 516 2816 Joannis
543 2789 670 2824 Baptism:
697 2797 728 2815 at:
758 2789 788 2816 S.
815 2790 951 2823 liugcuitc,

167 2845 175 2861 t
200 2837 260 2862 sila:
281 2838 307 2863 in
324 2835 439 2862 ecclesia
462 2835 512 2862 SS.
536 2835 728 2870 Apostolorum
742 2837 774 2862 de
788 2834 869 2867 Urbe,
891 2837 954 2863 reii-

165 2891 173 2908 t
196 2882 286 2917 giosos
302 2882 376 2910 viros
388 2882 485 2910 ftattcs
496 2888 521 2910 et
536 2887 695 2911 conventum
713 2882 816 2910 ordinis
827 2882 854 2909 S.
871 2881 955 2909 liram-

495 133 647 168 ALOYSII
666 135 844 167 partem“
864 133 1183 167 COMMENTARIUS.
1215 148 1240 154 —
1259 129 1462 167 APPENDIX.

1682 143 1780 163 LXXVIII

997 203 1007 220 ι
1030 194 1095 222 ciscl
1111 195 1138 222 in
1150 195 1244 222 eadem
1259 193 1372 222 ecclesia
1397 194 1447 222 SS.
1472 194 1659 229 Apostolorum
1674 195 1783 222 inhabi-

996 250 1006 267 ι
1032 245 1136 274 tantes,
1171 247 1334 276 quacunque
1367 241 1539 269 ordinatione
1566 249 1614 276 per
1641 249 1689 268 nos
1716 242 1783 268 alias

996 296 1007 313 ι
1031 295 1111 321 super
1125 287 1185 315 inde
1200 287 1270 315 facta
1287 296 1340 315 non
1357 287 1499 319 obstante:
1526 293 1553 315 et
1570 288 1666 315 ordino
1682 297 1713 315 ac
1727 289 1784 315 dis-

997 343 1006 360 ι
1030 341 1099 368 pono
1125 339 1155 361 ιιι
1179 335 1205 361 in
1226 335 1320 361 eadem
1339 334 1441 369 capella
1466 334 1563 361 faciant
1582 335 1645 362 dicti
1663 335 1783 367 praedicti

996 388 1006 404 ι
1031 378 1130 406 fratres
1148 379 1221 406 omni
1236 379 1280 406 die
1300 387 1380 406 uuam
1397 380 1520 412 missam,
1532 380 1628 407 diebus
1648 379 1782 412 Mercurii,

996 435 1005 452 ι
1031 424 1144 453 Veneris
1159 429 1185 452 et
1202 425 1324 458 Sabbati,
1339 426 1447 452 missam
1464 434 1511 459 pro
1522 425 1667 457 deiunctis,
1694 425 1784 452 Domi-

997 481 1006 498 ι
1029 471 1102 507 nica
1119 479 1183 499 vero
1202 471 1246 499 die
1271 471 1381 499 missam
1406 476 1580 504 currentem;
1609 471 1653 498 die
1680 471 1783 500 Luna.

997 527 1006 543 ι
1028 517 1056 544 S.
1074 517 1168 553 Aogcli
1183 526 1191 551 ;
1225 518 1266 545 die
1284 518 1387 551 Martis,
1405 517 1434 545 S.
1456 517 1568 545 Joannis
1586 516 1726 551 Baptistur;
1740 516 1784 543 die

997 571 1006 588 ι
1030 562 1113 596 Jovis,
1127 562 1157 590 S.
1171 562 1324 595 Trinitatis,
1347 570 1407 590 cum
1423 562 1534 589 collecta
1552 562 1577 588 in
1599 562 1719 596 qualibet
1735 569 1784 595 pro

997 618 1007 635 ι
1030 609 1174 642 defunctis,
1192 608 1335 637 referendo
1353 617 1401 643 pro
1417 609 1486 636 vivis
1502 617 1599 636 nomen
1619 616 1720 640 mcum,
1734 615 1783 642 pro

999 664 1008 680 ι
1032 655 1146 685 mortuis
1165 660 1225 690 post
1252 661 1365 683 mortem
1392 663 1489 683 nomen
1512 663 1599 683 meum
1615 675 1622 687 ,
1642 654 1735 682 lsidnri
1759 658 1786 681 et

999 710 1008 727 ι
1032 701 1158 728 Dorothci
1175 702 1385 736 episcoporum;
1412 702 1474 728 item
1491 701 1627 728 Theodori
1649 706 1677 727 et
1699 700 1786 728 Thco-

996 756 1007 774 ι
1032 748 1114 780 dorsa,
1129 753 1154 776 et
1170 748 1318 781 Michaelis,
1336 756 1367 776 ac
1381 748 1495 776 aliorum
1509 754 1577 782 quos
1592 748 1617 774 in
1634 747 1786 774 intentione

997 803 1006 819 ι
1031 802 1089 821 mea
1104 795 1200 822 habeo.
1211 794 1239 821 Si
1251 799 1340 822 tamen
1358 802 1422 822 casu
1441 795 1530 829 aliquo
1546 795 1644 822 fratres
1660 794 1782 829 prredicti
1815 783 1823 790 ’”

999 851 1008 866 ι
1031 849 1045 867 ιι
1063 841 1121 868 loco
1144 841 1279 875 prmdictze
1301 841 1422 868 ecclesia:
1443 841 1613 872 recederent,
1633 839 1784 867 elccclcsia

999 898 1008 913 ι
1032 888 1057 914 in
1077 888 1219 922 pristinum
1238 894 1337 916 statum
1355 889 1466 916 reducta
1488 887 1580 920 i'uetit,
1600 892 1662 915 tonc
1684 887 1743 913 vnio
1759 893 1786 912 ct

999 943 1008 959 t
1033 933 1128 960 ordino
1150 939 1178 960 ut
1203 934 1248 968 jus
1267 933 1380 966 eligendi
1400 933 1440 960 vel
1453 941 1533 959 ttnutn
1552 936 1654 958 tantum
1669 932 1786 966 capella—

1000 990 1008 1006 t
1034 988 1107 1012 num,
1128 980 1150 1008 si
1180 981 1283 1008 reditus
1304 980 1390 1015 ipsius
1413 980 1522 1015 capella:
1547 979 1656 1013 triginta
1673 978 1786 1005 ducatos

1001 1035 1009 1052 t
1032 1027 1090 1054 auri
1103 1027 1136 1054 de
1148 1034 1256 1054 camera
1282 1034 1336 1054 non
1353 1026 1539 1059 excesserint,
1556 1025 1596 1053 vel
1612 1024 1689 1055 duos,
1705 1024 1728 1050 si
1752 1024 1785 1050 ad

1001 1083 1009 1099 t
1032 1073 1171 1108 sexaginta
1189 1073 1347 1105 ascendant,
1370 1077 1509 1100 remaneat
1522 1072 1610 1099 abbati
1628 1071 1657 1098 S.
1671 1069 1746 1097 Pauli
1759 1075 1789 1096 et

1001 1130 1011 1145 ι
1035 1120 1116 1154 priori
1142 1119 1172 1147 Β.
1199 1120 1291 1148 Marim
1318 1119 1352 1147 de
1377 1119 1487 1154 Populo,
1504 1119 1731 1146 monasteriorum
1755 1118 1789 1145 dc

1001 1177 1010 1193 t
1035 1167 1114 1200 Urbe,
1130 1167 1174 1201 qui
1190 1168 1282 1195 dicant
1306 1167 1427 1202 quinque
1451 1166 1550 1194 tnisSaS
1572 1166 1598 1192 in
1616 1165 1735 1199 qualibet
1748 1172 1788 1192 tie-

1001 1224 1010 1240 ι
1035 1215 1172 1249 ptimana,
1196 1218 1250 1241 trcs
1274 1222 1323 1248 pro
1351 1213 1487 1240 defunctis
1513 1217 1540 1240 et
1563 1212 1643 1247 136
1665 1212 1731 1239 duas
1754 1211 1788 1238 de

1002 1270 1011 1285 ι
1035 1260 1148 1292 snnctis,
1166 1260 1291 1287 videlicet
1308 1261 1340 1287 de
1363 1260 1393 1287 S.
1415 1259 1577 1294 archangclo
1593 1265 1619 1286 et
1640 1259 1669 1286 S.
1685 1258 1790 1286 Joanne

1002 1317 1010 1333 t
1036 1308 1167 1342 Baptista,
1182 1313 1208 1334 ut
1221 1307 1347 1342 superius
1361 1307 1515 1334 ordinatum
1532 1310 1582 1333 cst.
1598 1305 1663 1332 item
1686 1306 1747 1331 volo
1763 1309 1790 1331 ct

1002 1363 1011 1379 ι
1035 1354 1132 1381 ordino
1145 1360 1173 1380 ut
1190 1354 1306 1389 singulis
1320 1354 1412 1385 annis,
1424 1353 1528 1380 decima
1544 1353 1588 1380 die
1606 1353 1706 1379 mensis
1719 1351 1788 1386 Srp-

1002 1411 1012 1427 ι
1036 1400 1157 1433 tcmbris,
1171 1399 1293 1435 prmdicti
1311 1399 1408 1426 fratres
1422 1403 1535 1427 cantent
1548 1398 1654 1434 vigilias
1667 1404 1788 1424 mortuo-

1002 1456 1011 1472 ι
1036 1454 1095 1473 rum
1117 1451 1144 1473 et.
1167 1446 1278 1472 missam
1302 1444 1450 1471 solemnem
1479 1452 1528 1479 pro
1553 1443 1690 1471 defunctis
1719 1443 1787 1470 meis

1003 1502 1012 1519 t
1037 1491 1255 1526 prmnominatis,
1271 1490 1312 1518 vel
1325 1489 1458 1524 capellani
1474 1490 1651 1518 srecularesin
1664 1489 1788 1517 absentia

1002 1548 1012 1564 ι
1037 1538 1150 1566 fratrum
1164 1537 1254 1565 dicant
1269 1540 1352 1564 totum
1373 1535 1490 1563 cilicium
1504 1535 1627 1570 legendo.
1647 1535 1713 1562 ltetn
1730 1535 1790 1562 volo

1002 1595 1011 1611 ι
1035 1589 1064 1612 ut
1082 1586 1140 1612 dua:
1156 1585 1242 1611 vinea:
1258 1591 1326 1618 quas
1341 1583 1503 1611 donavimus
1530 1583 1641 1618 capella:
1656 1583 1791 1617 prmdiotzc

1003 1641 1013 1657 ι
1037 1639 1084 1665 pro
1100 1630 1162 1658 dote
1178 1638 1239 1662 sua,
1257 1629 1411 1658 vendantur
1423 1630 1483 1664 plus
1497 1629 1632 1661 ollerenti,
1647 1634 1675 1656 et
1688 1629 1789 1656 eisdem

1002 1687 1012 1705 ι
1035 1678 1158 1712 pecuniis
1173 1682 1299 1704 cluantur
1320 1685 1367 1711 pro
1387 1675 1451 1703 dote
1472 1676 1592 1711 ejusdem
1618 1675 1738 1710 capella;
1763 1676 1790 1703 in

1002 1734 1011 1750 ι
1034 1723 1101 1751 locis
1116 1723 1204 1755 bonis,
1218 1722 1309 1750 liberis
1325 1727 1351 1749 et
1368 1721 1479 1749 utilibus
1492 1743 1500 1756 ,
1524 1723 1719 1756 responsiones
1735 1721 1789 1747 vini

1004 1781 1013 1798 ι
1036 1770 1186 1798 secundum
1205 1769 1432 1797 consuetudinem
1452 1775 1511 1803 qum
1528 1767 1586 1796 ﬁeri
1602 1767 1671 1795 solet
1686 1767 1790 1794 Romae.

1003 1827 1012 1843 ι
1035 1816 1162 1844 Concedo
1186 1820 1276 1843 autem
1300 1815 1407 1850 plenam
1440 1813 1596 1841 facultatem
1624 1817 1649 1841 et
1679 1812 1789 1840 liberaui

1003 1873 1012 1890 t
1038 1862 1173 1890 vendendi
1189 1862 1282 1889 vineas
1297 1861 1442 1896 praadicms
1459 1861 1525 1888 Rev.
1543 1859 1615 1887 Patri
1642 1859 1673 1886 D.
1695 1859 1791 1886 Joauni

1006 1919 1015 1936 t
1041 1909 1119 1943 Bapt.
1133 1908 1166 1935 de
1190 1907 1317 1939 Sabellis,
1335 1906 1489 1941 apostolica:
1505 1906 1578 1934 sedis
1594 1904 1790 1940 protonotario,

1004 1965 1014 1982 ‹
1037 1964 1067 1982 ac
1087 1956 1117 1982 D.
1132 1954 1279 1981 Laurentio
1303 1953 1337 1981 de
1358 1952 1488 1984 Venetiis,
1502 1952 1635 1979 canonico
1659 1950 1793 1984 Principis

1005 2012 1014 2028 ι
1038 2002 1225 2037 apostolorum
1243 2001 1277 2028 de
1292 1999 1374 2032 Urbe,
1391 2005 1418 2026 ct
1435 1999 1465 2026 Ι).
1482 1998 1603 2026 Simeoni
1619 1998 1651 2026 dc
1669 1997 1794 2028 Peilinis,

1004 2059 1013 2074 ι
1037 2048 1151 2075 auditori
1174 2052 1281 2080 nostro,
1309 2047 1478 2074 subdiacono
1494 2045 1655 2080 apostolico,
1672 2049 1698 2071 ct
1714 2044 1793 2071 i‘ctro

1004 2104 1013 2121 ι
1037 2096 1069 2122 de
1081 2093 1183 2122 Rubcis
1198 2094 1231 2121 de
1246 2092 1424 2126 Vcilctro,vei
1434 2091 1528 2126 majori
1543 2091 1610 2126 parti
1622 2090 1790 2122 earumdem,

1005 2151 1013 2167 ι
1038 2141 1084 2176 qtti
1098 2142 1235 2175 deponant
1249 2140 1379 2175 pecunias
1403 2139 1545 2175 praedictas
1560 2138 1586 2165 in
1601 2137 1690 2172 aliquo
1705 2136 1793 2163 banco

1005 2198 1014 2214 ι
1038 2196 1134 2216 securo
1159 2189 1204 2215 ubi
1232 2186 1433 2219 custodiantur,
1447 2194 1498 2213 nec
1525 2185 1622 2220 aliquis
1635 2192 1682 2212 eas
1699 2188 1794 2218 tangat

1006 2243 1015 2260 t
1037 2235 1124 2262 donec
1150 2239 1274 2262 cluantur
1299 2233 1491 2269 responsiones
1515 2233 1660 2268 prmdictm.
1688 2230 1740 2258 Sed
1760 2238 1794 2256 ut:

1006 2291 1015 2307 ι
1038 2281 1084 2308 diu
1101 2280 1202 2315 capella
1218 2285 1272 2308 stet
1291 2281 1350 2308 sine
1369 2279 1456 2308 fructu
1473 2279 1544 2307 dotis
1570 2287 1636 2313 sum,
1651 2283 1795 2307 conentur,

1005 2338 1014 2354 ι
1039 2328 1060 2355 si
1079 2327 1205 2361 possibile
1221 2327 1313 2360 fuerit,
1326 2327 1406 2354 simul
1423 2331 1450 2354 ct
1466 2327 1549 2354 semel
1576 2326 1629 2353 hoc
1643 2325 1747 2357 facere,
1769 2329 1797 2352 ct

1006 2385 1015 2402 ι
1040 2376 1156 2402 vendere
1176 2375 1268 2402 vineas
1285 2380 1416 2402 etemcre
1434 2374 1637 2410 responsiones.

1042 2431 1051 2447 ι
1075 2421 1141 2448 item
1161 2421 1232 2449 dono
1245 2429 1276 2449 ex
1300 2429 1372 2449 nunc
1390 2421 1416 2447 in
1432 2426 1590 2455 perpetuum
1608 2420 1716 2455 capella:
1728 2427 1797 2454 pra:-

1007 2475 1017 2492 t
1040 2466 1118 2492 dicta:
1131 2472 1287 2500 paramcnta
1300 2471 1327 2493 et
1344 2466 1443 2501 jocalia
1458 2465 1643 2500 iul‘rascripta,
1653 2465 1774 2492 videlicet
1789 2473 1796 2492 ι

1007 2521 1016 2538 ι
1041 2520 1123 2539 ttnunt
1146 2518 1332 2546 paramcntum
1351 2521 1399 2548 pro
1419 2512 1578 2548 quotidiano
1609 2512 1721 2540 servitio
1749 2520 1796 2539 co-

1008 2569 1017 2585 ι
1043 2559 1108 2587 loris
1121 2559 1173 2586 albi
1184 2563 1217 2586 de
1230 2561 1315 2594 drapo
1333 2560 1509 2598 damascino;
1524 2558 1595 2586 aliud
1611 2558 1711 2586 coloris
1722 2557 1795 2594 byscl

1009 2616 1018 2632 t
1042 2606 1169 2633 similiter
1184 2607 1216 2633 de
1232 2606 1391 2633 damascino
1407 2606 1498 2641 plant),
1515 2611 1542 2633 ct
1559 2605 1653 2639 stolas,
1663 2605 1800 2640 manipulo

1011 2660 1021 2676 ι
1042 2656 1067 2678 et
1082 2652 1218 2684 camises;
1235 2651 1300 2678 item
1318 2650 1445 2686 plutnalia
1462 2651 1523 2691 tria,
1542 2649 1678 2681 videlicet,
1695 2649 1798 2680 album,

1012 2707 1022 2724 ι
1046 2697 1189 2725 brocatum
1206 2695 1240 2724 de
1258 2705 1335 2730 attro,
1358 2701 1385 2723 et
1400 2696 1471 2723 aliud
1489 2696 1683 2731 paron-auium
1706 2696 1738 2722 dc
1753 2694 1801 2722 da-

1011 2753 1020 2770 ι
1043 2743 1164 2771 mascino
1180 2742 1293 2777 sitnplici
1314 2751 1375 2770 cum
1393 2743 1477 2770 armis
1493 2743 1572 2774 meis,
1583 2747 1672 2777 empta
1691 2742 1725 2768 ab
1746 2742 1802 2768 lue-

1012 2798 1021 2814 ι
1047 2789 1162 2816 reditatc
1178 2788 1243 2815 bon.
1260 2796 1342 2816 mem.
1353 2787 1414 2815 Rmi
1431 2787 1480 2815 Dni
1494 2789 1569 2816 card.
1584 2790 1616 2816 dc
1633 2788 1802 2823 Columpua;

1012 2845 1021 2862 ι
1044 2841 1071 2863 ct
1086 2835 1221 2869 quoddam
1237 2835 1310 2862 aliud
1327 2836 1433 2870 nigrum
1452 2836 1485 2864 de
1502 2837 1668 2868 dutnascino,
1680 2839 1802 2870 emptum

1013 2893 1022 2908 ι
1045 2883 1078 2911 ab
1090 2881 1249 2910 lucrcditatc
1269 2881 1329 2911 [ἶιυὶ
1350 2881 1400 2910 Dni
1422 2883 1569 2912 cardinalis
1585 2882 1703 2910 ii'JlilL‘lli
1725 2881 1801 2909 homo
