1912 3054
124 124 206 144 LXXIX

126 185 136 200 1

125 230 135 246 1

124 275 134 291 1

125 321 134 336 1

124 367 134 383 1

125 412 134 428 1

124 458 134 475 1

125 505 136 521 1

124 551 134 567 1

125 597 136 614 1

125 643 135 660 1

125 691 136 706 1

125 737 135 753 1

125 782 134 799 1

124 829 134 845 1

124 876 133 892 1

124 923 133 939 1

125 968 134 984 1

125 1014 134 1031 1

125 1104 135 1121 1

125 1150 135 1167 1

124 1196 134 1213 1

126 1243 135 1259 1

125 1289 135 1306 1

125 1335 135 1352 1

125 1382 134 1398 1

126 1428 135 1443 1

125 1474 134 1490 1

125 1520 134 1536 1

125 1566 134 1582 1

126 1611 135 1626 1

127 1657 136 1672 1

126 1703 135 1719 1

128 1751 136 1765 1

126 1797 135 1813 1

125 1843 135 1858 1

127 1890 135 1905 1

127 1935 136 1952 1

126 1981 135 1997 1

127 2072 135 2089 1

126 2119 136 2135 1

127 2165 137 2181 1

127 2212 136 2227 1

128 2258 137 2274 1

128 2304 137 2320 1

129 2351 137 2366 1

129 2396 138 2412 1

131 2444 139 2458 1

128 2487 138 2503 1

130 2533 138 2548 1

130 2578 139 2594 1

131 2624 140 2641 1

132 2671 141 2688 1

131 2717 140 2734 1

131 2763 141 2780 1

131 2809 140 2825 1

133 2852 142 2869 1

162 181 255 206 inem.;
275 172 366 200 omnia
386 179 446 199 cuin
467 171 587 207 pulchris
612 171 718 207 frigiis;
735 171 800 199 item
827 177 909 198 unam

160 220 292 254 plant-tam
313 219 346 245 de
363 218 521 245 damaseino
547 218 724 252 paronetzio,
739 222 856 252 emptam
874 224 909 243 cx

157 265 284 299 prredicta
298 264 455 291 haereditate
474 263 523 290 Diti
543 266 617 292 card.
637 265 668 291 dc
682 263 830 298 Columpna
847 269 908 289 cum

159 311 238 345 frigio
258 310 290 337 de
306 310 381 337 foleis
394 309 485 337 aureis
501 310 661 341 recantatis;
677 309 741 336 item
757 309 868 335 calicem
883 312 910 334 et

158 362 295 391 patenum,
322 357 389 383 ditas
408 355 540 390 ampullas
559 360 712 390 argenteas,
731 362 800 389 quas
818 359 909 389 porta-

158 403 248 430 vimus
265 402 299 429 de
314 401 436 433 Vienna;
452 402 515 428 item
529 401 561 428 tle
576 400 682 428 duobus
693 401 771 426 novis
779 399 909 427 calicibus

158 456 226 483 quos
244 448 308 475 fecit
324 456 397 475 uuttc
421 448 487 474 ttiilii
503 447 632 482 magister
652 446 763 474 Simeon
792 445 907 478 aurifex,

159 504 242 522 [Illum
257 503 318 522 cum
334 500 430 529 patena
445 502 493 521 sua
508 502 515 526 ;
538 495 599 521 item
622 500 729 520 CI’IJCCIII
751 499 831 529 unam
849 498 909 524 quae

159 547 223 568 ante
239 549 282 568 tne
295 527 434 568 ferebatur
452 541 477 566 iii
495 539 685 575 legationibus,
701 538 799 565 factam
814 527 910 565 hono-

159 589 231 620 nitu;
250 587 314 614 item
343 588 436 614 thecas
455 585 635 621 corporalium
649 585 726 618 duas,
739 591 792 611 una
811 583 837 610 in
855 590 908 619 qua

158 639 201 661 est
221 642 320 661 nomen
343 633 406 660 Jesu
432 640 493 660 cum
520 631 613 666 pet-lis.
632 635 660 658 et
675 638 757 658 unam
778 630 858 656 aliam
875 629 910 657 de

158 681 248 707 velnto
265 681 349 707 ruheo
365 687 424 706 cum
442 677 627 713 corporalibus
644 677 720 708 suis:
736 676 799 703 item
815 683 909 710 super-

159 727 269 762 pellicea
299 731 431 760 quatuor;
455 725 519 752 item
550 724 583 751 de
613 723 767 758 panniculis
789 722 910 756 pulchris

158 773 264 800 ornatis
280 773 369 799 serico
384 778 432 805 pro
451 771 630 805 cooperienth
647 769 730 796 calice
747 769 832 800 duos;
843 769 907 794 itcni

158 819 280 846 iobalcas
306 819 424 852 majores
444 817 477 844 ad
500 816 708 850 cooperictidnm
726 814 811 841 altare
830 813 907 848 137

159 872 276 900 quatuor
290 866 322 893 de
338 864 510 901 melioribus;
534 863 597 890 item
614 867 732 899 tapetum
759 870 842 889 unum
859 862 909 889 bo-

158 920 222 939 num
246 913 278 939 ad
307 911 459 946 ponendum
478 916 540 937 ante
555 911 652 942 altare;
669 909 732 935 item
749 916 831 935 ttnnnt
846 909 910 936 mis-

158 958 213 985 sale
227 966 373 992 maguum,
391 961 511 991 eniptuttt
537 956 570 983 ab
592 955 748 982 haereditate
772 953 802 981 Ι).
819 955 909 981 cardi-

158 1004 226 1031 tialis
240 1003 358 1030 Rutheni
374 1002 504 1037 prtedicti.

160 1059 170 1075 ‹
195 1050 260 1077 ltcin
280 1049 352 1076 dono
371 1049 459 1075 eidem
483 1047 592 1082 capella}
609 1055 641 1074 ex
660 1043 732 1074 nunc
747 1047 817 1074 inter
836 1047 910 1075 viros

159 1095 344 1129 iiil'rascriptas
360 1102 401 1121 res
418 1101 531 1127 quarunt
550 1101 627 1120 usuin
643 1094 707 1120 niilti
726 1100 833 1120 reservo
846 1093 908 1120 dittii

159 1141 247 1168 vivam
262 1149 269 1167 :
286 1141 390 1168 scilicet
407 1139 574 1167 lliuribttlutti
592 1139 660 1173 quod
676 1147 746 1166 iiutic
766 1139 908 1171 italietiius,

159 1187 317 1213 navit-cllum
329 1191 356 1213 et
371 1193 417 1212 vas
433 1194 481 1220 pro
496 1194 565 1219 aqua
579 1191 672 1212 saneta
683 1193 743 1211 cum
756 1193 804 1212 suo
816 1193 910 1218 asper-

159 1234 244 1266 sorio,
256 1242 316 1268 qua:
334 1241 404 1260 nunc
419 1233 483 1259 fecit
503 1232 581 1259 nobis
604 1232 709 1258 aurifex
727 1233 907 1266 supratlirtus,

158 1279 246 1306 ctdtio
263 1279 424 1306 candelabra
438 1280 469 1305 de
485 1278 585 1313 capella
596 1284 686 1304 nostra
701 1278 797 1311 quibus
810 1279 910 1304 utimur

159 1326 184 1352 iii
202 1326 314 1359 eadem;
333 1326 397 1352 item
416 1333 534 1360 pannutii
553 1324 586 1351 de
612 1325 699 1351 veluto
727 1324 909 1351 Aletiandrino

158 1380 212 1405 quo
235 1373 337 1399 utimur
363 1373 388 1398 iti
417 1372 518 1405 capella
547 1377 651 1401 nostra.
678 1377 704 1397 et
732 1374 795 1396 ante
825 1370 909 1396 altare

160 1425 241 1453 super
256 1419 350 1448 tiliiiiti,
367 1426 397 1445 ac
413 1418 576 1445 breviarium
594 1425 728 1450 maguum,
742 1422 862 1451 eitiptttui
876 1416 909 1442 ab

162 1463 319 1491 litereditate
338 1462 399 1490 Rini
425 1463 457 1490 D.
474 1463 549 1489 card.
572 1462 689 1489 Rutheni
713 1463 762 1496 pia:
783 1470 864 1488 tttcm.
883 1467 910 1489 et.

159 1511 211 1537 duo
239 1509 359 1537 baticalia
385 1509 418 1536 de
445 1517 535 1542 panno
556 1510 589 1536 de
614 1509 700 1543 ratgia
727 1516 787 1542 qua:
809 1508 910 1535 habent

159 1555 207 1583 SS.
223 1555 372 1589 apostolos,
392 1559 418 1582 et
436 1555 503 1581 alios
523 1559 637 1589 quatuor
654 1562 758 1589 pannos
777 1554 810 1581 de
824 1555 908 1588 ratgia

160 1609 267 1636 parvos,
291 1608 406 1635 quorum
436 1604 491 1626 tres
519 1599 621 1626 habent
646 1599 908 1629 Atiituntiatiuttetn,

161 1653 272 1681 quartus
288 1654 350 1672 νει-υ
365 1645 548 1676 Crutilixum;
567 1645 629 1671 item
643 1649 749 1678 tapetas
762 1650 815 1670 tres
828 1644 908 1676 ;itciii

160 1694 213 1720 dtto
228 1692 391 1720 candelabra
411 1699 505 1725 magna
525 1691 629 1722 ferrea;
658 1690 721 1716 item
740 1684 918 1724 qua-coitque

161 1744 318 1775 parametita
337 1739 445 1774 capella:
474 1742 587 1769 nostr-ar,
609 1737 718 1771 jocaiia,
745 1742 771 1763 i-t
802 1737 910 1764 iniss:tlc

160 1795 253 1817 utitttu,
279 1786 377 1820 quibus
393 1791 454 1811 utor
470 1784 542 1811 domi
568 1789 594 1810 et
610 1792 668 1818 qt'a:
693 1789 757 1810 tunc
772 1784 909 1811 invenieti-

159 1838 219 1864 tur;
238 1833 300 1859 item
312 1839 391 1858 unum
409 1830 573 1857 tittirihuluttt
589 1829 711 1856 Graecum
726 1830 834 1863 planum
846 1839 907 1856 cuin

161 1879 283 1911 manica;
303 1879 364 1904 item
381 1877 434 1904 dtto
451 1885 501 1904 ova
521 1877 553 1904 de
576 1876 682 1904 Struzio
696 1882 791 1904 ornata
810 1877 842 1904 de
864 1885 908 1903 ar-

160 1931 261 1961 gento;
285 1925 349 1952 itcni
366 1924 436 1959 legio
455 1924 529 1957 duo;
551 1924 613 1951 item
640 1923 819 1951 faltlistorium
844 1931 907 1958 pou-

159 1971 267 1998 tilicale.

163 2026 171 2042 ι
194 2016 261 2043 Itcttt
276 2015 335 2042 volo
357 2019 385 2042 ut
402 2023 451 2050 pro
468 2023 538 2042 nunc
562 2015 607 2042 liat
623 2022 676 2042 una
698 2022 777 2050 capsa
797 2015 908 2050 pulchra

161 2064 185 2090 iti
216 2070 269 2096 qua
289 2062 385 2096 ili-poni
414 2061 529 2088 debeant
557 2062 608 2089 ista
637 2061 729 2088 omnia
753 2067 909 2096 paramcuta

162 2114 254 2136 nostra
282 2113 308 2135 ct
331 2107 459 2134 custodiri
490 2108 516 2134 iit
535 2108 659 2135 sacristia
676 2110 802 2141 praesenti
824 2109 910 2136 donec

161 2155 215 2181 Deo
230 2155 310 2181 dattte
325 2153 454 2180 faciemus
474 2153 625 2180 sacristiani
643 2156 669 2181 iii
695 2155 754 2182 loco
769 2143 910 2191 designato

158 2209 204 2235 per
219 2209 278 2227 tios.
289 2200 353 2226 l.eui
366 2200 426 2225 Volo
442 2204 468 2226 et
480 2199 575 2226 ordino
586 2206 613 2227 ut
623 2201 735 2228 oniiiitto
749 2202 911 2237 depiugatur

161 2247 263 2282 capella
277 2254 309 2273 co
331 2247 410 2272 modo
423 2251 503 2280 prout
526 2247 638 2272 conveni
665 2253 690 2274 et
705 2248 825 2275 ordinari
847 2257 908 2277 cum

162 2293 309 2328 magistro;
325 2292 400 2322 itetti.
416 2297 559 2326 postquatii
580 2292 684 2326 depicta
704 2295 783 2320 l'ucrit
797 2296 911 2329 capella,

162 2340 248 2374 primo
272 2339 318 2365 liat
341 2339 435 2365 subtus
451 2343 550 2365 tcetuiu
578 2339 694 2374 ligneum
719 2343 790 2375 quod
817 2348 858 2369 cst
883 2343 910 2370 iit

164 2386 268 2420 quadro
300 2385 427 2412 exteriori
454 2393 536 2411 uttutn
559 2385 735 2419 supercilium
754 2388 908 2421 pulchrum,

164 2438 190 2459 ct
205 2440 285 2466 super
301 2431 392 2458 trabes
416 2431 477 2457 tecti
502 2432 678 2466 illipOli.lllllll‘
696 2433 793 2467 aliqua:
815 2435 910 2462 tabula:

162 2485 262 2512 gressa:
289 2484 334 2511 per
358 2477 466 2503 modum
486 2477 585 2511 pontis,
609 2481 638 2503 tit
666 2479 771 2511 possint
799 2479 907 2505 transiri

165 2531 211 2557 per
235 2523 429 2557 longitudinem
455 2523 487 2549 de
515 2530 567 2549 una
597 2527 674 2557 parte
706 2525 738 2550 ad
769 2524 864 2557 aliam;
886 2531 913 2551 et

165 2570 327 2595 claudantur
360 2569 427 2595 bene
455 2568 587 2595 foramina
621 2569 709 2602 muri;
733 2575 759 2596 et
790 2577 805 2596 a
837 2575 913 2604 parte

164 2615 287 2642 orientali
304 2615 347 2641 illa
367 2622 461 2650 magna
482 2619 606 2649 aperttira
630 2615 655 2642 in
673 2623 723 2650 qua
746 2617 911 2651 tlimietatur,

163 2666 286 2695 apertum
304 2666 408 2687 tantum
424 2665 555 2701 quantum
569 2661 682 2688 suilieiet
700 2662 745 2688 utii
762 2662 862 2689 homini
880 2663 912 2690 ad

165 2705 338 2740 intrandum;
354 2711 381 2733 ct
395 2706 458 2733 illud
479 2708 560 2734 etiam
585 2708 726 2734 claudatur
737 2709 809 2736 ostio
825 2709 913 2743 ligneo

164 2761 225 2780 eum
242 2752 328 2786 clari;
354 2752 418 2779 item
444 2757 503 2788 post
533 2754 707 2788 supercilium
736 2760 821 2782 totum
847 2756 912 2783 illud

164 2798 297 2833 quadrum
313 2799 431 2825 cxtcrius
446 2799 580 2826 incolctur
596 2804 623 2826 ct
644 2793 781 2827 ilcalbctut-
797 2801 876 2834 bene,
889 2807 914 2828 et

166 2844 192 2871 iii
210 2843 278 2870 faeie
295 2842 403 2878 majori,
419 2843 542 2872 videlicet
558 2845 773 2880 St'plCllll‘iUllilii,
796 2854 853 2880 qua;
872 2851 912 2874 Cal

529 115 578 146 DE
599 115 690 147 ViTA
710 115 759 145 ET
779 114 904 146 REBUS
924 113 1058 144 GESTIS
1079 112 1340 143 BESSARIONIS

1678 119 1708 138 ως
1714 118 1748 138 ΧΞ

965 180 975 195 ε
998 173 1093 198 contra
1112 170 1209 202 altare,
1228 169 1387 203 depingatur
1413 168 1544 196 Dominus
1563 174 1652 197 noster
1668 169 1747 197 Jcsus

962 271 971 288 1

962 316 971 333 1

962 366 972 382 1

961 411 971 428 1

962 457 971 474 1

962 503 971 520 1

963 549 972 566 1

964 595 973 612 1

962 642 972 658 1

963 687 972 704 1

964 734 973 750 1

962 778 972 795 1

964 825 974 842 1

962 872 970 888 1

963 919 971 935 1

961 965 970 982 1

963 1012 973 1029 1

962 1059 971 1075 1

962 1104 972 1120 1

962 1151 971 1167 1

962 1197 971 1212 1

962 1243 971 1258 1

961 1289 970 1305 1

962 1336 971 1351 1

962 1380 970 1395 1

962 1427 970 1443 1

962 1473 970 1488 1

963 1519 972 1535 1

963 1565 972 1581 1

963 1610 971 1627 1

963 1657 971 1673 1

964 1701 973 1718 1

964 1749 972 1764 1

964 1794 973 1810 1

964 1841 973 1857 1

963 1888 972 1904 1

964 1935 972 1951 1

965 1981 974 1997 1

964 2027 973 2043 1

962 2072 972 2090 1

964 2120 973 2136 1

962 2167 971 2183 1

963 2213 971 2229 1

964 2258 973 2274 1

964 2305 973 2321 1

963 2352 973 2369 1

965 2397 974 2413 1

965 2443 973 2460 1

965 2536 974 2553 1

966 2581 974 2598 1

967 2627 975 2642 1

967 2671 976 2688 1

966 2714 975 2731 1

967 2762 975 2777 1

967 2808 975 2825 1

965 2855 974 2872 1

997 216 1097 244 sedens
1112 216 1139 243 iii
1152 217 1225 249 sede,
1245 217 1291 243 cui
1312 217 1447 244 assistant
1466 216 1497 243 Β.
1511 217 1602 251 Virgo,
1619 217 1647 243 S.
1660 217 1748 250 Ange—

996 261 1048 294 lus,
1061 260 1221 289 S.Joannes
1238 261 1360 296 Baptista
1377 266 1404 288 et
1425 262 1452 289 S.
1473 261 1603 297 Eugenia,
1617 266 1643 289 et
1659 262 1747 295 imago

996 315 1056 335 mea
1082 307 1222 343 geituﬂexa
1249 313 1311 335 ante
1340 308 1420 343 pedes
1435 307 1548 340 Christi,
1573 313 1599 335 et
1622 308 1672 335 sub
1705 315 1747 334 me

994 364 1070 383 artua
1085 364 1161 388 mea;
1177 357 1251 389 item,
1268 356 1328 384 istis
1347 356 1428 384 factis
1442 356 1501 384 volo
1520 360 1548 383 ut
1563 356 1708 390 adaptettir
1721 360 1747 382 et

995 402 1154 437 suppleatur
1169 402 1191 429 si
1209 401 1275 437 quid
1285 402 1376 430 deficit
1392 402 1418 429 iti
1433 403 1588 436 pavimento
1601 402 1672 429 inter
1682 410 1748 430 cati-

994 449 1093 482 cellos;
1122 448 1187 476 item
1203 453 1338 483 ponantur
1357 449 1383 476 in
1401 449 1520 476 cancello
1531 449 1682 483 columpnae
1707 447 1747 474 al-

995 494 1089 527 tiores,
1103 495 1272 529 pulchriores
1285 499 1313 522 et
1326 495 1455 530 aequales,
1466 499 1493 523 et
1508 496 1582 523 trabs
1597 502 1746 522 marmorea

995 540 1109 574 pulchra
1133 548 1216 575 super
1233 541 1403 575 columpnis,
1428 541 1491 568 item
1509 545 1653 575 parapecta
1675 548 1747 566 mar-

997 593 1088 614 morea
1112 591 1246 613 ornentur
1263 586 1343 621 138
1363 586 1477 620 melius;
1508 586 1603 613 deinde
1629 586 1744 620 spatium

996 639 1108 659 vacuum
1136 632 1207 659 inter
1233 636 1377 667 parapecta
1405 637 1432 660 et
1453 633 1556 660 trabem
1579 632 1745 665 superiorem

996 679 1139 706 claudatur
1153 679 1272 707 cratibus
1289 679 1386 707 ferreis
1401 687 1460 714 quae
1482 679 1508 706 iii
1529 679 1685 707 summitate
1700 679 1747 705 lia-

997 725 1078 752 beant
1094 725 1168 758 folia,
1186 725 1256 753 sicut
1279 725 1367 752 solent
1387 725 1456 758 fieri,
1473 729 1500 752 et
1522 725 1601 752 sicuti
1620 725 1645 752 in
1666 725 1743 752 altari

996 769 1024 796 S.
1038 769 1199 804 Tctri,quaa
1223 770 1357 805 attingant
1373 771 1476 798 trabem
1497 771 1661 805 superiorem
1674 789 1681 801 .
1707 770 1742 796 ita

999 821 1028 843 tit
1041 817 1132 844 nullus
1144 817 1229 850 possit
1255 816 1309 844 illic
1341 816 1453 843 intrare.
1481 815 1541 842 Fiat
1567 816 1647 842 etiam
1669 822 1744 849 porta

993 863 1078 891 ferrea
1099 863 1213 898 pulchra
1229 871 1292 890 cum
1314 864 1384 890 bona
1402 868 1536 891 serattira.
1559 861 1645 896 Supra
1656 867 1744 888 autem

998 910 1100 937 trabem
1126 917 1305 937 marmoream
1317 909 1443 944 ﬁgantur
1463 908 1624 936 candelabra
1643 916 1688 935 sex
1712 909 1744 935 de

996 955 1068 983 ferto
1086 956 1208 990 pulchro,
1229 961 1307 991 prout
1335 956 1361 983 iii
1386 956 1486 990 Capella
1511 956 1602 990 palatii
1620 963 1668 989 pro
1691 960 1744 982 tor-

997 1004 1078 1030 ticiis.
1097 1003 1160 1031 Item
1186 1004 1212 1031 iii
1229 1004 1307 1030 altari
1331 1004 1358 1031 iit
1375 1004 1473 1038 angulo
1489 1004 1591 1031 dextra:
1604 1004 1688 1038 partis
1703 1003 1743 1029 itt-

995 1052 1092 1078 traudo
1108 1058 1190 1086 prope
1211 1051 1345 1078 cancellos
1370 1051 1415 1078 fiat
1439 1051 1592 1085 sepulcrum
1612 1056 1698 1075 ttictttii
1717 1049 1743 1075 iti

996 1095 1068 1123 ltunc
1096 1097 1217 1123 modum.
1242 1097 1370 1124 Fodiaiur
1395 1096 1421 1123 in
1450 1096 1557 1130 longum
1587 1100 1614 1122 et
1642 1095 1744 1129 largum

995 1146 1126 1176 quantum
1144 1142 1259 1169 sufliciat
1280 1142 1311 1168 ad
1333 1141 1544 1175 profunditatem
1559 1146 1620 1167 octo
1636 1141 1744 1173 pedum,

993 1193 1020 1214 et
1041 1194 1181 1214 titureiitur
1201 1196 1295 1215 omnes
1311 1192 1428 1222 qualttor
1444 1189 1569 1221 parietes,
1589 1187 1688 1214 salario
1703 1187 1745 1211 (ii-

997 1234 1079 1260 tttisso
1093 1235 1152 1261 sine
1170 1242 1254 1267 muto,
1270 1235 1335 1261 etin
1360 1235 1500 1261 altitudine
1516 1234 1628 1260 duorum
1649 1233 1744 1267 pedum

997 1281 1092 1314 ligatur
1108 1281 1178 1307 inter
1202 1289 1318 1311 murum,
1335 1281 1398 1307 dum
1424 1281 1453 1307 fit
1469 1287 1573 1311 murus,
1593 1287 1645 1306 uua
1662 1279 1746 1309 crati-

995 1326 1056 1353 cula
1085 1326 1183 1358 ferrea,
1200 1326 1245 1353 tibi
1267 1326 1368 1360 jaecbit
1391 1328 1516 1353 cadaver.
1537 1325 1638 1352 Deinde
1663 1333 1745 1359 supra

994 1371 1151 1398 craticulam
1167 1371 1199 1398 ad
1214 1372 1279 1398 duos
1294 1371 1374 1405 pedes
1387 1379 1480 1398 murus
1497 1371 1592 1400 haheat
1613 1371 1746 1397 iiieastrat-

997 1424 1082 1444 turam
1095 1417 1282 1450 circumcirca,
1300 1423 1328 1444 ut
1341 1422 1538 1452 superponatur
1553 1425 1633 1451 supra
1647 1423 1745 1450 corpus
1767 1414 1770 1417 λ

996 1472 1048 1490 titia
1069 1464 1157 1490 tabula
1184 1471 1347 1490 titartttorea.
1377 1462 1478 1490 Deinde
1504 1463 1536 1489 ad
1563 1463 1743 1496 mqualiiatein

996 1509 1142 1543 parititetiii
1159 1509 1265 1544 Capellae
1279 1509 1331 1536 alia
1346 1509 1434 1535 laiuila
1457 1516 1618 1541 ttiartitorca,
1637 1517 1696 1543 quze
1713 1516 1745 1534 cx

996 1563 1067 1582 ttutie
1083 1556 1165 1590 pOSsit
1180 1556 1267 1589 parari
1282 1561 1307 1581 ct
1327 1555 1389 1588 poni
1411 1555 1454 1581 tali
1479 1555 1556 1582 modo
1572 1556 1642 1590 quod
1661 1555 1746 1588 possit

994 1601 1099 1628 extrahi
1120 1607 1147 1629 et
1164 1602 1245 1636 |)Jlli;
1276 1606 1335 1635 post
1358 1602 1414 1628 hinc
1443 1609 1523 1636 super
1540 1602 1610 1628 illam
1629 1601 1745 1627 tabulam

997 1655 1030 1674 ex
1048 1648 1135 1675 tribus
1154 1648 1286 1681 pattibus,
1302 1656 1363 1674 tiam
1380 1653 1474 1682 qtiarta
1493 1648 1544 1675 crit
1556 1655 1648 1674 murus
1662 1648 1747 1673 trihtt-

999 1693 1078 1725 nalis,
1093 1694 1231 1728 et'Fgautur
1248 1700 1470 1721 trcsniartnorcm
1486 1693 1580 1720 tabulae
1596 1693 1745 1720 altitudinis

995 1739 1113 1774 quinque
1131 1741 1290 1773 palmarum,
1303 1746 1330 1766 el
1342 1748 1422 1774 supra
1436 1748 1481 1766 eas
1498 1744 1673 1774 ponaturutta
1686 1740 1730 1773 pttl
1740 1754 1746 1758 -

998 1786 1062 1813 citra
1077 1794 1229 1813 ttiartiiorca
1250 1787 1348 1813 tabula.
1366 1787 1393 1813 lu
1411 1786 1470 1813 istis
1494 1791 1582 1812 autem
1605 1785 1689 1811 ttibus
1705 1790 1746 1811 la-

998 1833 1066 1859 bulis
1081 1833 1181 1859 eiectis
1196 1833 1241 1858 liat
1254 1833 1351 1866 aliquis
1362 1839 1485 1863 ornatus,
1499 1832 1525 1858 itt
1539 1840 1652 1864 t]tl:l:u1ll
1668 1836 1744 1857 ante-

997 1879 1058 1905 riori
1077 1878 1233 1905 sotibaiilur
1248 1878 1288 1904 hac
1303 1879 1399 1905 littera!
1417 1885 1425 1904 :
1443 1877 1592 1907 Bessarion,
1612 1877 1745 1910 (’pisrapuS

998 1924 1175 1956 Tusculanus,
1191 1924 1220 1951 S.
1238 1923 1362 1949 Romana:
1377 1922 1505 1949 Ecclesia:
1521 1923 1666 1948 cardiualis
1677 1943 1683 1953 ,
1698 1931 1745 1956 pu-

998 1972 1112 1998 lt‘iurclm
1134 1969 1456 2003 Constantinopolitantis,
1482 1968 1532 1995 sibi
1551 1969 1636 1994 vitam:
1657 1970 1745 2002 posuit

998 2025 1066 2044 anno
1087 2017 1192 2049 salutis,
1219 2021 1284 2048 etc.,
1311 2023 1372 2041 eum
1399 2015 1588 2049 designatione
1614 2022 1745 2041 annorum

998 2063 1103 2090 Domini
1121 2068 1183 2089 tunc
1196 2061 1407 2088 oecurretttiuttt.
1419 2059 1475 2087 Hoc
1486 2066 1575 2088 autem
1591 2061 1630 2088 sic
1649 2060 1746 2087 factum

997 2110 1138 2136 aedilicium
1155 2109 1208 2135 erit
1229 2108 1377 2139 crcdcntia.
1390 2108 1411 2134 si
1428 2107 1536 2141 quando
1556 2108 1675 2141 pontifex
1699 2108 1746 2133 ali-

993 2157 1053 2191 quis
1070 2157 1094 2182 in
1109 2155 1208 2189 capella
1220 2155 1410 2188 celebraverit;
1424 2159 1449 2180 ei.
1465 2154 1523 2181 ideo
1537 2160 1651 2188 ponatur
1664 2162 1744 2188 snpe-

997 2203 1051 2230 i'ius
1069 2210 1120 2229 una
1139 2202 1250 2236 pulchra
1264 2200 1353 2227 tabula
1376 2208 1538 2227 marmorea.
1567 2201 1630 2227 ltctti
1644 2201 1704 2226 volo
1718 2206 1745 2226 ttt

996 2254 1057 2284 post
1077 2249 1134 2275 hsce
1146 2248 1279 2280 completa
1300 2247 1441 2281 adaptctur
1460 2251 1544 2274 totum
1563 2246 1744 2281 pavimentum

998 2296 1095 2330 quadri
1111 2294 1266 2326 extcrimis,
1289 2295 1329 2320 vel
1350 2293 1540 2326 inartttorihus,
1557 2293 1579 2320 si
1607 2293 1745 2327 reperian-

1001 2349 1052 2374 tur,
1066 2342 1107 2369 \'el
1125 2341 1277 2368 matottibus
1292 2341 1377 2375 magis
1395 2341 1506 2375 quadris
1520 2340 1668 2368 sccuudunt
1691 2340 1745 2367 for-

998 2395 1068 2413 iitaui
1085 2386 1258 2420 atttiquni'utii
1281 2386 1431 2417 matouutti,
1459 2385 1499 2412 rei
1526 2385 1614 2418 aliqua
1636 2385 1746 2411 materia

998 2434 1189 2465 cotivettieitti;
1208 2437 1235 2459 et
1252 2432 1376 2459 similiter
1395 2432 1476 2458 etiam
1493 2431 1636 2466 pulpitum.

1000 2489 1009 2505 ‹
1028 2479 1094 2506 ltettt
1114 2478 1173 2504 Volo
1186 2483 1214 2504 ut
1231 2478 1328 2504 donius
1344 2484 1402 2510 qua:
1421 2481 1479 2503 erat
1504 2477 1638 2509 qttoitdatii
1655 2475 1746 2502 Basilii

998 2526 1030 2552 de
1050 2523 1232 2559 Episcopiuis,
1256 2523 1378 2550 scutii'eri
1406 2527 1434 2549 et
1452 2522 1594 2549 familiaris
1616 2522 1676 2552 uici.
1696 2522 1746 2549 sita

999 2571 1090 2598 Ruina:
1105 2571 1130 2597 iii
1148 2570 1255 2605 regione
1267 2569 1434 2602 (ioluuipiuc,
1454 2576 1514 2596 cum
1532 2569 1658 2595 omnibus
1673 2569 1747 2602 adja-

999 2616 1096 2644 centiis
1112 2615 1169 2643 suis
1193 2620 1221 2642 ct
1236 2614 1424 2649 pertitteutiis,
1439 2614 1572 2641 retttlatnr
1599 2614 1657 2648 plus
1681 2614 1747 2641 oll'e-

1001 2663 1080 2694 renti,
1096 2667 1123 2689 et
1142 2669 1174 2689 ex
1196 2662 1298 2688 eisdem
1326 2661 1446 2695 pecuniis
1464 2667 1590 2687 emuntur
1611 2669 1660 2694 pro
1687 2661 1749 2688 dote

999 2706 1119 2740 t-justlctu
1136 2705 1246 2739 capella:
1266 2706 1292 2731 iti
1310 2705 1377 2732 locis
1390 2705 1467 2732 bonis
1479 2709 1505 2732 ct
1521 2705 1614 2733 liberis
1632 2714 1663 2732 ac
1679 2706 1749 2732 utili-

1001 2752 1051 2778 bus
1070 2752 1261 2785 rcspoasioncs
1278 2751 1331 2778 vini
1353 2752 1501 2778 secundum
1524 2753 1746 2779 consuetudinem

1002 2805 1060 2832 qua:
1078 2798 1135 2825 fieri
1151 2798 1219 2825 solet
1234 2798 1337 2824 lioniai.
1353 2797 1477 2826 Concedo
1492 2804 1580 2825 autem
1599 2799 1747 2832 plcnariatit

1000 2844 1158 2873 facultatem
1179 2848 1205 2872 et
1228 2843 1340 2872 liberam
1367 2844 1497 2873 vendendi
1514 2845 1621 2872 demum
1639 2846 1749 2874 ινιϊκώε-
