1912 3054
138 113 230 136 ιιυειιι

136 177 148 194 ι
177 174 234 195 tam
265 168 380 204 praefato
404 170 434 197 ι).
462 171 584 198 Simeoui
605 171 640 199 de
665 172 785 203 Prilinis,
815 172 935 198 auditori

139 224 151 240 ι
178 220 275 243 nostro
288 220 315 243 et
325 217 491 244 subdiacono
509 218 669 252 apostolico,
683 218 769 245 solum
789 223 816 245 et
830 218 855 244 in
873 218 938 245 soli-

141 270 152 287 ι
180 261 256 293 dum,
274 262 320 296 qui
345 263 462 298 deponat
487 264 616 299 pecunias
641 264 782 299 praedirtas
802 264 827 289 in
852 264 939 290 ham-o

140 315 152 333 ι
181 307 273 342 aliquo
290 309 370 344 139
382 317 477 336 securo
491 310 534 336 ubi
553 311 761 342 custodiantur,
777 317 826 336 nec
841 309 939 342 aliquis

145 362 155 379 ι
183 361 232 381 eas
249 359 339 389 tangat
356 356 442 383 donec
454 362 578 382 eruantur
588 356 779 390 responsiones
793 355 938 390 praedicta},

142 409 152 425 ι
179 401 252 427 sicut
268 401 461 435 praediximus;
486 402 554 429 bene
570 407 597 429 et
613 401 758 436 diligenter
772 402 895 428 attendat
912 406 941 428 ut

142 455 151 471 ι
181 447 372 480 responsiones
385 447 439 474 sint
455 448 530 474 bonan
543 453 570 474 et
588 455 689 475 secura:
701 452 728 475 et
744 448 770 474 in
785 448 874 481 bouis,
891 456 937 475 se-

142 501 152 517 ι
182 493 256 519 curis
267 497 348 528 atque
364 494 429 520 tutis
444 494 593 520 consistant
611 494 704 520 locis.)

183 538 250 571 Quae
264 539 355 566 omnia
371 545 398 566 et
418 540 523 574 singula
546 540 672 574 praefatus
689 540 773 567 Rmus
791 540 821 567 D.
841 539 938 566 Bessa-

143 585 223 618 rion,
239 586 391 620 episcopus,
413 585 575 617 eardinalis,
603 586 756 619 patriarcha
776 589 802 612 et
826 585 939 619 legatus,

143 633 275 660 Omnibus
287 633 445 660 melioribus
455 633 544 665 modo,
558 633 611 666 via,
621 633 693 667 jure,
704 641 785 661 causa
801 638 827 659 et
840 634 939 664 forma,

142 678 251 712 quibus
274 679 371 706 melius
385 683 412 705 et
429 677 566 706 efficacius
592 679 677 712 potuit
694 682 720 705 et
734 678 838 709 debuit,
866 678 942 710 fecit,

145 725 301 756 ordinavit,
328 725 456 756 instituit,
484 729 513 751 et
535 724 638 751 dimisit
668 725 770 756 volens,
795 724 941 758 prmmissis

144 771 276 797 omnibus
293 775 320 797 et
339 770 464 805 singulis,
481 778 551 796 rtuue
570 776 597 797 et
612 770 640 796 in
663 776 823 804 perpetuum
843 773 897 796 tam
911 770 938 796 in

146 816 250 850 judicio
267 824 347 850 quam
362 821 436 843 extra
463 820 490 842 et
507 817 606 850 ubique
624 817 744 843 locorum
761 815 838 842 fidem
861 815 942 842 imitr-

148 860 224 887 biam
251 861 385 887 adhiberi.
400 860 486 894 Super
511 862 608 895 quibus
624 862 751 889 omnibus
774 866 801 888 et
829 862 941 895 singulis

148 907 224 934 idem
245 906 328 933 limus
341 907 371 934 D.
387 907 529 934 Bessarion
550 907 600 934 s'bi
616 914 629 933 a
648 915 692 933 me
713 909 818 934 notario
836 908 943 941 publico

151 953 329 986 infraseripto
357 961 448 984 unum.
484 953 525 979 vel
554 953 641 987 plura,
670 953 804 986 publicum
822 961 869 980 seu
894 962 944 988 pu-

151 999 226 1026 blica
242 998 299 1025 fieri
314 1003 341 1025 et.
352 999 447 1026 confici
469 998 551 1026 voluit
577 999 787 1026 instrumentum
801 1004 828 1026 ct
843 1000 942 1026 instru-

150 1049 256 1072 meum.

190 1094 256 1120 Acta
274 1093 420 1119 fueruntet
438 1097 502 1119 sunt
517 1091 574 1119 hinc
594 1090 711 1118 Venetiis
733 1092 758 1118 in
776 1092 944 1119 monasterio

151 1138 182 1166 S.
197 1137 306 1172 Georgii
321 1138 441 1171 Maioris,
454 1139 504 1165 sub
520 1145 600 1170 anno,
615 1137 771 1170 indictione,
786 1140 838 1171 die,
851 1146 945 1166 messe

152 1190 182 1213 et
191 1185 348 1219 pontificatu
362 1185 460 1221 quibus
475 1192 567 1219 supra,
577 1185 864 1218 praesentibusibidem
878 1185 900 1211 it
912 1193 946 1212 uo

153 1232 183 1259 in
202 1231 312 1258 Christo
327 1230 408 1258 Patre
426 1231 525 1263 etDnu
552 1230 671 1265 Nieolao,
691 1232 737 1258 Dei
751 1236 777 1258 ct
790 1231 947 1266 apostolicae

155 1278 228 1305 sedis
242 1275 328 1312 gratia
342 1278 553 1311 archiepiscopo
568 1277 721 1312 Sipontino,
733 1286 765 1304 ac
783 1278 948 1305 venerabili-

157 1324 208 1351 bus
228 1324 292 1350 viris
311 1324 377 1350 Dnis
393 1323 512 1359 Eugenio
527 1324 699 1356 Mauroceno,
711 1326 884 1362 decretorum
898 1325 947 1351 do-

157 1375 243 1403 ctore,
261 1378 293 1397 ae
317 1370 445 1398 Mattiaco
461 1371 493 1397 de
508 1370 621 1404 Narnia,
639 1371 758 1405 praefatis
782 1371 949 1407 presbyteris

158 1417 305 1452 capt-bands
320 1417 424 1451 praefati
439 1417 500 1444 [lini
514 1417 544 1444 D.
559 1417 740 1451 Dessarionis,
753 1418 871 1452 episoopi
886 1426 947 1445 ear-

160 1463 270 1497 diualis,
280 1464 394 1491 testibus
404 1464 435 1490 ad
450 1464 592 1498 praemissa
603 1464 707 1491 vocatis
721 1465 861 1499 speciatim
871 1469 951 1499 atque

161 1510 272 1545 rogatis.

197 1557 231 1584 Et
246 1565 296 1592 ego
308 1557 427 1585 Joannes
448 1557 481 1584 de
503 1556 663 1590 ileesboem,
685 1556 801 1584 clericus
823 1556 951 1584 Camera-

161 1603 250 1631 censis
265 1604 403 1635 (timet-sis,
427 1604 549 1637 publicus
564 1611 642 1630 saera
666 1603 771 1637 imperii
790 1603 953 1630 auctoritate

164 1649 295 1681 notarius,
314 1650 376 1683 quia
396 1648 544 1682 praemissis
570 1648 747 1680 ordiuationi,
767 1648 951 1683 dispositioni,

165 1695 340 1728 inS'ituiioni,
363 1695 504 1721 donationi
527 1701 554 1721 et
573 1695 781 1727 dimissioni,ac
811 1695 952 1728 voluntati,

163 1741 344 1775 omnibusque
357 1741 426 1771 aliis,
443 1747 524 1774 prout
550 1741 575 1766 in
592 1740 673 1767 dictis
692 1740 817 1774 capitulis
831 1741 954 1767 contine-

165 1793 218 1819 tur,
248 1792 273 1814 et
289 1787 415 1822 singulis,
432 1787 496 1813 dum
513 1788 552 1814 sic
569 1793 597 1813 ut
615 1788 799 1821 prmmittitur,
824 1796 872 1822 per
887 1795 954 1821 pric-

165 1837 249 1862 fatum
267 1835 362 1861 iturum
388 1834 419 1860 υ.
437 1834 625 1861 Bessarionem
653 1834 810 1868 episcopum
826 1835 952 1862 cardina-

168 1882 230 1914 lem,
248 1881 428 1915 patriareham
453 1885 480 1907 et
507 1880 624 1913 legatum
643 1880 736 1906 fierent
752 1886 779 1906 et
797 1888 954 1916 agereniur,

165 1937 217 1955 una
237 1935 296 1955 eum
323 1929 525 1962 prmnomiuatis
546 1929 660 1956 testibus
679 1937 799 1964 prmsens
820 1931 928 1958 interfui
945 1951 952 1964 ,

164 1983 249 2010 eaque
266 1976 306 2003 sic
318 1976 374 2002 fieri
389 1976 440 2002 vidi
455 1980 479 2002 et
495 1976 597 2008 amiivi,
617 1976 676 2002 ideo
703 1976 754 2003 hoc
770 1985 890 2011 praesens
906 1986 955 2011 pn-

167 2023 266 2049 blirum
291 2022 501 2048 instrumentum
526 2022 624 2048 exinde
646 2022 748 2049 confeci
766 2028 792 2050 et
822 2024 847 2050 in
865 2029 954 2051 notam

166 2069 274 2104 Scripsi,
294 2069 457 2103 subscripsi,
474 2069 626 2103 publicavi,
640 2073 667 2096 et
681 2071 707 2096 in
725 2069 795 2096 hanc
822 2069 954 2104 publicam

168 2117 281 2144 fortnam
298 2117 400 2152 redegi,
417 2118 548 2151 signoque
563 2120 590 2143 et
616 2116 727 2143 neruine
744 2117 811 2144 lueis
827 2118 912 2144 solitis
928 2122 955 2144 ct.

168 2164 305 2190 consuetis
320 2163 438 2198 signari.
449 2162 476 2189 In
491 2162 568 2189 [idem
588 2167 614 2189 et
631 2160 817 2189 testimonium
836 2163 956 2189 omnium

168 2209 373 2244 etsingnlorum
391 2209 592 2244 pramrissorum
618 2214 726 2243 rogatus
754 2213 782 2235 et
811 2209 956 2242 requisitos

167 2263 217 2288 ego
236 2256 305 2282 idem
327 2256 458 2286 noxarins,
478 2255 523 2289 qui
542 2255 660 2288 approbo
688 2262 768 2288 supra
797 2260 823 2281 et
850 2260 958 2282 constat

171 2302 234 2328 mihi
250 2302 282 2328 de
303 2302 392 2328 verbis
409 2302 479 2328 rasis
500 2301 525 2328 in
543 2301 635 2328 uitium
651 2301 722 2327 linea
745 2300 832 2327 ultimi
846 2301 958 2336 capituli

170 2348 331 2382 prmiuserti,
362 2347 475 2378 scilicet,
497 2347 555 2379 sed,
578 2351 604 2373 ut
631 2347 815 2381 praediximus,
836 2347 904 2374 bene
932 2353 959 2374 et

170 2395 315 2429 diligenter
331 2395 455 2421 attendat.
471 2398 500 2420 ut
513 2393 701 2427 responsiones
717 2393 771 2419 sint
785 2393 861 2420 bonze
873 2398 900 2419 et
915 2402 959 2420 se.

171 2449 254 2473 cura:,
267 2445 295 2467 et
309 2441 334 2466 in
350 2440 439 2472 bonis,
455 2440 558 2467 securis
581 2446 612 2465 ac
629 2438 695 2465 tutis
714 2438 780 2466 locis
795 2441 960 2472 consistant,

172 2487 397 2521 quod-protestor
413 2494 492 2512 litanti
511 2485 620 2519 propria
636 2493 684 2519 ego
700 2485 770 2512 idem
784 2484 905 2512 Joannes
927 2486 960 2512 de

172 2533 331 2565 lieesboem,
347 2531 463 2560 clericus
482 2536 509 2559 et
527 2531 658 2558 notarius.

493 2599 573 2635 14o
586 2599 640 2627 vni

174 2649 338 2677 Btssariouis
353 2648 481 2682 diploma,
498 2648 593 2674 irouice
609 2647 641 2673 ab
659 2652 694 2674 eo
705 2647 842 2681 scripm-m,
856 2647 882 2673 iu
898 2655 962 2682 gra-

209 2686 272 2711 tiam
289 2684 413 2716 poetaslri
430 2682 507 2708 Pauli
525 2683 556 2708 de
574 2682 776 2715 Godiis,quiub
793 2692 821 2708 ιό
838 2683 961 2709 cori/nari

209 2720 338 2746 voluerat.
370 2718 410 2745 Ea:
429 2718 514 2744 codice
537 2717 661 2744 Vaticano
690 2717 817 2744 Urbiuute
846 2727 874 2745 η.
898 2719 961 2750 092,

211 2757 368 2785 membrum,
386 2753 464 2784 iri-4',
478 2761 504 2787 p.
527 2754 574 2780 187
589 2761 644 2787 sqq.

212 2812 240 2838 in
257 2812 376 2844 nomine,
396 2816 449 2837 rte.
464 2810 516 2837 Nos
531 2810 685 2844 Bessarion,
711 2811 754 2838 D_i
769 2816 795 2837 et
808 2811 963 2845 apostolica:

178 2858 249 2887 sedis
264 2858 353 2894 gratia,
361 2857 505 2893 episcopus
520 2857 688 2886 Tusculanus
701 2867 731 2885 an:
753 2857 899 2886 eardiualis
916 2856 958 2884 Ni-

476 111 629 143 ALOYSII
651 112 827 142 BANDINU
849 114 1169 145 COMMENTARIUS.
1190 127 1225 133 -—
1239 114 1442 147 APPENDIX.

1373 56 1376 70 l

1689 121 1785 142 LXXXI!

992 181 1096 206 eamus,
1113 174 1248 200 universis
1272 179 1299 201 et
1313 174 1425 208 singulis
1442 173 1666 201 Chiistiﬁdelibns
1680 178 1706 202 et
1720 175 1783 202 aliis

990 220 1197 255 quilmseuuque
1218 220 1251 246 ad
1270 227 1339 254 quos
1359 223 1504 254 prxsentes
1522 221 1691 253 advenerim,
1709 221 1782 249 salu-

991 271 1044 293 tem
1061 266 1087 292 in
1104 266 1228 293 Domino.

1030 309 1064 337 Ut.
1080 311 1182 338 clarius
1204 312 1356 338 innotescat
1372 311 1490 345 qualiter
1513 311 1545 339 ad
1568 315 1686 338 nostrain
1713 312 1781 338 notis

991 357 1055 384 tiam
1074 358 1194 391 pervenit
1206 365 1238 384 ex
1256 358 1307 384 tide
1326 358 1412 392 dignis
1426 358 1572 392 priVilegiis
1585 358 1660 385 nobis
1673 358 1779 389 dolatis;

990 403 1060 436 quod
1076 403 1195 430 eximius
1207 403 1305 430 artium
1320 403 1462 430 medicina!
1475 403 1644 436 aliarumque
1660 402 1780 428 onmium

991 448 1141 474 liberalium
1152 448 1250 474 artimn
1263 448 1358 474 doctor
1369 447 1399 475 D.
1410 447 1539 481 magister
1549 446 1647 472 Paulus
1659 445 1779 471 Joannes

991 495 1023 522 de
1037 494 1139 527 Godiis,
1152 494 1333 529 Pergulanus,
1349 494 1383 521 ob
1398 494 1458 528 ejus
1475 493 1605 528 plurimas
1620 496 1647 518 et
1664 492 1779 517 immen-

991 549 1036 568 sas
1050 542 1162 568 virtutes
1174 549 1188 567 a
1203 541 1340 568 nonnullis
1354 540 1519 575 principibus
1535 543 1562 566 et
1579 537 1782 565 marebionibus

990 591 1107 622 quatuor
1124 587 1261 614 laureatas
1275 595 1307 614 ac
1325 594 1423 614 aureas
1449 593 1564 614 coronas
1583 585 1608 612 in
1630 585 1716 619 capite
1733 591 1784 610 suo

991 633 1071 667 digne
1085 639 1166 667 atque
1180 633 1339 668 dignissime
1363 633 1521 668 acquisivit,
1541 637 1567 660 et
1590 632 1654 658 visis
1668 631 1785 666 publicis

991 680 1027 706 di~
1036 679 1221 713 putationibus
1230 687 1321 707 coram
1333 679 1412 707 nobis
1424 680 1527 714 sparsis
1538 686 1599 706 cum
1616 677 1784 712 argumentis

991 725 1210 759 sophismaticis,
1234 726 1470 761 pbilosophaudo,
1501 725 1672 756 nmsieando,
1700 724 1785 758 tripu-

992 771 1092 798 diando
1107 778 1169 798 eum
1185 772 1274 805 puutis
1292 772 1389 806 pedum
1407 771 1557 798 novissimo
1573 770 1625 797 ritu
1642 778 1704 797 cum
1724 777 1782 796 ma-
1815 760 1818 768 ’

994 815 1066 842 xima
1083 816 1263 844 delectatione
1288 816 1541 849 circumstantium,
1569 815 1672 850 Spiritu
1694 815 1786 842 divino

994 863 1132 893 coinmoti,
1145 868 1172 889 ut
1190 863 1259 889 idem
1277 863 1350 889 dom.
1370 867 1395 889 et
1413 863 1543 897 magister
1558 862 1716 895 prmlibatus
1728 861 1786 894 glu-

997 909 1059 935 riari
1074 909 1166 936 valeat
1190 909 1354 936 abundantia
1375 908 1546 943 dignitatum,
1573 908 1696 934 manibus
1720 914 1786 940 pro-

997 956 1072 990 priis.
1091 955 1254 982 auctoritate
1267 963 1320 989 qua
1338 955 1475 988 fungimur
1487 975 1494 986 ,
1509 955 1597 988 ipsum
1618 953 1788 980 decrevimus

996 1002 1128 1029 laureare.
1157 1002 1188 1028 Et
1204 1001 1285 1028 veluti
1315 1001 1359 1028 ille
1385 1005 1462 1035 pater
1483 1001 1611 1034 antiquus
1638 999 1744 1034 Moyses
1771 1006 1785 1024 a

995 1048 1126 1076 Creatore
1143 1053 1237 1076 nostro
1255 1048 1279 1074 in
1299 1048 1354 1076 alto
1379 1053 1469 1075 monte
1491 1047 1565 1074 Sinai
1582 1047 1665 1081 legem
1684 1053 1788 1072 assume

996 1096 1060 1131 psit,
1080 1095 1115 1122 ita
1132 1100 1158 1121 et
1174 1103 1222 1122 nos
1238 1095 1262 1120 iu
1285 1093 1417 1120 altissimo
1439 1097 1530 1120 monte
1545 1093 1638 1120 italico
1659 1092 1788 1119 Catriano

997 1150 1057 1169 eum
1070 1140 1165 1168 cannis
1182 1145 1209 1167 et
1227 1140 1299 1167 foliis
1312 1139 1379 1166 lauri
1400 1140 1452 1166 nati
1474 1139 1501 1166 in
1515 1140 1671 1165 summitate
1690 1140 1789 1164 montis

998 1187 1069 1215 illius
1084 1188 1110 1213 in
1121 1186 1209 1221 capite
1219 1191 1244 1213 et
1257 1186 1289 1212 ad
1307 1186 1431 1219 templas,
1449 1193 1522 1212 more
1539 1190 1692 1220 poetarum,
1711 1193 1788 1211 cum-

998 1235 1058 1262 detu
1078 1234 1108 1260 ι).
1125 1239 1152 1261 et
1169 1234 1329 1268 magistrum
1352 1232 1463 1259 Paulum
1485 1238 1645 1266 pra-sentem
1664 1237 1691 1258 et
1714 1232 1790 1257 fluxis

999 1281 1114 1315 genibus
1141 1281 1261 1315 procliva
1297 1281 1441 1306 devotione
1484 1283 1638 1313 poscentem
1669 1278 1786 1312 legitimo

1001 1328 1193 1360 laureavimus,
1216 1326 1337 1354 volentes
1360 1325 1430 1352 utin
1456 1330 1596 1359 posterum
1627 1325 1791 1350 auctoritate

1000 1378 1094 1401 nostra
1121 1373 1209 1400 valeat.
1233 1379 1392 1407 perorantes
1409 1377 1500 1405 partes
1526 1370 1630 1396 Italicas
1658 1374 1685 1395 et
1713 1373 1790 1395 extra

1001 1419 1117 1452 Italiam,
1135 1421 1160 1446 in
1180 1419 1321 1450 Achaiam,
1333 1417 1505 1449 Corinthum,
1523 1417 1660 1448 Athenas,
1679 1416 1704 1442 iu
1719 1423 1791 1442 mare

1002 1466 1112 1500 Abydos
1125 1473 1210 1499 usque
1228 1464 1492 1498 Constantinopolim
1513 1469 1539 1490 ct
1560 1463 1627 1490 citra
1645 1470 1717 1489 mare
1737 1462 1793 1488 Ma-

1001 1521 1083 1548 gnum
1109 1512 1180 1546 quod
1210 1511 1352 1539 Ponticum
1381 1510 1501 1542 dicitur,
1541 1509 1719 1535 discurrendo
1746 1517 1793 1540 per

1003 1559 1110 1586 Latiam
1125 1558 1273 1592 regionem,
1293 1557 1477 1586 Antiochiam,
1495 1555 1646 1583 CII'SJI‘CIIm
1665 1555 1792 1588 Philippi,

1001 1606 1142 1637 Achaiam,
1157 1604 1338 1635 Palmstinam,
1357 1603 1455 1631 Laztam
1467 1602 1599 1634 Graecam,
1612 1601 1792 1631 Ascaloniam.

1004 1652 1147 1680 Feniceam
1172 1658 1198 1677 et
1221 1650 1373 1683 Albaniam,
1395 1657 1442 1684 per
1460 1648 1650 1676 Aleraniiriam
1664 1652 1690 1673 et
1708 1652 1792 1673 totum

1005 1705 1078 1725 mare
1096 1697 1324 1723 Mediterraneum
1348 1702 1434 1729 usque
1454 1695 1486 1720 ad
1509 1698 1626 1720 montem
1650 1694 1794 1720 Cathat‘or-

1005 1749 1071 1777 mct,
1095 1749 1121 1771 et
1145 1751 1192 1778 per
1207 1742 1294 1770 Siites
1321 1742 1449 1776 majores.
1467 1747 1491 1768 ct
1507 1745 1650 1775 portotum
1673 1741 1793 1766 Africam

1006 1799 1089 1826 atque
1107 1799 1154 1825 per
1167 1795 1250 1817 totam
1276 1789 1472 1823 Tripolitanam
1488 1789 1625 1823 regiom-m
1650 1794 1734 1820 usque
1761 1788 1795 1812 ad

1007 1839 1093 1865 Sirtes
1115 1836 1243 1868 minores,
1256 1839 1283 1862 et
1299 1842 1347 1869 per
1369 1839 1454 1860 totum
1475 1841 1586 1868 regnum
1600 1832 1795 1865 Carthaginem

1005 1884 1088 1914 sitim,
1108 1887 1136 1909 et
1154 1890 1201 1917 per
1216 1881 1339 1916 regiones
1355 1880 1514 1916 Bysantiuut
1531 1879 1667 1906 Numidia:
1681 1878 1797 1905 ethtu-

1008 1930 1105 1960 lorum,
1122 1933 1150 1954 et
1164 1928 1234 1954 ultra
1248 1927 1345 1953 lluinen
1357 1926 1507 1952 Nulcanum
1522 1925 1568 1959 qui
1579 1924 1662 1951 intrat
1673 1924 1698 1949 in
1710 1930 1794 1954 mare,

1006 1980 1033 2001 et
1050 1982 1096 2008 per
1116 1978 1199 1999 totam
1225 1972 1411 1999 Mauritaniam
1428 1970 1623 1998 Caesariensem
1640 1970 1796 1996 discurren-

1007 2022 1041 2049 do
1065 2030 1125 2048 cum
1153 2021 1262 2047 fortuna
1280 2028 1327 2054 per
1351 2024 1435 2046 totum
1461 2026 1535 2046 mare
1562 2018 1701 2045 Oceanum
1730 2018 1796 2043 inci-

1008 2068 1104 2101 piendo
1127 2067 1160 2092 ab
1175 2065 1323 2093 Occidente
1339 2073 1387 2099 per
1415 2065 1632 2098 Septentrionem
1657 2070 1743 2096 usque
1769 2062 1796 2088 in

1008 2113 1146 2140 Daicutem
1170 2112 1238 2139 ultra
1255 2111 1331 2147 141
1346 2110 1511 2145 Hispaniam,
1529 2109 1646 2137 Seotiam
1660 2129 1666 2140 ,
1692 2109 1798 2136 Britan-

1009 2160 1092 2191 niam,
1112 2157 1237 2189 Galliam,
1256 2157 1460 2188 Normandiam,
1478 2155 1643 2187 Flandriam,
1659 2162 1743 2190 usque
1762 2155 1796 2181 ad

1010 2207 1133 2234 Rhenum
1147 2204 1258 2236 liuiuen,
1279 2209 1306 2230 et
1330 2203 1399 2229 ultra
1415 2209 1499 2236 uSque
1513 2203 1545 2228 ad
1563 2206 1668 2228 montes
1695 2200 1797 2232 [iiIi-os,

1008 2259 1035 2280 et
1053 2256 1144 2286 postea
1161 2252 1185 2277 in
1209 2250 1319 2276 civitate
1334 2247 1478 2275 Jansbona:
1492 2252 1517 2274 et
1533 2255 1579 2282 per
1599 2252 1681 2273 totam
1695 2245 1797 2272 Barba-

1012 2300 1090 2330 riam,
1108 2302 1133 2324 et
1149 2304 1195 2332 per
1211 2295 1386 2323 thtunniam
1402 2294 1569 2333 superiorem
1589 2299 1613 2319 et
1631 2292 1797 2322 inferiorem,

1012 2344 1146 2374 Svctialn,
1167 2343 1289 2374 Daciam,
1307 2341 1413 2376 Syriam
1431 2346 1458 2366 et
1474 2347 1559 2373 usque
1575 2339 1674 2365 flumen
1699 2337 1800 2364 Tanais

1010 2399 1056 2425 qui
1075 2391 1159 2416 intrat
1183 2389 1209 2415 in
1234 2396 1309 2415 mare
1323 2388 1477 2418 Ponticum,
1502 2390 1529 2413 ct
1553 2386 1620 2412 ultra
1648 2384 1798 2410 Danubium

1011 2446 1058 2473 per
1077 2442 1160 2463 totam
1177 2435 1342 2470 Hnugariam
1358 2441 1444 2468 us‘quc
1460 2437 1492 2460 ad
1517 2432 1613 2459 l’aicos
1635 2436 1740 2457 montes
1759 2438 1800 2456 rc-

1014 2482 1180 2511 trocwlendo
1195 2482 1220 2509 in
1236 2481 1406 2508 Pannoniam
1423 2485 1450 2506 et
1476 2478 1660 2506 Macedoniam
1677 2481 1704 2503 et
1715 2476 1801 2502 'i'bra-

1011 2531 1093 2562 ciam,
1120 2535 1148 2556 et
1172 2537 1219 2564 per
1240 2536 1315 2555 mare
1343 2528 1465 2554 llubeum
1490 2532 1574 2559 usque
1602 2524 1634 2551 nd
1661 2523 1802 2550 columnas

1013 2576 1136 2605 Herculis
1154 2574 1349 2602 circumeundo
1364 2579 1460 2599 omnes
1484 2571 1550 2598 alias
1568 2571 1692 2605 regiones
1716 2577 1802 2603 usque

1014 2624 1046 2650 ad
1065 2622 1222 2648 l’aradisum
1235 2619 1412 2650 deliciarum;
1428 2623 1455 2644 et
1482 2625 1528 2652 per
1547 2617 1640 2644 Asiam
1657 2615 1802 2648 Minorem,

1013 2671 1078 2697 etin
1096 2669 1139 2696 illa
1160 2667 1329 2695 nobilissima
1355 2665 1464 2692 civitate
1490 2665 1587 2696 Assur,
1602 2667 1629 2690 et
1652 2671 1700 2698 per
1725 2662 1804 2690 Chai-

1014 2718 1098 2744 dteani
1122 2721 1149 2742 ei.
1171 2714 1346 2750 Babyloniam
1371 2717 1454 2739 totam
1475 2711 1651 2739 discurrendo
1669 2711 1695 2737 in
1715 2709 1806 2736 ﬂuuii—

1015 2762 1193 2796 tribusTiins
1209 2766 1236 2788 et
1247 2760 1403 2794 Euphratis,
1419 2767 1450 2786 ac
1464 2758 1592 2785 Arabiam
1602 2761 1628 2784 et
1644 2757 1804 2784 Damascum

1014 2814 1041 2836 ιι
1061 2817 1146 2842 usque
1157 2808 1190 2835 ad
1205 2813 1309 2834 montes
1326 2806 1420 2834 Libani
1436 2806 1470 2833 ad
1488 2804 1565 2839 cujus
1593 2804 1698 2831 radices
1716 2803 1806 2829 nasci-

1017 2862 1059 2882 tur
1073 2855 1217 2889 Iordanes,
1231 2859 1257 2882 et
1276 2854 1343 2883 ultra
1358 2853 1557 2889 Jardanempcr
1571 2852 1707 2887 regionem
1727 2851 1801 2879 vide-
