1912 3054
130 109 232 131 uuln
539 109 588 141 DE
603 110 691 141 VITA
713 110 761 142 ET
792 112 918 143 REBUS

127 160 191 188 licet
206 161 361 195 ldumteam,
378 162 564 197 Pltemieeant,
578 164 710 199 Judream,
722 166 872 196 Jerusalem
890 174 918 196 et

128 205 276 240 Bethleem,
305 212 331 236 et
351 209 513 241 generaliter
527 218 586 244 per,
602 215 686 239 totutn
706 216 733 240 et
762 214 918 242 universum

128 252 257 280 mundum
286 254 410 283 infandas
436 257 496 290 ejus
517 257 654 285 mirabiles
670 264 744 287 artes
769 259 917 295 legere.....

126 305 255 327 exercere
271 307 332 328 cum
347 301 433 329 libero
445 303 561 330 transitu
579 308 631 331 tant
645 306 701 339 ᾕρει·
713 313 810 340 aquam
837 315 917 342 quam

127 352 176 379 per
192 350 304 375 terram.
317 354 378 374 eum
395 347 522 375 omnibus
534 355 560 376 et
573 350 687 384 singulis
698 353 919 387 exceptionibus,

127 390 280 418 commodis
292 395 317 417 et
330 391 510 420 incommodis
528 394 561 420 ad
579 394 665 428 ipsum
681 397 779 423 merito
795 402 919 432 spectan-

129 434 201 462 tibus
215 439 242 462 et
256 435 458 470 pertinentibus
475 445 482 464 :
505 439 675 471 man-lentes,
699 445 833 474 quantum
857 449 920 476 pos—

128 488 235 513 sumus,
262 482 389 510 omnibus
415 482 514 518 linguis
537 485 753 519 supradictarum
779 487 919 522 regionum

128 530 155 554 et
172 526 290 555 locorum
309 531 337 555 ut
355 534 503 562 prtesentes
531 535 638 557 nostras
653 531 759 559 litteras
774 532 922 561 observent

128 573 284 607 iaciuntque
300 573 494 603 inviolabiliter
515 577 668 605 observari.

167 618 194 645 lu
208 626 323 653 quorum
338 617 430 654 fidem,
449 625 504 648 etc.

500 676 548 704 IX.

129 715 264 762 Posterior
280 721 737 762 cardiu._Bessarionfs_ttisp2sitio,
751 734 803 759 qua
822 726 921 762 funda-

164 756 261 794 tionent
276 763 306 781 ac
314 756 475 794 dntrttionem
489 759 579 794 sacelli
590 756 762 794 SfEugeniai
779 763 806 788 in
822 756 916 789 'metitts

164 791 286 829 mulavit.
310 791 524 829 rtprltqjutttpﬁ'
538 793 604 820 bona
625 791 709 822 eidem
735 797 867 829 attribuit,
890 805 920 824 ac

164 823 270 865 [ταις-εδ.
284 825 342 852 ard.
370 823 505 854 Minoruin
529 829 556 856 in
571 837 610 864 βα
631 835 756 865 perpetuo
772 823 921 859 sacellt'znas

163 864 292 887 instituit.
404 873 458 883 ει·

166 904 323 940 Bessarion,
341 908 518 937 miseratione
543 910 634 938 divina
655 912 797 947 episcopus
815 912 921 941 Tuscu-

129 950 218 984 lanus,
236 952 266 980 S.
285 952 317 980 R.
333 954 364 981 Ε,
382 955 529 983 eardinalis
545 961 571 984 et
589 957 743 992 patriarcha
762 959 921 987 Constanti-

131 998 315 1031 nopolitanus,
329 1000 464 1028 universis
480 1007 506 1028 ct
521 1002 648 1036 singulis,
668 1008 722 1030 tant
741 1005 921 1039 praesentibus

129 1051 213 1078 quant
240 1045 349 1078 futuris,
369 1048 416 1074 itas
443 1052 551 1076 nostras
581 1050 685 1078 litteras
704 1050 868 1086 inspectoris
894 1056 922 1079 et

129 1091 275 1124 audituris,
293 1092 407 1120 salutem
426 1093 450 1120 in
466 1094 523 1122 Duo
539 1095 743 1130 sempiternam.

165 1137 204 1164 Ad
233 1138 420 1167 universitatis
439 1145 535 1167 vestra:
562 1142 685 1169 notitiam
709 1142 868 1170 deducimus
894 1147 921 1170 et

131 1183 228 1211 deduci
250 1184 374 1213 volumus
397 1193 445 1220 per
459 1193 603 1220 praesentes
623 1196 629 1214 :
649 1188 720 1222 quod
738 1197 787 1216 ttos
811 1189 919 1223 quidem

131 1230 166 1257 de
195 1236 295 1258 nostra)
323 1236 350 1258 rt
368 1233 571 1267 progenitorum
594 1239 748 1262 nostrorum
768 1235 920 1262 animarum

131 1277 219 1304 salute
235 1278 400 1312 cogitantes,
427 1286 459 1306 ac
489 1279 596 1307 laudent
614 1286 642 1308 et
659 1281 773 1316 gloriam
794 1282 921 1317 omnipo-

132 1323 213 1349 tentis
231 1323 275 1350 Dei
292 1327 317 1351 ct
345 1323 396 1352 SS.
416 1325 555 1354 Michaelis
574 1327 732 1362 archangeli
758 1332 784 1356 et
810 1327 922 1356 Joannis

132 1367 258 1404 Baptistae
271 1374 297 1397 et
315 1369 344 1397 S.
363 1370 491 1406 Eugeniae
512 1373 580 1406 virg.
605 1378 631 1399 ct
646 1373 786 1407 martyris,
803 1381 853 1401 nec
868 1382 920 1401 non

130 1422 179 1447 pro
195 1415 278 1442 divini
294 1416 381 1444 cultus
397 1418 654 1454 augmento,'142
673 1419 844 1453 infrascripta
860 1428 922 1454 pro-

130 1465 223 1494 pterea
256 1461 344 1489 facere
358 1463 542 1496 designantes,
562 1464 607 1492 fel.
637 1467 742 1492 record.
766 1464 839 1492 Dnus
859 1465 923 1493 P.us

133 1513 200 1540 papa
216 1506 237 1532 ll
254 1507 285 1534 ad
302 1512 422 1535 nostram
436 1509 660 1543 supplicationem
676 1511 766 1544 nobis,
781 1512 826 1544 qui
851 1512 924 1538 basi-

133 1550 213 1578 licam
240 1551 287 1579 Xll
311 1552 503 1587 Apostolorum
525 1554 560 1582 de
584 1553 656 1582 Urbe
680 1555 707 1581 in
734 1557 921 1584 eommendam

134 1602 199 1625 tunc
208 1598 399 1627 obtinebamus
417 1605 496 1634 prout
511 1601 665 1630 obtinemus
683 1603 717 1629 de
728 1604 923 1638 pneseuti,pro

135 1644 220 1678 ipsius
243 1645 362 1673 basilicae
379 1646 476 1674 decore
487 1651 515 1674 et
536 1647 626 1675 cultus
643 1649 726 1683 praed.
743 1649 769 1676 in
796 1657 828 1676 ea
857 1657 924 1685 ang-

135 1694 228 1717 mento
237 1690 378 1726 soluteque
391 1692 554 1725 animarum.
565 1698 594 1720 ut
603 1694 734 1728 capellam
753 1695 779 1721 in
794 1695 865 1722 dicta
878 1695 924 1722 ba-

134 1735 209 1763 siliea
226 1737 318 1769 sitam,
334 1744 394 1771 qua:
407 1742 471 1765 tunc
493 1739 544 1766 sub
562 1740 732 1768 invocatione
747 1740 776 1768 S.
798 1741 925 1776 Engenitc

134 1783 266 1810 duntaxat
278 1785 415 1812 nominata
431 1789 460 1812 et
483 1785 604 1814 indotata
618 1791 689 1820 erat,
706 1794 739 1814 ac
754 1789 925 1822 reparatione

135 1830 284 1865 indigebat,
308 1831 342 1858 ad
353 1832 548 1866 omnipotentis
571 1832 618 1860 Dei
642 1832 748 1860 laudem
767 1839 795 1861 et
809 1835 924 1869 gloriam

135 1883 264 1910 reparare
277 1884 310 1904 ac
328 1879 378 1905 sub
398 1878 569 1906 invocatione
588 1880 721 1907 dictorum
743 1881 791 1908 SS.
807 1881 923 1909 Michae-

137 1923 171 1950 lis
195 1924 350 1958 arcltangeli
374 1927 402 1951 et
421 1923 534 1952 Joannis
555 1925 683 1960 Baptista:
706 1934 738 1953 ac
754 1927 783 1955 S.
799 1927 926 1962 Eugeniae

139 1971 286 2003 intitulare,
301 1979 351 1998 nec
363 1979 415 1999 non
432 1971 517 2003 libris,
538 1974 704 2005 paramcntis
719 1978 746 2000 et
759 1974 820 2001 aliis
834 1975 925 2002 eccle-

138 2017 256 2045 siasticis
274 2018 444 2045 ornamentis
461 2018 494 2045 ad
511 2019 633 2047 divinum
647 2020 748 2047 eultmtt
765 2022 926 2049 necessariis

139 2063 246 2096 fulcire,
258 2071 290 2091 ac
301 2065 518 2099 competentibus
535 2073 584 2100 pro
595 2073 649 2092 uno
658 2066 815 2100 presbytero
829 2067 925 2095 missas

138 2115 166 2137 et
183 2110 235 2137 alia
254 2111 344 2138 divina
357 2111 444 2138 ollicia
462 2112 644 2146 c'elebraturo,
654 2113 784 2141 reditibus
799 2115 832 2140 de
846 2113 925 2141 bouis

138 2158 242 2185 nostris
254 2158 335 2184 etiam
353 2166 399 2191 per
423 2158 571 2186 Ecelesiam
595 2161 738 2195 acquisitis
754 2161 848 2189 dotare
864 2170 924 2196 pos-

137 2211 240 2236 semus,
267 2204 401 2231 licentiam
425 2210 451 2232 et
481 2205 636 2233 facultatem
660 2214 707 2241 per
733 2214 796 2234 suas
821 2208 925 2235 litteras

138 2251 284 2282 concessit,
297 2257 328 2278 ac
353 2251 440 2286 ipsius
455 2252 564 2285 capella:
578 2253 622 2288 jus
643 2257 800 2287 patronatus
815 2259 842 2281 et
859 2263 926 2289 pra--

138 2299 263 2326 sentandi
296 2299 450 2333 presbytero
476 2299 607 2326 cardinali
623 2300 702 2328 dictae
729 2301 848 2328 basilicae
878 2309 925 2335 pro

140 2348 262 2378 tempore
271 2345 412 2372 eXsistenti
422 2353 565 2380 personam
585 2347 708 2374 idoneam
736 2349 768 2375 ad
782 2348 853 2374 illaut
871 2351 924 2374 tant

139 2390 227 2425 prima
257 2391 315 2417 vice
338 2399 418 2426 quam
450 2393 557 2427 quoties
577 2401 674 2421 vacare
692 2402 751 2422 eam
771 2395 924 2429 contigerit,

139 2436 218 2471 nobis
232 2441 259 2464 et
277 2441 336 2471 post
353 2445 401 2465 nos
417 2439 506 2465 abbati
526 2439 553 2466 S.
572 2439 646 2466 Pauli
671 2445 748 2466 extra
767 2447 859 2467 muros
877 2440 927 2468 Ur-

140 2470 192 2516 bis',
212 2488 237 2511 et
254 2470 336 2519 prieri
351 2485 446 2512 doutns
460 2486 488 2512 S.
505 2486 599 2513 Maria:
618 2486 650 2513 de
667 2486 768 2520 Populo
784 2486 816 2516 de
832 2486 925 2512 eadem

140 2530 215 2560 urbe.
231 2529 259 2556 S.
274 2529 409 2558 Benedicti
424 2535 452 2558 ct
473 2530 652 2558 Eremilarutn
677 2532 705 2558 S.
728 2531 869 2567 Augustini
884 2539 927 2558 or-

139 2575 246 2607 dinum,
263 2577 344 2603 etiam
364 2584 413 2611 pro
431 2582 552 2611 tetnpore
573 2577 769 2604 exsistentibus
789 2578 814 2604 in
832 2585 927 2612 perpe-

141 2627 228 2654 tuum,
248 2621 299 2648 nisi
323 2621 400 2649 aliter
416 2628 478 2650 ante
492 2628 606 2649 mortem
630 2627 750 2649 nostram
769 2623 927 2657 disponere-

142 2673 213 2696 tuus,
232 2665 302 2692 idem
326 2666 369 2700 jus
386 2671 544 2700 patronatus
560 2673 587 2694 et
613 2667 790 2701 prtcsentamli
814 2667 880 2694 Rtno
894 2668 925 2696 Ι).

140 2711 271 2738 cardinali
287 2711 365 2739 dicta:
388 2713 507 2740 basilica:
523 2721 571 2747 pro
590 2717 710 2748 tentpore
724 2714 866 2741 exsisleuti
886 2722 927 2741 re-

141 2758 270 2789 servavit,
283 2758 433 2785 decernens
448 2758 575 2794 capciiaut
590 2759 676 2793 ipsam
692 2760 742 2787 sub
756 2761 928 2789 invocatione

140 2804 298 2831 corutndcnt
328 2804 378 2831 SS.
399 2804 550 2837 Michaelis,
565 2798 677 2832 .ldanuis
692 2805 819 2840 Baptism
847 2812 872 2834 et
896 2807 924 2834 S.

174 2861 209 2894 (1)
228 2861 291 2887 Julii
302 2862 326 2886 in
338 2861 405 2887 bulla
423 2862 461 2887 l'ii
480 2862 509 2890 ll,
524 2868 598 2892 supra
611 2861 657 2886 cel.
673 2869 754 2887 turi.

947 113 1083 145 GESTIS
1103 115 1313 149 BESSARION
1321 119 1354 149 iS

1668 130 1766 150 ιςςχιν

974 171 1100 207 Eugenize
1114 181 1149 200 ex
1176 179 1239 201 tunc
1265 175 1292 200 in
1308 178 1388 201 antea
1402 175 1538 203 nominari
1558 177 1667 211 debere,
1684 184 1766 211 prout

974 217 1002 244 in
1022 218 1110 252 ipsius
1127 218 1230 245 domini
1258 218 1296 246 Pii
1319 227 1394 254 papae
1420 219 1518 248 litteris
1534 221 1583 248 sub
1600 222 1655 249 dat.
1673 222 1766 250 Romae

973 264 1043 298 apud
1058 264 1088 292 S.
1107 265 1218 292 Petrum
1236 273 1308 293 anno
1329 265 1462 293 incarnat.
1479 266 1586 294 Dontin.
1603 267 1681 299 1465,
1694 269 1766 302 prid.

973 309 1026 336 kal.
1040 309 1100 337 Maii
1111 310 1161 346 (1),
1171 311 1292 345 pontilie.
1312 312 1355 339 sui
1370 320 1440 340 anno
1455 321 1481 345 v,
1492 314 1608 348 desuper
1621 313 1766 347 confectis,

976 356 1080 390 plenius
1095 359 1260 385 continetur.

1013 401 1045 428 Et
1061 407 1203 437 postquam
1226 410 1274 430 nos
1292 404 1414 432 eamdem
1445 405 1576 440 capellam
1601 413 1726 441 reparare
1740 409 1768 433 et

973 455 1071 475 ornare
1086 449 1234 483 cmpimus,
1252 457 1284 477 ac
1299 450 1322 477 ei
1341 458 1388 485 pro
1411 450 1474 478 dote
1492 452 1619 480 nonnulla
1640 458 1704 480 tunc
1716 459 1764 479 ex-

975 501 1070 527 pressa
1088 494 1156 521 bona
1170 495 1286 522 emimus
1300 500 1380 529 atque
1394 497 1565 529 donavimus.
1577 499 1704 533 przefatus
1719 498 1766 527 fel.

974 540 1080 567 record.
1098 539 1129 567 D.
1147 540 1210 568 Pius
1225 548 1293 576 papa
1320 540 1354 574 ll,
1373 542 1465 570 multis
1486 543 1565 571 bonis
1586 545 1766 579 respectibus,

974 591 1006 611 ex
1021 592 1055 611 eo
1069 586 1217 620 praesertim
1231 586 1302 620 quod
1328 586 1353 613 in
1373 587 1483 614 basilica
1500 588 1625 621 prmdieta
1643 609 1651 621 ,
1669 589 1695 615 in
1713 596 1766 624 qua

975 631 1096 658 nonnulli
1112 631 1205 659 clerici
1217 631 1362 660 saculares
1374 633 1497 660 canonici
1511 635 1689 668 praebendarii
1701 639 1767 662 tunc

975 676 1164 704 desert'iebant
1178 685 1186 709 ;
1207 684 1348 712 propterea
1371 679 1442 713 quod
1457 680 1563 707 reditus
1576 687 1603 708 et
1619 686 1766 715 proventus

976 723 1113 751 dictorum
1130 725 1323 751 canonicorunt
1336 725 1412 752 valde
1426 726 1514 761 exigui
1525 731 1552 753 et
1568 732 1665 754 tenues
1676 735 1765 759 erant,

976 768 1118 796 manifeste
1142 773 1170 796 et
1192 777 1251 803 aper
1260 774 1286 797 te
1315 771 1454 804 negleetus
1469 777 1496 797 et
1510 771 1587 798 valde
1605 772 1765 799 imtnitnttns

975 813 1083 841 divinus
1099 815 1187 842 cultus
1203 819 1274 848 erat,
1304 815 1329 842 in
1354 816 1465 843 ltonoris
1480 816 1526 843 Dei
1549 817 1760 845 diminutionem

975 865 1002 888 et
1020 861 1115 888 salutis
1134 862 1285 888 animarum
1299 863 1527 895 parocltianorutn
1540 863 1661 898 ejusdem
1676 864 1765 891 eccle-

975 905 1022 931 sia:
1040 904 1224 939 praeiudicium
1237 913 1289 932 non
1300 913 1410 940 parvum
1432 912 1458 934 et
1471 908 1681 942 detrimentum;
1699 909 1764 936 item

975 949 1090 977 mililieia
1103 950 1191 977 omnia
1208 951 1284 985 quasi
1310 951 1431 979 ultimam
1453 953 1628 980 minabantur
1648 955 1764 986 ruinam,

975 995 1218 1030 supplicationibus
1238 997 1316 1032 143
1344 999 1445 1025 nostris
1469 999 1625 1033 inclinatus,
1654 1005 1681 1027 ut
1707 1001 1765 1035 ipsa
1800 1022 1805 1027 .

976 1041 1087 1068 basilica
1105 1042 1130 1068 in
1149 1041 1249 1069 divinis
1264 1051 1384 1079 congrue
1399 1045 1561 1077 scrviretur,
1579 1045 1650 1072 illam
1668 1047 1701 1072 de
1716 1055 1767 1074 sae-

975 1088 1061 1114 culari
1075 1089 1187 1116 ecclesia
1204 1088 1236 1116 ad
1246 1089 1368 1116 ordinent
1379 1089 1507 1118 Fratrum
1522 1091 1655 1118 {diuorum
1671 1093 1763 1119 reduci

976 1134 1129 1166 intendens,
1152 1142 1200 1168 per
1220 1136 1348 1169 quasdam
1363 1137 1430 1164 alias
1453 1145 1514 1164 suas
1530 1138 1634 1165 litteras
1650 1138 1714 1166 Rev.
1733 1138 1764 1166 Ρ.

977 1179 1034 1206 Duo
1060 1180 1171 1208 Nicolao
1197 1182 1402 1217 archiepiscopo
1432 1183 1575 1217 Sipontin
1597 1185 1669 1211 dedit
1696 1185 1766 1211 inter

976 1229 1072 1252 caetera
1095 1226 1120 1254 in
1140 1227 1273 1255 mandatis
1288 1233 1316 1255 ut
1340 1229 1424 1262 ipsam
1446 1230 1585 1257 basilicam
1602 1230 1765 1265 professori-

977 1272 1025 1299 bus
1047 1272 1111 1300 dicti
1128 1273 1231 1300 ordinis
1256 1274 1378 1302 Fratrunt
1401 1275 1534 1304 lllinorum
1553 1277 1715 1304 concederet
1739 1282 1766 1305 ct

977 1319 1004 1346 iu
1022 1327 1053 1346 ea
1072 1323 1112 1347 tot
1130 1321 1228 1349 fratres
1255 1322 1409 1350 institueret
1422 1329 1486 1358 qttot
1503 1332 1534 1351 ex
1557 1324 1615 1359 ejus
1633 1324 1765 1352 fructibus

978 1374 1098 1401 congrue
1115 1368 1261 1395 sustentari
1291 1374 1411 1403 possent,
1433 1378 1484 1398 nec
1511 1370 1563 1398 itou
1580 1377 1711 1399 statueret
1739 1376 1767 1398 Ct

976 1414 1114 1441 ordinaret
1133 1415 1208 1449 quod
1237 1422 1332 1443 omnes
1347 1420 1374 1444 et
1398 1417 1493 1451 singuli
1513 1417 1630 1450 fructus,
1650 1419 1763 1450 reditus,

978 1465 1144 1494 proventus,
1172 1462 1357 1495 possessiones
1383 1468 1410 1489 et
1438 1463 1506 1490 bona
1535 1464 1619 1498 ipsius
1645 1464 1761 1491 basilicae

978 1506 1141 1538 communia,
1159 1514 1190 1533 ac
1203 1507 1247 1534 illa
1261 1515 1319 1542 qua:
1334 1507 1366 1534 ad
1382 1508 1571 1535 canonicatum
1600 1513 1626 1536 et
1641 1510 1764 1544 praeben-

978 1551 1038 1578 dant
1054 1551 1203 1578 eardinalis
1217 1559 1266 1586 pro
1287 1557 1408 1586 tempore
1424 1553 1580 1580 exsistentis
1597 1554 1664 1581 tituli
1686 1554 1766 1581 dictae

979 1596 1099 1623 basilicae
1113 1604 1146 1623 ex
1162 1601 1237 1628 tunc,
1250 1595 1303 1624 alia
1317 1604 1382 1624 vero
1390 1605 1451 1631 quae
1462 1598 1494 1625 ad
1507 1598 1575 1626 alios
1588 1599 1764 1627 canonicatus

977 1641 1171 1676 etprmbeudas
1184 1649 1217 1668 ac
1242 1641 1372 1669 beneficia
1398 1643 1482 1678 ipsius
1508 1643 1625 1671 basilicae
1643 1645 1763 1679 pertine-

980 1687 1064 1720 bant,
1091 1689 1294 1723 quamprimum
1322 1689 1470 1717 canonicos
1499 1691 1541 1717 vel
1578 1690 1765 1719 beneﬁciarios

979 1734 1100 1769 ejusdem
1113 1734 1232 1762 basilicze
1248 1735 1346 1762 cedere
1362 1735 1403 1762 vel
1418 1736 1551 1763 decedere
1562 1755 1569 1768 ,
1586 1741 1634 1764 aut
1651 1744 1682 1764 ea
1697 1737 1764 1764 alias

979 1787 1086 1813 quoquo
1096 1780 1174 1807 modo
1182 1780 1318 1807 dimittere
1338 1781 1625 1816 contingeret,_'eisdem
1637 1782 1766 1811 fratribus

979 1824 1114 1852 Minorum
1130 1832 1278 1859 eorumque
1292 1826 1380 1853 ordini
1398 1827 1563 1861 applicaret;
1577 1835 1692 1860 quarum
1706 1829 1766 1863 qni-

979 1871 1040 1898 dent
1055 1873 1235 1906 posteriorum
1251 1872 1403 1899 litterarum
1421 1873 1512 1907 vigore
1524 1873 1653 1907 prtefatus
1670 1874 1701 1901 D.
1719 1875 1765 1902 Ni-

980 1918 1074 1945 colaus
1097 1917 1318 1953 archiepiscopus
1347 1919 1486 1946 basilicam
1515 1919 1603 1953 ipsam
1632 1919 1764 1948 fratribus

980 1965 1122 1997 concessit,
1138 1972 1169 1991 ac
1185 1965 1279 1992 statuit
1293 1969 1320 1992 et
1336 1965 1483 1998 ordinavit,
1508 1965 1625 1999 fructus,
1649 1967 1763 2000 reditus,

979 2016 1137 2046 proventus,
1155 2011 1342 2045 possessiones
1354 2012 1461 2039 etbona
1488 2013 1614 2046 praedicta
1641 2013 1705 2046 ipsis
1721 2021 1764 2040 eo-

980 2065 1094 2092 rumque
1109 2057 1196 2084 ordini
1219 2057 1351 2084 lilinorum
1368 2059 1512 2093 applicari,
1534 2063 1615 2093 prout
1641 2059 1666 2086 itt
1697 2059 1764 2094 ipsis

981 2105 1176 2139 posterioribus
1197 2104 1246 2131 Dni
1262 2105 1300 2132 Pii
1312 2105 1410 2132 litteris
1422 2110 1450 2132 et
1462 2105 1526 2132 dicti
1538 2105 1641 2132 Nicolai
1659 2106 1763 2132 archie-

981 2150 1080 2185 piscopi
1096 2157 1222 2184 processu
1233 2150 1347 2184 desuper
1359 2151 1452 2178 habito
1463 2159 1544 2185 super
1558 2151 1619 2178 imie
1635 2151 1764 2178 coufretis

982 2197 1088 2230 plenius
1107 2196 1272 2222 continetur.
1294 2196 1326 2222 lit
1350 2197 1446 2223 deinde
1470 2196 1641 2230 possessione
1653 2196 1761 2229 pacifu-a

981 2240 1099 2268 basilirm
1124 2245 1152 2269 .ct
1178 2240 1381 2274 possessiopum
1403 2241 1605 2274 prmdictarum,
1621 2248 1651 2266 ac
1665 2239 1761 2273 int-inm

981 2294 1013 2313 ae
1041 2286 1264 2320 pertinentiatuut
1293 2287 1450 2314 earumdem
1476 2294 1523 2321 per
1546 2287 1632 2313 dictos
1656 2286 1762 2312 Fratres

980 2333 1089 2366 adepta,
1109 2339 1159 2359 nos
1171 2332 1199 2359 in
1210 2334 1304 2360 eadem
1324 2333 1423 2366 capella
1439 2336 1557 2359 nostrant
1573 2331 1703 2366 elegimus
1717 2338 1761 2357 se-

983 2378 1117 2413 pulturam
1136 2379 1166 2406 ad
1184 2379 1313 2406 honorem
1334 2384 1361 2405 et
1374 2378 1480 2404 laudem
1500 2377 1692 2411 omnipotentis
1718 2378 1761 2404 Dei

980 2431 1007 2452 ct
1029 2426 1059 2454 Β.
1078 2425 1170 2452 Maria:
1184 2425 1302 2458 Virginis
1316 2444 1323 2457 ,
1343 2424 1403 2458 ejus
1420 2423 1575 2455 Geuitrieis,
1590 2424 1641 2451 sub
1657 2424 1764 2450 invoca-

982 2474 1054 2499 tione
1065 2473 1199 2498 dictotum
1216 2471 1266 2498 SS.
1279 2469 1416 2497 Michaelis
1433 2475 1458 2496 et
1468 2468 1580 2496 Joannis
1595 2469 1719 2503 Baptistte
1733 2477 1764 2496 ac

981 2519 1010 2545 S.
1028 2518 1164 2553 Eugeniae,
1188 2524 1218 2542 ac
1234 2515 1379 2550 cujuslibet
1405 2516 1525 2549 ipsorqu
1557 2515 1761 2557 itpitttlttvitntts,

980 2570 1006 2592 et
1019 2565 1148 2597 deinceps
1166 2563 1299 2590 nominari
1316 2562 1461 2594 volunt-us;
1483 2566 1628 2595 tenoreqtte
1647 2569 1762 2595 prmscn-

982 2611 1046 2638 tium
1062 2613 1090 2636 et
1104 2609 1267 2636 auctoritate
1283 2608 1430 2640 apostolica
1446 2607 1523 2635 nobis
1540 2607 1566 2634 in
1585 2608 1634 2634 liae
1652 2612 1727 2641 parte
1738 2608 1761 2634 iu

980 2656 1061 2683 dictis
1076 2655 1211 2690 prioribus
1225 2653 1271 2680 Dni
1295 2654 1335 2680 Pii
1358 2653 1454 2680 litteris
1473 2660 1613 2685 concessa,
1628 2653 1760 2688 eligimus,

981 2701 1154 2733 tledicantus,
1185 2699 1351 2726 intitulatnus
1379 2703 1405 2726 et
1432 2699 1619 2732 nominamus;
1651 2706 1763 2734 qumque

981 2753 1072 2780 antea,
1087 2747 1213 2774 tintcntes
1229 2753 1262 2772 ne
1278 2750 1364 2772 morte
1386 2746 1608 2779 przcvenirentur,
1627 2754 1674 2780 per
1699 2746 1763 2772 alios

983 2800 1008 2822 ut
1031 2794 1125 2821 tierent
1145 2791 1329 2820 ordinavitnus
1344 2791 1425 2818 etiam
1451 2791 1476 2819 in
1502 2791 1629 2826 setiptis,
1651 2799 1699 2818 nos
1715 2791 1763 2826 ipsi
