  <div class='ocr_page' id='page_1' title='image "/cluster/home/n/w/nwhite01/storage/ocr_20150623/161/njp.32101077773255/055.png"; bbox 0 0 1912 3054; ppageno 0'>
   <div class='ocr_carea' id='block_1_1' title="bbox 104 128 214 150">
    <p class='ocr_par' dir='ltr' id='par_1_1' title="bbox 104 128 214 150">
     <span class='ocr_line' id='line_1_1' title="bbox 104 128 214 150; baseline -0.009 0"><span class='ocrx_word' id='word_1_1' title='bbox 104 130 138 150; x_wconf 68' lang='grc' dir='ltr'><strong>Η(</strong></span> <span class='ocrx_word' id='word_1_2' title='bbox 146 137 151 142; x_wconf 90' lang='grc'><strong>-</strong></span> <span class='ocrx_word' id='word_1_3' title='bbox 159 128 214 149; x_wconf 71' lang='lat' dir='ltr'><strong>XVII</strong></span> 
     </span>
    </p>
   </div>
   <div class='ocr_carea' id='block_1_2' title="bbox 104 171 896 210">
    <p class='ocr_par' dir='ltr' id='par_1_2' title="bbox 104 171 896 210">
     <span class='ocr_line' id='line_1_2' title="bbox 104 171 896 210; baseline -0.008 -7"><span class='ocrx_word' id='word_1_4' title='bbox 104 177 211 210; x_wconf 78' lang='lat' dir='ltr'><strong>jur&#39;lms</strong></span> <span class='ocrx_word' id='word_1_5' title='bbox 236 179 262 202; x_wconf 88' lang='lat' dir='ltr'><strong>ct</strong></span> <span class='ocrx_word' id='word_1_6' title='bbox 279 174 479 208; x_wconf 69' lang='lat' dir='ltr'><strong>&#39;pcrtincntiis;</strong></span> <span class='ocrx_word' id='word_1_7' title='bbox 505 180 586 207; x_wconf 92' lang='lat' dir='ltr'><strong>quam</strong></span> <span class='ocrx_word' id='word_1_8' title='bbox 609 173 715 199; x_wconf 81' lang='lat' dir='ltr'><strong>vincant</strong></span> <span class='ocrx_word' id='word_1_9' title='bbox 741 171 857 198; x_wconf 68' lang='lat' dir='ltr'><strong>emimus</strong></span> <span class='ocrx_word' id='word_1_10' title='bbox 882 178 896 197; x_wconf 84' lang='lat' dir='ltr'><strong>a</strong></span> 
     </span>
    </p>
   </div>
   <div class='ocr_carea' id='block_1_3' title="bbox 110 216 897 253">
    <p class='ocr_par' dir='ltr' id='par_1_3' title="bbox 110 216 897 253">
     <span class='ocr_line' id='line_1_3' title="bbox 110 216 897 253; baseline -0.008 -5"><span class='ocrx_word' id='word_1_11' title='bbox 110 223 164 248; x_wconf 78' lang='lat' dir='ltr'><strong>Dua</strong></span> <span class='ocrx_word' id='word_1_12' title='bbox 179 222 259 252; x_wconf 83' lang='lat' dir='ltr'><strong>Cilla,</strong></span> <span class='ocrx_word' id='word_1_13' title='bbox 275 221 326 248; x_wconf 79' lang='lat' dir='ltr'><strong>filia</strong></span> <span class='ocrx_word' id='word_1_14' title='bbox 342 221 476 253; x_wconf 89' lang='lat' dir='ltr'><strong>quondam</strong></span> <span class='ocrx_word' id='word_1_15' title='bbox 500 219 621 252; x_wconf 64' lang='lat' dir='ltr'><strong>magistri</strong></span> <span class='ocrx_word' id='word_1_16' title='bbox 648 218 763 245; x_wconf 81' lang='lat' dir='ltr'><strong>Joannis</strong></span> <span class='ocrx_word' id='word_1_17' title='bbox 777 216 897 244; x_wconf 40' lang='lat' dir='ltr'><strong>Barberii</strong></span> 
     </span>
    </p>
   </div>
   <div class='ocr_carea' id='block_1_4' title="bbox 108 262 897 305">
    <p class='ocr_par' dir='ltr' id='par_1_4' title="bbox 108 262 897 305">
     <span class='ocr_line' id='line_1_4' title="bbox 108 262 897 305; baseline -0.009 -10"><span class='ocrx_word' id='word_1_18' title='bbox 108 269 141 295; x_wconf 60' lang='lat' dir='ltr'><strong>tle</strong></span> <span class='ocrx_word' id='word_1_19' title='bbox 158 268 267 302; x_wconf 82' lang='lat' dir='ltr'><strong>regione</strong></span> <span class='ocrx_word' id='word_1_20' title='bbox 279 267 381 297; x_wconf 82' lang='lat' dir='ltr'><strong>Pontis.</strong></span> <span class='ocrx_word' id='word_1_21' title='bbox 400 271 463 294; x_wconf 89' lang='lat' dir='ltr'><strong>tunc</strong></span> <span class='ocrx_word' id='word_1_22' title='bbox 480 273 563 293; x_wconf 79' lang='lat' dir='ltr'><strong>uxore</strong></span> <span class='ocrx_word' id='word_1_23' title='bbox 575 264 690 292; x_wconf 85' lang='lat' dir='ltr'><strong>Nannini</strong></span> <span class='ocrx_word' id='word_1_24' title='bbox 706 262 897 305; x_wconf 71' lang='lat' dir='ltr'><strong>Bartlmlomzei</strong></span> 
     </span>
    </p>
   </div>
   <div class='ocr_carea' id='block_1_5' title="bbox 108 309 898 344">
    <p class='ocr_par' dir='ltr' id='par_1_5' title="bbox 108 309 898 344">
     <span class='ocr_line' id='line_1_5' title="bbox 108 309 898 344; baseline -0.008 -4"><span class='ocrx_word' id='word_1_25' title='bbox 108 314 140 340; x_wconf 86' lang='lat' dir='ltr'><strong>de</strong></span> <span class='ocrx_word' id='word_1_26' title='bbox 167 313 285 342; x_wconf 76' lang='lat' dir='ltr'><strong>Cliecliis</strong></span> <span class='ocrx_word' id='word_1_27' title='bbox 313 314 345 340; x_wconf 89' lang='lat' dir='ltr'><strong>de</strong></span> <span class='ocrx_word' id='word_1_28' title='bbox 368 313 500 344; x_wconf 82' lang='lat' dir='ltr'><strong>Bononia,</strong></span> <span class='ocrx_word' id='word_1_29' title='bbox 528 319 589 339; x_wconf 80' lang='lat' dir='ltr'><strong>cum</strong></span> <span class='ocrx_word' id='word_1_30' title='bbox 612 318 749 338; x_wconf 72' lang='lat' dir='ltr'><strong>consensu</strong></span> <span class='ocrx_word' id='word_1_31' title='bbox 776 309 898 343; x_wconf 72' lang='lat' dir='ltr'><strong>ejusdem</strong></span> 
     </span>
    </p>
   </div>
   <div class='ocr_carea' id='block_1_6' title="bbox 107 355 900 394">
    <p class='ocr_par' dir='ltr' id='par_1_6' title="bbox 107 355 900 394">
     <span class='ocr_line' id='line_1_6' title="bbox 107 355 900 394; baseline -0.009 -7"><span class='ocrx_word' id='word_1_32' title='bbox 107 359 239 390; x_wconf 87' lang='lat' dir='ltr'><strong>Nanuini,</strong></span> <span class='ocrx_word' id='word_1_33' title='bbox 255 365 334 394; x_wconf 83' lang='lat' dir='ltr'><strong>prout</strong></span> <span class='ocrx_word' id='word_1_34' title='bbox 350 360 376 386; x_wconf 89' lang='lat' dir='ltr'><strong>in</strong></span> <span class='ocrx_word' id='word_1_35' title='bbox 393 359 575 385; x_wconf 87' lang='lat' dir='ltr'><strong>instrumento</strong></span> <span class='ocrx_word' id='word_1_36' title='bbox 600 358 716 390; x_wconf 76' lang='lat' dir='ltr'><strong>desuper</strong></span> <span class='ocrx_word' id='word_1_37' title='bbox 729 355 858 383; x_wconf 78' lang='lat' dir='ltr'><strong>confecto</strong></span> <span class='ocrx_word' id='word_1_38' title='bbox 871 358 900 382; x_wconf 89' lang='lat' dir='ltr'><strong>et</strong></span> 
     </span>
    </p>
   </div>
   <div class='ocr_carea' id='block_1_7' title="bbox 109 401 899 439">
    <p class='ocr_par' dir='ltr' id='par_1_7' title="bbox 109 401 899 439">
     <span class='ocr_line' id='line_1_7' title="bbox 109 401 899 439; baseline -0.009 -7"><span class='ocrx_word' id='word_1_39' title='bbox 109 413 157 439; x_wconf 88' lang='lat' dir='ltr'><strong>per</strong></span> <span class='ocrx_word' id='word_1_40' title='bbox 183 405 294 432; x_wconf 84' lang='lat' dir='ltr'><strong>Paulum</strong></span> <span class='ocrx_word' id='word_1_41' title='bbox 311 404 424 431; x_wconf 73' lang='lat' dir='ltr'><strong>Joannis</strong></span> <span class='ocrx_word' id='word_1_42' title='bbox 454 403 562 430; x_wconf 79' lang='lat' dir='ltr'><strong>Antonii</strong></span> <span class='ocrx_word' id='word_1_43' title='bbox 587 403 620 429; x_wconf 89' lang='lat' dir='ltr'><strong>de</strong></span> <span class='ocrx_word' id='word_1_44' title='bbox 637 401 790 435; x_wconf 71' lang='lat' dir='ltr'><strong>Capitibus,</strong></span> <span class='ocrx_word' id='word_1_45' title='bbox 818 404 899 426; x_wconf 80' lang='lat' dir='ltr'><strong>nota-</strong></span> 
     </span>
    </p>
   </div>
   <div class='ocr_carea' id='block_1_8' title="bbox 108 447 901 485">
    <p class='ocr_par' dir='ltr' id='par_1_8' title="bbox 108 447 901 485">
     <span class='ocr_line' id='line_1_8' title="bbox 108 447 901 485; baseline -0.005 -9"><span class='ocrx_word' id='word_1_46' title='bbox 108 451 176 477; x_wconf 89' lang='lat' dir='ltr'><strong>rium</strong></span> <span class='ocrx_word' id='word_1_47' title='bbox 195 450 357 485; x_wconf 62' lang='lat' dir='ltr'><strong>imperialem</strong></span> <span class='ocrx_word' id='word_1_48' title='bbox 378 450 410 475; x_wconf 83' lang='lat' dir='ltr'><strong>de</strong></span> <span class='ocrx_word' id='word_1_49' title='bbox 422 449 504 480; x_wconf 81' lang='lat' dir='ltr'><strong>Urbe,</strong></span> <span class='ocrx_word' id='word_1_50' title='bbox 523 449 687 482; x_wconf 77' lang='lat' dir='ltr'><strong>subscripta,</strong></span> <span class='ocrx_word' id='word_1_51' title='bbox 710 447 816 482; x_wconf 76' lang='lat' dir='ltr'><strong>plenius</strong></span> <span class='ocrx_word' id='word_1_52' title='bbox 834 454 901 474; x_wconf 87' lang='lat' dir='ltr'><strong>eon-</strong></span> 
     </span>
    </p>
   </div>
   <div class='ocr_carea' id='block_1_9' title="bbox 111 492 899 530">
    <p class='ocr_par' dir='ltr' id='par_1_9' title="bbox 111 492 899 530">
     <span class='ocr_line' id='line_1_9' title="bbox 111 492 899 530; baseline -0.004 -10"><span class='ocrx_word' id='word_1_53' title='bbox 111 496 222 522; x_wconf 86' lang='lat' dir='ltr'><strong>tinetur.</strong></span> <span class='ocrx_word' id='word_1_54' title='bbox 245 495 278 522; x_wconf 79' lang='lat' dir='ltr'><strong>Et</strong></span> <span class='ocrx_word' id='word_1_55' title='bbox 290 503 348 529; x_wconf 73' lang='lat' dir='ltr'><strong>qum</strong></span> <span class='ocrx_word' id='word_1_56' title='bbox 363 495 441 522; x_wconf 80' lang='lat' dir='ltr'><strong>vinea</strong></span> <span class='ocrx_word' id='word_1_57' title='bbox 456 495 542 530; x_wconf 81' lang='lat' dir='ltr'><strong>posita</strong></span> <span class='ocrx_word' id='word_1_58' title='bbox 563 499 604 522; x_wconf 84' lang='lat' dir='ltr'><strong>est</strong></span> <span class='ocrx_word' id='word_1_59' title='bbox 616 494 686 521; x_wconf 77' lang='lat' dir='ltr'><strong>infra</strong></span> <span class='ocrx_word' id='word_1_60' title='bbox 699 494 799 520; x_wconf 73' lang='lat' dir='ltr'><strong>tnmnia</strong></span> <span class='ocrx_word' id='word_1_61' title='bbox 814 492 899 523; x_wconf 86' lang='lat' dir='ltr'><strong>urbis,</strong></span> 
     </span>
    </p>
   </div>
   <div class='ocr_carea' id='block_1_10' title="bbox 110 539 901 575">
    <p class='ocr_par' dir='ltr' id='par_1_10' title="bbox 110 539 901 575">
     <span class='ocr_line' id='line_1_10' title="bbox 110 539 901 575; baseline -0.005 -7"><span class='ocrx_word' id='word_1_62' title='bbox 110 542 138 568; x_wconf 91' lang='lat' dir='ltr'><strong>in</strong></span> <span class='ocrx_word' id='word_1_63' title='bbox 154 541 212 568; x_wconf 91' lang='lat' dir='ltr'><strong>loco</strong></span> <span class='ocrx_word' id='word_1_64' title='bbox 241 541 287 575; x_wconf 93' lang='lat' dir='ltr'><strong>qui</strong></span> <span class='ocrx_word' id='word_1_65' title='bbox 305 541 406 568; x_wconf 82' lang='lat' dir='ltr'><strong>dicitur</strong></span> <span class='ocrx_word' id='word_1_66' title='bbox 420 540 448 568; x_wconf 76' lang='grc' dir='ltr'><strong>Β.</strong></span> <span class='ocrx_word' id='word_1_67' title='bbox 473 541 583 568; x_wconf 76' lang='lat' dir='ltr'><strong>Ca-sarii</strong></span> <span class='ocrx_word' id='word_1_68' title='bbox 616 541 643 567; x_wconf 92' lang='lat' dir='ltr'><strong>in</strong></span> <span class='ocrx_word' id='word_1_69' title='bbox 660 540 752 571; x_wconf 88' lang='lat' dir='ltr'><strong>Turri,</strong></span> <span class='ocrx_word' id='word_1_70' title='bbox 769 539 818 566; x_wconf 84' lang='lat' dir='ltr'><strong>sub</strong></span> <span class='ocrx_word' id='word_1_71' title='bbox 838 545 901 573; x_wconf 86' lang='lat' dir='ltr'><strong>pro-</strong></span> 
     </span>
    </p>
   </div>
   <div class='ocr_carea' id='block_1_11' title="bbox 110 586 900 622">
    <p class='ocr_par' dir='ltr' id='par_1_11' title="bbox 110 586 900 622">
     <span class='ocr_line' id='line_1_11' title="bbox 110 586 900 622; baseline -0.005 -8"><span class='ocrx_word' id='word_1_72' title='bbox 110 588 226 622; x_wconf 86' lang='lat' dir='ltr'><strong>prietate</strong></span> <span class='ocrx_word' id='word_1_73' title='bbox 241 587 363 622; x_wconf 79' lang='lat' dir='ltr'><strong>ejusdem</strong></span> <span class='ocrx_word' id='word_1_74' title='bbox 380 587 536 614; x_wconf 80' lang='lat' dir='ltr'><strong>monasterii</strong></span> <span class='ocrx_word' id='word_1_75' title='bbox 567 587 597 613; x_wconf 85' lang='lat' dir='ltr'>S.</span> <span class='ocrx_word' id='word_1_76' title='bbox 612 586 722 613; x_wconf 72' lang='lat' dir='ltr'><strong>Cmsarii</strong></span> <span class='ocrx_word' id='word_1_77' title='bbox 737 586 769 612; x_wconf 87' lang='lat' dir='ltr'><strong>ad</strong></span> <span class='ocrx_word' id='word_1_78' title='bbox 786 592 900 619; x_wconf 81' lang='lat' dir='ltr'><strong>respon~</strong></span> 
     </span>
    </p>
   </div>
   <div class='ocr_carea' id='block_1_12' title="bbox 111 632 901 668">
    <p class='ocr_par' dir='ltr' id='par_1_12' title="bbox 111 632 901 668">
     <span class='ocr_line' id='line_1_12' title="bbox 111 632 901 668; baseline -0.005 -7"><span class='ocrx_word' id='word_1_79' title='bbox 111 634 228 661; x_wconf 84' lang='lat' dir='ltr'><strong>dendum</strong></span> <span class='ocrx_word' id='word_1_80' title='bbox 257 635 344 662; x_wconf 86' lang='lat' dir='ltr'><strong>cidem</strong></span> <span class='ocrx_word' id='word_1_81' title='bbox 370 635 450 661; x_wconf 87' lang='lat' dir='ltr'><strong>annis</strong></span> <span class='ocrx_word' id='word_1_82' title='bbox 471 634 586 668; x_wconf 55' lang='lat' dir='ltr'><strong>singulis</strong></span> <span class='ocrx_word' id='word_1_83' title='bbox 606 639 726 666; x_wconf 86' lang='lat' dir='ltr'><strong>tempore</strong></span> <span class='ocrx_word' id='word_1_84' title='bbox 751 632 901 658; x_wconf 78' lang='lat' dir='ltr'><strong>vindemia-</strong></span> 
     </span>
    </p>
   </div>
   <div class='ocr_carea' id='block_1_13' title="bbox 112 678 901 712">
    <p class='ocr_par' dir='ltr' id='par_1_13' title="bbox 112 678 901 712">
     <span class='ocr_line' id='line_1_13' title="bbox 112 678 901 712; baseline -0.003 -7"><span class='ocrx_word' id='word_1_85' title='bbox 112 687 170 705; x_wconf 86' lang='lat' dir='ltr'><strong>rum</strong></span> <span class='ocrx_word' id='word_1_86' title='bbox 189 680 256 707; x_wconf 84' lang='lat' dir='ltr'><strong>duas</strong></span> <span class='ocrx_word' id='word_1_87' title='bbox 269 680 416 707; x_wconf 82' lang='lat' dir='ltr'><strong>caballatas</strong></span> <span class='ocrx_word' id='word_1_88' title='bbox 426 688 488 706; x_wconf 91' lang='lat' dir='ltr'><strong>cum</strong></span> <span class='ocrx_word' id='word_1_89' title='bbox 503 680 613 707; x_wconf 86' lang='lat' dir='ltr'><strong>dimidia</strong></span> <span class='ocrx_word' id='word_1_90' title='bbox 628 679 708 706; x_wconf 85' lang='lat' dir='ltr'><strong>musti</strong></span> <span class='ocrx_word' id='word_1_91' title='bbox 721 678 813 704; x_wconf 87' lang='lat' dir='ltr'><strong>mundi</strong></span> <span class='ocrx_word' id='word_1_92' title='bbox 829 678 901 712; x_wconf 84' lang='lat' dir='ltr'><strong>quod</strong></span> 
     </span>
    </p>
   </div>
   <div class='ocr_carea' id='block_1_14' title="bbox 112 726 901 760">
    <p class='ocr_par' dir='ltr' id='par_1_14' title="bbox 112 726 901 760">
     <span class='ocr_line' id='line_1_14' title="bbox 112 726 901 760; baseline -0.004 -8"><span class='ocrx_word' id='word_1_93' title='bbox 112 726 265 754; x_wconf 75' lang='lat' dir='ltr'><strong>cxcrcverit</strong></span> <span class='ocrx_word' id='word_1_94' title='bbox 279 734 311 753; x_wconf 78' lang='lat' dir='ltr'><strong>ex</strong></span> <span class='ocrx_word' id='word_1_95' title='bbox 329 726 399 752; x_wconf 87' lang='lat' dir='ltr'><strong>dicta</strong></span> <span class='ocrx_word' id='word_1_96' title='bbox 415 726 504 758; x_wconf 83' lang='lat' dir='ltr'><strong>vinea,</strong></span> <span class='ocrx_word' id='word_1_97' title='bbox 517 731 542 753; x_wconf 88' lang='lat' dir='ltr'><strong>et</strong></span> <span class='ocrx_word' id='word_1_98' title='bbox 557 733 637 752; x_wconf 88' lang='lat' dir='ltr'><strong>uuam</strong></span> <span class='ocrx_word' id='word_1_99' title='bbox 651 729 776 760; x_wconf 86' lang='lat' dir='ltr'><strong>quartam</strong></span> <span class='ocrx_word' id='word_1_100' title='bbox 788 731 901 751; x_wconf 87' lang='lat' dir='ltr'><strong>uvarum</strong></span> 
     </span>
    </p>
   </div>
   <div class='ocr_carea' id='block_1_15' title="bbox 114 771 902 803">
    <p class='ocr_par' dir='ltr' id='par_1_15' title="bbox 114 771 902 803">
     <span class='ocr_line' id='line_1_15' title="bbox 114 771 902 803; baseline -0.001 -5"><span class='ocrx_word' id='word_1_101' title='bbox 114 779 189 799; x_wconf 84' lang='lat' dir='ltr'><strong>more</strong></span> <span class='ocrx_word' id='word_1_102' title='bbox 203 771 325 799; x_wconf 81' lang='lat' dir='ltr'><strong>Romano</strong></span> <span class='ocrx_word' id='word_1_103' title='bbox 341 772 412 799; x_wconf 89' lang='lat' dir='ltr'><strong>inter</strong></span> <span class='ocrx_word' id='word_1_104' title='bbox 426 772 474 799; x_wconf 89' lang='lat' dir='ltr'><strong>bos</strong></span> <span class='ocrx_word' id='word_1_105' title='bbox 490 771 574 803; x_wconf 79' lang='lat' dir='ltr'><strong>lines;</strong></span> <span class='ocrx_word' id='word_1_106' title='bbox 595 772 638 798; x_wconf 89' lang='lat' dir='ltr'><strong>cui</strong></span> <span class='ocrx_word' id='word_1_107' title='bbox 653 772 686 798; x_wconf 90' lang='lat' dir='ltr'><strong>ab</strong></span> <span class='ocrx_word' id='word_1_108' title='bbox 697 779 751 798; x_wconf 90' lang='lat' dir='ltr'><strong>uno</strong></span> <span class='ocrx_word' id='word_1_109' title='bbox 767 771 850 798; x_wconf 84' lang='lat' dir='ltr'><strong>latere</strong></span> <span class='ocrx_word' id='word_1_110' title='bbox 860 774 902 797; x_wconf 86' lang='lat' dir='ltr'><strong>cst</strong></span> 
     </span>
    </p>
   </div>
   <div class='ocr_carea' id='block_1_16' title="bbox 114 816 905 851">
    <p class='ocr_par' dir='ltr' id='par_1_16' title="bbox 114 816 905 851">
     <span class='ocr_line' id='line_1_16' title="bbox 114 816 905 851; baseline 0.001 -9"><span class='ocrx_word' id='word_1_111' title='bbox 114 818 217 844; x_wconf 77' lang='lat' dir='ltr'><strong>dictum</strong></span> <span class='ocrx_word' id='word_1_112' title='bbox 234 819 451 851; x_wconf 71' lang='lat' dir='ltr'><strong>monasterium;</strong></span> <span class='ocrx_word' id='word_1_113' title='bbox 472 823 535 845; x_wconf 84' lang='lat' dir='ltr'><strong>ante</strong></span> <span class='ocrx_word' id='word_1_114' title='bbox 559 822 600 845; x_wconf 87' lang='lat' dir='ltr'><strong>est</strong></span> <span class='ocrx_word' id='word_1_115' title='bbox 621 821 705 845; x_wconf 83' lang='lat' dir='ltr'><strong>strata</strong></span> <span class='ocrx_word' id='word_1_116' title='bbox 729 817 852 851; x_wconf 87' lang='lat' dir='ltr'><strong>publica;</strong></span> <span class='ocrx_word' id='word_1_117' title='bbox 870 816 905 843; x_wconf 86' lang='lat' dir='ltr'><strong>ab</strong></span> 
     </span>
    </p>
   </div>
   <div class='ocr_carea' id='block_1_17' title="bbox 116 863 904 892">
    <p class='ocr_par' dir='ltr' id='par_1_17' title="bbox 116 863 904 892">
     <span class='ocr_line' id='line_1_17' title="bbox 116 863 904 892; baseline 0.001 -2"><span class='ocrx_word' id='word_1_118' title='bbox 116 864 169 891; x_wconf 87' lang='lat' dir='ltr'><strong>alio</strong></span> <span class='ocrx_word' id='word_1_119' title='bbox 186 864 270 891; x_wconf 83' lang='lat' dir='ltr'><strong>latere</strong></span> <span class='ocrx_word' id='word_1_120' title='bbox 295 870 365 891; x_wconf 85' lang='lat' dir='ltr'><strong>tenet</strong></span> <span class='ocrx_word' id='word_1_121' title='bbox 391 868 417 892; x_wconf 83' lang='lat' dir='ltr'><strong>ct</strong></span> <span class='ocrx_word' id='word_1_122' title='bbox 442 869 505 891; x_wconf 86' lang='lat' dir='ltr'><strong>sunt</strong></span> <span class='ocrx_word' id='word_1_123' title='bbox 525 872 566 891; x_wconf 88' lang='lat' dir='ltr'><strong>res</strong></span> <span class='ocrx_word' id='word_1_124' title='bbox 590 864 727 891; x_wconf 74' lang='lat' dir='ltr'><strong>societatis</strong></span> <span class='ocrx_word' id='word_1_125' title='bbox 747 863 904 891; x_wconf 84' lang='lat' dir='ltr'><strong>Fraticello-</strong></span> 
     </span>
    </p>
   </div>
   <div class='ocr_carea' id='block_1_18' title="bbox 117 910 905 944">
    <p class='ocr_par' dir='ltr' id='par_1_18' title="bbox 117 910 905 944">
     <span class='ocr_line' id='line_1_18' title="bbox 117 910 905 944; baseline -0.003 -7"><span class='ocrx_word' id='word_1_126' title='bbox 117 919 177 938; x_wconf 89' lang='lat' dir='ltr'><strong>rum</strong></span> <span class='ocrx_word' id='word_1_127' title='bbox 208 911 278 938; x_wconf 90' lang='lat' dir='ltr'><strong>tcrtii</strong></span> <span class='ocrx_word' id='word_1_128' title='bbox 308 911 411 938; x_wconf 78' lang='lat' dir='ltr'><strong>Ordinis</strong></span> <span class='ocrx_word' id='word_1_129' title='bbox 436 911 465 938; x_wconf 90' lang='lat' dir='ltr'><strong>S.</strong></span> <span class='ocrx_word' id='word_1_130' title='bbox 487 911 617 938; x_wconf 85' lang='lat' dir='ltr'><strong>Dominici</strong></span> <span class='ocrx_word' id='word_1_131' title='bbox 633 911 666 938; x_wconf 91' lang='lat' dir='ltr'><strong>de</strong></span> <span class='ocrx_word' id='word_1_132' title='bbox 683 915 774 938; x_wconf 89' lang='lat' dir='ltr'><strong>monte</strong></span> <span class='ocrx_word' id='word_1_133' title='bbox 797 910 905 944; x_wconf 78' lang='lat' dir='ltr'><strong>Magna-</strong></span> 
     </span>
    </p>
   </div>
   <div class='ocr_carea' id='block_1_19' title="bbox 118 957 905 992">
    <p class='ocr_par' dir='ltr' id='par_1_19' title="bbox 118 957 905 992">
     <span class='ocr_line' id='line_1_19' title="bbox 118 957 905 992; baseline 0 -8"><span class='ocrx_word' id='word_1_134' title='bbox 118 959 225 992; x_wconf 86' lang='lat' dir='ltr'><strong>napoli;</strong></span> <span class='ocrx_word' id='word_1_135' title='bbox 251 959 284 984; x_wconf 88' lang='lat' dir='ltr'><strong>ab</strong></span> <span class='ocrx_word' id='word_1_136' title='bbox 298 959 353 985; x_wconf 89' lang='lat' dir='ltr'><strong>alio</strong></span> <span class='ocrx_word' id='word_1_137' title='bbox 378 959 461 985; x_wconf 81' lang='lat' dir='ltr'><strong>latere</strong></span> <span class='ocrx_word' id='word_1_138' title='bbox 480 962 553 985; x_wconf 87' lang='lat' dir='ltr'><strong>leuet</strong></span> <span class='ocrx_word' id='word_1_139' title='bbox 567 963 593 984; x_wconf 86' lang='lat' dir='ltr'><strong>et</strong></span> <span class='ocrx_word' id='word_1_140' title='bbox 617 962 681 984; x_wconf 91' lang='lat' dir='ltr'><strong>sunt</strong></span> <span class='ocrx_word' id='word_1_141' title='bbox 705 965 747 984; x_wconf 88' lang='lat' dir='ltr'><strong>res</strong></span> <span class='ocrx_word' id='word_1_142' title='bbox 766 957 905 984; x_wconf 85' lang='lat' dir='ltr'><strong>Tbomasii</strong></span> 
     </span>
    </p>
   </div>
   <div class='ocr_carea' id='block_1_20' title="bbox 115 1003 906 1038">
    <p class='ocr_par' dir='ltr' id='par_1_20' title="bbox 115 1003 906 1038">
     <span class='ocr_line' id='line_1_20' title="bbox 115 1003 906 1038; baseline -0.004 -8"><span class='ocrx_word' id='word_1_143' title='bbox 115 1004 149 1030; x_wconf 84' lang='lat' dir='ltr'><strong>de</strong></span> <span class='ocrx_word' id='word_1_144' title='bbox 159 1003 299 1030; x_wconf 76' lang='lat' dir='ltr'><strong>Ccsarinis</strong></span> <span class='ocrx_word' id='word_1_145' title='bbox 309 1003 365 1034; x_wconf 84' lang='lat' dir='ltr'><strong>;vcl</strong></span> <span class='ocrx_word' id='word_1_146' title='bbox 380 1003 402 1030; x_wconf 87' lang='lat' dir='ltr'><strong>si</strong></span> <span class='ocrx_word' id='word_1_147' title='bbox 419 1003 464 1038; x_wconf 88' lang='lat' dir='ltr'><strong>qui</strong></span> <span class='ocrx_word' id='word_1_148' title='bbox 478 1007 543 1030; x_wconf 89' lang='lat' dir='ltr'><strong>sunt</strong></span> <span class='ocrx_word' id='word_1_149' title='bbox 553 1007 599 1029; x_wconf 84' lang='lat' dir='ltr'><strong>aut</strong></span> <span class='ocrx_word' id='word_1_150' title='bbox 614 1009 675 1030; x_wconf 86' lang='lat' dir='ltr'><strong>esse</strong></span> <span class='ocrx_word' id='word_1_151' title='bbox 688 1007 802 1037; x_wconf 85' lang='lat' dir='ltr'><strong>possunt</strong></span> <span class='ocrx_word' id='word_1_152' title='bbox 813 1003 906 1036; x_wconf 81' lang='lat' dir='ltr'><strong>plures</strong></span> 
     </span>
    </p>
   </div>
   <div class='ocr_carea' id='block_1_21' title="bbox 115 1048 905 1083">
    <p class='ocr_par' dir='ltr' id='par_1_21' title="bbox 115 1048 905 1083">
     <span class='ocr_line' id='line_1_21' title="bbox 115 1048 905 1083; baseline -0.003 -7"><span class='ocrx_word' id='word_1_153' title='bbox 115 1054 162 1076; x_wconf 84' lang='lat' dir='ltr'><strong>aut</strong></span> <span class='ocrx_word' id='word_1_154' title='bbox 170 1049 289 1076; x_wconf 87' lang='lat' dir='ltr'><strong>veriores</strong></span> <span class='ocrx_word' id='word_1_155' title='bbox 304 1050 426 1076; x_wconf 78' lang='lat' dir='ltr'><strong>contines</strong></span> <span class='ocrx_word' id='word_1_156' title='bbox 439 1049 542 1083; x_wconf 88' lang='lat' dir='ltr'><strong>anliqtti</strong></span> <span class='ocrx_word' id='word_1_157' title='bbox 564 1049 606 1076; x_wconf 83' lang='lat' dir='ltr'><strong>vel</strong></span> <span class='ocrx_word' id='word_1_158' title='bbox 625 1048 746 1076; x_wconf 85' lang='lat' dir='ltr'><strong>moderni</strong></span> <span class='ocrx_word' id='word_1_159' title='bbox 763 1048 796 1076; x_wconf 84' lang='lat' dir='ltr'><strong>ad</strong></span> <span class='ocrx_word' id='word_1_160' title='bbox 806 1048 905 1075; x_wconf 83' lang='lat' dir='ltr'><strong>dictant</strong></span> 
     </span>
    </p>
   </div>
   <div class='ocr_carea' id='block_1_22' title="bbox 116 1095 907 1131">
    <p class='ocr_par' dir='ltr' id='par_1_22' title="bbox 116 1095 907 1131">
     <span class='ocr_line' id='line_1_22' title="bbox 116 1095 907 1131; baseline -0.001 -9"><span class='ocrx_word' id='word_1_161' title='bbox 116 1095 222 1122; x_wconf 85' lang='lat' dir='ltr'><strong>vincam</strong></span> <span class='ocrx_word' id='word_1_162' title='bbox 252 1100 407 1129; x_wconf 81' lang='lat' dir='ltr'><strong>spectantes</strong></span> <span class='ocrx_word' id='word_1_163' title='bbox 439 1103 486 1122; x_wconf 85' lang='lat' dir='ltr'><strong>seu</strong></span> <span class='ocrx_word' id='word_1_164' title='bbox 515 1096 682 1131; x_wconf 82' lang='lat' dir='ltr'><strong>pertinentes</strong></span> <span class='ocrx_word' id='word_1_165' title='bbox 708 1100 761 1122; x_wconf 86' lang='lat' dir='ltr'><strong>tam</strong></span> <span class='ocrx_word' id='word_1_166' title='bbox 795 1095 828 1122; x_wconf 83' lang='lat' dir='ltr'><strong>de</strong></span> <span class='ocrx_word' id='word_1_167' title='bbox 845 1095 907 1129; x_wconf 90' lang='lat' dir='ltr'><strong>jure</strong></span> 
     </span>
    </p>
   </div>
   <div class='ocr_carea' id='block_1_23' title="bbox 118 1142 906 1176">
    <p class='ocr_par' dir='ltr' id='par_1_23' title="bbox 118 1142 906 1176">
     <span class='ocr_line' id='line_1_23' title="bbox 118 1142 906 1176; baseline 0 -8"><span class='ocrx_word' id='word_1_168' title='bbox 118 1143 246 1176; x_wconf 86' lang='lat' dir='ltr'><strong>quamde</strong></span> <span class='ocrx_word' id='word_1_169' title='bbox 267 1143 484 1173; x_wconf 84' lang='lat' dir='ltr'><strong>consuetudine;</strong></span> <span class='ocrx_word' id='word_1_170' title='bbox 505 1150 567 1168; x_wconf 89' lang='lat' dir='ltr'><strong>cum</strong></span> <span class='ocrx_word' id='word_1_171' title='bbox 591 1142 719 1170; x_wconf 86' lang='lat' dir='ltr'><strong>omnibus</strong></span> <span class='ocrx_word' id='word_1_172' title='bbox 741 1147 769 1169; x_wconf 83' lang='lat' dir='ltr'><strong>et</strong></span> <span class='ocrx_word' id='word_1_173' title='bbox 793 1142 906 1175; x_wconf 70' lang='lat' dir='ltr'><strong>singulis</strong></span> 
     </span>
    </p>
   </div>
   <div class='ocr_carea' id='block_1_24' title="bbox 117 1187 906 1222">
    <p class='ocr_par' dir='ltr' id='par_1_24' title="bbox 117 1187 906 1222">
     <span class='ocr_line' id='line_1_24' title="bbox 117 1187 906 1222; baseline -0.003 -6"><span class='ocrx_word' id='word_1_174' title='bbox 117 1188 284 1220; x_wconf 79' lang='lat' dir='ltr'><strong>iutroitibus,</strong></span> <span class='ocrx_word' id='word_1_175' title='bbox 307 1187 436 1220; x_wconf 81' lang='lat' dir='ltr'><strong>exitibus,</strong></span> <span class='ocrx_word' id='word_1_176' title='bbox 456 1187 566 1222; x_wconf 80' lang='lat' dir='ltr'><strong>usibus,</strong></span> <span class='ocrx_word' id='word_1_177' title='bbox 592 1189 641 1215; x_wconf 88' lang='lat' dir='ltr'><strong>util</strong></span> <span class='ocrx_word' id='word_1_178' title='bbox 654 1188 770 1219; x_wconf 90' lang='lat' dir='ltr'><strong>tatibus,</strong></span> <span class='ocrx_word' id='word_1_179' title='bbox 788 1187 906 1222; x_wconf 83' lang='lat' dir='ltr'><strong>juribus,</strong></span> 
     </span>
    </p>
   </div>
   <div class='ocr_carea' id='block_1_25' title="bbox 118 1235 906 1271">
    <p class='ocr_par' dir='ltr' id='par_1_25' title="bbox 118 1235 906 1271">
     <span class='ocr_line' id='line_1_25' title="bbox 118 1235 906 1271; baseline -0.001 -8"><span class='ocrx_word' id='word_1_180' title='bbox 118 1237 290 1271; x_wconf 83' lang='lat' dir='ltr'><strong>pertinentiis</strong></span> <span class='ocrx_word' id='word_1_181' title='bbox 313 1237 416 1264; x_wconf 84' lang='lat' dir='ltr'><strong>casalis</strong></span> <span class='ocrx_word' id='word_1_182' title='bbox 443 1241 470 1263; x_wconf 85' lang='lat' dir='ltr'><strong>et</strong></span> <span class='ocrx_word' id='word_1_183' title='bbox 496 1237 538 1263; x_wconf 82' lang='lat' dir='ltr'><strong>sui</strong></span> <span class='ocrx_word' id='word_1_184' title='bbox 554 1236 694 1264; x_wconf 87' lang='lat' dir='ltr'><strong>tenimenti</strong></span> <span class='ocrx_word' id='word_1_185' title='bbox 713 1237 744 1262; x_wconf 85' lang='lat' dir='ltr'><strong>de</strong></span> <span class='ocrx_word' id='word_1_186' title='bbox 759 1235 906 1270; x_wconf 83' lang='lat' dir='ltr'><strong>Cicognola</strong></span> 
     </span>
    </p>
   </div>
   <div class='ocr_carea' id='block_1_26' title="bbox 119 1283 907 1317">
    <p class='ocr_par' dir='ltr' id='par_1_26' title="bbox 119 1283 907 1317">
     <span class='ocr_line' id='line_1_26' title="bbox 119 1283 907 1317; baseline -0.003 -8"><span class='ocrx_word' id='word_1_187' title='bbox 119 1291 198 1315; x_wconf 87' lang='lat' dir='ltr'><strong>nova,</strong></span> <span class='ocrx_word' id='word_1_188' title='bbox 215 1285 331 1310; x_wconf 86' lang='lat' dir='ltr'><strong>ctvinea</strong></span> <span class='ocrx_word' id='word_1_189' title='bbox 358 1283 590 1317; x_wconf 68' lang='lat' dir='ltr'><strong>supratlictorum,</strong></span> <span class='ocrx_word' id='word_1_190' title='bbox 611 1290 659 1310; x_wconf 88' lang='lat' dir='ltr'><strong>scu</strong></span> <span class='ocrx_word' id='word_1_191' title='bbox 683 1283 795 1309; x_wconf 79' lang='lat' dir='ltr'><strong>alterius</strong></span> <span class='ocrx_word' id='word_1_192' title='bbox 811 1289 907 1309; x_wconf 87' lang='lat' dir='ltr'><strong>eorum</strong></span> 
     </span>
    </p>
   </div>
   <div class='ocr_carea' id='block_1_27' title="bbox 119 1329 907 1364">
    <p class='ocr_par' dir='ltr' id='par_1_27' title="bbox 119 1329 907 1364">
     <span class='ocr_line' id='line_1_27' title="bbox 119 1329 907 1364; baseline -0.003 -6"><span class='ocrx_word' id='word_1_193' title='bbox 119 1331 198 1359; x_wconf 78' lang='lat' dir='ltr'><strong>adea</strong></span> <span class='ocrx_word' id='word_1_194' title='bbox 220 1331 310 1357; x_wconf 82' lang='lat' dir='ltr'><strong>omnia</strong></span> <span class='ocrx_word' id='word_1_195' title='bbox 338 1333 368 1357; x_wconf 82' lang='lat' dir='ltr'><strong>et</strong></span> <span class='ocrx_word' id='word_1_196' title='bbox 390 1330 496 1364; x_wconf 82' lang='lat' dir='ltr'><strong>singula</strong></span> <span class='ocrx_word' id='word_1_197' title='bbox 517 1337 531 1356; x_wconf 89' lang='lat' dir='ltr'><strong>a</strong></span> <span class='ocrx_word' id='word_1_198' title='bbox 548 1330 679 1356; x_wconf 77' lang='lat' dir='ltr'><strong>fratribus</strong></span> <span class='ocrx_word' id='word_1_199' title='bbox 694 1330 771 1356; x_wconf 77' lang='lat' dir='ltr'><strong>dicue</strong></span> <span class='ocrx_word' id='word_1_200' title='bbox 789 1329 907 1356; x_wconf 79' lang='lat' dir='ltr'><strong>basilicae</strong></span> 
     </span>
    </p>
   </div>
   <div class='ocr_carea' id='block_1_28' title="bbox 119 1375 907 1412">
    <p class='ocr_par' dir='ltr' id='par_1_28' title="bbox 119 1375 907 1412">
     <span class='ocr_line' id='line_1_28' title="bbox 119 1375 907 1412; baseline -0.004 -8"><span class='ocrx_word' id='word_1_201' title='bbox 119 1385 170 1412; x_wconf 84' lang='lat' dir='ltr'><strong>per</strong></span> <span class='ocrx_word' id='word_1_202' title='bbox 189 1385 284 1404; x_wconf 75' lang='lat' dir='ltr'><strong>eorum</strong></span> <span class='ocrx_word' id='word_1_203' title='bbox 303 1381 497 1411; x_wconf 85' lang='lat' dir='ltr'><strong>procuratores</strong></span> <span class='ocrx_word' id='word_1_204' title='bbox 522 1383 567 1402; x_wconf 91' lang='lat' dir='ltr'><strong>seu</strong></span> <span class='ocrx_word' id='word_1_205' title='bbox 586 1376 725 1410; x_wconf 82' lang='lat' dir='ltr'><strong>sytnlicos,</strong></span> <span class='ocrx_word' id='word_1_206' title='bbox 752 1380 778 1402; x_wconf 87' lang='lat' dir='ltr'><strong>ct</strong></span> <span class='ocrx_word' id='word_1_207' title='bbox 801 1375 827 1401; x_wconf 91' lang='lat' dir='ltr'><strong>in</strong></span> <span class='ocrx_word' id='word_1_208' title='bbox 847 1381 907 1401; x_wconf 88' lang='lat' dir='ltr'><strong>cam</strong></span> 
     </span>
    </p>
   </div>
   <div class='ocr_carea' id='block_1_29' title="bbox 121 1421 908 1457">
    <p class='ocr_par' dir='ltr' id='par_1_29' title="bbox 121 1421 908 1457">
     <span class='ocr_line' id='line_1_29' title="bbox 121 1421 908 1457; baseline -0.004 -6"><span class='ocrx_word' id='word_1_209' title='bbox 121 1423 363 1451; x_wconf 86' lang='lat' dir='ltr'><strong>reintroductionis</strong></span> <span class='ocrx_word' id='word_1_210' title='bbox 383 1422 521 1457; x_wconf 65' lang='lat' dir='ltr'><strong>pradicta:</strong></span> <span class='ocrx_word' id='word_1_211' title='bbox 531 1429 545 1448; x_wconf 89' lang='lat' dir='ltr'><strong>a</strong></span> <span class='ocrx_word' id='word_1_212' title='bbox 560 1423 665 1449; x_wconf 86' lang='lat' dir='ltr'><strong>duobus</strong></span> <span class='ocrx_word' id='word_1_213' title='bbox 678 1421 826 1456; x_wconf 73' lang='lat' dir='ltr'><strong>capellauis</strong></span> <span class='ocrx_word' id='word_1_214' title='bbox 845 1425 908 1448; x_wconf 83' lang='lat' dir='ltr'><strong>tunc</strong></span> 
     </span>
    </p>
   </div>
   <div class='ocr_carea' id='block_1_30' title="bbox 120 1468 907 1506">
    <p class='ocr_par' dir='ltr' id='par_1_30' title="bbox 120 1468 907 1506">
     <span class='ocr_line' id='line_1_30' title="bbox 120 1468 907 1506; baseline -0.008 -8"><span class='ocrx_word' id='word_1_215' title='bbox 120 1478 169 1506; x_wconf 87' lang='lat' dir='ltr'><strong>pro</strong></span> <span class='ocrx_word' id='word_1_216' title='bbox 182 1476 315 1504; x_wconf 86' lang='lat' dir='ltr'><strong>tempore,</strong></span> <span class='ocrx_word' id='word_1_217' title='bbox 331 1475 362 1496; x_wconf 90' lang='lat' dir='ltr'><strong>ut</strong></span> <span class='ocrx_word' id='word_1_218' title='bbox 380 1469 534 1503; x_wconf 73' lang='lat' dir='ltr'><strong>prmfcrtur,</strong></span> <span class='ocrx_word' id='word_1_219' title='bbox 548 1468 690 1503; x_wconf 80' lang='lat' dir='ltr'><strong>eligendis,</strong></span> <span class='ocrx_word' id='word_1_220' title='bbox 705 1468 730 1494; x_wconf 90' lang='lat' dir='ltr'><strong>In</strong></span> <span class='ocrx_word' id='word_1_221' title='bbox 747 1471 907 1502; x_wconf 82' lang='lat' dir='ltr'><strong>perpetuum</strong></span> 
     </span>
    </p>
   </div>
   <div class='ocr_carea' id='block_1_31' title="bbox 122 1513 908 1548">
    <p class='ocr_par' dir='ltr' id='par_1_31' title="bbox 122 1513 908 1548">
     <span class='ocr_line' id='line_1_31' title="bbox 122 1513 908 1548; baseline -0.005 -5"><span class='ocrx_word' id='word_1_222' title='bbox 122 1517 287 1547; x_wconf 81' lang='lat' dir='ltr'><strong>habendum,</strong></span> <span class='ocrx_word' id='word_1_223' title='bbox 305 1515 462 1546; x_wconf 84' lang='lat' dir='ltr'><strong>tenendum,</strong></span> <span class='ocrx_word' id='word_1_224' title='bbox 487 1514 694 1548; x_wconf 77' lang='lat' dir='ltr'><strong>possidendum,</strong></span> <span class='ocrx_word' id='word_1_225' title='bbox 719 1513 908 1544; x_wconf 82' lang='lat' dir='ltr'><strong>laborandum,</strong></span> 
     </span>
    </p>
   </div>
   <div class='ocr_carea' id='block_1_32' title="bbox 120 1560 906 1593">
    <p class='ocr_par' dir='ltr' id='par_1_32' title="bbox 120 1560 906 1593">
     <span class='ocr_line' id='line_1_32' title="bbox 120 1560 906 1593; baseline -0.009 -3"><span class='ocrx_word' id='word_1_226' title='bbox 120 1562 353 1593; x_wconf 80' lang='lat' dir='ltr'><strong>fructiﬁcandum,</strong></span> <span class='ocrx_word' id='word_1_227' title='bbox 369 1560 635 1591; x_wconf 78' lang='lat' dir='ltr'><strong>administrandum;</strong></span> <span class='ocrx_word' id='word_1_228' title='bbox 666 1560 770 1586; x_wconf 79' lang='lat' dir='ltr'><strong>fructus</strong></span> <span class='ocrx_word' id='word_1_229' title='bbox 791 1567 906 1593; x_wconf 71' lang='lat' dir='ltr'><strong>quoque,</strong></span> 
     </span>
    </p>
   </div>
   <div class='ocr_carea' id='block_1_33' title="bbox 120 1605 909 1642">
    <p class='ocr_par' dir='ltr' id='par_1_33' title="bbox 120 1605 909 1642">
     <span class='ocr_line' id='line_1_33' title="bbox 120 1605 909 1642; baseline -0.005 -6"><span class='ocrx_word' id='word_1_230' title='bbox 120 1609 223 1636; x_wconf 87' lang='lat' dir='ltr'><strong>rcdittts</strong></span> <span class='ocrx_word' id='word_1_231' title='bbox 242 1612 269 1639; x_wconf 81' lang='lat' dir='ltr'><strong>et</strong></span> <span class='ocrx_word' id='word_1_232' title='bbox 288 1610 435 1642; x_wconf 69' lang='lat' dir='ltr'><strong>promotus</strong></span> <span class='ocrx_word' id='word_1_233' title='bbox 459 1613 552 1632; x_wconf 85' lang='lat' dir='ltr'><strong>eorum</strong></span> <span class='ocrx_word' id='word_1_234' title='bbox 578 1605 720 1632; x_wconf 78' lang='lat' dir='ltr'><strong>levandum</strong></span> <span class='ocrx_word' id='word_1_235' title='bbox 743 1611 770 1632; x_wconf 87' lang='lat' dir='ltr'><strong>ct</strong></span> <span class='ocrx_word' id='word_1_236' title='bbox 792 1613 806 1632; x_wconf 90' lang='lat' dir='ltr'><strong>a</strong></span> <span class='ocrx_word' id='word_1_237' title='bbox 829 1606 909 1632; x_wconf 85' lang='lat' dir='ltr'><strong>dictis</strong></span> 
     </span>
    </p>
   </div>
   <div class='ocr_carea' id='block_1_34' title="bbox 120 1651 910 1686">
    <p class='ocr_par' dir='ltr' id='par_1_34' title="bbox 120 1651 910 1686">
     <span class='ocr_line' id='line_1_34' title="bbox 120 1651 910 1686; baseline -0.008 -3"><span class='ocrx_word' id='word_1_238' title='bbox 120 1656 262 1683; x_wconf 80' lang='lat' dir='ltr'><strong>Fratribus</strong></span> <span class='ocrx_word' id='word_1_239' title='bbox 278 1655 303 1681; x_wconf 93' lang='lat' dir='ltr'><strong>iu</strong></span> <span class='ocrx_word' id='word_1_240' title='bbox 319 1661 398 1681; x_wconf 85' lang='lat' dir='ltr'><strong>usum</strong></span> <span class='ocrx_word' id='word_1_241' title='bbox 422 1653 462 1680; x_wconf 89' lang='lat' dir='ltr'><strong>eis</strong></span> <span class='ocrx_word' id='word_1_242' title='bbox 476 1661 490 1679; x_wconf 90' lang='lat' dir='ltr'><strong>a</strong></span> <span class='ocrx_word' id='word_1_243' title='bbox 510 1652 574 1679; x_wconf 85' lang='lat' dir='ltr'><strong>scde</strong></span> <span class='ocrx_word' id='word_1_244' title='bbox 588 1651 734 1686; x_wconf 77' lang='lat' dir='ltr'><strong>aposmlica</strong></span> <span class='ocrx_word' id='word_1_245' title='bbox 755 1651 910 1686; x_wconf 69' lang='lat' dir='ltr'><strong>permitten-</strong></span> 
     </span>
    </p>
   </div>
   <div class='ocr_carea' id='block_1_35' title="bbox 121 1697 909 1732">
    <p class='ocr_par' dir='ltr' id='par_1_35' title="bbox 121 1697 909 1732">
     <span class='ocr_line' id='line_1_35' title="bbox 121 1697 909 1732; baseline -0.008 -4"><span class='ocrx_word' id='word_1_246' title='bbox 121 1703 169 1728; x_wconf 86' lang='lat' dir='ltr'><strong>dos</strong></span> <span class='ocrx_word' id='word_1_247' title='bbox 183 1705 211 1728; x_wconf 87' lang='lat' dir='ltr'><strong>et</strong></span> <span class='ocrx_word' id='word_1_248' title='bbox 222 1699 425 1729; x_wconf 73' lang='lat' dir='ltr'><strong>conc-edendos:</strong></span> <span class='ocrx_word' id='word_1_249' title='bbox 436 1698 546 1732; x_wconf 81' lang='lat' dir='ltr'><strong>abipsis</strong></span> <span class='ocrx_word' id='word_1_250' title='bbox 562 1705 626 1724; x_wconf 86' lang='lat' dir='ltr'><strong>vero</strong></span> <span class='ocrx_word' id='word_1_251' title='bbox 641 1697 748 1724; x_wconf 85' lang='lat' dir='ltr'><strong>duobus</strong></span> <span class='ocrx_word' id='word_1_252' title='bbox 761 1697 909 1731; x_wconf 82' lang='lat' dir='ltr'><strong>capellanis</strong></span> 
     </span>
    </p>
   </div>
   <div class='ocr_carea' id='block_1_36' title="bbox 122 1742 911 1779">
    <p class='ocr_par' dir='ltr' id='par_1_36' title="bbox 122 1742 911 1779">
     <span class='ocr_line' id='line_1_36' title="bbox 122 1742 911 1779; baseline -0.006 -6"><span class='ocrx_word' id='word_1_253' title='bbox 122 1748 149 1772; x_wconf 90' lang='lat' dir='ltr'><strong>in</strong></span> <span class='ocrx_word' id='word_1_254' title='bbox 165 1753 257 1773; x_wconf 86' lang='lat' dir='ltr'><strong>casum</strong></span> <span class='ocrx_word' id='word_1_255' title='bbox 287 1744 447 1779; x_wconf 66' lang='lat' dir='ltr'><strong>praedictum</strong></span> <span class='ocrx_word' id='word_1_256' title='bbox 476 1743 502 1769; x_wconf 90' lang='lat' dir='ltr'><strong>in</strong></span> <span class='ocrx_word' id='word_1_257' title='bbox 532 1742 657 1777; x_wconf 81' lang='lat' dir='ltr'><strong>proprios</strong></span> <span class='ocrx_word' id='word_1_258' title='bbox 683 1743 811 1769; x_wconf 82' lang='lat' dir='ltr'><strong>honestos</strong></span> <span class='ocrx_word' id='word_1_259' title='bbox 843 1749 911 1768; x_wconf 87' lang='lat' dir='ltr'><strong>usus</strong></span> 
     </span>
    </p>
   </div>
   <div class='ocr_carea' id='block_1_37' title="bbox 122 1788 909 1825">
    <p class='ocr_par' dir='ltr' id='par_1_37' title="bbox 122 1788 909 1825">
     <span class='ocr_line' id='line_1_37' title="bbox 122 1788 909 1825; baseline -0.005 -8"><span class='ocrx_word' id='word_1_260' title='bbox 122 1791 281 1825; x_wconf 69' lang='lat' dir='ltr'><strong>simpliciter</strong></span> <span class='ocrx_word' id='word_1_261' title='bbox 294 1789 507 1816; x_wconf 81' lang='lat' dir='ltr'><strong>conrertcndum</strong></span> <span class='ocrx_word' id='word_1_262' title='bbox 534 1795 558 1815; x_wconf 90' lang='lat' dir='ltr'><strong>ct</strong></span> <span class='ocrx_word' id='word_1_263' title='bbox 569 1796 598 1816; x_wconf 85' lang='lat' dir='ltr'><strong>se</strong></span> <span class='ocrx_word' id='word_1_264' title='bbox 614 1796 645 1815; x_wconf 78' lang='lat' dir='ltr'><strong>cx</strong></span> <span class='ocrx_word' id='word_1_265' title='bbox 660 1788 712 1814; x_wconf 88' lang='lat' dir='ltr'><strong>illis</strong></span> <span class='ocrx_word' id='word_1_266' title='bbox 729 1792 909 1815; x_wconf 82' lang='lat' dir='ltr'><strong>manutcaen-</strong></span> 
     </span>
    </p>
   </div>
   <div class='ocr_carea' id='block_1_38' title="bbox 122 1834 910 1869">
    <p class='ocr_par' dir='ltr' id='par_1_38' title="bbox 122 1834 910 1869">
     <span class='ocr_line' id='line_1_38' title="bbox 122 1834 910 1869; baseline -0.005 -5"><span class='ocrx_word' id='word_1_267' title='bbox 122 1838 185 1864; x_wconf 85' lang='lat' dir='ltr'><strong>dum</strong></span> <span class='ocrx_word' id='word_1_268' title='bbox 198 1841 224 1863; x_wconf 86' lang='lat' dir='ltr'><strong>ct</strong></span> <span class='ocrx_word' id='word_1_269' title='bbox 240 1835 458 1863; x_wconf 86' lang='lat' dir='ltr'><strong>sustentandum.</strong></span> <span class='ocrx_word' id='word_1_270' title='bbox 474 1834 507 1861; x_wconf 86' lang='lat' dir='ltr'><strong>Et</strong></span> <span class='ocrx_word' id='word_1_271' title='bbox 529 1842 577 1869; x_wconf 83' lang='lat' dir='ltr'><strong>pro</strong></span> <span class='ocrx_word' id='word_1_272' title='bbox 602 1834 748 1869; x_wconf 69' lang='lat' dir='ltr'><strong>praemissis</strong></span> <span class='ocrx_word' id='word_1_273' title='bbox 771 1835 910 1862; x_wconf 87' lang='lat' dir='ltr'><strong>renuntia-</strong></span> 
     </span>
    </p>
   </div>
   <div class='ocr_carea' id='block_1_39' title="bbox 124 1882 911 1917">
    <p class='ocr_par' dir='ltr' id='par_1_39' title="bbox 124 1882 911 1917">
     <span class='ocr_line' id='line_1_39' title="bbox 124 1882 911 1917; baseline -0.003 -7"><span class='ocrx_word' id='word_1_274' title='bbox 124 1891 185 1910; x_wconf 87' lang='lat' dir='ltr'><strong>mus</strong></span> <span class='ocrx_word' id='word_1_275' title='bbox 201 1887 228 1910; x_wconf 90' lang='lat' dir='ltr'><strong>et</strong></span> <span class='ocrx_word' id='word_1_276' title='bbox 251 1883 370 1917; x_wconf 88' lang='lat' dir='ltr'><strong>plcuarie</strong></span> <span class='ocrx_word' id='word_1_277' title='bbox 396 1882 587 1910; x_wconf 72' lang='lat' dir='ltr'><strong>transierimus</strong></span> <span class='ocrx_word' id='word_1_278' title='bbox 609 1889 641 1909; x_wconf 83' lang='lat' dir='ltr'><strong>ex</strong></span> <span class='ocrx_word' id='word_1_279' title='bbox 659 1889 733 1909; x_wconf 90' lang='lat' dir='ltr'><strong>nunc</strong></span> <span class='ocrx_word' id='word_1_280' title='bbox 761 1882 787 1909; x_wconf 94' lang='lat' dir='ltr'><strong>in</strong></span> <span class='ocrx_word' id='word_1_281' title='bbox 811 1883 911 1910; x_wconf 79' lang='lat' dir='ltr'><strong>dictant</strong></span> 
     </span>
    </p>
   </div>
   <div class='ocr_carea' id='block_1_40' title="bbox 122 1927 911 1964">
    <p class='ocr_par' dir='ltr' id='par_1_40' title="bbox 122 1927 911 1964">
     <span class='ocr_line' id='line_1_40' title="bbox 122 1927 911 1964; baseline -0.001 -7"><span class='ocrx_word' id='word_1_282' title='bbox 122 1930 252 1964; x_wconf 79' lang='lat' dir='ltr'><strong>capellam</strong></span> <span class='ocrx_word' id='word_1_283' title='bbox 266 1936 298 1955; x_wconf 88' lang='lat' dir='ltr'><strong>ac</strong></span> <span class='ocrx_word' id='word_1_284' title='bbox 317 1927 425 1955; x_wconf 83' lang='lat' dir='ltr'><strong>Fratres</strong></span> <span class='ocrx_word' id='word_1_285' title='bbox 452 1928 615 1962; x_wconf 64' lang='lat' dir='ltr'><strong>prayliclos;</strong></span> <span class='ocrx_word' id='word_1_286' title='bbox 632 1934 659 1955; x_wconf 83' lang='lat' dir='ltr'><strong>et</strong></span> <span class='ocrx_word' id='word_1_287' title='bbox 684 1928 710 1954; x_wconf 91' lang='lat' dir='ltr'><strong>in</strong></span> <span class='ocrx_word' id='word_1_288' title='bbox 728 1935 821 1955; x_wconf 84' lang='lat' dir='ltr'><strong>casum</strong></span> <span class='ocrx_word' id='word_1_289' title='bbox 836 1930 911 1956; x_wconf 89' lang='lat' dir='ltr'><strong>rein-</strong></span> 
     </span>
    </p>
   </div>
   <div class='ocr_carea' id='block_1_41' title="bbox 123 1975 913 2010">
    <p class='ocr_par' dir='ltr' id='par_1_41' title="bbox 123 1975 913 2010">
     <span class='ocr_line' id='line_1_41' title="bbox 123 1975 913 2010; baseline -0.001 -6"><span class='ocrx_word' id='word_1_290' title='bbox 123 1975 303 2004; x_wconf 87' lang='lat' dir='ltr'><strong>troductionis</strong></span> <span class='ocrx_word' id='word_1_291' title='bbox 316 1975 451 2009; x_wconf 72' lang='lat' dir='ltr'><strong>praalictte</strong></span> <span class='ocrx_word' id='word_1_292' title='bbox 466 1975 534 2002; x_wconf 87' lang='lat' dir='ltr'><strong>duos</strong></span> <span class='ocrx_word' id='word_1_293' title='bbox 553 1975 709 2010; x_wconf 83' lang='lat' dir='ltr'><strong>capellanos</strong></span> <span class='ocrx_word' id='word_1_294' title='bbox 723 1983 773 2010; x_wconf 84' lang='lat' dir='ltr'><strong>pro</strong></span> <span class='ocrx_word' id='word_1_295' title='bbox 792 1979 913 2010; x_wconf 66' lang='lat' dir='ltr'><strong>tempore</strong></span> 
     </span>
    </p>
   </div>
   <div class='ocr_carea' id='block_1_42' title="bbox 123 2021 911 2058">
    <p class='ocr_par' dir='ltr' id='par_1_42' title="bbox 123 2021 911 2058">
     <span class='ocr_line' id='line_1_42' title="bbox 123 2021 911 2058; baseline -0.001 -9"><span class='ocrx_word' id='word_1_296' title='bbox 123 2023 272 2058; x_wconf 79' lang='lat' dir='ltr'><strong>eligendos,</strong></span> <span class='ocrx_word' id='word_1_297' title='bbox 285 2021 375 2048; x_wconf 82' lang='lat' dir='ltr'><strong>omnia</strong></span> <span class='ocrx_word' id='word_1_298' title='bbox 391 2026 416 2047; x_wconf 89' lang='lat' dir='ltr'><strong>ct</strong></span> <span class='ocrx_word' id='word_1_299' title='bbox 438 2021 543 2056; x_wconf 78' lang='lat' dir='ltr'><strong>singula</strong></span> <span class='ocrx_word' id='word_1_300' title='bbox 559 2021 632 2056; x_wconf 83' lang='lat' dir='ltr'><strong>jura.</strong></span> <span class='ocrx_word' id='word_1_301' title='bbox 644 2022 763 2054; x_wconf 86' lang='lat' dir='ltr'><strong>nomina,</strong></span> <span class='ocrx_word' id='word_1_302' title='bbox 779 2022 911 2054; x_wconf 81' lang='lat' dir='ltr'><strong>actiones,</strong></span> 
     </span>
    </p>
   </div>
   <div class='ocr_carea' id='block_1_43' title="bbox 124 2066 914 2101">
    <p class='ocr_par' dir='ltr' id='par_1_43' title="bbox 124 2066 914 2101">
     <span class='ocr_line' id='line_1_43' title="bbox 124 2066 914 2101; baseline -0.001 -6"><span class='ocrx_word' id='word_1_303' title='bbox 124 2070 244 2095; x_wconf 75' lang='lat' dir='ltr'><strong>rationes</strong></span> <span class='ocrx_word' id='word_1_304' title='bbox 259 2066 345 2095; x_wconf 84' lang='lat' dir='ltr'><strong>realcs</strong></span> <span class='ocrx_word' id='word_1_305' title='bbox 361 2071 387 2093; x_wconf 93' lang='lat' dir='ltr'><strong>et</strong></span> <span class='ocrx_word' id='word_1_306' title='bbox 401 2067 567 2101; x_wconf 84' lang='lat' dir='ltr'><strong>persoualcs,</strong></span> <span class='ocrx_word' id='word_1_307' title='bbox 590 2067 680 2099; x_wconf 82' lang='lat' dir='ltr'><strong>utiles,</strong></span> <span class='ocrx_word' id='word_1_308' title='bbox 701 2067 830 2099; x_wconf 78' lang='lat' dir='ltr'><strong>directas,</strong></span> <span class='ocrx_word' id='word_1_309' title='bbox 851 2068 914 2094; x_wconf 87' lang='lat' dir='ltr'><strong>taci-</strong></span> 
     </span>
    </p>
   </div>
   <div class='ocr_carea' id='block_1_44' title="bbox 126 2113 911 2148">
    <p class='ocr_par' dir='ltr' id='par_1_44' title="bbox 126 2113 911 2148">
     <span class='ocr_line' id='line_1_44' title="bbox 126 2113 911 2148; baseline -0.001 -6"><span class='ocrx_word' id='word_1_310' title='bbox 126 2121 179 2148; x_wconf 86' lang='lat' dir='ltr'><strong>tas,</strong></span> <span class='ocrx_word' id='word_1_311' title='bbox 195 2121 348 2148; x_wconf 78' lang='lat' dir='ltr'><strong>expressas,</strong></span> <span class='ocrx_word' id='word_1_312' title='bbox 360 2113 488 2148; x_wconf 81' lang='lat' dir='ltr'><strong>bypotbc-</strong></span> <span class='ocrx_word' id='word_1_313' title='bbox 498 2115 580 2143; x_wconf 82' lang='lat' dir='ltr'><strong>arias.</strong></span> <span class='ocrx_word' id='word_1_314' title='bbox 591 2114 795 2147; x_wconf 82' lang='lat' dir='ltr'><strong>piguoraticias,</strong></span> <span class='ocrx_word' id='word_1_315' title='bbox 805 2114 911 2146; x_wconf 88' lang='lat' dir='ltr'><strong>mistas,</strong></span> 
     </span>
    </p>
   </div>
   <div class='ocr_carea' id='block_1_45' title="bbox 125 2158 912 2195">
    <p class='ocr_par' dir='ltr' id='par_1_45' title="bbox 125 2158 912 2195">
     <span class='ocr_line' id='line_1_45' title="bbox 125 2158 912 2195; baseline 0 -8"><span class='ocrx_word' id='word_1_316' title='bbox 125 2161 228 2194; x_wconf 74' lang='lat' dir='ltr'><strong>civiles,</strong></span> <span class='ocrx_word' id='word_1_317' title='bbox 245 2160 386 2195; x_wconf 68' lang='lat' dir='ltr'><strong>prmtorias</strong></span> <span class='ocrx_word' id='word_1_318' title='bbox 404 2159 430 2186; x_wconf 87' lang='lat' dir='ltr'><strong>in</strong></span> <span class='ocrx_word' id='word_1_319' title='bbox 449 2166 505 2186; x_wconf 91' lang='lat' dir='ltr'><strong>rem</strong></span> <span class='ocrx_word' id='word_1_320' title='bbox 528 2158 606 2194; x_wconf 62' lang='grc'><strong>147</strong></span> <span class='ocrx_word' id='word_1_321' title='bbox 624 2160 739 2193; x_wconf 82' lang='lat' dir='ltr'><strong>scriptas</strong></span> <span class='ocrx_word' id='word_1_322' title='bbox 754 2165 781 2186; x_wconf 86' lang='lat' dir='ltr'><strong>et</strong></span> <span class='ocrx_word' id='word_1_323' title='bbox 796 2159 912 2187; x_wconf 75' lang='lat' dir='ltr'><strong>cilicium</strong></span> 
     </span>
    </p>
   </div>
   <div class='ocr_carea' id='block_1_46' title="bbox 125 2205 913 2243">
    <p class='ocr_par' dir='ltr' id='par_1_46' title="bbox 125 2205 913 2243">
     <span class='ocr_line' id='line_1_46' title="bbox 125 2205 913 2243; baseline 0 -9"><span class='ocrx_word' id='word_1_324' title='bbox 125 2206 236 2243; x_wconf 74' lang='lat' dir='ltr'><strong>judicis,</strong></span> <span class='ocrx_word' id='word_1_325' title='bbox 256 2213 288 2233; x_wconf 88' lang='lat' dir='ltr'><strong>ac</strong></span> <span class='ocrx_word' id='word_1_326' title='bbox 299 2205 441 2238; x_wconf 84' lang='lat' dir='ltr'><strong>interesse,</strong></span> <span class='ocrx_word' id='word_1_327' title='bbox 458 2211 529 2238; x_wconf 71' lang='lat' dir='ltr'><strong>qum,</strong></span> <span class='ocrx_word' id='word_1_328' title='bbox 543 2212 612 2239; x_wconf 84' lang='lat' dir='ltr'><strong>quas</strong></span> <span class='ocrx_word' id='word_1_329' title='bbox 625 2210 651 2232; x_wconf 93' lang='lat' dir='ltr'><strong>et</strong></span> <span class='ocrx_word' id='word_1_330' title='bbox 668 2206 739 2239; x_wconf 90' lang='lat' dir='ltr'><strong>quod</strong></span> <span class='ocrx_word' id='word_1_331' title='bbox 758 2205 820 2233; x_wconf 84' lang='lat' dir='ltr'><strong>in&#39;ct</strong></span> <span class='ocrx_word' id='word_1_332' title='bbox 831 2214 913 2239; x_wconf 83' lang='lat' dir='ltr'><strong>super</strong></span> 
     </span>
    </p>
   </div>
   <div class='ocr_carea' id='block_1_47' title="bbox 124 2249 913 2286">
    <p class='ocr_par' dir='ltr' id='par_1_47' title="bbox 124 2249 913 2286">
     <span class='ocr_line' id='line_1_47' title="bbox 124 2249 913 2286; baseline -0.001 -5"><span class='ocrx_word' id='word_1_333' title='bbox 124 2253 209 2281; x_wconf 79' lang='lat' dir='ltr'><strong>easali</strong></span> <span class='ocrx_word' id='word_1_334' title='bbox 226 2256 253 2279; x_wconf 91' lang='lat' dir='ltr'><strong>et</strong></span> <span class='ocrx_word' id='word_1_335' title='bbox 266 2251 324 2286; x_wconf 69' lang='lat' dir='ltr'><strong>ejus</strong></span> <span class='ocrx_word' id='word_1_336' title='bbox 342 2249 541 2278; x_wconf 85' lang='lat' dir='ltr'><strong>teuimento.de</strong></span> <span class='ocrx_word' id='word_1_337' title='bbox 555 2251 701 2285; x_wconf 79' lang='lat' dir='ltr'><strong>Cicognola</strong></span> <span class='ocrx_word' id='word_1_338' title='bbox 721 2259 787 2279; x_wconf 87' lang='lat' dir='ltr'><strong>nova</strong></span> <span class='ocrx_word' id='word_1_339' title='bbox 808 2253 913 2286; x_wconf 78' lang='lat' dir='ltr'><strong>integro</strong></span> 
     </span>
    </p>
   </div>
   <div class='ocr_carea' id='block_1_48' title="bbox 126 2297 914 2333">
    <p class='ocr_par' dir='ltr' id='par_1_48' title="bbox 126 2297 914 2333">
     <span class='ocr_line' id='line_1_48' title="bbox 126 2297 914 2333; baseline -0.003 -5"><span class='ocrx_word' id='word_1_340' title='bbox 126 2307 159 2328; x_wconf 85' lang='lat' dir='ltr'><strong>ae</strong></span> <span class='ocrx_word' id='word_1_341' title='bbox 183 2300 264 2327; x_wconf 79' lang='lat' dir='ltr'><strong>vinco</strong></span> <span class='ocrx_word' id='word_1_342' title='bbox 290 2297 461 2333; x_wconf 84' lang='lat' dir='ltr'><strong>supradicta,</strong></span> <span class='ocrx_word' id='word_1_343' title='bbox 489 2297 621 2330; x_wconf 82' lang='lat' dir='ltr'><strong>nobisque</strong></span> <span class='ocrx_word' id='word_1_344' title='bbox 649 2298 674 2324; x_wconf 93' lang='lat' dir='ltr'><strong>in</strong></span> <span class='ocrx_word' id='word_1_345' title='bbox 695 2298 735 2325; x_wconf 87' lang='lat' dir='ltr'><strong>eis</strong></span> <span class='ocrx_word' id='word_1_346' title='bbox 756 2303 784 2325; x_wconf 90' lang='lat' dir='ltr'><strong>et</strong></span> <span class='ocrx_word' id='word_1_347' title='bbox 810 2299 843 2326; x_wconf 87' lang='lat' dir='ltr'><strong>ad</strong></span> <span class='ocrx_word' id='word_1_348' title='bbox 868 2307 914 2326; x_wconf 85' lang='lat' dir='ltr'><strong>eas</strong></span> 
     </span>
    </p>
   </div>
   <div class='ocr_carea' id='block_1_49' title="bbox 126 2344 915 2381">
    <p class='ocr_par' dir='ltr' id='par_1_49' title="bbox 126 2344 915 2381">
     <span class='ocr_line' id='line_1_49' title="bbox 126 2344 915 2381; baseline -0.004 -7"><span class='ocrx_word' id='word_1_349' title='bbox 126 2350 280 2381; x_wconf 87' lang='lat' dir='ltr'><strong>competere</strong></span> <span class='ocrx_word' id='word_1_350' title='bbox 304 2348 454 2379; x_wconf 87' lang='lat' dir='ltr'><strong>potuerunt</strong></span> <span class='ocrx_word' id='word_1_351' title='bbox 474 2351 547 2370; x_wconf 93' lang='lat' dir='ltr'><strong>nunc</strong></span> <span class='ocrx_word' id='word_1_352' title='bbox 561 2347 591 2370; x_wconf 82' lang='lat' dir='ltr'><strong>ct</strong></span> <span class='ocrx_word' id='word_1_353' title='bbox 606 2344 810 2378; x_wconf 88' lang='lat' dir='ltr'><strong>quomodolibct</strong></span> <span class='ocrx_word' id='word_1_354' title='bbox 830 2345 856 2371; x_wconf 92' lang='lat' dir='ltr'><strong>iu</strong></span> <span class='ocrx_word' id='word_1_355' title='bbox 875 2345 915 2372; x_wconf 79' lang='lat' dir='ltr'><strong>fu-</strong></span> 
     </span>
    </p>
   </div>
   <div class='ocr_carea' id='block_1_50' title="bbox 127 2399 231 2420">
    <p class='ocr_par' dir='ltr' id='par_1_50' title="bbox 127 2399 231 2420">
     <span class='ocr_line' id='line_1_50' title="bbox 127 2399 231 2420; baseline -0.01 0"><span class='ocrx_word' id='word_1_356' title='bbox 127 2399 231 2420; x_wconf 81' lang='lat' dir='ltr'><strong>turum.</strong></span> 
     </span>
    </p>
   </div>
   <div class='ocr_carea' id='block_1_51' title="bbox 161 2436 918 2473">
    <p class='ocr_par' dir='ltr' id='par_1_51' title="bbox 161 2436 918 2473">
     <span class='ocr_line' id='line_1_51' title="bbox 161 2436 918 2473; baseline -0.001 -7"><span class='ocrx_word' id='word_1_357' title='bbox 161 2439 276 2473; x_wconf 84' lang='lat' dir='ltr'><strong>Insuper</strong></span> <span class='ocrx_word' id='word_1_358' title='bbox 289 2439 421 2465; x_wconf 88' lang='lat' dir='ltr'><strong>donamus</strong></span> <span class='ocrx_word' id='word_1_359' title='bbox 432 2444 466 2465; x_wconf 78' lang='lat' dir='ltr'><strong>ex</strong></span> <span class='ocrx_word' id='word_1_360' title='bbox 480 2445 551 2464; x_wconf 88' lang='lat' dir='ltr'><strong>nunc</strong></span> <span class='ocrx_word' id='word_1_361' title='bbox 564 2436 723 2472; x_wconf 83' lang='lat' dir='ltr'><strong>simpliciter</strong></span> <span class='ocrx_word' id='word_1_362' title='bbox 737 2442 763 2465; x_wconf 86' lang='lat' dir='ltr'><strong>et</strong></span> <span class='ocrx_word' id='word_1_363' title='bbox 780 2438 805 2464; x_wconf 95' lang='lat' dir='ltr'><strong>in</strong></span> <span class='ocrx_word' id='word_1_364' title='bbox 820 2444 918 2472; x_wconf 82' lang='lat' dir='ltr'><strong>perpe-</strong></span> 
     </span>
    </p>
   </div>
   <div class='ocr_carea' id='block_1_52' title="bbox 127 2483 917 2520">
    <p class='ocr_par' dir='ltr' id='par_1_52' title="bbox 127 2483 917 2520">
     <span class='ocr_line' id='line_1_52' title="bbox 127 2483 917 2520; baseline -0.003 -7"><span class='ocrx_word' id='word_1_365' title='bbox 127 2491 204 2513; x_wconf 85' lang='lat' dir='ltr'><strong>tuum</strong></span> <span class='ocrx_word' id='word_1_366' title='bbox 220 2485 330 2520; x_wconf 73' lang='lat' dir='ltr'><strong>capellae</strong></span> <span class='ocrx_word' id='word_1_367' title='bbox 345 2484 507 2518; x_wconf 68' lang='lat' dir='ltr'><strong>supradicta:</strong></span> <span class='ocrx_word' id='word_1_368' title='bbox 524 2489 696 2518; x_wconf 85' lang='lat' dir='ltr'><strong>parameuta,</strong></span> <span class='ocrx_word' id='word_1_369' title='bbox 711 2483 821 2518; x_wconf 85' lang='lat' dir='ltr'><strong>jocalia,</strong></span> <span class='ocrx_word' id='word_1_370' title='bbox 839 2491 881 2511; x_wconf 85' lang='lat' dir='ltr'><strong>res</strong></span> <span class='ocrx_word' id='word_1_371' title='bbox 890 2488 917 2511; x_wconf 89' lang='lat' dir='ltr'><strong>et</strong></span> 
     </span>
    </p>
   </div>
   <div class='ocr_carea' id='block_1_53' title="bbox 129 2530 915 2566">
    <p class='ocr_par' dir='ltr' id='par_1_53' title="bbox 129 2530 915 2566">
     <span class='ocr_line' id='line_1_53' title="bbox 129 2530 915 2566; baseline -0.003 -7"><span class='ocrx_word' id='word_1_372' title='bbox 129 2533 199 2559; x_wconf 80' lang='lat' dir='ltr'><strong>bona</strong></span> <span class='ocrx_word' id='word_1_373' title='bbox 224 2531 423 2566; x_wconf 82' lang='lat' dir='ltr'><strong>inlrascripta:</strong></span> <span class='ocrx_word' id='word_1_374' title='bbox 450 2530 586 2563; x_wconf 84' lang='lat' dir='ltr'><strong>videlicet,</strong></span> <span class='ocrx_word' id='word_1_375' title='bbox 620 2538 702 2557; x_wconf 88' lang='lat' dir='ltr'><strong>unum</strong></span> <span class='ocrx_word' id='word_1_376' title='bbox 726 2536 915 2565; x_wconf 86' lang='lat' dir='ltr'><strong>paramentum</strong></span> 
     </span>
    </p>
   </div>
   <div class='ocr_carea' id='block_1_54' title="bbox 130 2577 919 2613">
    <p class='ocr_par' dir='ltr' id='par_1_54' title="bbox 130 2577 919 2613">
     <span class='ocr_line' id='line_1_54' title="bbox 130 2577 919 2613; baseline 0 -8"><span class='ocrx_word' id='word_1_377' title='bbox 130 2586 178 2613; x_wconf 88' lang='lat' dir='ltr'><strong>pro</strong></span> <span class='ocrx_word' id='word_1_378' title='bbox 192 2578 350 2613; x_wconf 83' lang='lat' dir='ltr'><strong>quatidiano</strong></span> <span class='ocrx_word' id='word_1_379' title='bbox 368 2578 491 2607; x_wconf 76' lang='lat' dir='ltr'><strong>servitio.</strong></span> <span class='ocrx_word' id='word_1_380' title='bbox 512 2577 612 2606; x_wconf 84' lang='lat' dir='ltr'><strong>coloris</strong></span> <span class='ocrx_word' id='word_1_381' title='bbox 634 2578 700 2609; x_wconf 86' lang='lat' dir='ltr'><strong>albi.</strong></span> <span class='ocrx_word' id='word_1_382' title='bbox 716 2578 750 2605; x_wconf 88' lang='lat' dir='ltr'><strong>de</strong></span> <span class='ocrx_word' id='word_1_383' title='bbox 767 2578 851 2612; x_wconf 80' lang='lat' dir='ltr'><strong>drapo</strong></span> <span class='ocrx_word' id='word_1_384' title='bbox 873 2580 919 2605; x_wconf 87' lang='lat' dir='ltr'><strong>da-</strong></span> 
     </span>
    </p>
   </div>
   <div class='ocr_carea' id='block_1_55' title="bbox 132 2625 920 2660">
    <p class='ocr_par' dir='ltr' id='par_1_55' title="bbox 132 2625 920 2660">
     <span class='ocr_line' id='line_1_55' title="bbox 132 2625 920 2660; baseline 0 -8"><span class='ocrx_word' id='word_1_385' title='bbox 132 2627 272 2660; x_wconf 82' lang='lat' dir='ltr'><strong>mascino;</strong></span> <span class='ocrx_word' id='word_1_386' title='bbox 291 2627 353 2653; x_wconf 84' lang='lat' dir='ltr'><strong>item</strong></span> <span class='ocrx_word' id='word_1_387' title='bbox 371 2634 452 2654; x_wconf 92' lang='lat' dir='ltr'><strong>unum</strong></span> <span class='ocrx_word' id='word_1_388' title='bbox 474 2626 547 2653; x_wconf 88' lang='lat' dir='ltr'><strong>aliud</strong></span> <span class='ocrx_word' id='word_1_389' title='bbox 568 2626 666 2654; x_wconf 87' lang='lat' dir='ltr'><strong>coloris</strong></span> <span class='ocrx_word' id='word_1_390' title='bbox 696 2625 773 2657; x_wconf 60' lang='lat' dir='ltr'><strong>bisei,</strong></span> <span class='ocrx_word' id='word_1_391' title='bbox 793 2626 920 2653; x_wconf 84' lang='lat' dir='ltr'><strong>similiter</strong></span> 
     </span>
    </p>
   </div>
   <div class='ocr_carea' id='block_1_56' title="bbox 130 2672 919 2707">
    <p class='ocr_par' dir='ltr' id='par_1_56' title="bbox 130 2672 919 2707">
     <span class='ocr_line' id='line_1_56' title="bbox 130 2672 919 2707; baseline 0.001 -8"><span class='ocrx_word' id='word_1_392' title='bbox 130 2673 164 2700; x_wconf 86' lang='lat' dir='ltr'><strong>de</strong></span> <span class='ocrx_word' id='word_1_393' title='bbox 175 2672 333 2699; x_wconf 77' lang='lat' dir='ltr'><strong>damascino</strong></span> <span class='ocrx_word' id='word_1_394' title='bbox 349 2672 440 2707; x_wconf 87' lang='lat' dir='ltr'><strong>plano,</strong></span> <span class='ocrx_word' id='word_1_395' title='bbox 457 2677 483 2699; x_wconf 88' lang='lat' dir='ltr'><strong>ct</strong></span> <span class='ocrx_word' id='word_1_396' title='bbox 494 2673 586 2704; x_wconf 85' lang='lat' dir='ltr'><strong>stolas,</strong></span> <span class='ocrx_word' id='word_1_397' title='bbox 602 2672 737 2707; x_wconf 80' lang='lat' dir='ltr'><strong>manipula</strong></span> <span class='ocrx_word' id='word_1_398' title='bbox 747 2673 919 2706; x_wconf 82' lang='lat' dir='ltr'><strong>etcamiscs;</strong></span> 
     </span>
    </p>
   </div>
   <div class='ocr_carea' id='block_1_57' title="bbox 133 2718 921 2753">
    <p class='ocr_par' dir='ltr' id='par_1_57' title="bbox 133 2718 921 2753">
     <span class='ocr_line' id='line_1_57' title="bbox 133 2718 921 2753; baseline 0.001 -7"><span class='ocrx_word' id='word_1_399' title='bbox 133 2720 194 2746; x_wconf 83' lang='lat' dir='ltr'><strong>item</strong></span> <span class='ocrx_word' id='word_1_400' title='bbox 207 2718 334 2753; x_wconf 87' lang='lat' dir='ltr'><strong>plumalia</strong></span> <span class='ocrx_word' id='word_1_401' title='bbox 353 2719 416 2752; x_wconf 88' lang='lat' dir='ltr'><strong>tria,</strong></span> <span class='ocrx_word' id='word_1_402' title='bbox 429 2719 511 2746; x_wconf 83' lang='lat' dir='ltr'><strong>videi.</strong></span> <span class='ocrx_word' id='word_1_403' title='bbox 533 2719 621 2746; x_wconf 86' lang='lat' dir='ltr'><strong>album</strong></span> <span class='ocrx_word' id='word_1_404' title='bbox 646 2719 786 2746; x_wconf 87' lang='lat' dir='ltr'><strong>brocatum</strong></span> <span class='ocrx_word' id='word_1_405' title='bbox 804 2720 838 2747; x_wconf 87' lang='lat' dir='ltr'><strong>de</strong></span> <span class='ocrx_word' id='word_1_406' title='bbox 853 2727 921 2747; x_wconf 85' lang='lat' dir='ltr'><strong>auro</strong></span> 
     </span>
    </p>
   </div>
   <div class='ocr_carea' id='block_1_58' title="bbox 131 2763 919 2799">
    <p class='ocr_par' dir='ltr' id='par_1_58' title="bbox 131 2763 919 2799">
     <span class='ocr_line' id='line_1_58' title="bbox 131 2763 919 2799; baseline 0.001 -9"><span class='ocrx_word' id='word_1_407' title='bbox 131 2768 159 2790; x_wconf 83' lang='lat' dir='ltr'><strong>et</strong></span> <span class='ocrx_word' id='word_1_408' title='bbox 176 2763 258 2790; x_wconf 93' lang='lat' dir='ltr'><strong>alium</strong></span> <span class='ocrx_word' id='word_1_409' title='bbox 279 2765 472 2799; x_wconf 79' lang='lat' dir='ltr'><strong>pavonntgium</strong></span> <span class='ocrx_word' id='word_1_410' title='bbox 490 2764 524 2791; x_wconf 86' lang='lat' dir='ltr'><strong>de</strong></span> <span class='ocrx_word' id='word_1_411' title='bbox 547 2765 706 2792; x_wconf 87' lang='lat' dir='ltr'><strong>dautascino</strong></span> <span class='ocrx_word' id='word_1_412' title='bbox 727 2765 843 2799; x_wconf 81' lang='lat' dir='ltr'><strong>simpiiei</strong></span> <span class='ocrx_word' id='word_1_413' title='bbox 859 2773 919 2791; x_wconf 82' lang='lat' dir='ltr'><strong>cuiu</strong></span> 
     </span>
    </p>
   </div>
   <div class='ocr_carea' id='block_1_59' title="bbox 133 2806 921 2846">
    <p class='ocr_par' dir='ltr' id='par_1_59' title="bbox 133 2806 921 2846">
     <span class='ocr_line' id='line_1_59' title="bbox 133 2806 921 2846; baseline 0.003 -9"><span class='ocrx_word' id='word_1_414' title='bbox 133 2811 216 2838; x_wconf 88' lang='lat' dir='ltr'><strong>armis</strong></span> <span class='ocrx_word' id='word_1_415' title='bbox 232 2811 344 2842; x_wconf 86' lang='lat' dir='ltr'><strong>nostris.</strong></span> <span class='ocrx_word' id='word_1_416' title='bbox 358 2815 385 2838; x_wconf 87' lang='lat' dir='ltr'><strong>et</strong></span> <span class='ocrx_word' id='word_1_417' title='bbox 400 2811 536 2846; x_wconf 83' lang='lat' dir='ltr'><strong>quoddam</strong></span> <span class='ocrx_word' id='word_1_418' title='bbox 551 2810 625 2838; x_wconf 78' lang='lat' dir='ltr'><strong>aliud</strong></span> <span class='ocrx_word' id='word_1_419' title='bbox 644 2812 749 2846; x_wconf 77' lang='lat' dir='ltr'><strong>nigrum</strong></span> <span class='ocrx_word' id='word_1_420' title='bbox 765 2813 798 2838; x_wconf 81' lang='lat' dir='ltr'><strong>de</strong></span> <span class='ocrx_word' id='word_1_421' title='bbox 809 2806 921 2839; x_wconf 46' lang='lat' dir='ltr'><strong>&#39;datnas-</strong></span> 
     </span>
    </p>
   </div>
   <div class='ocr_carea' id='block_1_60' title="bbox 133 2857 922 2894">
    <p class='ocr_par' dir='ltr' id='par_1_60' title="bbox 133 2857 922 2894">
     <span class='ocr_line' id='line_1_60' title="bbox 133 2857 922 2894; baseline 0 -9"><span class='ocrx_word' id='word_1_422' title='bbox 133 2858 209 2892; x_wconf 85' lang='lat' dir='ltr'><strong>cino,</strong></span> <span class='ocrx_word' id='word_1_423' title='bbox 224 2859 314 2887; x_wconf 82' lang='lat' dir='ltr'><strong>omnia</strong></span> <span class='ocrx_word' id='word_1_424' title='bbox 334 2865 394 2887; x_wconf 91' lang='lat' dir='ltr'><strong>cum</strong></span> <span class='ocrx_word' id='word_1_425' title='bbox 413 2857 534 2893; x_wconf 88' lang='lat' dir='ltr'><strong>pulchris</strong></span> <span class='ocrx_word' id='word_1_426' title='bbox 546 2858 654 2894; x_wconf 78' lang='lat' dir='ltr'><strong>trigiis;</strong></span> <span class='ocrx_word' id='word_1_427' title='bbox 675 2858 740 2886; x_wconf 81' lang='lat' dir='ltr'><strong>item</strong></span> <span class='ocrx_word' id='word_1_428' title='bbox 767 2866 848 2886; x_wconf 84' lang='lat' dir='ltr'><strong>unam</strong></span> <span class='ocrx_word' id='word_1_429' title='bbox 864 2858 922 2894; x_wconf 85' lang='lat' dir='ltr'><strong>pla-</strong></span> 
     </span>
    </p>
   </div>
   <div class='ocr_carea' id='block_1_61' title="bbox 537 115 1347 148">
    <p class='ocr_par' dir='ltr' id='par_1_61' title="bbox 537 115 1347 148">
     <span class='ocr_line' id='line_1_61' title="bbox 537 115 1347 148; baseline -0.005 0"><span class='ocrx_word' id='word_1_430' title='bbox 537 118 587 148; x_wconf 85' lang='lat' dir='ltr'><strong>DE</strong></span> <span class='ocrx_word' id='word_1_431' title='bbox 608 117 697 147; x_wconf 77' lang='lat' dir='ltr'><strong>\‘ITA</strong></span> <span class='ocrx_word' id='word_1_432' title='bbox 718 117 766 146; x_wconf 84' lang='lat' dir='ltr'><strong>ET</strong></span> <span class='ocrx_word' id='word_1_433' title='bbox 788 115 914 146; x_wconf 69' lang='lat' dir='ltr'><strong>RERUS</strong></span> <span class='ocrx_word' id='word_1_434' title='bbox 933 115 1068 146; x_wconf 71' lang='lat' dir='ltr'><strong>GES’NS</strong></span> <span class='ocrx_word' id='word_1_435' title='bbox 1097 115 1347 146; x_wconf 75' lang='lat' dir='ltr'><strong>BESSARIONIS</strong></span> 
     </span>
    </p>
   </div>
   <div class='ocr_carea' id='block_1_62' title="bbox 1625 114 1749 136">
    <p class='ocr_par' dir='ltr' id='par_1_62' title="bbox 1625 114 1749 136">
     <span class='ocr_line' id='line_1_62' title="bbox 1625 114 1749 136; baseline -0.024 0"><span class='ocrx_word' id='word_1_436' title='bbox 1625 114 1749 136; x_wconf 69' lang='grc' dir='ltr'><strong>ικκκνῐῐι</strong></span> 
     </span>
    </p>
   </div>
   <div class='ocr_carea' id='block_1_63' title="bbox 953 165 1751 206">
    <p class='ocr_par' dir='ltr' id='par_1_63' title="bbox 953 165 1751 206">
     <span class='ocr_line' id='line_1_63' title="bbox 953 165 1751 206; baseline -0.006 -9"><span class='ocrx_word' id='word_1_437' title='bbox 953 177 1042 198; x_wconf 81' lang='lat' dir='ltr'><strong>uetant</strong></span> <span class='ocrx_word' id='word_1_438' title='bbox 1061 172 1094 199; x_wconf 83' lang='lat' dir='ltr'><strong>de</strong></span> <span class='ocrx_word' id='word_1_439' title='bbox 1110 172 1269 198; x_wconf 84' lang='lat' dir='ltr'><strong>damascino</strong></span> <span class='ocrx_word' id='word_1_440' title='bbox 1285 167 1446 206; x_wconf 77' lang='lat' dir='ltr'><strong>pavonatgio</strong></span> <span class='ocrx_word' id='word_1_441' title='bbox 1458 175 1519 195; x_wconf 87' lang='lat' dir='ltr'><strong>cum</strong></span> <span class='ocrx_word' id='word_1_442' title='bbox 1532 166 1610 202; x_wconf 73' lang='lat' dir='ltr'><strong>frigio</strong></span> <span class='ocrx_word' id='word_1_443' title='bbox 1625 166 1658 194; x_wconf 86' lang='lat' dir='ltr'><strong>de</strong></span> <span class='ocrx_word' id='word_1_444' title='bbox 1669 165 1751 192; x_wconf 66' lang='lat' dir='ltr'><strong>(oleis</strong></span> 
     </span>
    </p>
   </div>
   <div class='ocr_carea' id='block_1_64' title="bbox 955 214 1749 250">
    <p class='ocr_par' dir='ltr' id='par_1_64' title="bbox 955 214 1749 250">
     <span class='ocr_line' id='line_1_64' title="bbox 955 214 1749 250; baseline -0.008 -7"><span class='ocrx_word' id='word_1_445' title='bbox 955 218 1052 244; x_wconf 74' lang='lat' dir='ltr'><strong>aureis</strong></span> <span class='ocrx_word' id='word_1_446' title='bbox 1080 218 1249 250; x_wconf 78' lang='lat' dir='ltr'><strong>rer-amatis;</strong></span> <span class='ocrx_word' id='word_1_447' title='bbox 1281 217 1343 243; x_wconf 84' lang='lat' dir='ltr'><strong>item</strong></span> <span class='ocrx_word' id='word_1_448' title='bbox 1369 223 1452 242; x_wconf 89' lang='lat' dir='ltr'><strong>unum</strong></span> <span class='ocrx_word' id='word_1_449' title='bbox 1481 214 1591 241; x_wconf 87' lang='lat' dir='ltr'><strong>calicem</strong></span> <span class='ocrx_word' id='word_1_450' title='bbox 1617 219 1749 245; x_wconf 70' lang='lat' dir='ltr'><strong>magnum</strong></span> 
     </span>
    </p>
   </div>
   <div class='ocr_carea' id='block_1_65' title="bbox 950 257 1750 296">
    <p class='ocr_par' dir='ltr' id='par_1_65' title="bbox 950 257 1750 296">
     <span class='ocr_line' id='line_1_65' title="bbox 950 257 1750 296; baseline -0.008 -8"><span class='ocrx_word' id='word_1_451' title='bbox 950 267 977 288; x_wconf 89' lang='lat' dir='ltr'><strong>ct</strong></span> <span class='ocrx_word' id='word_1_452' title='bbox 994 270 1074 289; x_wconf 86' lang='lat' dir='ltr'><strong>unam</strong></span> <span class='ocrx_word' id='word_1_453' title='bbox 1091 266 1214 296; x_wconf 78' lang='lat' dir='ltr'><strong>patenum</strong></span> <span class='ocrx_word' id='word_1_454' title='bbox 1232 269 1371 296; x_wconf 77' lang='lat' dir='ltr'><strong>magnam;</strong></span> <span class='ocrx_word' id='word_1_455' title='bbox 1392 261 1456 287; x_wconf 86' lang='lat' dir='ltr'><strong>item</strong></span> <span class='ocrx_word' id='word_1_456' title='bbox 1470 267 1553 286; x_wconf 88' lang='lat' dir='ltr'><strong>unum</strong></span> <span class='ocrx_word' id='word_1_457' title='bbox 1579 258 1660 284; x_wconf 90' lang='lat' dir='ltr'><strong>alium</strong></span> <span class='ocrx_word' id='word_1_458' title='bbox 1678 257 1750 283; x_wconf 60' lang='lat' dir='ltr'><strong>calic</strong></span> 
     </span>
    </p>
   </div>
   <div class='ocr_carea' id='block_1_66' title="bbox 951 308 1750 343">
    <p class='ocr_par' dir='ltr' id='par_1_66' title="bbox 951 308 1750 343">
     <span class='ocr_line' id='line_1_66' title="bbox 951 308 1750 343; baseline -0.005 -8"><span class='ocrx_word' id='word_1_459' title='bbox 951 316 1009 336; x_wconf 86' lang='lat' dir='ltr'><strong>cem</strong></span> <span class='ocrx_word' id='word_1_460' title='bbox 1024 309 1157 336; x_wconf 84' lang='lat' dir='ltr'><strong>minorem</strong></span> <span class='ocrx_word' id='word_1_461' title='bbox 1171 315 1197 336; x_wconf 79' lang='lat' dir='ltr'><strong>et</strong></span> <span class='ocrx_word' id='word_1_462' title='bbox 1210 317 1290 336; x_wconf 90' lang='lat' dir='ltr'><strong>unam</strong></span> <span class='ocrx_word' id='word_1_463' title='bbox 1305 313 1429 343; x_wconf 83' lang='lat' dir='ltr'><strong>patcnam</strong></span> <span class='ocrx_word' id='word_1_464' title='bbox 1447 308 1579 334; x_wconf 76' lang='lat' dir='ltr'><strong>minorem</strong></span> <span class='ocrx_word' id='word_1_465' title='bbox 1602 309 1750 340; x_wconf 74' lang='lat' dir='ltr'><strong>argenteos</strong></span> 
     </span>
    </p>
   </div>
   <div class='ocr_carea' id='block_1_67' title="bbox 955 351 1750 389">
    <p class='ocr_par' dir='ltr' id='par_1_67' title="bbox 955 351 1750 389">
     <span class='ocr_line' id='line_1_67' title="bbox 955 351 1750 389; baseline -0.008 -7"><span class='ocrx_word' id='word_1_466' title='bbox 955 355 1127 388; x_wconf 80' lang='lat' dir='ltr'><strong>deanratos;</strong></span> <span class='ocrx_word' id='word_1_467' title='bbox 1158 355 1221 382; x_wconf 88' lang='lat' dir='ltr'><strong>item</strong></span> <span class='ocrx_word' id='word_1_468' title='bbox 1250 355 1382 389; x_wconf 85' lang='lat' dir='ltr'><strong>ampullas</strong></span> <span class='ocrx_word' id='word_1_469' title='bbox 1405 359 1547 389; x_wconf 72' lang='lat' dir='ltr'><strong>argenteas</strong></span> <span class='ocrx_word' id='word_1_470' title='bbox 1575 353 1659 384; x_wconf 83' lang='lat' dir='ltr'><strong>duas;</strong></span> <span class='ocrx_word' id='word_1_471' title='bbox 1682 351 1750 377; x_wconf 87' lang='lat' dir='ltr'><strong>item</strong></span> 
     </span>
    </p>
   </div>
   <div class='ocr_carea' id='block_1_68' title="bbox 953 402 1751 437">
    <p class='ocr_par' dir='ltr' id='par_1_68' title="bbox 953 402 1751 437">
     <span class='ocr_line' id='line_1_68' title="bbox 953 402 1751 437; baseline -0.01 -6"><span class='ocrx_word' id='word_1_472' title='bbox 953 411 1059 431; x_wconf 80' lang='lat' dir='ltr'><strong>crucem</strong></span> <span class='ocrx_word' id='word_1_473' title='bbox 1090 411 1172 430; x_wconf 90' lang='lat' dir='ltr'><strong>unam</strong></span> <span class='ocrx_word' id='word_1_474' title='bbox 1203 402 1343 437; x_wconf 84' lang='lat' dir='ltr'><strong>pulchram</strong></span> <span class='ocrx_word' id='word_1_475' title='bbox 1372 405 1398 427; x_wconf 88' lang='lat' dir='ltr'><strong>et</strong></span> <span class='ocrx_word' id='word_1_476' title='bbox 1422 408 1546 434; x_wconf 75' lang='lat' dir='ltr'><strong>magnam</strong></span> <span class='ocrx_word' id='word_1_477' title='bbox 1573 403 1751 432; x_wconf 78' lang='lat' dir='ltr'><strong>argenteam;</strong></span> 
     </span>
    </p>
   </div>
   <div class='ocr_carea' id='block_1_69' title="bbox 956 446 1752 483">
    <p class='ocr_par' dir='ltr' id='par_1_69' title="bbox 956 446 1752 483">
     <span class='ocr_line' id='line_1_69' title="bbox 956 446 1752 483; baseline -0.009 -6"><span class='ocrx_word' id='word_1_478' title='bbox 956 451 1019 477; x_wconf 85' lang='lat' dir='ltr'><strong>item</strong></span> <span class='ocrx_word' id='word_1_479' title='bbox 1044 450 1137 477; x_wconf 80' lang='lat' dir='ltr'><strong>thecas</strong></span> <span class='ocrx_word' id='word_1_480' title='bbox 1149 449 1330 483; x_wconf 85' lang='lat' dir='ltr'><strong>corporalium</strong></span> <span class='ocrx_word' id='word_1_481' title='bbox 1351 448 1429 480; x_wconf 83' lang='lat' dir='ltr'><strong>duas,</strong></span> <span class='ocrx_word' id='word_1_482' title='bbox 1441 454 1521 473; x_wconf 91' lang='lat' dir='ltr'><strong>unam</strong></span> <span class='ocrx_word' id='word_1_483' title='bbox 1542 446 1629 480; x_wconf 90' lang='lat' dir='ltr'><strong>inqua</strong></span> <span class='ocrx_word' id='word_1_484' title='bbox 1642 449 1684 471; x_wconf 90' lang='lat' dir='ltr'><strong>cst</strong></span> <span class='ocrx_word' id='word_1_485' title='bbox 1699 452 1752 470; x_wconf 78' lang='lat' dir='ltr'><strong>no-</strong></span> 
     </span>
    </p>
   </div>
   <div class='ocr_carea' id='block_1_70' title="bbox 955 492 1750 530">
    <p class='ocr_par' dir='ltr' id='par_1_70' title="bbox 955 492 1750 530">
     <span class='ocr_line' id='line_1_70' title="bbox 955 492 1750 530; baseline -0.009 -7"><span class='ocrx_word' id='word_1_486' title='bbox 955 504 1014 524; x_wconf 86' lang='lat' dir='ltr'><strong>men</strong></span> <span class='ocrx_word' id='word_1_487' title='bbox 1030 497 1093 523; x_wconf 78' lang='lat' dir='ltr'><strong>Jcsu</strong></span> <span class='ocrx_word' id='word_1_488' title='bbox 1111 504 1172 523; x_wconf 88' lang='lat' dir='ltr'><strong>cum</strong></span> <span class='ocrx_word' id='word_1_489' title='bbox 1188 496 1283 530; x_wconf 89' lang='lat' dir='ltr'><strong>perlis,</strong></span> <span class='ocrx_word' id='word_1_490' title='bbox 1300 499 1327 522; x_wconf 91' lang='lat' dir='ltr'><strong>et</strong></span> <span class='ocrx_word' id='word_1_491' title='bbox 1339 495 1418 521; x_wconf 85' lang='lat' dir='ltr'><strong>aliam</strong></span> <span class='ocrx_word' id='word_1_492' title='bbox 1437 495 1471 520; x_wconf 86' lang='lat' dir='ltr'><strong>de</strong></span> <span class='ocrx_word' id='word_1_493' title='bbox 1490 494 1579 520; x_wconf 76' lang='lat' dir='ltr'><strong>relato</strong></span> <span class='ocrx_word' id='word_1_494' title='bbox 1588 492 1672 519; x_wconf 85' lang='lat' dir='ltr'><strong>rubeo</strong></span> <span class='ocrx_word' id='word_1_495' title='bbox 1685 497 1750 518; x_wconf 88' lang='lat' dir='ltr'><strong>cum</strong></span> 
     </span>
    </p>
   </div>
   <div class='ocr_carea' id='block_1_71' title="bbox 956 537 1749 577">
    <p class='ocr_par' dir='ltr' id='par_1_71' title="bbox 956 537 1749 577">
     <span class='ocr_line' id='line_1_71' title="bbox 956 537 1749 577; baseline -0.01 -7"><span class='ocrx_word' id='word_1_496' title='bbox 956 543 1146 577; x_wconf 88' lang='lat' dir='ltr'><strong>corporalibus</strong></span> <span class='ocrx_word' id='word_1_497' title='bbox 1167 543 1242 576; x_wconf 77' lang='lat' dir='ltr'><strong>suis;</strong></span> <span class='ocrx_word' id='word_1_498' title='bbox 1259 542 1321 568; x_wconf 83' lang='lat' dir='ltr'><strong>item</strong></span> <span class='ocrx_word' id='word_1_499' title='bbox 1336 540 1523 576; x_wconf 78' lang='lat' dir='ltr'><strong>snperpellicia</strong></span> <span class='ocrx_word' id='word_1_500' title='bbox 1538 543 1669 574; x_wconf 82' lang='lat' dir='ltr'><strong>quatuor;</strong></span> <span class='ocrx_word' id='word_1_501' title='bbox 1683 537 1749 563; x_wconf 83' lang='lat' dir='ltr'><strong>item</strong></span> 
     </span>
    </p>
   </div>
   <div class='ocr_carea' id='block_1_72' title="bbox 955 582 1751 624">
    <p class='ocr_par' dir='ltr' id='par_1_72' title="bbox 955 582 1751 624">
     <span class='ocr_line' id='line_1_72' title="bbox 955 582 1751 624; baseline -0.008 -8"><span class='ocrx_word' id='word_1_502' title='bbox 955 591 986 616; x_wconf 87' lang='lat' dir='ltr'><strong>de</strong></span> <span class='ocrx_word' id='word_1_503' title='bbox 1001 589 1133 624; x_wconf 83' lang='lat' dir='ltr'><strong>paniculis</strong></span> <span class='ocrx_word' id='word_1_504' title='bbox 1146 589 1267 623; x_wconf 87' lang='lat' dir='ltr'><strong>pulcbris</strong></span> <span class='ocrx_word' id='word_1_505' title='bbox 1279 588 1384 615; x_wconf 86' lang='lat' dir='ltr'><strong>ornatis</strong></span> <span class='ocrx_word' id='word_1_506' title='bbox 1399 588 1487 614; x_wconf 70' lang='lat' dir='ltr'><strong>serico</strong></span> <span class='ocrx_word' id='word_1_507' title='bbox 1498 594 1548 619; x_wconf 89' lang='lat' dir='ltr'><strong>pro</strong></span> <span class='ocrx_word' id='word_1_508' title='bbox 1567 582 1751 618; x_wconf 80' lang='lat' dir='ltr'><strong>cooperiendo</strong></span> 
     </span>
    </p>
   </div>
   <div class='ocr_carea' id='block_1_73' title="bbox 956 630 1748 667">
    <p class='ocr_par' dir='ltr' id='par_1_73' title="bbox 956 630 1748 667">
     <span class='ocr_line' id='line_1_73' title="bbox 956 630 1748 667; baseline -0.011 -4"><span class='ocrx_word' id='word_1_509' title='bbox 956 637 1038 663; x_wconf 83' lang='lat' dir='ltr'><strong>calice</strong></span> <span class='ocrx_word' id='word_1_510' title='bbox 1050 637 1133 667; x_wconf 81' lang='lat' dir='ltr'><strong>duos:</strong></span> <span class='ocrx_word' id='word_1_511' title='bbox 1149 636 1212 662; x_wconf 52' lang='lat' dir='ltr'><strong>item</strong></span> <span class='ocrx_word' id='word_1_512' title='bbox 1228 635 1344 662; x_wconf 85' lang='lat' dir='ltr'><strong>tobalias</strong></span> <span class='ocrx_word' id='word_1_513' title='bbox 1360 633 1476 667; x_wconf 82' lang='lat' dir='ltr'><strong>majores</strong></span> <span class='ocrx_word' id='word_1_514' title='bbox 1491 633 1522 659; x_wconf 76' lang='lat' dir='ltr'><strong>a-l</strong></span> <span class='ocrx_word' id='word_1_515' title='bbox 1535 630 1748 664; x_wconf 85' lang='lat' dir='ltr'><strong>coopericndum</strong></span> 
     </span>
    </p>
   </div>
   <div class='ocr_carea' id='block_1_74' title="bbox 955 676 1751 716">
    <p class='ocr_par' dir='ltr' id='par_1_74' title="bbox 955 676 1751 716">
     <span class='ocr_line' id='line_1_74' title="bbox 955 676 1751 716; baseline -0.01 -7"><span class='ocrx_word' id='word_1_516' title='bbox 955 683 1041 709; x_wconf 83' lang='lat' dir='ltr'><strong>altare</strong></span> <span class='ocrx_word' id='word_1_517' title='bbox 1065 683 1191 716; x_wconf 85' lang='lat' dir='ltr'><strong>pulchras</strong></span> <span class='ocrx_word' id='word_1_518' title='bbox 1213 682 1324 714; x_wconf 82' lang='lat' dir='ltr'><strong>decent;</strong></span> <span class='ocrx_word' id='word_1_519' title='bbox 1355 682 1419 707; x_wconf 89' lang='lat' dir='ltr'><strong>item</strong></span> <span class='ocrx_word' id='word_1_520' title='bbox 1454 684 1573 714; x_wconf 85' lang='lat' dir='ltr'><strong>tapetum</strong></span> <span class='ocrx_word' id='word_1_521' title='bbox 1597 678 1696 704; x_wconf 84' lang='lat' dir='ltr'><strong>bonum</strong></span> <span class='ocrx_word' id='word_1_522' title='bbox 1715 676 1751 702; x_wconf 86' lang='lat' dir='ltr'><strong>ad</strong></span> 
     </span>
    </p>
   </div>
   <div class='ocr_carea' id='block_1_75' title="bbox 956 725 1750 764">
    <p class='ocr_par' dir='ltr' id='par_1_75' title="bbox 956 725 1750 764">
     <span class='ocr_line' id='line_1_75' title="bbox 956 725 1750 764; baseline -0.01 -8"><span class='ocrx_word' id='word_1_523' title='bbox 956 729 1108 764; x_wconf 88' lang='lat' dir='ltr'><strong>ponendum</strong></span> <span class='ocrx_word' id='word_1_524' title='bbox 1126 733 1188 756; x_wconf 88' lang='lat' dir='ltr'><strong>ante</strong></span> <span class='ocrx_word' id='word_1_525' title='bbox 1205 729 1305 758; x_wconf 73' lang='lat' dir='ltr'><strong>altare;</strong></span> <span class='ocrx_word' id='word_1_526' title='bbox 1317 728 1380 754; x_wconf 88' lang='lat' dir='ltr'><strong>item</strong></span> <span class='ocrx_word' id='word_1_527' title='bbox 1398 734 1480 753; x_wconf 91' lang='lat' dir='ltr'><strong>unum</strong></span> <span class='ocrx_word' id='word_1_528' title='bbox 1497 725 1605 752; x_wconf 84' lang='lat' dir='ltr'><strong>missale</strong></span> <span class='ocrx_word' id='word_1_529' title='bbox 1621 729 1750 756; x_wconf 79' lang='lat' dir='ltr'><strong>magnum</strong></span> 
     </span>
    </p>
   </div>
   <div class='ocr_carea' id='block_1_76' title="bbox 956 770 1750 808">
    <p class='ocr_par' dir='ltr' id='par_1_76' title="bbox 956 770 1750 808">
     <span class='ocr_line' id='line_1_76' title="bbox 956 770 1750 808; baseline -0.009 -6"><span class='ocrx_word' id='word_1_530' title='bbox 956 780 982 802; x_wconf 88' lang='lat' dir='ltr'><strong>et</strong></span> <span class='ocrx_word' id='word_1_531' title='bbox 991 776 1088 802; x_wconf 90' lang='lat' dir='ltr'><strong>bonum</strong></span> <span class='ocrx_word' id='word_1_532' title='bbox 1098 783 1105 808; x_wconf 87' lang='lat'><strong>;</strong></span> <span class='ocrx_word' id='word_1_533' title='bbox 1116 775 1178 802; x_wconf 84' lang='lat' dir='ltr'><strong>item</strong></span> <span class='ocrx_word' id='word_1_534' title='bbox 1191 782 1273 800; x_wconf 90' lang='lat' dir='ltr'><strong>unum</strong></span> <span class='ocrx_word' id='word_1_535' title='bbox 1289 773 1449 800; x_wconf 86' lang='lat' dir='ltr'><strong>breviarium</strong></span> <span class='ocrx_word' id='word_1_536' title='bbox 1464 779 1588 806; x_wconf 83' lang='lat' dir='ltr'><strong>magnum</strong></span> <span class='ocrx_word' id='word_1_537' title='bbox 1601 775 1626 796; x_wconf 85' lang='lat' dir='ltr'><strong>et</strong></span> <span class='ocrx_word' id='word_1_538' title='bbox 1636 770 1750 801; x_wconf 80' lang='lat' dir='ltr'><strong>Imaum,</strong></span> 
     </span>
    </p>
   </div>
   <div class='ocr_carea' id='block_1_77' title="bbox 957 819 1753 856">
    <p class='ocr_par' dir='ltr' id='par_1_77' title="bbox 957 819 1753 856">
     <span class='ocr_line' id='line_1_77' title="bbox 957 819 1753 856; baseline -0.01 -7"><span class='ocrx_word' id='word_1_539' title='bbox 957 826 1115 856; x_wconf 89' lang='lat' dir='ltr'><strong>coopertum</strong></span> <span class='ocrx_word' id='word_1_540' title='bbox 1133 821 1234 848; x_wconf 71' lang='lat' dir='ltr'><strong>tabulis</strong></span> <span class='ocrx_word' id='word_1_541' title='bbox 1253 825 1280 848; x_wconf 86' lang='lat' dir='ltr'><strong>et</strong></span> <span class='ocrx_word' id='word_1_542' title='bbox 1295 821 1369 848; x_wconf 85' lang='lat' dir='ltr'><strong>corio</strong></span> <span class='ocrx_word' id='word_1_543' title='bbox 1386 819 1470 847; x_wconf 84' lang='lat' dir='ltr'><strong>rubro</strong></span> <span class='ocrx_word' id='word_1_544' title='bbox 1486 819 1599 852; x_wconf 90' lang='lat' dir='ltr'><strong>antiquo</strong></span> <span class='ocrx_word' id='word_1_545' title='bbox 1611 825 1670 843; x_wconf 83' lang='lat' dir='ltr'><strong>cum</strong></span> <span class='ocrx_word' id='word_1_546' title='bbox 1682 824 1753 851; x_wconf 89' lang='lat' dir='ltr'><strong>qua-</strong></span> 
     </span>
    </p>
   </div>
   <div class='ocr_carea' id='block_1_78' title="bbox 958 864 1752 900">
    <p class='ocr_par' dir='ltr' id='par_1_78' title="bbox 958 864 1752 900">
     <span class='ocr_line' id='line_1_78' title="bbox 958 864 1752 900; baseline -0.011 -4"><span class='ocrx_word' id='word_1_547' title='bbox 958 873 1020 897; x_wconf 89' lang='lat' dir='ltr'><strong>tuor</strong></span> <span class='ocrx_word' id='word_1_548' title='bbox 1048 869 1253 900; x_wconf 82' lang='lat' dir='ltr'><strong>seramiuibus;</strong></span> <span class='ocrx_word' id='word_1_549' title='bbox 1279 867 1344 894; x_wconf 89' lang='lat' dir='ltr'><strong>item</strong></span> <span class='ocrx_word' id='word_1_550' title='bbox 1371 874 1454 893; x_wconf 90' lang='lat' dir='ltr'><strong>unum</strong></span> <span class='ocrx_word' id='word_1_551' title='bbox 1476 864 1583 892; x_wconf 76' lang='lat' dir='ltr'><strong>dossale</strong></span> <span class='ocrx_word' id='word_1_552' title='bbox 1603 870 1648 890; x_wconf 84' lang='lat' dir='ltr'><strong>seu</strong></span> <span class='ocrx_word' id='word_1_553' title='bbox 1668 869 1752 896; x_wconf 79' lang='lat' dir='ltr'><strong>para-</strong></span> 
     </span>
    </p>
   </div>
   <div class='ocr_carea' id='block_1_79' title="bbox 958 909 1753 951">
    <p class='ocr_par' dir='ltr' id='par_1_79' title="bbox 958 909 1753 951">
     <span class='ocr_line' id='line_1_79' title="bbox 958 909 1753 951; baseline -0.01 -8"><span class='ocrx_word' id='word_1_554' title='bbox 958 921 1083 943; x_wconf 86' lang='lat' dir='ltr'><strong>mentum</strong></span> <span class='ocrx_word' id='word_1_555' title='bbox 1098 924 1149 951; x_wconf 92' lang='lat' dir='ltr'><strong>pro</strong></span> <span class='ocrx_word' id='word_1_556' title='bbox 1163 917 1240 943; x_wconf 87' lang='lat' dir='ltr'><strong>altari</strong></span> <span class='ocrx_word' id='word_1_557' title='bbox 1254 915 1374 950; x_wconf 81' lang='lat' dir='ltr'><strong>ejusdem</strong></span> <span class='ocrx_word' id='word_1_558' title='bbox 1392 913 1502 947; x_wconf 67' lang='lat' dir='ltr'><strong>capellte</strong></span> <span class='ocrx_word' id='word_1_559' title='bbox 1515 912 1547 938; x_wconf 89' lang='lat' dir='ltr'><strong>de</strong></span> <span class='ocrx_word' id='word_1_560' title='bbox 1563 911 1655 938; x_wconf 77' lang='lat' dir='ltr'><strong>voluto</strong></span> <span class='ocrx_word' id='word_1_561' title='bbox 1666 909 1753 936; x_wconf 83' lang='lat' dir='ltr'><strong>rubeo</strong></span> 
     </span>
    </p>
   </div>
   <div class='ocr_carea' id='block_1_80' title="bbox 961 959 1754 1002">
    <p class='ocr_par' dir='ltr' id='par_1_80' title="bbox 961 959 1754 1002">
     <span class='ocr_line' id='line_1_80' title="bbox 961 959 1754 1002; baseline -0.01 -11"><span class='ocrx_word' id='word_1_562' title='bbox 961 963 1075 997; x_wconf 69' lang='lat' dir='ltr'><strong>ﬁgurato</strong></span> <span class='ocrx_word' id='word_1_563' title='bbox 1086 964 1201 1002; x_wconf 79' lang='lat' dir='ltr'><strong>tioribus</strong></span> <span class='ocrx_word' id='word_1_564' title='bbox 1216 971 1263 991; x_wconf 88' lang='lat' dir='ltr'><strong>seu</strong></span> <span class='ocrx_word' id='word_1_565' title='bbox 1290 963 1384 997; x_wconf 74' lang='lat' dir='ltr'><strong>ﬁguris</strong></span> <span class='ocrx_word' id='word_1_566' title='bbox 1400 961 1569 988; x_wconf 88' lang='lat' dir='ltr'><strong>diversorum</strong></span> <span class='ocrx_word' id='word_1_567' title='bbox 1584 959 1715 990; x_wconf 81' lang='lat' dir='ltr'><strong>colorant,</strong></span> <span class='ocrx_word' id='word_1_568' title='bbox 1725 960 1754 984; x_wconf 83' lang='lat' dir='ltr'><strong>et</strong></span> 
     </span>
    </p>
   </div>
   <div class='ocr_carea' id='block_1_81' title="bbox 959 1005 1751 1038">
    <p class='ocr_par' dir='ltr' id='par_1_81' title="bbox 959 1005 1751 1038">
     <span class='ocr_line' id='line_1_81' title="bbox 959 1005 1751 1038; baseline -0.009 0"><span class='ocrx_word' id='word_1_569' title='bbox 959 1011 1136 1038; x_wconf 81' lang='lat' dir='ltr'><strong>subornatum</strong></span> <span class='ocrx_word' id='word_1_570' title='bbox 1151 1010 1328 1038; x_wconf 85' lang='lat' dir='ltr'><strong>circumcirca</strong></span> <span class='ocrx_word' id='word_1_571' title='bbox 1349 1010 1452 1036; x_wconf 84' lang='lat' dir='ltr'><strong>subcna</strong></span> <span class='ocrx_word' id='word_1_572' title='bbox 1470 1006 1617 1034; x_wconf 80' lang='lat' dir='ltr'><strong>damasciui</strong></span> <span class='ocrx_word' id='word_1_573' title='bbox 1634 1005 1751 1036; x_wconf 81' lang='lat' dir='ltr'><strong>viridis;</strong></span> 
     </span>
    </p>
   </div>
   <div class='ocr_carea' id='block_1_82' title="bbox 960 1051 1752 1083">
    <p class='ocr_par' dir='ltr' id='par_1_82' title="bbox 960 1051 1752 1083">
     <span class='ocr_line' id='line_1_82' title="bbox 960 1051 1752 1083; baseline -0.01 0"><span class='ocrx_word' id='word_1_574' title='bbox 960 1057 1021 1083; x_wconf 87' lang='lat' dir='ltr'><strong>item</strong></span> <span class='ocrx_word' id='word_1_575' title='bbox 1043 1055 1114 1082; x_wconf 85' lang='lat' dir='ltr'><strong>aiiud</strong></span> <span class='ocrx_word' id='word_1_576' title='bbox 1134 1056 1241 1082; x_wconf 71' lang='lat' dir='ltr'><strong>dossale</strong></span> <span class='ocrx_word' id='word_1_577' title='bbox 1266 1055 1298 1081; x_wconf 69' lang='lat' dir='ltr'><strong>«lc</strong></span> <span class='ocrx_word' id='word_1_578' title='bbox 1326 1053 1483 1081; x_wconf 80' lang='lat' dir='ltr'><strong>damascino</strong></span> <span class='ocrx_word' id='word_1_579' title='bbox 1510 1051 1596 1078; x_wconf 82' lang='lat' dir='ltr'><strong>ruben</strong></span> <span class='ocrx_word' id='word_1_580' title='bbox 1624 1051 1752 1082; x_wconf 65' lang='lat' dir='ltr'><strong>ﬁgurato,</strong></span> 
     </span>
    </p>
   </div>
   <div class='ocr_carea' id='block_1_83' title="bbox 961 1095 1754 1129">
    <p class='ocr_par' dir='ltr' id='par_1_83' title="bbox 961 1095 1754 1129">
     <span class='ocr_line' id='line_1_83' title="bbox 961 1095 1754 1129; baseline -0.013 0"><span class='ocrx_word' id='word_1_581' title='bbox 961 1103 1137 1129; x_wconf 76' lang='lat' dir='ltr'><strong>subornatum</strong></span> <span class='ocrx_word' id='word_1_582' title='bbox 1156 1101 1333 1128; x_wconf 79' lang='lat' dir='ltr'><strong>circumcirca</strong></span> <span class='ocrx_word' id='word_1_583' title='bbox 1353 1100 1453 1126; x_wconf 82' lang='lat' dir='ltr'><strong>subcna</strong></span> <span class='ocrx_word' id='word_1_584' title='bbox 1475 1097 1624 1124; x_wconf 72' lang='lat' dir='ltr'><strong>damascini</strong></span> <span class='ocrx_word' id='word_1_585' title='bbox 1639 1095 1754 1126; x_wconf 83' lang='lat' dir='ltr'><strong>viridis;</strong></span> 
     </span>
    </p>
   </div>
   <div class='ocr_carea' id='block_1_84' title="bbox 962 1142 1754 1181">
    <p class='ocr_par' dir='ltr' id='par_1_84' title="bbox 962 1142 1754 1181">
     <span class='ocr_line' id='line_1_84' title="bbox 962 1142 1754 1181; baseline -0.009 -6"><span class='ocrx_word' id='word_1_586' title='bbox 962 1149 1026 1176; x_wconf 79' lang='lat' dir='ltr'><strong>item</strong></span> <span class='ocrx_word' id='word_1_587' title='bbox 1045 1156 1128 1175; x_wconf 83' lang='lat' dir='ltr'><strong>unum</strong></span> <span class='ocrx_word' id='word_1_588' title='bbox 1157 1148 1230 1174; x_wconf 87' lang='lat' dir='ltr'><strong>aliud</strong></span> <span class='ocrx_word' id='word_1_589' title='bbox 1247 1147 1356 1174; x_wconf 77' lang='lat' dir='ltr'><strong>dnssale</strong></span> <span class='ocrx_word' id='word_1_590' title='bbox 1378 1154 1428 1181; x_wconf 92' lang='lat' dir='ltr'><strong>pro</strong></span> <span class='ocrx_word' id='word_1_591' title='bbox 1443 1145 1602 1179; x_wconf 87' lang='lat' dir='ltr'><strong>quotidiano</strong></span> <span class='ocrx_word' id='word_1_592' title='bbox 1617 1150 1666 1170; x_wconf 89' lang='lat' dir='ltr'><strong>usn</strong></span> <span class='ocrx_word' id='word_1_593' title='bbox 1681 1142 1754 1175; x_wconf 81' lang='lat' dir='ltr'><strong>ejus-</strong></span> 
     </span>
    </p>
   </div>
   <div class='ocr_carea' id='block_1_85' title="bbox 960 1191 1752 1229">
    <p class='ocr_par' dir='ltr' id='par_1_85' title="bbox 960 1191 1752 1229">
     <span class='ocr_line' id='line_1_85' title="bbox 960 1191 1752 1229; baseline -0.009 -8"><span class='ocrx_word' id='word_1_594' title='bbox 960 1195 1019 1222; x_wconf 86' lang='lat' dir='ltr'><strong>dcm</strong></span> <span class='ocrx_word' id='word_1_595' title='bbox 1041 1195 1151 1229; x_wconf 72' lang='lat' dir='ltr'><strong>capella:</strong></span> <span class='ocrx_word' id='word_1_596' title='bbox 1168 1196 1199 1220; x_wconf 86' lang='lat' dir='ltr'><strong>de</strong></span> <span class='ocrx_word' id='word_1_597' title='bbox 1214 1194 1301 1222; x_wconf 78' lang='lat' dir='ltr'><strong>serico</strong></span> <span class='ocrx_word' id='word_1_598' title='bbox 1317 1192 1417 1221; x_wconf 80' lang='lat' dir='ltr'><strong>coloris</strong></span> <span class='ocrx_word' id='word_1_599' title='bbox 1432 1192 1506 1218; x_wconf 83' lang='lat' dir='ltr'><strong>rubei</strong></span> <span class='ocrx_word' id='word_1_600' title='bbox 1530 1191 1670 1225; x_wconf 74' lang='lat' dir='ltr'><strong>ﬁguratum</strong></span> <span class='ocrx_word' id='word_1_601' title='bbox 1690 1195 1752 1215; x_wconf 85' lang='lat' dir='ltr'><strong>cum</strong></span> 
     </span>
    </p>
   </div>
   <div class='ocr_carea' id='block_1_86' title="bbox 961 1237 1751 1272">
    <p class='ocr_par' dir='ltr' id='par_1_86' title="bbox 961 1237 1751 1272">
     <span class='ocr_line' id='line_1_86' title="bbox 961 1237 1751 1272; baseline -0.008 -5"><span class='ocrx_word' id='word_1_602' title='bbox 961 1240 1032 1267; x_wconf 78' lang='lat' dir='ltr'><strong>foliis</strong></span> <span class='ocrx_word' id='word_1_603' title='bbox 1049 1241 1140 1267; x_wconf 80' lang='lat' dir='ltr'><strong>aureis</strong></span> <span class='ocrx_word' id='word_1_604' title='bbox 1156 1240 1313 1272; x_wconf 75' lang='lat' dir='ltr'><strong>antiquum;</strong></span> <span class='ocrx_word' id='word_1_605' title='bbox 1332 1240 1394 1266; x_wconf 86' lang='lat' dir='ltr'><strong>item</strong></span> <span class='ocrx_word' id='word_1_606' title='bbox 1411 1246 1491 1265; x_wconf 87' lang='lat' dir='ltr'><strong>unam</strong></span> <span class='ocrx_word' id='word_1_607' title='bbox 1505 1237 1651 1271; x_wconf 76' lang='lat' dir='ltr'><strong>planetam,</strong></span> <span class='ocrx_word' id='word_1_608' title='bbox 1668 1241 1751 1262; x_wconf 89' lang='lat' dir='ltr'><strong>unam</strong></span> 
     </span>
    </p>
   </div>
   <div class='ocr_carea' id='block_1_87' title="bbox 961 1283 1752 1320">
    <p class='ocr_par' dir='ltr' id='par_1_87' title="bbox 961 1283 1752 1320">
     <span class='ocr_line' id='line_1_87' title="bbox 961 1283 1752 1320; baseline -0.009 -7"><span class='ocrx_word' id='word_1_609' title='bbox 961 1286 1116 1313; x_wconf 85' lang='lat' dir='ltr'><strong>tunicellam</strong></span> <span class='ocrx_word' id='word_1_610' title='bbox 1142 1294 1192 1320; x_wconf 89' lang='lat' dir='ltr'><strong>pro</strong></span> <span class='ocrx_word' id='word_1_611' title='bbox 1214 1286 1390 1316; x_wconf 80' lang='lat' dir='ltr'><strong>subdiacono,</strong></span> <span class='ocrx_word' id='word_1_612' title='bbox 1414 1292 1494 1310; x_wconf 80' lang='lat' dir='ltr'><strong>unam</strong></span> <span class='ocrx_word' id='word_1_613' title='bbox 1509 1283 1682 1310; x_wconf 79' lang='lat' dir='ltr'><strong>dalataticam</strong></span> <span class='ocrx_word' id='word_1_614' title='bbox 1701 1287 1752 1315; x_wconf 87' lang='lat' dir='ltr'><strong>pro</strong></span> 
     </span>
    </p>
   </div>
   <div class='ocr_carea' id='block_1_88' title="bbox 961 1326 1752 1367">
    <p class='ocr_par' dir='ltr' id='par_1_88' title="bbox 961 1326 1752 1367">
     <span class='ocr_line' id='line_1_88' title="bbox 961 1326 1752 1367; baseline -0.008 -7"><span class='ocrx_word' id='word_1_615' title='bbox 961 1333 1075 1360; x_wconf 83' lang='lat' dir='ltr'><strong>diacono</strong></span> <span class='ocrx_word' id='word_1_616' title='bbox 1086 1333 1118 1360; x_wconf 88' lang='lat' dir='ltr'><strong>dc</strong></span> <span class='ocrx_word' id='word_1_617' title='bbox 1133 1333 1217 1367; x_wconf 88' lang='lat' dir='ltr'><strong>drapo</strong></span> <span class='ocrx_word' id='word_1_618' title='bbox 1228 1331 1385 1359; x_wconf 70' lang='lat' dir='ltr'><strong>datua&#39;scino</strong></span> <span class='ocrx_word' id='word_1_619' title='bbox 1399 1330 1459 1357; x_wconf 87' lang='lat' dir='ltr'><strong>albo</strong></span> <span class='ocrx_word' id='word_1_620' title='bbox 1468 1329 1501 1356; x_wconf 87' lang='lat' dir='ltr'><strong>de</strong></span> <span class='ocrx_word' id='word_1_621' title='bbox 1515 1337 1579 1355; x_wconf 87' lang='lat' dir='ltr'><strong>auro</strong></span> <span class='ocrx_word' id='word_1_622' title='bbox 1592 1336 1653 1355; x_wconf 90' lang='lat' dir='ltr'><strong>cum</strong></span> <span class='ocrx_word' id='word_1_623' title='bbox 1665 1326 1752 1360; x_wconf 78' lang='lat' dir='ltr'><strong>frigiis</strong></span> 
     </span>
    </p>
   </div>
   <div class='ocr_carea' id='block_1_89' title="bbox 961 1375 1754 1415">
    <p class='ocr_par' dir='ltr' id='par_1_89' title="bbox 961 1375 1754 1415">
     <span class='ocr_line' id='line_1_89' title="bbox 961 1375 1754 1415; baseline -0.008 -9"><span class='ocrx_word' id='word_1_624' title='bbox 961 1380 1072 1415; x_wconf 86' lang='lat' dir='ltr'><strong>quadris</strong></span> <span class='ocrx_word' id='word_1_625' title='bbox 1097 1385 1124 1406; x_wconf 84' lang='lat' dir='ltr'><strong>ct</strong></span> <span class='ocrx_word' id='word_1_626' title='bbox 1149 1379 1264 1406; x_wconf 82' lang='lat' dir='ltr'><strong>manicis</strong></span> <span class='ocrx_word' id='word_1_627' title='bbox 1281 1377 1429 1413; x_wconf 74' lang='lat' dir='ltr'><strong>pretiosis;</strong></span> <span class='ocrx_word' id='word_1_628' title='bbox 1445 1377 1507 1403; x_wconf 87' lang='lat' dir='ltr'><strong>item</strong></span> <span class='ocrx_word' id='word_1_629' title='bbox 1526 1375 1610 1402; x_wconf 79' lang='lat' dir='ltr'><strong>stolas</strong></span> <span class='ocrx_word' id='word_1_630' title='bbox 1634 1375 1701 1400; x_wconf 85' lang='lat' dir='ltr'><strong>duas</strong></span> <span class='ocrx_word' id='word_1_631' title='bbox 1726 1377 1754 1400; x_wconf 84' lang='lat' dir='ltr'><strong>et</strong></span> 
     </span>
    </p>
   </div>
   <div class='ocr_carea' id='block_1_90' title="bbox 961 1420 1753 1459">
    <p class='ocr_par' dir='ltr' id='par_1_90' title="bbox 961 1420 1753 1459">
     <span class='ocr_line' id='line_1_90' title="bbox 961 1420 1753 1459; baseline -0.008 -8"><span class='ocrx_word' id='word_1_632' title='bbox 961 1425 1115 1459; x_wconf 86' lang='lat' dir='ltr'><strong>manipulos</strong></span> <span class='ocrx_word' id='word_1_633' title='bbox 1130 1428 1185 1451; x_wconf 80' lang='lat' dir='ltr'><strong>trcs</strong></span> <span class='ocrx_word' id='word_1_634' title='bbox 1199 1425 1232 1451; x_wconf 84' lang='lat' dir='ltr'><strong>de</strong></span> <span class='ocrx_word' id='word_1_635' title='bbox 1247 1423 1341 1450; x_wconf 70' lang='lat' dir='ltr'><strong>eadem</strong></span> <span class='ocrx_word' id='word_1_636' title='bbox 1353 1423 1437 1456; x_wconf 87' lang='lat' dir='ltr'><strong>drapo</strong></span> <span class='ocrx_word' id='word_1_637' title='bbox 1448 1423 1479 1449; x_wconf 82' lang='lat' dir='ltr'><strong>de</strong></span> <span class='ocrx_word' id='word_1_638' title='bbox 1495 1428 1577 1452; x_wconf 87' lang='lat' dir='ltr'><strong>auro;</strong></span> <span class='ocrx_word' id='word_1_639' title='bbox 1593 1420 1655 1447; x_wconf 82' lang='lat' dir='ltr'><strong>item</strong></span> <span class='ocrx_word' id='word_1_640' title='bbox 1668 1426 1753 1445; x_wconf 89' lang='lat' dir='ltr'><strong>unttm</strong></span> 
     </span>
    </p>
   </div>
   <div class='ocr_carea' id='block_1_91' title="bbox 961 1467 1751 1504">
    <p class='ocr_par' dir='ltr' id='par_1_91' title="bbox 961 1467 1751 1504">
     <span class='ocr_line' id='line_1_91' title="bbox 961 1467 1751 1504; baseline -0.009 -6"><span class='ocrx_word' id='word_1_641' title='bbox 961 1472 1090 1498; x_wconf 75' lang='lat' dir='ltr'><strong>vexillum</strong></span> <span class='ocrx_word' id='word_1_642' title='bbox 1104 1478 1152 1504; x_wconf 88' lang='lat' dir='ltr'><strong>pro</strong></span> <span class='ocrx_word' id='word_1_643' title='bbox 1166 1477 1246 1496; x_wconf 84' lang='lat' dir='ltr'><strong>cruce</strong></span> <span class='ocrx_word' id='word_1_644' title='bbox 1261 1470 1293 1496; x_wconf 89' lang='lat' dir='ltr'><strong>de</strong></span> <span class='ocrx_word' id='word_1_645' title='bbox 1308 1469 1466 1496; x_wconf 59' lang='lat' dir='ltr'><strong>damascinn</strong></span> <span class='ocrx_word' id='word_1_646' title='bbox 1486 1468 1547 1494; x_wconf 87' lang='lat' dir='ltr'><strong>albo</strong></span> <span class='ocrx_word' id='word_1_647' title='bbox 1567 1467 1600 1494; x_wconf 91' lang='lat' dir='ltr'><strong>de</strong></span> <span class='ocrx_word' id='word_1_648' title='bbox 1615 1474 1680 1493; x_wconf 87' lang='lat' dir='ltr'><strong>auro</strong></span> <span class='ocrx_word' id='word_1_649' title='bbox 1692 1473 1751 1492; x_wconf 87' lang='lat' dir='ltr'><strong>cum</strong></span> 
     </span>
    </p>
   </div>
   <div class='ocr_carea' id='block_1_92' title="bbox 961 1514 1752 1552">
    <p class='ocr_par' dir='ltr' id='par_1_92' title="bbox 961 1514 1752 1552">
     <span class='ocr_line' id='line_1_92' title="bbox 961 1514 1752 1552; baseline -0.009 -7"><span class='ocrx_word' id='word_1_650' title='bbox 961 1527 1014 1545; x_wconf 89' lang='lat' dir='ltr'><strong>una</strong></span> <span class='ocrx_word' id='word_1_651' title='bbox 1027 1520 1095 1552; x_wconf 73' lang='lat' dir='ltr'><strong>potia</strong></span> <span class='ocrx_word' id='word_1_652' title='bbox 1109 1523 1239 1545; x_wconf 78' lang='lat' dir='ltr'><strong>rccamata</strong></span> <span class='ocrx_word' id='word_1_653' title='bbox 1256 1519 1288 1544; x_wconf 84' lang='lat' dir='ltr'><strong>dc</strong></span> <span class='ocrx_word' id='word_1_654' title='bbox 1305 1518 1387 1552; x_wconf 68' lang='lat' dir='ltr'><strong>lignra</strong></span> <span class='ocrx_word' id='word_1_655' title='bbox 1406 1517 1434 1543; x_wconf 86' lang='lat' dir='ltr'><strong>S.</strong></span> <span class='ocrx_word' id='word_1_656' title='bbox 1452 1515 1574 1547; x_wconf 69' lang='lat' dir='ltr'><strong>Georgii;</strong></span> <span class='ocrx_word' id='word_1_657' title='bbox 1590 1514 1652 1540; x_wconf 71' lang='lat' dir='ltr'><strong>item</strong></span> <span class='ocrx_word' id='word_1_658' title='bbox 1669 1520 1752 1539; x_wconf 86' lang='lat' dir='ltr'><strong>unum</strong></span> 
     </span>
    </p>
   </div>
   <div class='ocr_carea' id='block_1_93' title="bbox 962 1559 1752 1597">
    <p class='ocr_par' dir='ltr' id='par_1_93' title="bbox 962 1559 1752 1597">
     <span class='ocr_line' id='line_1_93' title="bbox 962 1559 1752 1597; baseline -0.008 -8"><span class='ocrx_word' id='word_1_659' title='bbox 962 1563 1133 1590; x_wconf 82' lang='lat' dir='ltr'><strong>tliuribulum</strong></span> <span class='ocrx_word' id='word_1_660' title='bbox 1159 1567 1317 1597; x_wconf 74' lang='lat' dir='ltr'><strong>argenteum</strong></span> <span class='ocrx_word' id='word_1_661' title='bbox 1339 1563 1467 1596; x_wconf 82' lang='lat' dir='ltr'><strong>ponderis</strong></span> <span class='ocrx_word' id='word_1_662' title='bbox 1490 1561 1619 1586; x_wconf 85' lang='lat' dir='ltr'><strong>librarum</strong></span> <span class='ocrx_word' id='word_1_663' title='bbox 1638 1559 1752 1586; x_wconf 88' lang='lat' dir='ltr'><strong>duarum</strong></span> 
     </span>
    </p>
   </div>
   <div class='ocr_carea' id='block_1_94' title="bbox 962 1605 1755 1644">
    <p class='ocr_par' dir='ltr' id='par_1_94' title="bbox 962 1605 1755 1644">
     <span class='ocr_line' id='line_1_94' title="bbox 962 1605 1755 1644; baseline -0.003 -9"><span class='ocrx_word' id='word_1_664' title='bbox 962 1610 1105 1636; x_wconf 85' lang='lat' dir='ltr'><strong>unciarum</strong></span> <span class='ocrx_word' id='word_1_665' title='bbox 1127 1615 1245 1644; x_wconf 81' lang='lat' dir='ltr'><strong>septem:</strong></span> <span class='ocrx_word' id='word_1_666' title='bbox 1263 1609 1327 1636; x_wconf 88' lang='lat' dir='ltr'><strong>item</strong></span> <span class='ocrx_word' id='word_1_667' title='bbox 1346 1611 1412 1635; x_wconf 81' lang='lat' dir='ltr'><strong>duas</strong></span> <span class='ocrx_word' id='word_1_668' title='bbox 1430 1607 1544 1634; x_wconf 84' lang='lat' dir='ltr'><strong>tobalias</strong></span> <span class='ocrx_word' id='word_1_669' title='bbox 1558 1606 1644 1633; x_wconf 80' lang='lat' dir='ltr'><strong>bonas</strong></span> <span class='ocrx_word' id='word_1_670' title='bbox 1660 1605 1755 1639; x_wconf 74' lang='lat' dir='ltr'><strong>longas</strong></span> 
     </span>
    </p>
   </div>
   <div class='ocr_carea' id='block_1_95' title="bbox 962 1654 1558 1690">
    <p class='ocr_par' dir='ltr' id='par_1_95' title="bbox 962 1654 1558 1690">
     <span class='ocr_line' id='line_1_95' title="bbox 962 1654 1558 1690; baseline -0.005 -7"><span class='ocrx_word' id='word_1_671' title='bbox 962 1657 1100 1683; x_wconf 88' lang='lat' dir='ltr'><strong>laboratas</strong></span> <span class='ocrx_word' id='word_1_672' title='bbox 1117 1657 1204 1683; x_wconf 83' lang='lat' dir='ltr'><strong>serico</strong></span> <span class='ocrx_word' id='word_1_673' title='bbox 1221 1663 1269 1690; x_wconf 91' lang='lat' dir='ltr'><strong>pro</strong></span> <span class='ocrx_word' id='word_1_674' title='bbox 1279 1655 1460 1690; x_wconf 81' lang='lat' dir='ltr'><strong>coopcriemlo</strong></span> <span class='ocrx_word' id='word_1_675' title='bbox 1478 1654 1558 1688; x_wconf 75' lang='lat' dir='ltr'><strong>legio.</strong></span> 
     </span>
    </p>
   </div>
   <div class='ocr_carea' id='block_1_96' title="bbox 999 1699 1752 1735">
    <p class='ocr_par' dir='ltr' id='par_1_96' title="bbox 999 1699 1752 1735">
     <span class='ocr_line' id='line_1_96' title="bbox 999 1699 1752 1735; baseline -0.005 -7"><span class='ocrx_word' id='word_1_676' title='bbox 999 1702 1141 1729; x_wconf 75' lang='lat' dir='ltr'><strong>Postremo</strong></span> <span class='ocrx_word' id='word_1_677' title='bbox 1159 1703 1257 1729; x_wconf 84' lang='lat' dir='ltr'><strong>damus</strong></span> <span class='ocrx_word' id='word_1_678' title='bbox 1279 1702 1366 1729; x_wconf 84' lang='lat' dir='ltr'><strong>eidem</strong></span> <span class='ocrx_word' id='word_1_679' title='bbox 1387 1700 1497 1735; x_wconf 76' lang='lat' dir='ltr'><strong>capella:</strong></span> <span class='ocrx_word' id='word_1_680' title='bbox 1518 1707 1550 1727; x_wconf 80' lang='lat' dir='ltr'><strong>ex</strong></span> <span class='ocrx_word' id='word_1_681' title='bbox 1572 1706 1643 1726; x_wconf 88' lang='lat' dir='ltr'><strong>nunc</strong></span> <span class='ocrx_word' id='word_1_682' title='bbox 1670 1699 1752 1725; x_wconf 79' lang='lat' dir='ltr'><strong>dna-</strong></span> 
     </span>
    </p>
   </div>
   <div class='ocr_carea' id='block_1_97' title="bbox 964 1746 1753 1783">
    <p class='ocr_par' dir='ltr' id='par_1_97' title="bbox 964 1746 1753 1783">
     <span class='ocr_line' id='line_1_97' title="bbox 964 1746 1753 1783; baseline -0.005 -8"><span class='ocrx_word' id='word_1_683' title='bbox 964 1749 1037 1776; x_wconf 84' lang='lat' dir='ltr'><strong>lione</strong></span> <span class='ocrx_word' id='word_1_684' title='bbox 1054 1757 1114 1783; x_wconf 73' lang='lat' dir='ltr'><strong>qua:</strong></span> <span class='ocrx_word' id='word_1_685' title='bbox 1142 1749 1171 1776; x_wconf 90' lang='lat' dir='ltr'><strong>lit</strong></span> <span class='ocrx_word' id='word_1_686' title='bbox 1193 1749 1264 1775; x_wconf 80' lang='lat' dir='ltr'><strong>inter</strong></span> <span class='ocrx_word' id='word_1_687' title='bbox 1284 1749 1359 1774; x_wconf 75' lang='lat' dir='ltr'><strong>vivos</strong></span> <span class='ocrx_word' id='word_1_688' title='bbox 1376 1749 1444 1774; x_wconf 88' lang='lat' dir='ltr'><strong>bona</strong></span> <span class='ocrx_word' id='word_1_689' title='bbox 1470 1746 1641 1780; x_wconf 80' lang='lat' dir='ltr'><strong>infrascripta</strong></span> <span class='ocrx_word' id='word_1_690' title='bbox 1673 1746 1753 1782; x_wconf 65' lang='grc'><strong>148</strong></span> 
     </span>
    </p>
   </div>
   <div class='ocr_carea' id='block_1_98' title="bbox 963 1791 1753 1830">
    <p class='ocr_par' dir='ltr' id='par_1_98' title="bbox 963 1791 1753 1830">
     <span class='ocr_line' id='line_1_98' title="bbox 963 1791 1753 1830; baseline -0.004 -10"><span class='ocrx_word' id='word_1_691' title='bbox 963 1803 1077 1830; x_wconf 88' lang='lat' dir='ltr'><strong>quorum</strong></span> <span class='ocrx_word' id='word_1_692' title='bbox 1098 1802 1176 1821; x_wconf 86' lang='lat' dir='ltr'><strong>usum</strong></span> <span class='ocrx_word' id='word_1_693' title='bbox 1204 1793 1281 1821; x_wconf 83' lang='lat' dir='ltr'><strong>nobis</strong></span> <span class='ocrx_word' id='word_1_694' title='bbox 1297 1801 1470 1820; x_wconf 77' lang='lat' dir='ltr'><strong>reservamus</strong></span> <span class='ocrx_word' id='word_1_695' title='bbox 1495 1799 1638 1826; x_wconf 67' lang='lat' dir='ltr'><strong>Quousque</strong></span> <span class='ocrx_word' id='word_1_696' title='bbox 1652 1791 1753 1819; x_wconf 79' lang='lat' dir='ltr'><strong>vixeri-</strong></span> 
     </span>
    </p>
   </div>
   <div class='ocr_carea' id='block_1_99' title="bbox 964 1838 1754 1875">
    <p class='ocr_par' dir='ltr' id='par_1_99' title="bbox 964 1838 1754 1875">
     <span class='ocr_line' id='line_1_99' title="bbox 964 1838 1754 1875; baseline -0.004 -8"><span class='ocrx_word' id='word_1_697' title='bbox 964 1849 1036 1872; x_wconf 82' lang='lat' dir='ltr'><strong>mus,</strong></span> <span class='ocrx_word' id='word_1_698' title='bbox 1052 1840 1194 1867; x_wconf 77' lang='lat' dir='ltr'><strong>videlicet:</strong></span> <span class='ocrx_word' id='word_1_699' title='bbox 1208 1841 1233 1866; x_wconf 91' lang='lat' dir='ltr'><strong>in</strong></span> <span class='ocrx_word' id='word_1_700' title='bbox 1253 1840 1348 1875; x_wconf 87' lang='lat' dir='ltr'><strong>primis</strong></span> <span class='ocrx_word' id='word_1_701' title='bbox 1362 1839 1494 1866; x_wconf 85' lang='lat' dir='ltr'><strong>donamus</strong></span> <span class='ocrx_word' id='word_1_702' title='bbox 1505 1839 1574 1866; x_wconf 84' lang='lat' dir='ltr'><strong>inter</strong></span> <span class='ocrx_word' id='word_1_703' title='bbox 1588 1839 1662 1865; x_wconf 86' lang='lat' dir='ltr'><strong>vivos</strong></span> <span class='ocrx_word' id='word_1_704' title='bbox 1675 1838 1754 1864; x_wconf 78' lang='lat' dir='ltr'><strong>dicta:</strong></span> 
     </span>
    </p>
   </div>
   <div class='ocr_carea' id='block_1_100' title="bbox 963 1885 1753 1922">
    <p class='ocr_par' dir='ltr' id='par_1_100' title="bbox 963 1885 1753 1922">
     <span class='ocr_line' id='line_1_100' title="bbox 963 1885 1753 1922; baseline -0.008 -7"><span class='ocrx_word' id='word_1_705' title='bbox 963 1888 1070 1922; x_wconf 77' lang='lat' dir='ltr'><strong>capella:</strong></span> <span class='ocrx_word' id='word_1_706' title='bbox 1080 1887 1237 1914; x_wconf 85' lang='lat' dir='ltr'><strong>naviccllam</strong></span> <span class='ocrx_word' id='word_1_707' title='bbox 1253 1892 1279 1914; x_wconf 88' lang='lat' dir='ltr'><strong>ct</strong></span> <span class='ocrx_word' id='word_1_708' title='bbox 1290 1894 1336 1912; x_wconf 84' lang='lat' dir='ltr'><strong>vas</strong></span> <span class='ocrx_word' id='word_1_709' title='bbox 1352 1890 1506 1919; x_wconf 58' lang='lat' dir='ltr'><strong>argenteum</strong></span> <span class='ocrx_word' id='word_1_710' title='bbox 1522 1893 1569 1919; x_wconf 88' lang='lat' dir='ltr'><strong>pro</strong></span> <span class='ocrx_word' id='word_1_711' title='bbox 1584 1892 1652 1919; x_wconf 85' lang='lat' dir='ltr'><strong>aqua</strong></span> <span class='ocrx_word' id='word_1_712' title='bbox 1671 1885 1753 1910; x_wconf 66' lang='lat' dir='ltr'><strong>benc-</strong></span> 
     </span>
    </p>
   </div>
   <div class='ocr_carea' id='block_1_101' title="bbox 965 1929 1753 1968">
    <p class='ocr_par' dir='ltr' id='par_1_101' title="bbox 965 1929 1753 1968">
     <span class='ocr_line' id='line_1_101' title="bbox 965 1929 1753 1968; baseline -0.008 -7"><span class='ocrx_word' id='word_1_713' title='bbox 965 1935 1036 1962; x_wconf 87' lang='lat' dir='ltr'><strong>dicla</strong></span> <span class='ocrx_word' id='word_1_714' title='bbox 1050 1942 1111 1961; x_wconf 85' lang='lat' dir='ltr'><strong>cum</strong></span> <span class='ocrx_word' id='word_1_715' title='bbox 1131 1941 1178 1960; x_wconf 80' lang='lat' dir='ltr'><strong>suo</strong></span> <span class='ocrx_word' id='word_1_716' title='bbox 1197 1933 1374 1968; x_wconf 72' lang='lat' dir='ltr'><strong>aspcrsorio;</strong></span> <span class='ocrx_word' id='word_1_717' title='bbox 1394 1933 1457 1959; x_wconf 77' lang='lat' dir='ltr'><strong>item</strong></span> <span class='ocrx_word' id='word_1_718' title='bbox 1480 1931 1531 1958; x_wconf 90' lang='lat' dir='ltr'><strong>duo</strong></span> <span class='ocrx_word' id='word_1_719' title='bbox 1549 1930 1710 1958; x_wconf 87' lang='lat' dir='ltr'><strong>candelabra</strong></span> <span class='ocrx_word' id='word_1_720' title='bbox 1722 1929 1753 1955; x_wconf 87' lang='lat' dir='ltr'><strong>de</strong></span> 
     </span>
    </p>
   </div>
   <div class='ocr_carea' id='block_1_102' title="bbox 965 1975 1752 2014">
    <p class='ocr_par' dir='ltr' id='par_1_102' title="bbox 965 1975 1752 2014">
     <span class='ocr_line' id='line_1_102' title="bbox 965 1975 1752 2014; baseline -0.006 -8"><span class='ocrx_word' id='word_1_721' title='bbox 965 1980 1068 2014; x_wconf 69' lang='lat' dir='ltr'><strong>capella</strong></span> <span class='ocrx_word' id='word_1_722' title='bbox 1091 1984 1182 2006; x_wconf 90' lang='lat' dir='ltr'><strong>nostra</strong></span> <span class='ocrx_word' id='word_1_723' title='bbox 1207 1987 1268 2005; x_wconf 87' lang='lat' dir='ltr'><strong>cntn</strong></span> <span class='ocrx_word' id='word_1_724' title='bbox 1289 1978 1371 2005; x_wconf 85' lang='lat' dir='ltr'><strong>armis</strong></span> <span class='ocrx_word' id='word_1_725' title='bbox 1392 1977 1502 2007; x_wconf 76' lang='lat' dir='ltr'><strong>nostris.</strong></span> <span class='ocrx_word' id='word_1_726' title='bbox 1525 1976 1622 2009; x_wconf 84' lang='lat' dir='ltr'><strong>quibus</strong></span> <span class='ocrx_word' id='word_1_727' title='bbox 1651 1975 1752 2002; x_wconf 87' lang='lat' dir='ltr'><strong>tttimttr</strong></span> 
     </span>
    </p>
   </div>
   <div class='ocr_carea' id='block_1_103' title="bbox 966 2023 1754 2059">
    <p class='ocr_par' dir='ltr' id='par_1_103' title="bbox 966 2023 1754 2059">
     <span class='ocr_line' id='line_1_103' title="bbox 966 2023 1754 2059; baseline -0.005 -7"><span class='ocrx_word' id='word_1_728' title='bbox 966 2026 992 2052; x_wconf 92' lang='lat' dir='ltr'><strong>in</strong></span> <span class='ocrx_word' id='word_1_729' title='bbox 1006 2026 1098 2053; x_wconf 81' lang='lat' dir='ltr'><strong>cadent</strong></span> <span class='ocrx_word' id='word_1_730' title='bbox 1112 2026 1192 2058; x_wconf 87' lang='lat' dir='ltr'><strong>;item</strong></span> <span class='ocrx_word' id='word_1_731' title='bbox 1208 2033 1324 2059; x_wconf 86' lang='lat' dir='ltr'><strong>pannum</strong></span> <span class='ocrx_word' id='word_1_732' title='bbox 1339 2025 1372 2051; x_wconf 84' lang='lat' dir='ltr'><strong>de</strong></span> <span class='ocrx_word' id='word_1_733' title='bbox 1390 2025 1481 2051; x_wconf 84' lang='lat' dir='ltr'><strong>veluto</strong></span> <span class='ocrx_word' id='word_1_734' title='bbox 1494 2023 1688 2055; x_wconf 74' lang='lat' dir='ltr'><strong>Alexandrino,</strong></span> <span class='ocrx_word' id='word_1_735' title='bbox 1704 2030 1754 2055; x_wconf 77' lang='lat' dir='ltr'><strong>quo</strong></span> 
     </span>
    </p>
   </div>
   <div class='ocr_carea' id='block_1_104' title="bbox 966 2069 1753 2105">
    <p class='ocr_par' dir='ltr' id='par_1_104' title="bbox 966 2069 1753 2105">
     <span class='ocr_line' id='line_1_104' title="bbox 966 2069 1753 2105; baseline -0.005 -7"><span class='ocrx_word' id='word_1_736' title='bbox 966 2072 1068 2099; x_wconf 90' lang='lat' dir='ltr'><strong>utimur</strong></span> <span class='ocrx_word' id='word_1_737' title='bbox 1084 2072 1108 2098; x_wconf 89' lang='lat' dir='ltr'><strong>in</strong></span> <span class='ocrx_word' id='word_1_738' title='bbox 1125 2071 1225 2105; x_wconf 65' lang='lat' dir='ltr'><strong>capella</strong></span> <span class='ocrx_word' id='word_1_739' title='bbox 1239 2075 1330 2097; x_wconf 85' lang='lat' dir='ltr'><strong>nostra</strong></span> <span class='ocrx_word' id='word_1_740' title='bbox 1356 2074 1421 2097; x_wconf 83' lang='lat' dir='ltr'><strong>ante</strong></span> <span class='ocrx_word' id='word_1_741' title='bbox 1436 2070 1533 2102; x_wconf 75' lang='lat' dir='ltr'><strong>altare,</strong></span> <span class='ocrx_word' id='word_1_742' title='bbox 1549 2074 1574 2095; x_wconf 88' lang='lat' dir='ltr'><strong>et</strong></span> <span class='ocrx_word' id='word_1_743' title='bbox 1594 2069 1753 2103; x_wconf 88' lang='lat' dir='ltr'><strong>snperpelli-</strong></span> 
     </span>
    </p>
   </div>
   <div class='ocr_carea' id='block_1_105' title="bbox 967 2115 1754 2151">
    <p class='ocr_par' dir='ltr' id='par_1_105' title="bbox 967 2115 1754 2151">
     <span class='ocr_line' id='line_1_105' title="bbox 967 2115 1754 2151; baseline -0.005 -6"><span class='ocrx_word' id='word_1_744' title='bbox 967 2125 1059 2150; x_wconf 88' lang='lat' dir='ltr'><strong>ccum;</strong></span> <span class='ocrx_word' id='word_1_745' title='bbox 1080 2117 1143 2144; x_wconf 86' lang='lat' dir='ltr'><strong>item</strong></span> <span class='ocrx_word' id='word_1_746' title='bbox 1163 2117 1216 2143; x_wconf 88' lang='lat' dir='ltr'><strong>duo</strong></span> <span class='ocrx_word' id='word_1_747' title='bbox 1232 2115 1352 2143; x_wconf 82' lang='lat' dir='ltr'><strong>bauralia</strong></span> <span class='ocrx_word' id='word_1_748' title='bbox 1378 2116 1412 2143; x_wconf 86' lang='lat' dir='ltr'><strong>de</strong></span> <span class='ocrx_word' id='word_1_749' title='bbox 1435 2123 1525 2151; x_wconf 86' lang='lat' dir='ltr'><strong>panno</strong></span> <span class='ocrx_word' id='word_1_750' title='bbox 1541 2115 1575 2142; x_wconf 87' lang='lat' dir='ltr'><strong>de</strong></span> <span class='ocrx_word' id='word_1_751' title='bbox 1592 2115 1677 2150; x_wconf 76' lang='lat' dir='ltr'><strong>ratgia</strong></span> <span class='ocrx_word' id='word_1_752' title='bbox 1696 2122 1754 2149; x_wconf 71' lang='lat' dir='ltr'><strong>qua:</strong></span> 
     </span>
    </p>
   </div>
   <div class='ocr_carea' id='block_1_106' title="bbox 971 2161 1754 2196">
    <p class='ocr_par' dir='ltr' id='par_1_106' title="bbox 971 2161 1754 2196">
     <span class='ocr_line' id='line_1_106' title="bbox 971 2161 1754 2196; baseline -0.005 -5"><span class='ocrx_word' id='word_1_753' title='bbox 971 2163 1074 2191; x_wconf 85' lang='lat' dir='ltr'><strong>habent</strong></span> <span class='ocrx_word' id='word_1_754' title='bbox 1090 2162 1141 2189; x_wconf 91' lang='lat' dir='ltr'><strong>SS.</strong></span> <span class='ocrx_word' id='word_1_755' title='bbox 1166 2163 1361 2196; x_wconf 73' lang='lat' dir='ltr'><strong>Apostolos,tt</strong></span> <span class='ocrx_word' id='word_1_756' title='bbox 1382 2162 1449 2188; x_wconf 87' lang='lat' dir='ltr'><strong>alios</strong></span> <span class='ocrx_word' id='word_1_757' title='bbox 1473 2167 1590 2196; x_wconf 86' lang='lat' dir='ltr'><strong>quatuor</strong></span> <span class='ocrx_word' id='word_1_758' title='bbox 1608 2169 1711 2196; x_wconf 86' lang='lat' dir='ltr'><strong>pannos</strong></span> <span class='ocrx_word' id='word_1_759' title='bbox 1724 2161 1754 2188; x_wconf 87' lang='lat' dir='ltr'><strong>de</strong></span> 
     </span>
    </p>
   </div>
   <div class='ocr_carea' id='block_1_107' title="bbox 973 2207 1753 2244">
    <p class='ocr_par' dir='ltr' id='par_1_107' title="bbox 973 2207 1753 2244">
     <span class='ocr_line' id='line_1_107' title="bbox 973 2207 1753 2244; baseline -0.006 -8"><span class='ocrx_word' id='word_1_760' title='bbox 973 2209 1057 2244; x_wconf 77' lang='lat' dir='ltr'><strong>ralgia</strong></span> <span class='ocrx_word' id='word_1_761' title='bbox 1076 2215 1182 2242; x_wconf 83' lang='lat' dir='ltr'><strong>parvos,</strong></span> <span class='ocrx_word' id='word_1_762' title='bbox 1195 2215 1310 2243; x_wconf 91' lang='lat' dir='ltr'><strong>quorum</strong></span> <span class='ocrx_word' id='word_1_763' title='bbox 1321 2212 1375 2235; x_wconf 81' lang='lat' dir='ltr'><strong>tres</strong></span> <span class='ocrx_word' id='word_1_764' title='bbox 1390 2207 1491 2235; x_wconf 88' lang='lat' dir='ltr'><strong>habent</strong></span> <span class='ocrx_word' id='word_1_765' title='bbox 1504 2207 1753 2237; x_wconf 85' lang='lat' dir='ltr'><strong>Annuntiationem.</strong></span> 
     </span>
    </p>
   </div>
   <div class='ocr_carea' id='block_1_108' title="bbox 966 2252 1753 2290">
    <p class='ocr_par' dir='ltr' id='par_1_108' title="bbox 966 2252 1753 2290">
     <span class='ocr_line' id='line_1_108' title="bbox 966 2252 1753 2290; baseline -0.004 -9"><span class='ocrx_word' id='word_1_766' title='bbox 966 2260 1080 2290; x_wconf 84' lang='lat' dir='ltr'><strong>quartus</strong></span> <span class='ocrx_word' id='word_1_767' title='bbox 1098 2261 1162 2280; x_wconf 88' lang='lat' dir='ltr'><strong>vero</strong></span> <span class='ocrx_word' id='word_1_768' title='bbox 1181 2253 1366 2286; x_wconf 78' lang='lat' dir='ltr'><strong>Crucitixum;</strong></span> <span class='ocrx_word' id='word_1_769' title='bbox 1384 2254 1446 2280; x_wconf 87' lang='lat' dir='ltr'><strong>item</strong></span> <span class='ocrx_word' id='word_1_770' title='bbox 1472 2258 1577 2287; x_wconf 89' lang='lat' dir='ltr'><strong>tapetos</strong></span> <span class='ocrx_word' id='word_1_771' title='bbox 1596 2257 1668 2285; x_wconf 76' lang='lat' dir='ltr'><strong>tres;</strong></span> <span class='ocrx_word' id='word_1_772' title='bbox 1692 2252 1753 2279; x_wconf 51' lang='lat' dir='ltr'><strong>item</strong></span> 
     </span>
    </p>
   </div>
   <div class='ocr_carea' id='block_1_109' title="bbox 967 2299 1755 2334">
    <p class='ocr_par' dir='ltr' id='par_1_109' title="bbox 967 2299 1755 2334">
     <span class='ocr_line' id='line_1_109' title="bbox 967 2299 1755 2334; baseline -0.004 -6"><span class='ocrx_word' id='word_1_773' title='bbox 967 2303 1022 2329; x_wconf 85' lang='lat' dir='ltr'><strong>duo</strong></span> <span class='ocrx_word' id='word_1_774' title='bbox 1036 2301 1198 2328; x_wconf 85' lang='lat' dir='ltr'><strong>candelabra</strong></span> <span class='ocrx_word' id='word_1_775' title='bbox 1219 2308 1315 2334; x_wconf 73' lang='lat' dir='ltr'><strong>magna</strong></span> <span class='ocrx_word' id='word_1_776' title='bbox 1341 2299 1445 2332; x_wconf 82' lang='lat' dir='ltr'><strong>ferrea;</strong></span> <span class='ocrx_word' id='word_1_777' title='bbox 1465 2300 1528 2326; x_wconf 88' lang='lat' dir='ltr'><strong>item</strong></span> <span class='ocrx_word' id='word_1_778' title='bbox 1554 2300 1606 2325; x_wconf 88' lang='lat' dir='ltr'><strong>duo</strong></span> <span class='ocrx_word' id='word_1_779' title='bbox 1627 2299 1678 2325; x_wconf 87' lang='lat' dir='ltr'><strong>alia</strong></span> <span class='ocrx_word' id='word_1_780' title='bbox 1696 2306 1755 2326; x_wconf 83' lang='lat' dir='ltr'><strong>cau-</strong></span> 
     </span>
    </p>
   </div>
   <div class='ocr_carea' id='block_1_110' title="bbox 968 2345 1755 2382">
    <p class='ocr_par' dir='ltr' id='par_1_110' title="bbox 968 2345 1755 2382">
     <span class='ocr_line' id='line_1_110' title="bbox 968 2345 1755 2382; baseline -0.006 -5"><span class='ocrx_word' id='word_1_781' title='bbox 968 2350 1076 2377; x_wconf 86' lang='lat' dir='ltr'><strong>dclabra</strong></span> <span class='ocrx_word' id='word_1_782' title='bbox 1095 2348 1197 2382; x_wconf 87' lang='lat' dir='ltr'><strong>majora</strong></span> <span class='ocrx_word' id='word_1_783' title='bbox 1212 2351 1238 2374; x_wconf 86' lang='lat' dir='ltr'><strong>et</strong></span> <span class='ocrx_word' id='word_1_784' title='bbox 1252 2347 1374 2382; x_wconf 77' lang='lat' dir='ltr'><strong>longiora</strong></span> <span class='ocrx_word' id='word_1_785' title='bbox 1388 2347 1420 2374; x_wconf 85' lang='lat' dir='ltr'><strong>de</strong></span> <span class='ocrx_word' id='word_1_786' title='bbox 1436 2351 1560 2382; x_wconf 79' lang='lat' dir='ltr'><strong>argento;</strong></span> <span class='ocrx_word' id='word_1_787' title='bbox 1578 2346 1646 2373; x_wconf 87' lang='lat' dir='ltr'><strong>duos</strong></span> <span class='ocrx_word' id='word_1_788' title='bbox 1661 2345 1755 2373; x_wconf 87' lang='lat' dir='ltr'><strong>calices</strong></span> 
     </span>
    </p>
   </div>
   <div class='ocr_carea' id='block_1_111' title="bbox 968 2392 1755 2429">
    <p class='ocr_par' dir='ltr' id='par_1_111' title="bbox 968 2392 1755 2429">
     <span class='ocr_line' id='line_1_111' title="bbox 968 2392 1755 2429; baseline -0.008 -5"><span class='ocrx_word' id='word_1_789' title='bbox 968 2402 997 2424; x_wconf 81' lang='lat' dir='ltr'><strong>et</strong></span> <span class='ocrx_word' id='word_1_790' title='bbox 1026 2395 1096 2422; x_wconf 77' lang='lat' dir='ltr'><strong>duas</strong></span> <span class='ocrx_word' id='word_1_791' title='bbox 1125 2399 1247 2429; x_wconf 85' lang='lat' dir='ltr'><strong>patcnas,</strong></span> <span class='ocrx_word' id='word_1_792' title='bbox 1264 2401 1380 2428; x_wconf 87' lang='lat' dir='ltr'><strong>quorum</strong></span> <span class='ocrx_word' id='word_1_793' title='bbox 1412 2394 1498 2427; x_wconf 88' lang='lat' dir='ltr'><strong>major</strong></span> <span class='ocrx_word' id='word_1_794' title='bbox 1528 2393 1659 2426; x_wconf 86' lang='lat' dir='ltr'><strong>ponderat</strong></span> <span class='ocrx_word' id='word_1_795' title='bbox 1676 2392 1755 2418; x_wconf 85' lang='lat' dir='ltr'><strong>libras</strong></span> 
     </span>
    </p>
   </div>
   <div class='ocr_carea' id='block_1_112' title="bbox 969 2438 1755 2475">
    <p class='ocr_par' dir='ltr' id='par_1_112' title="bbox 969 2438 1755 2475">
     <span class='ocr_line' id='line_1_112' title="bbox 969 2438 1755 2475; baseline -0.005 -7"><span class='ocrx_word' id='word_1_796' title='bbox 969 2442 1056 2474; x_wconf 85' lang='lat' dir='ltr'><strong>duas;</strong></span> <span class='ocrx_word' id='word_1_797' title='bbox 1079 2440 1200 2475; x_wconf 85' lang='lat' dir='ltr'><strong>planetas</strong></span> <span class='ocrx_word' id='word_1_798' title='bbox 1221 2445 1350 2474; x_wconf 76' lang='lat' dir='ltr'><strong>quatuor,</strong></span> <span class='ocrx_word' id='word_1_799' title='bbox 1371 2439 1497 2466; x_wconf 79' lang='lat' dir='ltr'><strong>videlicet</strong></span> <span class='ocrx_word' id='word_1_800' title='bbox 1520 2446 1602 2465; x_wconf 90' lang='lat' dir='ltr'><strong>unam</strong></span> <span class='ocrx_word' id='word_1_801' title='bbox 1622 2438 1711 2464; x_wconf 89' lang='lat' dir='ltr'><strong>albam</strong></span> <span class='ocrx_word' id='word_1_802' title='bbox 1725 2438 1755 2464; x_wconf 88' lang='lat' dir='ltr'><strong>dc</strong></span> 
     </span>
    </p>
   </div>
   <div class='ocr_carea' id='block_1_113' title="bbox 971 2484 1755 2520">
    <p class='ocr_par' dir='ltr' id='par_1_113' title="bbox 971 2484 1755 2520">
     <span class='ocr_line' id='line_1_113' title="bbox 971 2484 1755 2520; baseline -0.008 -5"><span class='ocrx_word' id='word_1_803' title='bbox 971 2487 1129 2515; x_wconf 82' lang='lat' dir='ltr'><strong>damasciuo</strong></span> <span class='ocrx_word' id='word_1_804' title='bbox 1149 2485 1278 2520; x_wconf 88' lang='lat' dir='ltr'><strong>simplici,</strong></span> <span class='ocrx_word' id='word_1_805' title='bbox 1304 2485 1383 2512; x_wconf 89' lang='lat' dir='ltr'><strong>aliam</strong></span> <span class='ocrx_word' id='word_1_806' title='bbox 1400 2484 1585 2519; x_wconf 79' lang='lat' dir='ltr'><strong>paronatziam</strong></span> <span class='ocrx_word' id='word_1_807' title='bbox 1602 2484 1636 2511; x_wconf 86' lang='lat' dir='ltr'><strong>de</strong></span> <span class='ocrx_word' id='word_1_808' title='bbox 1650 2485 1755 2510; x_wconf 86' lang='lat' dir='ltr'><strong>(lamas-</strong></span> 
     </span>
    </p>
   </div>
   <div class='ocr_carea' id='block_1_114' title="bbox 971 2530 1754 2566">
    <p class='ocr_par' dir='ltr' id='par_1_114' title="bbox 971 2530 1754 2566">
     <span class='ocr_line' id='line_1_114' title="bbox 971 2530 1754 2566; baseline -0.006 -5"><span class='ocrx_word' id='word_1_809' title='bbox 971 2533 1033 2562; x_wconf 86' lang='lat' dir='ltr'><strong>cino</strong></span> <span class='ocrx_word' id='word_1_810' title='bbox 1053 2532 1168 2566; x_wconf 87' lang='lat' dir='ltr'><strong>simplici</strong></span> <span class='ocrx_word' id='word_1_811' title='bbox 1185 2541 1191 2564; x_wconf 84' lang='lat'>;</span> <span class='ocrx_word' id='word_1_812' title='bbox 1210 2531 1289 2557; x_wconf 88' lang='lat' dir='ltr'><strong>aliam</strong></span> <span class='ocrx_word' id='word_1_813' title='bbox 1305 2531 1414 2558; x_wconf 83' lang='lat' dir='ltr'><strong>celestri</strong></span> <span class='ocrx_word' id='word_1_814' title='bbox 1439 2530 1497 2565; x_wconf 71' lang='lat' dir='ltr'><strong>(sic)</strong></span> <span class='ocrx_word' id='word_1_815' title='bbox 1516 2530 1615 2557; x_wconf 83' lang='lat' dir='ltr'><strong>coloris</strong></span> <span class='ocrx_word' id='word_1_816' title='bbox 1634 2531 1665 2556; x_wconf 76' lang='lat' dir='ltr'><strong>ile</strong></span> <span class='ocrx_word' id='word_1_817' title='bbox 1685 2535 1754 2562; x_wconf 87' lang='lat' dir='ltr'><strong>seta;</strong></span> 
     </span>
    </p>
   </div>
   <div class='ocr_carea' id='block_1_115' title="bbox 971 2576 1755 2609">
    <p class='ocr_par' dir='ltr' id='par_1_115' title="bbox 971 2576 1755 2609">
     <span class='ocr_line' id='line_1_115' title="bbox 971 2576 1755 2609; baseline -0.005 -2"><span class='ocrx_word' id='word_1_818' title='bbox 971 2581 1050 2608; x_wconf 86' lang='lat' dir='ltr'><strong>aliam</strong></span> <span class='ocrx_word' id='word_1_819' title='bbox 1066 2581 1098 2606; x_wconf 87' lang='lat' dir='ltr'><strong>de</strong></span> <span class='ocrx_word' id='word_1_820' title='bbox 1113 2584 1169 2606; x_wconf 87' lang='lat' dir='ltr'><strong>seta</strong></span> <span class='ocrx_word' id='word_1_821' title='bbox 1186 2578 1284 2606; x_wconf 89' lang='lat' dir='ltr'><strong>coloris</strong></span> <span class='ocrx_word' id='word_1_822' title='bbox 1300 2578 1365 2604; x_wconf 86' lang='lat' dir='ltr'><strong>varii</strong></span> <span class='ocrx_word' id='word_1_823' title='bbox 1382 2585 1442 2604; x_wconf 92' lang='lat' dir='ltr'><strong>cum</strong></span> <span class='ocrx_word' id='word_1_824' title='bbox 1468 2576 1595 2609; x_wconf 82' lang='lat' dir='ltr'><strong>ﬂoribus;</strong></span> <span class='ocrx_word' id='word_1_825' title='bbox 1610 2577 1755 2604; x_wconf 76' lang='lat' dir='ltr'><strong>albasduss</strong></span> 
     </span>
    </p>
   </div>
   <div class='ocr_carea' id='block_1_116' title="bbox 971 2624 1753 2659">
    <p class='ocr_par' dir='ltr' id='par_1_116' title="bbox 971 2624 1753 2659">
     <span class='ocr_line' id='line_1_116' title="bbox 971 2624 1753 2659; baseline -0.006 -5"><span class='ocrx_word' id='word_1_826' title='bbox 971 2634 1033 2654; x_wconf 89' lang='lat' dir='ltr'><strong>cum</strong></span> <span class='ocrx_word' id='word_1_827' title='bbox 1050 2627 1127 2654; x_wconf 86' lang='lat' dir='ltr'><strong>stolis</strong></span> <span class='ocrx_word' id='word_1_828' title='bbox 1144 2631 1169 2653; x_wconf 88' lang='lat' dir='ltr'><strong>ct</strong></span> <span class='ocrx_word' id='word_1_829' title='bbox 1187 2625 1333 2659; x_wconf 87' lang='lat' dir='ltr'><strong>manipulis</strong></span> <span class='ocrx_word' id='word_1_830' title='bbox 1349 2625 1426 2657; x_wconf 85' lang='lat' dir='ltr'><strong>suis;</strong></span> <span class='ocrx_word' id='word_1_831' title='bbox 1454 2624 1584 2658; x_wconf 88' lang='lat' dir='ltr'><strong>plumalia</strong></span> <span class='ocrx_word' id='word_1_832' title='bbox 1598 2625 1661 2656; x_wconf 81' lang='lat' dir='ltr'><strong>duo,</strong></span> <span class='ocrx_word' id='word_1_833' title='bbox 1676 2630 1753 2649; x_wconf 90' lang='lat' dir='ltr'><strong>unum</strong></span> 
     </span>
    </p>
   </div>
   <div class='ocr_carea' id='block_1_117' title="bbox 972 2669 1755 2707">
    <p class='ocr_par' dir='ltr' id='par_1_117' title="bbox 972 2669 1755 2707">
     <span class='ocr_line' id='line_1_117' title="bbox 972 2669 1755 2707; baseline -0.009 -5"><span class='ocrx_word' id='word_1_834' title='bbox 972 2675 1074 2706; x_wconf 87' lang='lat' dir='ltr'><strong>album,</strong></span> <span class='ocrx_word' id='word_1_835' title='bbox 1102 2673 1175 2700; x_wconf 88' lang='lat' dir='ltr'><strong>aliud</strong></span> <span class='ocrx_word' id='word_1_836' title='bbox 1199 2671 1389 2707; x_wconf 84' lang='lat' dir='ltr'><strong>pavonatzium</strong></span> <span class='ocrx_word' id='word_1_837' title='bbox 1410 2671 1443 2698; x_wconf 91' lang='lat' dir='ltr'><strong>de</strong></span> <span class='ocrx_word' id='word_1_838' title='bbox 1459 2670 1618 2698; x_wconf 86' lang='lat' dir='ltr'><strong>damasciuo</strong></span> <span class='ocrx_word' id='word_1_839' title='bbox 1645 2669 1755 2704; x_wconf 88' lang='lat' dir='ltr'><strong>simplici</strong></span> 
     </span>
    </p>
   </div>
   <div class='ocr_carea' id='block_1_118' title="bbox 972 2717 1758 2754">
    <p class='ocr_par' dir='ltr' id='par_1_118' title="bbox 972 2717 1758 2754">
     <span class='ocr_line' id='line_1_118' title="bbox 972 2717 1758 2754; baseline -0.008 -7"><span class='ocrx_word' id='word_1_840' title='bbox 972 2727 1033 2747; x_wconf 87' lang='lat' dir='ltr'><strong>cum</strong></span> <span class='ocrx_word' id='word_1_841' title='bbox 1060 2719 1146 2754; x_wconf 78' lang='lat' dir='ltr'><strong>frigiis</strong></span> <span class='ocrx_word' id='word_1_842' title='bbox 1169 2719 1201 2746; x_wconf 87' lang='lat' dir='ltr'><strong>de</strong></span> <span class='ocrx_word' id='word_1_843' title='bbox 1218 2718 1300 2753; x_wconf 87' lang='lat' dir='ltr'><strong>drapo</strong></span> <span class='ocrx_word' id='word_1_844' title='bbox 1325 2717 1442 2753; x_wconf 87' lang='lat' dir='ltr'><strong>Cyprio;</strong></span> <span class='ocrx_word' id='word_1_845' title='bbox 1456 2717 1520 2744; x_wconf 86' lang='lat' dir='ltr'><strong>item</strong></span> <span class='ocrx_word' id='word_1_846' title='bbox 1541 2717 1609 2743; x_wconf 85' lang='lat' dir='ltr'><strong>alias</strong></span> <span class='ocrx_word' id='word_1_847' title='bbox 1623 2717 1690 2743; x_wconf 88' lang='lat' dir='ltr'><strong>duas</strong></span> <span class='ocrx_word' id='word_1_848' title='bbox 1707 2722 1758 2742; x_wconf 88' lang='lat' dir='ltr'><strong>am-</strong></span> 
     </span>
    </p>
   </div>
   <div class='ocr_carea' id='block_1_119' title="bbox 974 2763 1758 2801">
    <p class='ocr_par' dir='ltr' id='par_1_119' title="bbox 974 2763 1758 2801">
     <span class='ocr_line' id='line_1_119' title="bbox 974 2763 1758 2801; baseline -0.008 -8"><span class='ocrx_word' id='word_1_849' title='bbox 974 2766 1060 2801; x_wconf 81' lang='lat' dir='ltr'><strong>pullas</strong></span> <span class='ocrx_word' id='word_1_850' title='bbox 1087 2770 1113 2792; x_wconf 88' lang='lat' dir='ltr'><strong>et</strong></span> <span class='ocrx_word' id='word_1_851' title='bbox 1144 2764 1228 2792; x_wconf 89' lang='lat' dir='ltr'><strong>barile</strong></span> <span class='ocrx_word' id='word_1_852' title='bbox 1246 2772 1379 2799; x_wconf 85' lang='lat' dir='ltr'><strong>parvum,</strong></span> <span class='ocrx_word' id='word_1_853' title='bbox 1403 2770 1429 2791; x_wconf 90' lang='lat' dir='ltr'><strong>ct</strong></span> <span class='ocrx_word' id='word_1_854' title='bbox 1454 2763 1563 2791; x_wconf 83' lang='lat' dir='ltr'><strong>missale</strong></span> <span class='ocrx_word' id='word_1_855' title='bbox 1589 2770 1693 2794; x_wconf 73' lang='lat' dir='ltr'><strong>miunt,</strong></span> <span class='ocrx_word' id='word_1_856' title='bbox 1709 2769 1758 2796; x_wconf 90' lang='lat' dir='ltr'><strong>quo</strong></span> 
     </span>
    </p>
   </div>
   <div class='ocr_carea' id='block_1_120' title="bbox 975 2809 1756 2846">
    <p class='ocr_par' dir='ltr' id='par_1_120' title="bbox 975 2809 1756 2846">
     <span class='ocr_line' id='line_1_120' title="bbox 975 2809 1756 2846; baseline -0.005 -7"><span class='ocrx_word' id='word_1_857' title='bbox 975 2813 1060 2839; x_wconf 89' lang='lat' dir='ltr'><strong>utitur</strong></span> <span class='ocrx_word' id='word_1_858' title='bbox 1075 2811 1195 2846; x_wconf 87' lang='lat' dir='ltr'><strong>quotidie</strong></span> <span class='ocrx_word' id='word_1_859' title='bbox 1214 2810 1369 2846; x_wconf 84' lang='lat' dir='ltr'><strong>capellauus</strong></span> <span class='ocrx_word' id='word_1_860' title='bbox 1389 2809 1416 2837; x_wconf 88' lang='lat' dir='ltr'><strong>itt</strong></span> <span class='ocrx_word' id='word_1_861' title='bbox 1441 2809 1543 2845; x_wconf 76' lang='lat' dir='ltr'><strong>capella</strong></span> <span class='ocrx_word' id='word_1_862' title='bbox 1571 2809 1756 2842; x_wconf 87' lang='lat' dir='ltr'><strong>nostra;itern</strong></span> 
     </span>
    </p>
   </div>
   <div class='ocr_carea' id='block_1_121' title="bbox 977 2855 1755 2891">
    <p class='ocr_par' dir='ltr' id='par_1_121' title="bbox 977 2855 1755 2891">
     <span class='ocr_line' id='line_1_121' title="bbox 977 2855 1755 2891; baseline -0.006 -5"><span class='ocrx_word' id='word_1_863' title='bbox 977 2866 1058 2886; x_wconf 91' lang='lat' dir='ltr'><strong>unum</strong></span> <span class='ocrx_word' id='word_1_864' title='bbox 1082 2857 1247 2885; x_wconf 87' lang='lat' dir='ltr'><strong>tlturibulum</strong></span> <span class='ocrx_word' id='word_1_865' title='bbox 1269 2856 1391 2884; x_wconf 64' lang='lat' dir='ltr'><strong>Graecum</strong></span> <span class='ocrx_word' id='word_1_866' title='bbox 1423 2856 1531 2891; x_wconf 86' lang='lat' dir='ltr'><strong>planum</strong></span> <span class='ocrx_word' id='word_1_867' title='bbox 1554 2863 1616 2883; x_wconf 91' lang='lat' dir='ltr'><strong>cum</strong></span> <span class='ocrx_word' id='word_1_868' title='bbox 1639 2855 1755 2888; x_wconf 79' lang='lat' dir='ltr'><strong>manica;</strong></span> 
     </span>
    </p>
   </div>
  </div>
