1912 3054
139 117 241 137 ιςιιιχ

137 169 202 194 item
215 166 268 194 duo
283 173 332 194 ova
347 165 379 193 de
393 166 495 193 strusio
516 170 610 192 ornata
627 167 758 197 argento;
778 161 841 188 item
859 159 928 193 legia

137 211 210 244 duo;
229 211 293 238 item
310 210 492 238 faldistorium
513 208 682 248 pontificale.

172 256 319 288 Catterum,
335 256 397 291 quia
414 261 474 291 post
492 255 698 283 etuanationem
719 253 838 288 priorttm
859 251 930 278 litte-

136 310 231 330 rarunt
259 303 450 338 praedictarum
470 302 535 329 dicti
561 301 609 328 Dtti
640 300 691 333 Pii,
715 300 787 327 dicta
815 298 926 325 basilica

136 349 258 384 praefatis
274 349 403 376 fratribus
417 348 520 376 ordinis
547 347 683 374 Minorum
707 353 836 373 concessa
850 348 878 371 et
893 345 926 372 ad

133 403 230 422 eorum
245 395 368 423 ordinent
390 396 498 422 reducta
514 393 630 426 exstitit,
649 397 679 420 ut
693 391 847 427 prtefcrtur,
864 398 924 423 nos,

134 442 324 469 existimantes
347 449 396 477 per
413 441 522 469 eosdem
544 440 641 468 fratres
668 447 749 474 posse
775 437 856 465 dictze
884 445 930 464 ca-

132 488 212 522 pellae
233 489 259 515 in
279 488 380 516 divinis
392 487 598 515 convenientius
611 490 637 513 et
656 485 763 513 facilius
780 491 862 519 quam
879 490 928 519 per

133 535 282 562 smculares
312 536 488 570 presbyteros
509 532 652 565 deserviri,
680 532 706 558 in
723 538 854 567 persanas
868 538 927 564 quae

132 580 222 608 eidem
245 580 354 615 capella:
386 579 526 608 deservire
563 580 661 607 debent
686 578 826 613 religiosos
855 578 928 605 viros

134 626 234 654 fratres
249 627 313 654 dicti
333 626 435 654 ordinis
447 626 581 653 Minorum
598 625 625 652 in
642 625 712 652 dicta
724 624 838 652 basilica
856 631 928 651 nunc

132 679 159 701 et
179 674 206 701 in
227 678 364 708 posterum
396 673 548 700 ltabitantes
566 672 592 699 itt
620 676 783 706 perpetuum
799 679 833 698 ex
855 676 928 698 nunc

133 720 303 746 instituimus
327 723 355 746 et
377 723 471 746 tenore
496 718 670 753 praesentium
691 724 741 752 pro
763 717 895 744 institutis
910 723 926 744 a

132 766 249 794 nobisin
265 772 426 801 perpetuum
447 764 540 793 haberi
558 764 694 796 volumus,
713 765 835 791 volentes
844 764 926 791 etiam

131 817 159 840 et
172 812 331 840 ordinantes
348 813 420 847 quod
449 810 499 846 ipsi
528 811 624 838 fratres
639 810 861 845 jurcpatronatns
883 809 924 836 in-

133 860 212 886 terim
237 866 252 885 a
276 858 356 886 dictis
379 857 477 885 abbate
500 862 527 884 et
549 856 639 891 priore
656 856 763 890 penitus
789 854 924 888 abdicato,

80 900 88 908 ⁸
134 905 274 939 praefatam
289 904 418 939 capellam
434 908 460 932 ct
476 911 524 939 per
539 904 659 938 ipsorum
681 907 868 938 procuratores
884 901 925 929 vel

131 950 260 985 syndicos
279 950 336 984 ejus
351 950 428 984 _bona
456 954 575 982 teneant,
600 953 626 976 et
651 949 677 976 iu
701 948 794 975 cadem
821 947 924 983 capella

96 1009 101 1013 -
132 997 206 1024 murti
225 997 267 1024 die
278 1004 358 1023 unam
377 997 488 1024 missam
505 995 644 1023 celebrent
673 994 713 1022 vel
736 994 866 1022 celebrari
882 994 924 1021 fa-

133 1043 206 1069 tiant
223 1042 273 1069 hoc
291 1043 380 1074 modo,
400 1042 481 1068 videi.
499 1041 596 1068 diebus
613 1040 750 1074 Mercurii,
772 1039 883 1067 Veneris
897 1045 925 1067 et

132 1088 258 1122 5.·Μίιιί,
274 1089 385 1115 missam
404 1095 451 1123 pio
465 1087 617 1120 defunctis;
638 1087 679 1114 die
695 1094 758 1113 vero
774 1085 923 1117 Dominica,

131 1134 243 1162 missam
262 1138 417 1162 currentem
431 1142 438 1166 ;
453 1134 496 1160 die
513 1132 605 1165 Luum,
623 1133 730 1160 missam
751 1132 779 1159 S.
808 1131 922 1166 Angeli;

131 1180 175 1207 die
199 1187 264 1207 vero
289 1179 394 1211 Martis,
422 1179 531 1206 missam
558 1178 586 1205 S.
605 1178 715 1206 Joannis
735 1177 877 1212 Baptism:
897 1181 924 1205 et

130 1226 174 1253 die
193 1225 277 1259 Jovis,
298 1226 407 1254 missam
425 1225 453 1253 S.
470 1225 611 1253 Trinitatis
634 1232 695 1252 cum
726 1232 924 1252 commemora-

131 1274 204 1300 tione
216 1273 245 1299 S.
261 1272 398 1307 Eugcnitc,
417 1278 442 1298 et
459 1271 538 1298 etiam
551 1279 612 1298 cum
631 1271 743 1298 collecta
760 1271 785 1297 in
804 1271 924 1305 qualibet

131 1326 183 1351 pro
210 1318 347 1345 defunctis
365 1317 506 1344 referendo
521 1325 568 1352 pro
581 1317 652 1344 siris
674 1325 770 1344 nomen
788 1321 922 1348 nostrum,

130 1373 180 1400 pro
210 1365 322 1392 mortuis
338 1372 397 1400 post
415 1364 494 1400 149
513 1368 628 1390 tuortettt
657 1371 754 1390 nomen
786 1368 920 1394 nostrum,

130 1410 228 1437 Isidori
251 1414 281 1437 et
298 1409 415 1437 Dnsithci
431 1409 621 1444 episcoporum
635 1417 643 1442 ς
661 1409 724 1435 item
748 1407 880 1435 Theodori
896 1413 923 1436 et

129 1456 290 1488 Theodorus,
307 1464 338 1483 ac
359 1455 499 1482 Michaelis
517 1459 543 1482 et
554 1455 674 1489 Georgii,
687 1458 714 1482 et
728 1454 841 1482 aliorum
854 1461 922 1488 quos

129 1503 156 1530 in
172 1503 322 1530 intentione
348 1507 440 1530 nostra
461 1502 601 1534 habemus,
620 1509 670 1528 nec
691 1508 743 1528 non
760 1501 830 1535 quod
844 1501 922 1536 annis

128 1549 252 1583 singulis.
269 1548 373 1576 decima
399 1548 443 1575 die
461 1548 563 1575 mensis
582 1548 760 1582 Septembris,
778 1552 922 1575 teneantur

128 1595 227 1622 fratres
243 1595 294 1629 ipsi
318 1600 430 1634 cantate
455 1594 559 1628 vigilias
574 1599 742 1620 mortuorum
759 1598 786 1621 et
811 1594 920 1620 missam

127 1641 276 1669 solemnem
304 1649 352 1675 pro
369 1641 502 1669 defunctis
531 1641 630 1668 nostris
659 1641 869 1675 prtnnomiuatis.
893 1642 921 1669 Si

129 1693 218 1716 tamen
248 1695 313 1716 casu
329 1688 419 1722 aliquo
442 1688 584 1722 aliquando
611 1687 787 1722 contingeret,
802 1693 830 1714 ttt
853 1695 922 1722 pra:-

128 1735 228 1761 tliettnu
247 1738 299 1767 est,
319 1734 390 1769 quod
415 1733 478 1761 dicti
505 1733 603 1760 fratres
623 1733 756 1760 Minor-um
775 1734 809 1760 ab
825 1734 919 1761 eadem

129 1780 240 1806 basilica
258 1781 416 1807 recederent
440 1787 553 1814 eamque
567 1780 746 1812 dimitterent,
759 1787 791 1807 ac
812 1779 868 1813 ipsa
886 1779 919 1807 ad

127 1826 289 1853 clericorum
321 1826 482 1861 regularitnu
514 1826 632 1861 regimen
652 1826 842 1858 reduceretur,
858 1831 921 1853 tunc

128 1877 154 1898 et
179 1879 212 1899 eo
228 1879 293 1899 casu
310 1873 411 1899 dictttm
436 1872 481 1907 jus
501 1876 661 1907 patronatus
688 1877 714 1900 et
739 1873 921 1906 praesentaudi

129 1918 216 1946 locum
247 1919 346 1946 habere
365 1919 483 1953 illudque
507 1918 539 1945 ad
557 1918 682 1945 abbatem
712 1918 872 1945 monasterii
890 1918 919 1946 S.

128 1964 203 1992 Pauli
227 1970 255 1992 et
281 1965 395 1999 priorem
413 1965 509 1992 domus
531 1964 560 1991 S.
574 1963 665 1991 Maria:
683 1964 715 1991 de
733 1964 840 1999 Populo
849 1971 920 1998 prae-

129 2012 217 2038 dictos
238 2012 263 2038 in
285 2015 444 2046 perpetuum
463 2011 600 2045 pertinere
616 2008 783 2038 volumus'et
810 2010 920 2037 ordina-

130 2066 200 2090 mus,
228 2059 274 2093 qui
304 2058 388 2085 abbas
403 2063 430 2084 et
446 2057 519 2092 prior
543 2065 592 2092 pro
609 2062 729 2091 tempore
745 2056 918 2087 cxsistentes.

129 2110 231 2132 attento
249 2105 320 2138 quod
346 2105 404 2138 ipsa
431 2103 532 2138 capella
554 2110 604 2138 pro
625 2110 696 2130 nttttc
721 2110 736 2130 λ
769 2103 846 2130 nobis
870 2109 919 2136 pro

129 2153 233 2180 duobus
255 2153 401 2187 capellanis
417 2151 583 2180 sutiicienter
608 2152 699 2179 dotata
727 2155 780 2183 est,
803 2150 920 2177 debeant

130 2204 182 2226 tam
207 2199 293 2232 prima
324 2200 383 2226 vice
410 2205 490 2232 quant
524 2197 628 2232 quoties
654 2204 736 2225 casus
768 2197 918 2224 vacationis

127 2245 199 2272 illius
217 2245 376 2277 occurrerit,
409 2245 476 2271 duas
500 2251 630 2278 personas
649 2243 761 2270 idoneas
780 2243 806 2270 in
823 2251 915 2271 succr-

127 2290 201 2318 dotio
226 2291 387 2317 constitutas
411 2288 543 2316 eardinaii
568 2288 689 2323 ejusdem
721 2289 839 2316 basilica:
869 2297 918 2324 pro

127 2341 248 2370 tempore
261 2335 401 2363 exsistcnti
414 2343 462 2370 per
477 2343 538 2363 euttt
559 2334 740 2362 instituendas
754 2340 918 2370 praesentare

122 2382 200 2418 juxta
216 2382 420 2416 dispositionem
436 2381 463 2408 in
478 2380 560 2408 dictis
575 2381 711 2416 prioribtts
729 2381 776 2407 Dni
794 2380 834 2408 Pii
847 2381 918 2409 litte-

125 2429 164 2456 ris
185 2428 256 2455 circa
277 2434 360 2454 unutn
391 2427 559 2462 capellanutn
589 2427 698 2453 factam.
725 2425 778 2459 Qui
804 2426 915 2462 quidem

125 2473 255 2508 capellani
272 2472 549 2508 qualibetseptimana
563 2477 664 2505 septem
679 2473 786 2505 missas,
802 2473 916 2508 singulis

125 2519 250 2547 videlicet
266 2519 361 2546 diebus
379 2518 405 2546 in
426 2519 520 2545 eadem
549 2518 652 2552 capella
669 2513 803 2550 vicissim,
834 2518 916 2546 modo

125 2571 151 2594 et
167 2565 264 2592 ordine
288 2565 413 2600 superius
429 2564 562 2592 ordinatis
574 2569 601 2591 et
617 2564 768 2599 expressis,
790 2569 816 2591 ct
842 2572 914 2600 pra:-

124 2613 194 2639 dicta
225 2612 327 2639 decima
353 2611 397 2638 die
425 2611 528 2646 vigilias
555 2614 725 2637 mortuorum
749 2616 776 2638 et
792 2611 908 2639 officium

125 2663 210 2686 totum
234 2664 266 2685 ac
280 2657 390 2685 missam
418 2664 467 2692 pro
487 2656 621 2684 defunctis
646 2656 740 2692 legere
757 2662 915 2685 teneantur.

125 2704 237 2740 Insuper
270 2703 368 2731 casalis
384 2707 411 2730 et
428 2702 513 2730 vinea:
532 2709 564 2729 ac
589 2701 705 2729 aliorum
732 2702 866 2730 bonorum
888 2709 915 2731 et

122 2752 249 2787 jocaliutn
267 2750 456 2785 praedictorum
474 2748 524 2784 ipsi
541 2749 662 2784 capolim,
686 2754 716 2777 ut
743 2749 913 2784 prtedicitnr,

125 2804 171 2831 per
189 2803 239 2823 nos
255 2797 426 2828 donatorum,
439 2797 466 2820 et
485 2800 709 2828 quorumcunque
730 2794 841 2822 aliorum
859 2795 913 2822 vita

125 2843 201 2872 nobis
226 2841 326 2871 comite
351 2848 400 2877 per
425 2847 474 2869 nos
490 2840 516 2868 itt
541 2844 677 2876 posterum
707 2840 908 2877 donandorum,

494 109 644 140 ALOYSII
666 105 845 137 BANDINII
861 105 1186 136 COMMENTARIUS.
1206 120 1238 124 -
1253 107 1460 138 Ai‘PENDiX.
1745 115 1776 135 xc

985 159 1174 188 alienationem
1192 162 1315 196 cujusvis
1340 164 1439 197 speciei
1455 167 1501 190 attt
1518 164 1625 198 generis
1639 167 1692 190 Iam
1720 163 1776 190 fra-

985 206 1071 232 tribus
1100 207 1202 234 ordinis
1225 207 1360 234 Minorttm
1377 213 1402 235 et
1425 215 1520 236 eorum
1538 208 1669 244 syndicis,
1695 216 1774 242 quam

983 252 1010 279 in
1026 260 1119 279 casum
1137 254 1307 288 praemissum
1325 254 1473 288 capellanis
1501 255 1638 288 prredictis
1660 259 1687 281 et
1715 255 1775 288 qui-

984 299 1141 333 buscnnqtte
1167 299 1227 327 aliis
1246 300 1324 327 dictae
1341 301 1451 334 capella-
1461 305 1485 327 et
1501 300 1559 333 ejus
1575 301 1707 328 bonorum
1723 301 1773 326 ad-

986 345 1218 372 ntiuistratoribus
1247 351 1378 380 perpetuo
1397 345 1583 372 interdicimus
1599 351 1679 381 atqtte
1706 353 1773 380 pro-

983 391 1118 421 hibemus.
1129 392 1249 419 volentes
1265 391 1442 419 alicnationes
1457 392 1540 426 ipsas,
1553 392 1574 418 si
1589 399 1649 426 quae
1664 393 1771 423 tierent,

982 437 1083 464 nullius
1109 445 1169 465 esse
1199 438 1303 464 rol'oris
1329 437 1369 464 vel
1408 437 1549 469 momenti,
1575 437 1621 464 sed
1641 437 1772 464 adversus

981 486 1118 515 emptores
1133 487 1179 507 aut
1204 481 1271 508 alios
1285 482 1405 516 ipsorum
1425 481 1534 513 casulis,
1545 482 1630 508 vincte
1645 486 1672 507 et
1688 481 1772 508 bono-

983 533 1042 552 rum
1058 533 1219 561 quocunque
1248 527 1324 554 titulo
1344 531 1501 562 recoptores
1526 534 1574 561 pro
1587 527 1666 554 dictis
1680 526 1770 554 fratri-

980 571 1031 598 btts
1052 571 1092 598 vel
1110 571 1258 606 capellanis
1273 579 1434 607 quocunque
1453 577 1575 607 tempore
1592 571 1649 599 fore
1664 572 1696 598 ad
1724 572 1768 598 illa

982 625 1147 653 regressum.

1014 685 1079 718 Quae
1091 686 1182 712 omnia
1198 689 1225 712 et
1242 685 1348 720 singula
1375 687 1562 722 suprascripta
1587 692 1614 714 et
1631 687 1771 722 quodlibet

979 741 1072 760 eorttnt
1097 740 1147 759 nos
1167 732 1313 759 Bessarion
1343 733 1498 767 cpiscopus.
1515 733 1660 759 cardinaiis
1682 738 1710 759 et
1727 739 1771 767 pa-

978 778 1096 805 triarcha
1112 778 1266 812 praedictus,
1278 783 1373 813 sponte
1384 783 1410 804 et
1421 786 1452 804 ex
1468 785 1540 805 mera
1555 783 1646 804 nostra
1658 778 1770 805 scientia

983 831 1015 851 ac
1041 823 1214 855 liberalitate,
1232 830 1259 850 ιιι
1277 824 1459 858 praemittitur,
1475 823 1625 855 donamus,
1641 823 1770 850 concedi-

978 878 1051 903 mus,
1082 871 1280 903 renuntiamus,
1301 870 1428 903 facimus,
1454 876 1535 905 atque
1568 878 1647 897 manu
1678 873 1769 896 nostra

978 917 1083 951 pectori
1115 924 1190 944 more
1215 916 1388 950 prmiatorum
1419 917 1556 951 apposita‘,
1584 916 1769 951 promittimus

977 962 1056 990 dicte
1076 962 1186 997 capella;
1202 968 1229 989 et
1243 963 1302 997 ejus
1313 962 1461 996 capellauis
1477 961 1558 997 150
1577 960 1770 995 sttprascriptis

977 1009 1158 1043 omnibusque
1177 1008 1238 1036 aliis
1264 1013 1292 1036 et
1321 1009 1437 1043 singulis
1453 1017 1569 1044 quorum
1595 1011 1708 1038 interest
1723 1011 1770 1038 vel

978 1056 1109 1082 interesse
1135 1055 1237 1089 poterit
1265 1055 1470 1089 quomodolibet
1487 1056 1513 1082 in
1531 1056 1661 1087 futurum.
1674 1064 1705 1083 ac
1722 1064 1770 1083 no-

977 1100 1047 1127 tario
1074 1100 1183 1134 publico
1213 1099 1410 1135 infrascripto,
1438 1104 1568 1135 tauquam
1602 1101 1717 1136 publica;
1742 1105 1770 1128 et

976 1146 1139 1173 authentico:
1159 1154 1281 1181 personae
1311 1147 1362 1174 rite
1383 1151 1410 1174 et
1438 1147 1556 1182 legitime
1582 1148 1723 1182 stipttlanti
1741 1152 1770 1175 et

976 1193 1116 1227 recipienti
1135 1193 1193 1220 vice
1217 1198 1243 1220 et
1263 1193 1376 1221 nomine
1405 1195 1525 1221 omnium
1551 1199 1577 1221 et
1599 1195 1768 1229 singulorum

978 1239 1192 1273 praedictorum,
1220 1243 1351 1274 perpetuo
1380 1240 1520 1267 attendere
1545 1245 1573 1267 et
1598 1240 1769 1267 inviolabiter

976 1286 1134 1316 observare,
1156 1293 1205 1312 nec
1221 1286 1246 1312 itt
1263 1285 1355 1320 aliquo
1374 1285 1478 1313 directe
1502 1286 1542 1314 vel
1569 1286 1700 1314 indirecte
1719 1294 1769 1320 per

981 1339 1030 1358 nos
1047 1332 1087 1357 vti
1106 1331 1187 1358 ahutu
1205 1339 1253 1359 seu
1276 1332 1343 1359 alios
1357 1339 1465 1367 quaquo
1483 1333 1563 1359 modo
1578 1333 1767 1360 contravenire

975 1377 1055 1404 vello.
1074 1377 1102 1403 In
1119 1385 1232 1411 quorum
1256 1379 1377 1404 omnium
1393 1383 1419 1404 ct
1447 1378 1615 1411 singulorum
1632 1379 1711 1405 fidem
1741 1383 1768 1406 et

975 1423 1160 1450 testimoninnt
1185 1424 1388 1462 prtemis<orunt
1407 1429 1553 1460 pra-sentes
1573 1429 1680 1451 nostras
1696 1425 1768 1451 litte-

976 1478 1031 1504 ras,
1048 1470 1106 1497 sivo
1129 1477 1247 1504 prmsens
1268 1470 1403 1504 publicum
1432 1471 1638 1498 instrumentqu
1656 1479 1703 1505 per
1719 1479 1767 1499 tto-

975 1518 1074 1544 tarium
1100 1516 1304 1550 ittirascriptunt
1333 1517 1401 1548 fieri,
1420 1517 1555 1544 subscribi
1573 1521 1600 1544 et
1621 1518 1765 1551 publicari,

975 1562 1113 1597 nostrique
1143 1562 1222 1596 sigilli
1249 1561 1384 1596 jussituus
1415 1566 1442 1589 et
1472 1562 1585 1590 fecimus
1599 1564 1766 1598 appensione

974 1616 1148 1637 εοιιηιιυῐιιη,

1009 1667 1106 1694 Datum
1121 1672 1148 1694 et
1163 1673 1252 1695 aetum
1271 1667 1362 1695 Romze
1380 1668 1406 1694 in
1425 1667 1551 1695 domibus
1569 1667 1670 1695 nostris
1689 1667 1761 1702 apttd

976 1714 1027 1741 SS.
1037 1715 1193 1749 Apostolos.
1204 1722 1274 1741 anno
1286 1722 1300 1741 a
1314 1714 1397 1741 nativ.
1408 1713 1513 1740 Domini
1525 1714 1603 1745 1-167,
1613 1714 1704 1740 indit-t.
1717 1722 1763 1745 ιν,

973 1760 1018 1787 die
1037 1767 1102 1786 vero
1119 1759 1230 1786 Veneris
1253 1759 1356 1786 decima
1376 1758 1477 1785 mensis
1502 1757 1609 1791 Aprilis,
1624 1757 1765 1791 pontifica-

973 1809 1016 1832 tus
1033 1805 1083 1832 SS.
1106 1805 1132 1832 in
1148 1804 1258 1842 Christo
1278 1804 1363 1831 Patris
1388 1811 1419 1830 ac
1435 1803 1484 1830 Dui
1501 1803 1587 1830 nostri
1612 1802 1661 1828 Dni
1676 1802 1761 1833 Pauli,

973 1852 1062 1879 divina
1085 1851 1253 1886 providentia
1271 1858 1346 1885 papa)
1367 1849 1400 1881 Il,
1420 1857 1489 1876 attito
1505 1849 1603 1882 tertio;
1620 1848 1762 1883 promenti-

973 1899 1023 1925 bus
1052 1898 1152 1924 ibidem
1180 1896 1290 1931 provido
1321 1904 1352 1922 ac
1377 1896 1502 1922 discretis
1530 1895 1597 1922 viris
1631 1894 1762 1929 magistro

972 1944 1074 1972 Joanne
1088 1943 1180 1978 Knyﬂ‘,
1196 1944 1366 1969 decretorum
1389 1942 1510 1972 doctore,
1533 1941 1655 1978 auditore
1675 1946 1701 1967 et
1717 1948 1762 1967 ca-

972 1990 1094 2025 pellano';
1108 1989 1212 2016 Joanne
1229 1988 1326 2019 Lenss,
1342 1995 1440 2014 canon.
1463 1987 1584 2014 ecclesiae
1602 1987 1630 2013 S.
1647 1986 1761 2013 Andron:

971 2037 1124 2067 Colonien.,
1141 2035 1246 2062 Joanne
1266 2034 1363 2061 Franc.
1378 2035 1410 2061 de
1430 2033 1638 2067 Buuthevogliis,
1658 2033 1761 2059 littera-

972 2091 1032 2110 l'lllll
1057 2090 1142 2109 sacrae
1167 2080 1380 2108 l’mnileutiariaz
1398 2079 1555 2114 apostolica:
1569 2079 1712 2114 scriptore,
1734 2084 1761 2106 et

971 2129 1108 2164 Ilaphaele
1138 2127 1261 2160 Baldulo,
1292 2126 1393 2154 clerico
1422 2125 1604 2159 Fulgiuaten.,
1625 2122 1761 2153 sentiret-is

971 2176 1082 2206 nostris,
1100 2173 1214 2202 testibus
1230 2174 1263 2201 ad
1279 2173 1417 2208 praemissa
1438 2172 1541 2200 vocatis
1558 2172 1713 2207 specialiter
1733 2178 1759 2199 et

971 2222 1081 2257 rogatis.

1007 2289 1039 2316 Et
1053 2296 1102 2323 ego
1121 2288 1241 2315 Joannes
1257 2288 1290 2315 de
1314 2287 1476 2320 lieesboetn,
1489 2287 1605 2315 clericus
1634 2287 1760 2315 Camera-

969 2336 1058 2363 censis
1068 2335 1207 2367 diwcesis,
1219 2335 1343 2370 publicus
1359 2341 1437 2362 sacra
1452 2333 1586 2368 imperiali
1599 2336 1759 2362 auctoritate

969 2382 1103 2414 ttotarius,
1121 2383 1183 2416 quia
1198 2381 1347 2417 praemissis
1372 2381 1498 2409 omnibus
1516 2386 1542 2408 et
1556 2381 1682 2417 singulis.
1697 2382 1758 2408 tluttt

967 2428 1018 2459 sic,
1031 2433 1060 2454 ut
1076 2428 1267 2463 praemittitur,
1280 2434 1326 2461 per
1344 2427 1484 2461 prmfatuut
1496 2427 1591 2454 lituum
1608 2427 1634 2453 in
1650 2427 1759 2454 Christo

967 2473 1076 2501 Patrem
1097 2479 1124 2501 et
1151 2474 1183 2502 D.
1199 2473 1400 2506 Bessarioncm,
1421 2474 1577 2508 episcopum
1592 2473 1756 2500 cardinalent

967 2523 994 2546 et
1006 2520 1203 2553 patriarcham,
1223 2519 1318 2546 fierent
1333 2523 1361 2547 et
1377 2525 1532 2554 agerentur,
1547 2526 1599 2545 una
1614 2526 1673 2546 cum
1690 2527 1758 2554 prte-

974 2567 1121 2594 uominatis
1146 2567 1260 2595 testibus
1274 2566 1396 2599 interfui,
1411 2573 1496 2601 eaque
1515 2565 1554 2593 sic
1570 2565 1628 2593 ﬁeri
1652 2566 1706 2593 vidi
1730 2570 1758 2594 et

971 2612 1060 2639 audivi
1075 2621 1082 2644 ;
1100 2612 1160 2639 ideo
1174 2613 1225 2640 hoc
1248 2620 1368 2647 praesens
1395 2612 1529 2647 publicum
1547 2611 1756 2639 instrumentum

968 2666 1051 2686 manu
1070 2659 1193 2691 alterius,
1217 2666 1260 2686 me
1278 2659 1340 2685 aliis
1356 2658 1473 2693 legitime
1484 2663 1616 2692 occupato
1630 2659 1757 2693 negotiis.

969 2705 1084 2732 fideliter
1099 2704 1229 2738 scriptum
1244 2704 1341 2731 exinde
1357 2703 1473 2736 confeci,
1502 2703 1648 2736 subscripsi
1666 2709 1690 2730 et
1709 2712 1757 2738 pu-

964 2750 1065 2778 blicavi
1090 2755 1117 2777 et
1139 2750 1165 2776 itt
1189 2751 1259 2777 hanc
1273 2749 1409 2784 publicant
1423 2749 1536 2776 formant
1559 2750 1659 2784 redegi,
1679 2750 1761 2784 signo

965 2801 992 2824 et
1007 2796 1114 2824 nomine
1129 2802 1188 2824 meo
1204 2795 1290 2823 solitis
1304 2799 1332 2822 et
1347 2795 1494 2828 consuetis,
1509 2803 1560 2823 una
1575 2803 1635 2823 eum
1653 2795 1756 2831 pra-fati

968 2842 1029 2871 limi
1056 2841 1105 2870 Dni
1132 2841 1278 2870 cardinalis
1302 2841 1382 2877 sigilli
1404 2842 1573 2878 appensioue
1589 2842 1692 2877 signari
1707 2851 1713 2868 :
1729 2842 1756 2869 in

1569 2934 1582 2948 0
