1912 3054
125 118 195 138 tum

127 173 177 207 ipsi
196 176 308 197 camare
327 169 429 204 vigilias
444 175 623 200 mortuorum.
650 175 677 196 et
693 171 802 196 missum
820 170 919 196 solem-

124 226 189 246 nem
208 225 258 251 pro
284 217 423 244 defunctis
452 217 591 251 expressis
618 216 757 250 praedictis
782 224 814 243 ac
835 216 919 243 voluit

125 264 197 292 idem
216 264 370 291 Bcssarion.
386 263 464 297 Quod
488 264 511 291 si
533 271 587 298 quo
603 272 669 292 casu
691 264 835 299 aliquando
854 272 919 292 con.

125 310 245 346 lingeret
266 311 337 345 quod
353 311 416 338 dicti
442 310 539 338 fratres
555 310 589 337 ab
603 311 697 338 eadem
714 311 822 337 basilica
843 318 920 337 rece-

123 357 223 384 derent
243 364 358 391 eamque
380 356 559 387 dimitterent,
588 357 715 391 dictaque
742 357 854 384 basilica
885 358 917 383 all

123 403 260 431 dictorum
275 404 444 442 saecularium
463 403 583 439 regimen
613 404 799 438 reduceretur,
816 409 880 432 tunc
893 410 920 432 ct

123 457 158 478 eo
177 458 241 478 casu
256 450 356 478 dictum
371 451 417 486 jus
432 455 594 485 patrunatus
610 451 698 478 locum
714 451 824 486 habere,
843 452 917 480 illud-

123 505 180 532 que
196 497 229 524 ad
251 498 375 525 abbatem
407 498 564 526 monasterii
590 497 620 525 S.
636 497 712 526 Pauli
742 504 769 526 et
797 500 917 534 priorem

124 545 224 572 domus
242 544 272 573 S.
286 545 377 572 Mariae
392 544 427 572 de
440 545 541 579 Populo
557 546 748 580 praedictorum
767 549 915 581 pertinere.

125 591 157 618 Et
171 592 233 626 quia
244 592 302 626 ipsa
316 592 418 626 capella
435 599 484 626 pro
497 593 603 620 duobus
619 592 766 627 capellanis
780 593 917 622 sullicien-

125 640 168 663 ter
183 644 231 671 per
251 637 392 671 praefatum
424 637 612 665 Bessarionem
647 639 742 666 dotata
771 643 829 671 est,
844 639 917 674 quod

125 686 192 710 tunc
214 687 241 709 et
265 690 297 710 eo
327 690 392 709 casu
419 683 468 717 ipsi
492 683 576 710 abbas
603 688 630 710 et
659 684 744 718 prior,
762 688 815 711 tam
831 685 918 718 prima

125 730 188 756 vice
204 736 283 763 quam
302 730 407 763 quoties
421 737 501 757 casus
527 730 599 757 illius
626 731 776 758 vacationis
791 738 919 758 occurre-

125 775 173 807 rit,
188 776 256 802 duas
272 783 403 810 personas
418 777 444 803 iu
470 777 624 804 sacerdotio
649 777 814 804 constitutas
829 777 918 804 eat-di-

125 825 181 852 nali
200 824 260 858 ejus
277 824 394 851 basilica:
417 831 466 859 pro
488 829 608 859 tempore
629 825 770 851 exsistenli
793 832 843 859 per
856 831 918 851 eum

125 870 312 898 i..stituendas
330 875 495 904 praesentare
521 871 656 904 debeant;
670 871 715 905 qui
746 872 854 904 quidem
871 877 916 897 ca-

125 917 227 952 pellani
242 917 361 952 qualibet
377 917 530 952 septimana
559 922 662 952 septem
677 917 787 949 missas,
803 917 920 952 singulis

125 963 253 990 videlicet
268 963 361 990 dieluts
375 963 495 998 stngulas
510 963 536 990 iii
559 964 654 991 eadem
678 957 781 998 capella
797 963 919 990 vicissim

126 1011 209 1036 modo
233 1014 258 1036 el
281 1010 376 1038 ordine
400 1011 528 1044 superius
552 1011 705 1046 expressis,
732 1015 760 1037 et
787 1010 920 1045 prmdicta

125 1057 230 1084 decima
248 1057 292 1084 die
309 1057 414 1092 vigilias
445 1063 613 1085 mortuorum
640 1063 669 1086 et
699 1057 816 1085 olliciitm
830 1061 919 1090 totum

125 1108 154 1130 et
171 1105 282 1131 missam
302 1111 351 1138 pro
373 1103 509 1132 defunctis
533 1104 622 1139 legere
647 1108 801 1131 teneantur.
815 1103 922 1131 Casalis

124 1157 193 1176 vero
208 1155 235 1177 et
252 1150 336 1178 vineae
351 1150 502 1178 etaliorum
518 1150 652 1178 bonorum
666 1154 693 1177 et
704 1150 834 1185 jocalimn
852 1156 921 1184 prae-

125 1196 260 1223 dictorum
276 1197 327 1232 ipsi
345 1196 471 1232 capellae,
501 1201 531 1224 ut
550 1197 720 1231 pradicitur,
744 1195 920 1229 donatorum,

123 1249 155 1270 et
168 1250 394 1278 quorutncunque
410 1243 523 1270 aliorum
540 1243 577 1276 ei,
596 1244 651 1270 vita
669 1243 780 1273 comite,
792 1243 818 1269 in
830 1247 922 1275 poste-

127 1297 188 1316 rum
209 1290 398 1317 donandorum
427 1289 618 1317 alienationem
637 1289 763 1324 cujusvis
776 1288 876 1323 speciei
890 1295 921 1315 ac

126 1337 235 1370 generis
250 1337 319 1364 idem
334 1335 487 1370 Bessarion,
506 1341 559 1363 tam
575 1336 701 1364 Fratrum
718 1335 839 1370 ipsorum
857 1341 921 1368 syn-

126 1383 196 1410 dicis
210 1391 290 1419 quam
308 1383 334 1410 in
353 1382 518 1417 promissum
548 1387 672 1409 eventum
690 1380 837 1415 capellanis
851 1387 921 1414 prir-

127 1429 219 1462 dictis,
237 1434 263 1457 et
288 1429 494 1464 quibuscunque
515 1428 577 1455 aliis
597 1428 676 1455 dictat
690 1427 801 1462 capella:
818 1427 921 1461 et'ejus

127 1477 260 1504 bonorum
289 1474 574 1507 administratoribus,
614 1479 745 1509 perpetuo
773 1473 921 1500 'interdixit

128 1528 210 1558 atque
224 1522 372 1558 prohibuit,
386 1522 479 1550 volens
494 1521 575 1557 154
599 1520 779 1548 alienationes
794 1519 878 1554 ipsas,
897 1519 920 1546 si

129 1578 189 1605 qum
213 1570 240 1597 in
256 1575 312 1598 toto
325 1569 368 1597 vel
388 1569 414 1597 in
432 1573 519 1604 parte,
546 1567 618 1603 quod
640 1566 721 1599 absit,
739 1566 846 1597 ﬁerent,
862 1566 921 1592 nul-

130 1618 182 1646 lius
196 1625 257 1646 esse
280 1616 387 1645 roboris
406 1617 448 1643 vel
461 1615 612 1651 (momenti,
635 1614 683 1641 sed
698 1613 829 1641 adversus
844 1619 921 1646 emp-

128 1667 203 1690 tores
218 1667 264 1689 aut
279 1662 347 1689 alias
365 1663 485 1696 ipsorum
512 1660 621 1692 easalis,
640 1660 724 1687 vinea:
743 1664 770 1687 et
787 1659 919 1686 bonorum

127 1717 290 1745 quocunque
312 1709 391 1736 titulo
405 1711 557 1742 receptores
574 1707 713 1742 praedictis
732 1706 863 1735 fratribus
878 1705 921 1736 vel

126 1755 275 1790 capellanis
297 1759 458 1789 quocunque
480 1759 601 1789 tempore
630 1753 687 1782 fore
704 1753 739 1782 ad
754 1753 799 1782 illa
817 1762 921 1791 regres-

127 1809 199 1833 sum,
216 1805 295 1835 prout
308 1805 362 1828 tant
379 1800 406 1827 in
422 1799 557 1835 pra-dictis
572 1799 671 1827 litteris
685 1806 767 1835 quam
784 1807 917 1835 processu

128 1855 177 1882 per
193 1847 280 1882 ipsum
297 1846 533 1882 archiepiscopum
544 1853 628 1881 super
642 1846 744 1874 eisdem
760 1848 921 1881 posteriori-

128 1894 177 1920 bus
191 1893 288 1925 litteris
311 1892 413 1925 habito,
426 1897 453 1920 et
477 1892 594 1927 quodam
616 1892 726 1927 publico
740 1893 920 1921 instrumento

126 1948 209 1975 super
236 1940 384 1968 donatione
407 1945 435 1967 et
462 1940 488 1967 in
503 1940 594 1967 dotem
621 1938 828 1972 constitutione,
850 1940 920 1967 assi-

128 1988 265 2022 gnatione,
281 1987 431 2019 voluntate,
454 1986 625 2014 ordinatione
644 1990 671 2012 et
697 1984 756 2012 aliis
772 1986 919 2019 praemissis

127 2033 262 2066 confecto,
275 2041 389 2068 quorum
403 2033 524 2060 omnium
542 2037 650 2060 tenores
669 2032 918 2067 diligenterinspici

126 2085 154 2108 et
181 2080 333 2108 examinari
367 2080 492 2113 fecimus,
518 2085 545 2107 et
563 2087 610 2107 eos
630 2086 663 2106 ac
692 2079 716 2106 si
732 2079 765 2106 de
788 2079 871 2106 verbo
885 2074 924 2107 ad.

126 2121 239 2155 verbum
252 2128 431 2163 praesentibus
460 2128 654 2160 insererentur,
684 2127 779 2156 haberi
794 2129 923 2163 volumus
964 2136 968 2147 ι

128 2181 177 2209 pro
190 2174 336 2209 expressis.
361 2173 467 2208 plenius
489 2174 655 2202 continetur.
681 2174 772 2207 Quare
790 2167 922 2210 prmfatus'

129 2220 274 2248 Bessarion
292 2220 370 2248 nobis
385 2221 525 2249 humiliter
546 2222 707 2257 supplicavit
725 2227 753 2249 ut
773 2223 919 2256 praemissis

129 2266 254 2294 Omnibus
266 2272 293 2295 et
307 2267 421 2302 singulis
436 2276 483 2302 pro
499 2268 605 2295 illorqu
617 2269 792 2296 subsistentia
805 2270 926 2304 [iuniori

129 2312 212 2353 robur
235 2313 390 2346 apostolica!
414 2314 630 2341 continuationis
655 2314 773 2348 adjicere
797 2314 924 2350 aliasque

127 2365 210 2393 super
227 2359 270 2385 bis
285 2364 434 2394 opportune
459 2360 602 2395 providere
625 2361 659 2388 de
677 2361 841 2395 benignitate
854 2370 919 2397 apo-

128 2404 223 2431 stolica
238 2404 422 2439 dignarentur.

163 2449 218 2477 Nos
237 2451 329 2485 igitur,
348 2453 393 2485 qui
411 2451 561 2485 liujuStnodi
594 2453 768 2481 laudabilium
791 2463 917 2490 operum,

128 2503 175 2529 per
188 2505 248 2532 qua:
265 2499 372 2525 divinus
387 2499 476 2526 cultus
494 2506 619 2534 augetur,
648 2502 826 2529 ecclesiarum
845 2503 918 2529 basi-

128 2544 187 2572 licae
215 2545 389 2577 decorautnr,
416 2551 443 2573 et
461 2547 611 2574 animarum
638 2553 692 2575 tam
717 2549 915 2576 instituentluut

127 2599 208 2626 quam
232 2592 347 2619 aliorum
375 2593 493 2620 fidelium
519 2595 600 2621 saluti
627 2596 738 2629 provide
754 2596 916 2629 consulitur,

127 2641 360 2666 commendatores
376 2645 457 2674 atqtte
470 2641 590 2668 fautores
612 2642 728 2668 libenter
746 2644 914 2678 exsistimns,

127 2688 154 2710 et
170 2690 198 2710 ut
213 2691 372 2719 perpetuum
391 2693 508 2721 iugorum
526 2688 654 2721 habeant,
676 2695 805 2722 quantum
823 2697 915 2718 nostra

126 2731 198 2758 Valet
221 2733 338 2766 provisio
353 2754 362 2767 ,
385 2733 532 2760 cllicacitcr
563 2742 729 2768 operantur,
759 2737 914 2772 liujusmodi

126 2778 369 2812 srqqtlit-ationibus
394 2781 532 2814 inclinati,
554 2789 753 2816 reparationem
778 2791 804 2810 ct
835 2794 915 2812 urua-

127 2829 244 2848 mcntum
261 2825 370 2858 capellae
385 2826 526 2859 prmdictae,
543 2829 643 2854 eisdem
663 2828 802 2856 Fratribus
816 2831 915 2858 fat-tam

126 2870 327 2898 culicessioricm
353 2880 500 2907 eorumque
528 2875 552 2899 in
584 2876 625 2902 illa
653 2877 859 2912 institutionem,
885 2885 913 2908 et

366 2924 497 2950 ιιμιτιιξῖι.
520 2922 574 2950 litt.
593 2922 690 2954 CLVI.

483 114 631 143 ALOYSII
653 113 830 143 BANDlNll
851 114 1160 144 CUMMENTAILUS
1188 128 1221 131 -
1244 114 1450 145 APPENDIX.

1698 118 1760 138 XCIV

974 169 1072 195 extsulis
1096 175 1123 196 et
1144 170 1237 201 vineae,
1256 177 1305 197 net:
1329 178 1382 196 non
1403 168 1532 204 jocalium
1548 173 1575 196 ct
1590 174 1763 197 ornamento-

973 223 1031 242 rum
1048 223 1079 242 ac
1095 216 1226 243 bonorum
1250 218 1439 251 praattictormn
1459 216 1507 252 ipsi
1531 215 1639 251 capella;
1663 216 1762 243 factam

971 262 1147 295 posteriorem
1161 263 1344 295 donationem,
1357 271 1389 290 ac
1400 263 1445 296 jus
1462 267 1620 297 patronatus
1633 262 1660 288 in
1673 269 1757 289 even-

972 311 1028 334 tuin
1044 309 1200 342 praediolum
1220 310 1351 336 duntaxat
1375 309 1582 336 concessionem
1611 308 1763 343 priorisque

971 355 1185 388 revocationem,
1201 364 1250 383 nec
1262 363 1327 389 ⁸ιιοη
1348 349 1531 388 interdictum,
1557 358 1583 382 et
1600 354 1762 390 prohibitio-

971 410 1033 429 nem
1048 411 1080 431 ac
1097 404 1261 431 Voluntatem
1274 408 1301 431 et
1315 403 1513 430 ordinationem
1528 401 1613 437 ipsius
1621 400 1763 428 Bessario—

971 454 1013 479 nis
1030 452 1178 479 eartlinalis
1204 453 1311 486 aliaque
1341 450 1480 485 pratmissa
1507 455 1567 476 rata
1595 448 1725 475 habentes
1737 453 1765 475 et

971 503 1059 533 grata,
1077 499 1120 525 illa
1138 499 1227 525 omnia
1246 502 1272 524 et
1297 497 1402 532 singula
1423 497 1447 523 in
1472 496 1569 523 litteris
1593 499 1620 522 et
1635 501 1762 528 processu

971 553 1003 572 ac
1019 546 1201 572 instrumento
1217 544 1355 579 prazdictis
1373 547 1500 571 contenta
1520 546 1547 569 ct
1564 541 1684 577 qualibet
1702 541 1764 566 inde

971 596 1064 621 secula
1091 592 1253 618 auctoritate
1278 590 1428 626 apostolica
1452 595 1479 616 et
1499 597 1531 616 ex
1554 593 1629 616 certa
1649 586 1763 614 scientia

972 643 1064 666 tenore
1080 637 1254 673 praesentium
1273 637 1467 664 confirmamus
1481 640 1508 663 et.
1522 635 1715 670 approbamus,
1731 641 1763 660 ac

971 685 1080 720 plenttm
1094 684 1177 713 robur
1190 685 1315 712 obtinere
1326 685 1509 716 decernimus,
1529 682 1687 717 supplenles
1705 689 1764 708 om—

972 739 1020 760 nes
1039 737 1066 759 et
1092 732 1213 766 singulos
1230 731 1365 763 defectus,
1395 730 1417 758 si
1432 730 1477 766 qui
1490 729 1582 757 forsan
1609 729 1764 755 intervene-

971 779 1027 805 rint
1057 779 1084 805 in
1109 779 1225 810 eisdem,
1256 786 1306 806 nec
1336 786 1390 805 non
1418 785 1478 804 cum
1495 776 1576 804 dictis
1592 775 1765 802 fratribnsnt

971 825 1127 861 praedictam
1155 825 1298 859 capellam,
1322 829 1349 852 ct
1378 824 1450 851 illius
1480 831 1514 851 ae
1545 823 1625 850 dictat
1644 821 1762 850 basilica:

971 872 1157 906 possessiones
1172 877 1199 899 et
1212 871 1264 898 alia
1285 871 1355 898 bona
1368 870 1496 905 praedicta
1514 877 1563 904 pro
1580 869 1760 904 par-amentis,

971 918 1060 949 libris,
1085 918 1262 949 ornamentis,
1290 916 1483 947 luminaribus.
1513 922 1574 942 cera
1597 919 1622 942 et
1642 914 1702 941 aliis
1719 921 1764 941 sa-

972 965 1073 992 cristia:
1086 965 1172 999 ipsius
1185 964 1315 996 basilicae,
1333 963 1493 992 eorumdem
1509 969 1617 997 quoque
1633 960 1760 988 Fratrum

973 1012 1190 1042 necessitatibus.
1205 1011 1228 1038 si
1248 1011 1357 1038 aliunde
1375 1011 1437 1037 vitae
1457 1008 1612 1037 necessaria
1633 1006 1762 1041 consequi

973 1063 1121 1093 nequeant,
1138 1059 1268 1090 retinere,
1284 1065 1317 1085 ac
1333 1057 1519 1092 possessiones
1539 1061 1566 1084 et
1581 1057 1651 1084 bona
1668 1055 1764 1089 hujus-

973 1106 1045 1133 modi
1073 1112 1121 1139 per
1146 1111 1317 1132 oeconomum
1347 1104 1388 1131 vel
1405 1107 1609 1137 procuratorem
1635 1101 1762 1128 idoneunt

972 1156 1020 1180 aut
1035 1152 1174 1187 syndicum
1189 1152 1288 1178 laicum
1304 1150 1507 1182 administrare,
1529 1149 1636 1176 illormn
1654 1154 1762 1182 quoque

973 1199 1098 1230 fructus,
1123 1198 1226 1226 reditus
1250 1202 1279 1225 et
1306 1202 1455 1233 proventus
1478 1197 1505 1223 in
1530 1203 1595 1222 usus
1618 1194 1764 1230 praedictos

972 1249 1132 1274 convertere
1148 1245 1231 1272 libere
1245 1251 1277 1271 ac
1293 1244 1366 1271 licite
1380 1243 1500 1276 valeant,
1515 1242 1677 1270 auctoritate
1692 1249 1763 1276 prte-

972 1293 1044 1320 dicta
1058 1297 1150 1320 tenore
1159 1291 1332 1327 praesentium
1345 1290 1424 1326 155
1434 1291 1467 1318 de
1479 1289 1589 1324 speciali
1603 1289 1690 1324 gratia
1706 1289 1762 1317 dis-

972 1338 1307 1372 pensamusmiamlantes
1321 1337 1432 1371 insuper
1447 1337 1608 1372 presbytero
1628 1335 1759 1363 cardinali

972 1384 1050 1411 dictae
1064 1384 1184 1412 basilica:
1197 1383 1243 1418 qui
1261 1391 1309 1417 pro
1326 1387 1447 1416 tempore
1472 1381 1563 1416 fuerit,
1581 1387 1609 1410 ιιι
1623 1382 1762 1417 ρικιηίεειι

970 1431 1062 1458 omnia
1083 1436 1109 1458 et
1129 1430 1235 1465 singula
1252 1429 1335 1458 faciat
1358 1436 1406 1464 per
1421 1429 1531 1457 eosdem
1554 1429 1665 1456 Fratres
1678 1428 1720 1455 vel
1734 1429 1760 1454 iu

972 1477 1128 1513 praedictum
1147 1484 1274 1506 eventum
1297 1478 1454 1513 capt'llanos
1477 1479 1556 1506 dicta:
1577 1477 1688 1512 capelle
1715 1475 1763 1510 qui

972 1533 1021 1560 pro
1039 1532 1160 1561 tempore
1186 1525 1296 1557 fuerint.
1315 1526 1452 1560 perpetuis
1480 1525 1580 1552 futuris
1595 1525 1763 1559 temporibus

972 1573 1167 1601 inviolabiliter
1190 1572 1341 1606 observari,
1373 1572 1590 1600 contradictores
1603 1579 1652 1607 per
1667 1579 1762 1598 censu-

971 1629 1030 1648 ram
1059 1620 1287 1654 ecclesiasticam,
1304 1619 1484 1655 appellationc
1510 1620 1673 1654 postposita,
1688 1627 1764 1646 coni-

972 1668 1106 1702 poscendo
1123 1675 1130 1694 :
1147 1674 1200 1694 non
1220 1667 1392 1695 obstantibus
1417 1666 1659 1694 constitutionibus
1675 1670 1703 1693 et
1717 1673 1764 1692 or-

971 1714 1155 1742 dinationibus
1176 1713 1333 1748 apostolicis
1358 1720 1390 1741 ac
1413 1713 1571 1742 eorumdem
1598 1713 1719 1740 basilica:
1736 1718 1764 1740 et

971 1761 1076 1788 ordinis
1092 1761 1217 1788 Fratrum
1238 1760 1371 1788 Minorum
1385 1761 1497 1788 statutis
1513 1765 1541 1788 et
1556 1760 1764 1788 consuetudini-

971 1806 1031 1837 bus,
1045 1806 1212 1840 iuramento,
1225 1805 1430 1834 conﬁrmatione
1447 1806 1594 1840 apostolica
1609 1807 1649 1834 vel
1667 1807 1763 1841 quavis

970 1855 1100 1882 ﬁrmitate
1114 1854 1165 1882 alia
1187 1855 1332 1887 roboratis,
1360 1855 1509 1882 contrariis
1534 1854 1762 1889 quibuscunque;

971 1907 1018 1930 aut
1034 1902 1055 1930 si
1075 1902 1211 1938 aliquibus
1227 1902 1408 1930 communiter
1417 1902 1458 1929 vel
1478 1902 1584 1929 divisim
1601 1909 1615 1928 a
1629 1902 1758 1937 pratdicta

971 1947 1005 1975 sit
1031 1947 1096 1975 sedc
1121 1948 1266 1979 indultum,
1294 1948 1365 1984 quod
1395 1948 1541 1980 interdici,
1566 1949 1694 1982 suspendi
1720 1948 1762 1974 vel

965 1994 1206 2033 excommunicari
1221 2002 1273 2020 non
1288 1994 1391 2028 possint
1416 2002 1464 2033 per
1480 1994 1584 2022 litteras
1600 1994 1763 2028 apostolicus

965 2031 1025 2067 Inon
1053 2039 1184 2067 facientes
1205 2039 1310 2074 plenam
1326 2045 1352 2066 et
1371 2031 1531 2075 expressam
1547 2040 1579 2067 de
1592 2040 1694 2067 indttllo
1710 2040 1763 2066 lict-

969 2086 1087 2121 jusmodi
1108 2086 1283 2114 mentionem.

1005 2133 1075 2160 Nulli
1091 2141 1156 2168 ergo
1172 2133 1284 2161 omnino
1304 2133 1444 2161 hominum
1463 2134 1553 2167 liccat,
1572 2139 1624 2161 etc.

1007 2179 1103 2207 Datum
1119 2179 1222 2211 Ruinm,
1238 2179 1307 2214 apttd
1333 2180 1362 2206 S.
1388 2179 1519 2211 Marcum,
1538 2187 1608 2206 anno
1627 2179 1761 2207 iucaruat.

972 2225 1081 2254 Domin.
1093 2226 1174 2258 “67,
1185 2225 1289 2253 xv1kal.
1301 2226 1426 2258 0ctobr.,
1438 2226 1533 2261 poutil'.
1545 2226 1628 2254 nostri
1640 2234 1711 2253 anno
1725 2216 1761 2252 iv.

1344 2282 1390 2311 Χῐ.

971 2330 1050 2358 Breve
1077 2331 1242 2358 Bessnrionia
1269 2331 1393 2365 elogituit,
1427 2330 1460 2356 ab
1489 2335 1594 2356 auclore
1624 2337 1755 2363 anonymo

1005 2367 1029 2393 ei
1041 2374 1135 2400 cocci-0,
1149 2367 1286 2400 scriptum.
1304 2366 1345 2392 Ex
1360 2366 1446 2392 codice
1471 2365 1535 2392 bibl.
1571 2365 1704 2391 Vut'iruua-
1732 2372 1759 2390 ιι.

1006 2402 1086 2434 5621,
1105 2410 1131 2436 ρ.
1149 2402 1191 2429 to.

1006 2447 1161 2488 Cardinalis
1172 2460 1327 2492 Bessarton,
1339 2461 1474 2492 Nic-tenus.
1492 2465 1613 2494 tempore
1624 2460 1760 2493 pontittcis

970 2507 1046 2534 Pauli
1063 2507 1084 2534 ll
1100 2507 1219 2535 maxime
1237 2507 1312 2535 llorct
1328 2514 1356 2535 et
1376 2509 1402 2534 iu
1418 2508 1505 2542 pretio
1522 2515 1573 2533 tton
1590 2514 1671 2540 parvo
1699 2513 1760 2534 esse

970 2555 1152 2588 pernoscitur,
1174 2555 1237 2582 licet
1254 2561 1280 2582 ct
1293 2559 1372 2581 antea
1389 2554 1546 2587 exsd‘crit;
1572 2561 1622 2580 nec
1642 2553 1761 2580 immeri-

971 2605 1009 2631 to,
1023 2608 1083 2627 nam
1104 2601 1318 2628 litteratissimus
1334 2605 1385 2632 est,
1403 2607 1429 2628 et
1452 2600 1585 2631 omnibus,
1608 2599 1713 2626 Latinis
1728 2606 1760 2625 ac

971 2647 1085 2676 (ἐπ-γεῖς.
1101 2649 1184 2674 multo
1201 2647 1404 2679 dilectissimus,
1426 2652 1604 2681 prteterquam
1641 2645 1761 2680 Georgio

970 2694 1163 2728 Trapezuntio.
1178 2695 1240 2721 odio
1255 2695 1373 2729 quodam
1395 2695 1512 2730 privato.
1543 2693 1591 2720 HEC
1611 2695 1761 2723 cartlinalis

970 2741 1123 2767 litteratura
1138 2749 1246 2775 semper
1261 2741 1424 2772 OblCt'lﬂllll‘,
1445 2747 1471 2769 et
1489 2741 1605 2768 lecti0ae
1619 2748 1673 2768 tum
1686 2742 1761 2770 Cra:-

969 2795 1012 2818 ca,
1029 2792 1084 2813 tam
1108 2787 1201 2814 Latina
1212 2795 1321 2822 semper
1338 2787 1440 2822 aliquid
1456 2790 1595 2822 componit
1611 2793 1658 2814 aut
1671 2793 1761 2815 trans-

970 2836 1033 2863 [ει-ι.
1057 2836 1131 2862 Nunc
1147 2835 1223 2861 estin
1235 2834 1294 2868 ejus
1309 2835 1434 2862 manibus
1448 2843 1517 2870 opus
1531 2834 1568 2860 Dc
1583 2835 1763 2869 comparatio-

971 2889 1001 2908 ne
1021 2881 1139 2908 Platonis
1157 2885 1179 2908 ct
1194 2880 1352 2915 Arislott'lis,
1367 2881 1392 2907 in
1421 2888 1475 2916 quo
1491 2881 1531 2906 sui
1565 2881 1636 2907 tit-cs
1662 2880 1762 2914 ingenii

1145 2968 1156 2987 .
1500 2931 1520 2961 (ἰ
