1912 3054
142 122 185 142 χει

144 173 224 201 ttdem
241 176 268 199 ct
284 170 469 198 testimonium
485 168 607 196 omnium
622 171 648 194 et
671 164 840 200 singulorum
861 169 933 196 pra:-

145 219 290 246 missorum
305 221 413 252 rogatus
430 220 457 243 et
471 214 633 250 requisitus.

471 283 549 319 151
566 281 602 310 Χο

145 333 226 361 Βυιια
242 342 295 368 qua
316 332 415 359 Paulus
481 330 662 368 donationem
683 319 828 368 saicllinS.
849 323 933 368 (fuge—-

181 370 232 396 nire
246 361 261 394 ᾗ
276 368 408 394 tardinnli
434 366 590 393 Bessariune
611 364 707 398 frtri/tr"
725 361 874 398 conﬁrmat.
892 366 938 384 sa-

181 404 325 437 cri/umque
340 404 424 437 ipsum
442 408 500 437 cunt
515 396 648 437 dolel’V‘P.
667 396 814 424 Minoribus
827 399 938 420 conven-

184 434 299 464 tunlibu's
316 434 499 464 S.‘Francisci
512 434 646 461 altribuil.

184 495 284 522 l'aulus
300 495 452 530 episcopus,
471 499 567 520 servus
585 498 726 518 servarunt
753 488 811 518 Dei.
842 487 875 514 ad
894 485 937 513 fu-

152 547 239 568 turam
254 541 290 568 rei
310 535 480 567 memoriam.
497 538 526 565 lu
551 536 681 564 eminenti
699 534 854 569 apostolicm
866 532 940 559 sedis

151 585 261 620 speculo
275 584 425 616 constituti,
445 591 504 618 qua:
524 590 573 616 pro
602 581 777 608 ecclesiarum
798 579 895 606 decore
911 582 939 605 et

153 630 236 656 divini
255 629 343 656 cultus
358 633 502 662 augmento
531 627 678 660 przesertim
707 633 755 660 per
770 623 939 652 venerabiles

153 677 251 703 fratres
266 680 373 702 nostros
399 674 428 701 S.
454 674 584 700 Romana:
605 671 731 700 Ecclesitc
760 670 937 698 eardiualium

154 720 265 755 provide
279 725 353 754 gesta
368 724 441 750 sunt,
459 719 554 752 placidi
583 718 699 752 pastoris
716 721 825 751 aspectu
846 715 940 750 benig-

152 766 214 792 nius
229 766 374 797 intuemur,
393 769 468 792 utne
484 764 528 791 illa
543 764 658 800 alicujus
672 762 856 797 atnbiguitatis
872 761 936 789 sub.

151 811 279 844 jiciantur
303 811 444 846 scrupulo,
472 810 519 838 sed
543 815 677 844 perpetuo
702 809 804 836 illibata
831 815 941 843 perma-

154 863 245 889 neant,
263 865 340 892 opem
353 861 380 884 et
393 865 503 892 operam
519 856 662 884 ellicaciter
673 855 854 888 impartinutr.
870 853 942 882 Sane

154 912 214 931 cum
232 904 334 931 dudum
351 903 396 931 [ει.
413 902 518 930 record.
533 901 596 930 Pius
616 909 682 936 papa
707 901 740 934 ll,
758 901 942 935 prtedecessor

156 955 260 984 noster,
276 958 338 978 ven.
351 949 429 977 tratn'
445 953 538 977 nostro
558 948 726 980 Best-arioni,
739 948 866 982 episcopo
886 946 943 974 Tu-

157 997 281 1029 sculano,
309 995 439 1024 cardinali
464 995 573 1023 Nicauto
599 999 763 1028 Ituucupato,
788 994 834 1028 qui
861 993 942 1020 etiam

158 1049 222 1071 tttuc
251 1044 357 1070 titulum
387 1041 536 1076 presbyteri
571 1041 717 1068 cardinalis
744 1040 864 1067 insitiva:
894 1038 944 1066 ΧΙΙ

157 1089 347 1123 Amida-um
361 1088 396 1114 de
421 1087 496 1115 Urbe
526 1087 554 1114 in
582 1086 771 1114 commendant
793 1085 943 1117 obtinebat,

157 1140 236 1168 prout
248 1135 371 1167 obtinet.
390 1139 418 1161 ut
434 1133 566 1167 capellam
591 1132 641 1160 sub
663 1131 834 1159 invocatione
848 1130 877 1158 S.
891 1131 946 1159 Eu-

158 1182 255 1216 μυῖαι,
272 1182 353 1208 sitam
369 1181 395 1207 in
411 1180 505 1207 cadent
521 1179 644 1210 basilica,
664 1186 725 1213 qua:
752 1179 872 1205 indotata
888 1183 947 1205 erat

157 1234 185 1255 et
198 1219 398 1255 restauratione
413 1227 561 1260 indigebat,
573 1232 710 1260 quantque
723 1225 778 1260 ipse
804 1224 946 1251 Bessariou

158 1272 301 1306 cpiscopus
328 1279 378 1306 pro
400 1272 727 1306 suntprogenitorutnqne
752 1277 864 1296 suorum
889 1269 948 1296 ani-

158 1325 265 1345 marum
280 1317 367 1344 salute
381 1325 430 1352 pro
446 1325 499 1344 uno
511 1317 653 1351 capellauo
676 1316 840 1344 suliicienter
854 1315 948 1342 dotare

160 1364 344 1395 desiderabat.
368 1366 402 1390 ad
427 1363 624 1397 omnipotentis
650 1362 697 1390 Dei
726 1362 832 1389 laudem
849 1367 875 1388 et
889 1361 950 1396 glo-

163 1412 230 1437 tiam
253 1417 380 1444 reparare
404 1416 435 1436 ac
461 1409 513 1437 sub
538 1409 708 1436 invocatione
736 1408 787 1436 SS.
806 1408 950 1439 ,tlichaelis

159 1457 314 1490 archangeli
333 1462 362 1484 et
370 1456 483 1484 Joannis
499 1457 625 1490 Baptista:
638 1463 669 1483 ac
683 1456 713 1484 S.
738 1455 866 1490 Eugeniae
889 1453 951 1482 inti-

163 1502 259 1534 tulare,
275 1509 324 1529 nec
336 1509 392 1529 non
408 1502 495 1534 libris,
515 1502 686 1534 paranteatis
701 1505 730 1528 ct
746 1502 810 1528 aliis
821 1501 951 1528 ecclesia-

163 1547 240 1580 sticis
254 1548 421 1575 ornamentis
440 1547 533 1575 divino
545 1547 632 1575 cultui
660 1547 819 1575 necessariis
844 1547 951 1580 fulcire,

164 1600 190 1623 et
207 1595 424 1629 competentibus
437 1602 485 1628 pro
501 1601 555 1621 uno
582 1594 740 1628 presbytero
762 1593 826 1620 inibi
851 1594 952 1621 missas

163 1648 189 1668 et
219 1641 309 1668 divina
337 1640 423 1668 cilicia
453 1640 624 1668 celebraturo
655 1639 786 1667 reditibus
812 1640 845 1667 de
874 1639 954 1667 bonis

165 1688 222 1714 s-tis
237 1688 318 1713 etiam
334 1694 381 1721 per
403 1686 551 1713 Ecclesium
573 1686 715 1720 acquisitis
742 1685 836 1712 dotare
852 1690 951 1719 posset,

165 1735 303 1762 licentiam
322 1739 349 1760 ct
366 1733 522 1760 facultatem
539 1741 586 1767 per
600 1739 663 1760 suas
682 1732 786 1759 litteras
801 1732 954 1759 concessis-

164 1785 219 1811 set,
232 1788 266 1807 ac
282 1780 366 1815 ipsius
381 1779 490 1813 capella:
503 1779 547 1813 jus
562 1783 721 1813 Patrenatns
736 1784 764 1805 ct
774 1778 954 1812 prtesentandi

167 1825 298 1862 cardinali
326 1825 404 1851 dictae
434 1824 552 1850 basilicae
581 1831 630 1858 pro
664 1829 784 1858 tempore
810 1823 952 1850 exsistenti

165 1879 312 1906 personam
330 1870 454 1897 idoneam
469 1869 503 1896 ad
521 1869 595 1896 illam
612 1876 665 1896 tant
692 1869 780 1903 prima
797 1869 855 1895 vice
872 1875 953 1902 quant

166 1917 275 1952 quoties
294 1924 353 1943 eam
378 1923 475 1943 vacare
498 1916 677 1950 centingerct,
702 1915 752 1942 sibi
776 1919 803 1942 et
817 1920 878 1949 post
892 1921 955 1942 eum

164 1964 259 1992 abbati
283 1962 439 1990 monasterii
466 1961 495 1989 S.
513 1962 588 1989 Pauli
610 1968 687 1989 extra
714 1970 806 1990 muros
823 1962 910 1996 Urbis,
929 1967 957 1988 et

167 2009 252 2046 priori
276 2009 374 2037 domus
390 2008 419 2036 S.
438 2008 528 2036 Maria:
546 2009 580 2036 de
596 2008 697 2043 Populo
719 2009 860 2036 denadena
878 2008 954 2043 urbe,

167 2057 197 2084 5.
216 2055 352 2082 Benedicti
368 2060 396 2082 et
410 2053 594 2081 Ereutitarutn
610 2053 641 2081 S.
661 2054 801 2089 Augustini
818 2054 957 2088 ordiuttnt,

167 2103 251 2131 etiam
279 2109 327 2136 pro
353 2107 475 2136 tempore
501 2101 707 2133 exsistentibus,
732 2101 760 2128 in
782 2107 955 2136 perpetuum,

169 2148 220 2174 nisi
241 2147 319 2174 aliter
335 2152 532 2173 ante—mortem
546 2153 622 2172 suam
639 2145 805 2178 disponeret,
826 2146 894 2172 idem
912 2145 958 2180 jus

168 2197 329 2227 patruuatus
358 2197 384 2219 ct
418 2192 598 2225 przescntandi
632 2193 790 2226 presbytero
827 2192 958 2219 cardinali

170 2239 290 2265 basilica:
310 2239 443 2272 praedictae
462 2246 510 2272 pro
528 2243 649 2272 tempore
663 2237 803 2264 cxsistcnti
823 2244 961 2263 reservas-

169 2289 224 2316 set,
240 2292 272 2310 ac
290 2276 416 2318 praciatus
437 2283 579 2310 Bessarion
608 2284 705 2310 dictam
726 2284 857 2317 capellam
876 2292 958 2318 repa—

169 2337 231 2356 rare
245 2334 271 2356 et
284 2337 387 2356 ornare
400 2329 538 2363 cmpisset.
550 2330 632 2364 eique
657 2329 734 2365 152
751 2338 799 2364 pro
813 2331 876 2358 dote
891 2338 959 2357 non-

170 2377 243 2403 nulla
261 2381 328 2403 tunc
353 2383 482 2410 expressa
499 2375 569 2402 bona
591 2377 702 2402 emisset
718 2381 800 2410 atque
813 2377 956 2408 donasset,

170 2421 299 2456 praelatus
317 2422 499 2456 praedecessor
523 2421 694 2453 postmodum
713 2421 744 2446 nd
763 2422 847 2455 ipsius
859 2421 959 2448 Bessan

170 2469 259 2495 tionis
283 2467 453 2499 instantiam,
479 2468 651 2493 elei-certis
669 2467 845 2495 rationalibus
869 2469 959 2495 causis

172 2519 236 2541 tunc
250 2515 396 2548 expressis,
415 2519 443 2541 et
459 2513 610 2548 praesertim
629 2518 658 2540 ut
675 2514 700 2540 in
724 2513 785 2548 ipsa
804 2514 913 2542 basilica
930 2515 957 2542 in

172 2561 271 2588 divinis
288 2568 406 2594 congrue
420 2559 579 2590 serVirc-tttr,
600 2559 672 2586 illam
687 2559 721 2586 de
732 2560 859 2586 ismculari
870 2561 960 2588 eccle-

173 2609 213 2634 sia
227 2609 259 2634 ad
275 2609 396 2634 m‘dinem
413 2607 536 2634 Fratrum
553 2607 687 2632 minorum
701 2607 793 2634 reduci
804 2608 958 2640 intendens,

175 2662 223 2688 per
237 2654 367 2687 quasdam
385 2653 452 2680 alias
466 2660 531 2680 suas
550 2653 654 2680 litteras
679 2654 806 2681 venerab.
822 2653 886 2680 i'rat.
906 2661 958 2680 no-

174 2707 233 2728 stro
260 2700 373 2727 Nicolno
394 2700 597 2733 archiepiscopo
625 2699 767 2735 Sipontino
790 2701 866 2728 dedit
891 2701 960 2728 inter

175 2752 272 2775 caetera
287 2747 314 2774 in
337 2747 472 2774 mandatis
487 2753 518 2773 ut
534 2747 618 2781 ipsum
637 2746 779 2774 basilicam
796 2747 960 2782 professori—

175 2795 226 2822 bus
240 2794 305 2821 dicti
320 2793 424 2822 ordinis
434 2792 561 2820 Fratrum
585 2791 719 2820 ﬁinorum
745 2793 918 2827 concederet,
933 2799 962 2822 et

176 2846 215 2869 tot
233 2841 330 2868 fratres
346 2841 372 2868 in
392 2847 423 2868 ea
441 2840 594 2869 institueret
620 2845 686 2876 quot
700 2847 735 2868 ett
752 2840 812 2877 ejus
827 2840 960 2870 fluctibus

557 110 607 141 ne
626 110 716 140 VITA
736 98 784 138 ET
805 103 934 136 nasus
955 102 1095 134 GESTIS
1115 105 1370 137 BESSA-RIONIS

1715 111 1777 135 κειι

987 167 1106 194 congrue
1130 164 1279 191 sustentari
1295 168 1417 199 possent.
1438 171 1489 191 nec
1513 171 1566 191 non
1600 166 1733 191 statueret
1746 166 1780 190 et

985 209 1124 236 ordinaret
1143 210 1217 244 quod
1235 218 1331 240 (mutes
1359 214 1386 237 ct
1401 210 1498 244 singuli
1529 209 1644 241 fructus,
1661 209 1781 239 reditus,

987 260 1144 290 prorentus,
1153 257 1337 290 possessiones
1345 261 1372 283 et
1388 257 1455 283 bona
1472 256 1557 291 ipsius
1571 256 1689 283 basilica:
1699 263 1779 282 com-

987 303 1090 333 munia,
1108 309 1138 328 ac
1154 303 1196 330 illa
1214 311 1273 336 qua
1287 303 1320 330 ad
1345 304 1536 330 canonicatutn
1560 307 1588 330 ct
1601 301 1778 337 prtebendam

988 347 1135 374 cardiu-alis
1149 355 1198 383 pro
1215 353 1336 383 tempore
1352 348 1507 375 cxsistentis
1524 347 1688 382 supradictae
1699 346 1779 374 basi-

988 393 1048 420 licte
1064 401 1098 420 ex
1115 394 1258 431 tunctalia
1287 401 1352 421 vero
1381 402 1440 428 qnte
1463 394 1496 421 ad
1515 393 1581 420 alios
1599 393 1782 420 canOuicatus

988 443 1015 466 ct
1027 439 1188 473 prmbendas
1201 447 1233 466 ac
1251 439 1380 466 beneﬁcia
1404 440 1488 474 ipsius
1513 439 1631 466 basilicae
1657 438 1782 471 pertine-

989 485 1064 517 bant,
1082 493 1162 520 quam
1175 487 1291 520 primum
1302 486 1447 514 canonicos
1461 486 1501 513 vel
1517 486 1690 513 benellciatos
1704 484 1784 518 ejus-

971 530 1050 558 ‘dem
1075 531 1197 559 ccclesize
1227 532 1324 559 cedere
1352 532 1394 559 vel
1421 532 1565 566 decedere,
1587 536 1634 558 aut
1660 538 1692 557 ea
1709 530 1781 556 alias

992 585 1104 612 quoque
1122 579 1202 606 modo
1215 578 1353 606 dimittere
1370 579 1548 613 contingeret,
1564 577 1667 605 eisdem
1684 575 1781 602 fratri-

992 624 1041 651 bus
1058 632 1206 658 corumque
1221 625 1309 652 ordini
1332 624 1465 655 Minorum
1479 616 1639 659 applicaret.
1655 621 1778 654 Quarum

991 670 1100 703 quidem
1128 671 1310 705 posteriorum
1343 671 1495 697 litterarum
1532 670 1622 703 vigore
1649 667 1781 702 prmfatus

990 715 1119 743 Nicolaus
1138 716 1359 751 archiepiscopus
1375 716 1513 744 basilicam
1537 716 1622 749 ipsam
1637 714 1782 742 Fratribus

994 763 1141 795 concessit,
1158 770 1190 790 ac
1207 763 1301 790 statuit
1324 767 1353 790 et
1378 763 1514 790 ordinavit
1537 761 1651 793 fructus,
1679 759 1786 787 reditus

994 812 1021 835 et
1032 813 1188 842 proventus,
1204 816 1235 836 ac
1251 809 1437 843 possessiones
1449 813 1478 835 et
1492 808 1560 835 bona
1577 807 1702 842 pradicta
1714 805 1785 840 ipsis

994 862 1145 891 eorumque
1162 857 1253 884 ordini
1273 857 1405 884 Minorum
1421 855 1561 891 applicari.

1031 901 1097 928 Cum
1126 900 1228 937 itaque,
1260 902 1330 930 sicut
1354 902 1482 937 praelatus
1513 902 1659 929 Bcssarion
1687 908 1783 928 coram

995 949 1073 975 nobis
1087 955 1173 982 nuper
1188 949 1328 982 exposuit,
1344 954 1372 975 et
1389 948 1426 974 rei
1441 948 1524 974 etiam
1542 947 1678 974 evidentia
1692 946 1784 973 maui-

994 995 1087 1026 i'estal,
1113 994 1199 1029 ipsam
1215 994 1314 1021 dictam
1337 993 1466 1027 capellam
1491 992 1679 1027 reparaverit,
1699 995 1726 1019 et
1740 991 1785 1018 cli-

997 1041 1055 1075 gnis
1073 1041 1185 1076 picturis
1198 1048 1229 1068 ac
1251 1039 1416 1075 paramcntis
1429 1044 1456 1067 et
1472 1039 1640 1066 ornamentis
1660 1044 1713 1066 tam
1738 1046 1786 1066 sc-

997 1087 1078 1114 riccis
1097 1095 1178 1121 quam
1192 1087 1328 1121 argenteis
1352 1086 1442 1113 divino
1467 1086 1550 1113 cultui
1566 1086 1637 1120 aptis
1654 1085 1786 1112 decenter

994 1134 1146 1165 ornaverit,
1171 1137 1198 1159 ct
1223 1134 1249 1160 in
1265 1139 1297 1160 ea
1321 1139 1397 1159 suam
1423 1133 1587 1167 scpttlturam
1614 1133 1737 1167 elegerit,
1757 1136 1787 1159 et

998 1179 1122 1213 quamvis
1132 1179 1195 1205 olim
1214 1186 1262 1212 pro
1276 1179 1338 1206 dote
1356 1179 1441 1213 ipsius
1464 1178 1574 1214 capellae
1589 1179 1707 1214 quinque
1725 1185 1787 1213 par-

999 1231 1040 1253 tes
1064 1234 1098 1254 cx
1123 1226 1263 1253 duodecim
1289 1226 1412 1261 partibus
1438 1226 1602 1260 inl'rascripti
1627 1225 1745 1258 casalis,
1761 1229 1789 1252 et

1000 1277 1074 1300 certa
1089 1273 1141 1300 alia
1162 1278 1225 1299 tunc
1243 1278 1372 1306 expressa
1393 1273 1462 1299 bona
1478 1272 1557 1300 dieue
1569 1272 1677 1306 capella:
1703 1271 1790 1299 dona-

1001 1319 1080 1350 verit.
1095 1323 1185 1345 tamen
1203 1325 1289 1353 nuper
1307 1326 1358 1346 suo
1380 1318 1471 1345 animo
1490 1319 1517 1346 in
1541 1318 1641 1346 bonum
1668 1318 1789 1352 quotidie

1001 1363 1086 1397 magis
1101 1363 1276 1396 fervescente,
1291 1364 1391 1397 emptis
1410 1364 1486 1391 abeo
1501 1372 1515 1390 a
1531 1364 1647 1391 diversis
1663 1364 1789 1399 personis

1001 1409 1114 1444 reliquis
1140 1414 1243 1444 septem
1268 1411 1393 1445 partibus
1413 1410 1512 1438 casalis
1537 1410 1789 1446 Cieognolatnova',

1002 1455 1048 1483 siti
1067 1455 1094 1482 in
1108 1454 1183 1482 Latio
1196 1460 1271 1482 extra
1288 1461 1393 1490 portam
1411 1455 1526 1490 Appiam
1549 1455 1628 1482 almae
1651 1455 1743 1489 Urbis,
1763 1460 1790 1483 et

1002 1503 1056 1529 alia
1073 1502 1219 1529 donatione
1237 1502 1373 1535 pmdicta,
1400 1506 1529 1537 tanquam
1558 1503 1648 1530 minus
1662 1502 1787 1536 fecunda,

1004 1556 1052 1583 per
1069 1556 1132 1575 cum
1155 1553 1293 1580 revocata,
1318 1553 1403 1575 totum
1432 1548 1532 1575 dictmn
1551 1548 1641 1575 casale
1656 1556 1716 1575 cum
1730 1555 1789 1576 0m-

1004 1595 1083 1622 nibns
1097 1599 1123 1621 et
1140 1594 1252 1628 singulis
1267 1593 1432 1626 tenimentls.
1456 1596 1537 1622 terris
1552 1594 1632 1622 cultis
1648 1600 1675 1622 et
1695 1594 1790 1622 incul-

1003 1641 1051 1675 tis,
1068 1642 1165 1677 pratis,
1180 1641 1270 1676 aquis,
1285 1648 1415 1675 aquarum
1445 1641 1603 1669 decursibus
1618 1641 1731 1676 aliisque
1745 1642 1790 1676 jn-

1004 1687 1080 1715 rilrus
1106 1692 1133 1714 et
1149 1687 1320 1721 pertinentiis
1347 1688 1414 1718 suis.
1441 1695 1491 1714 nec
1521 1695 1573 1714 non
1590 1687 1733 1721 quamdam
1747 1687 1786 1713 vi-

1005 1741 1082 1761 neam
1099 1740 1233 1760 mensurae
1255 1737 1358 1767 septem
1390 1733 1534 1767 petiarum,
1550 1733 1592 1760 vel
1608 1733 1693 1767 circa,
1712 1733 1791 1762 sitam

1006 1779 1076 1806 inira
1091 1779 1191 1806 muenia
1206 1778 1289 1806 Urbis
1302 1779 1328 1805 in
1347 1778 1406 1806 loco
1421 1778 1448 1806 S.
1463 1778 1575 1806 Censorii
1593 1779 1619 1806 in
1634 1779 1713 1806 Turri
1729 1787 1793 1806 nuu-

1006 1830 1116 1860 cupato,
1132 1825 1256 1852 similiter
1274 1833 1288 1852 a
1304 1832 1336 1852 se
1356 1831 1498 1860 emptam;
1523 1826 1631 1860 aliaque
1652 1825 1749 1859 jocalia
1764 1829 1791 1853 ct

1006 1877 1164 1899 ornamenta
1195 1872 1322 1906 praedicta
1346 1871 1433 1899 eidem
1462 1872 1571 1905 capellae
1597 1872 1709 1899 donavit
1723 1872 1789 1898 etin

1008 1916 1099 1944 dotem
1122 1917 1264 1944 constituit
1281 1923 1313 1943 ac
1337 1916 1495 1950 assignavit.
1511 1916 1542 1942 Et
1557 1916 1618 1951 quia
1635 1921 1697 1949 post
1714 1916 1790 1952 153

1008 1963 1204 1990 emamtionem
1244 1963 1364 1997 priorum
1404 1962 1556 1988 litterarum
1602 1963 1788 1997 praedictarum

1008 2009 1067 2044 ipsa
1082 2009 1193 2036 basilica
1209 2007 1288 2034 dictis
1301 2006 1442 2033 Fratribus
1453 2006 1558 2034 ordinis
1574 2006 1710 2035 Minorum
1722 2015 1787 2035 cott-

1009 2062 1084 2081 cessa
1112 2060 1139 2081 et
1168 2054 1201 2080 ad
1231 2061 1325 2080 eorum
1355 2053 1477 2080 ordinem
1505 2054 1615 2081 reducta
1636 2055 1750 2086 exstitit,
1764 2060 1792 2081 ιιι

1009 2103 1163 2137 pnelertur,
1179 2101 1251 2128 idern
1264 2101 1420 2134 cardinalis,
1449 2102 1607 2129 existimans
1622 2102 1792 2139 per_eosdcm

1010 2149 1124 2176 Fratres
1146 2155 1226 2182 posse
1252 2147 1332 2174 dictae
1348 2148 1461 2183 capella:
1484 2148 1510 2175 in
1525 2149 1623 2176 divinis
1636 2149 1796 2183 convenien-

1011 2196 1063 2223 tins
1076 2201 1101 2222 ct
1113 2194 1218 2222 facilius
1228 2202 1311 2228 quam
1327 2201 1376 2228 per
1402 2194 1548 2222 smeulares
1563 2195 1734 2230 presbyteros
1748 2195 1793 2222 de-

1010 2242 1117 2273 serviri,
1135 2241 1208 2276 ipsos
1229 2240 1338 2268 Fratres
1365 2241 1477 2269 indicta
1502 2241 1605 2275 capella
1621 2241 1744 2272 instituit,
1763 2248 1793 2268 ac

1009 2287 1094 2315 voluit
1106 2292 1130 2314 et
1152 2287 1297 2318 ordinavit.
1311 2287 1379 2321 quod
1394 2287 1444 2321 ipsi
1473 2286 1584 2315 Fratres
1597 2288 1695 2314 dictam
1708 2287 1793 2322 capel-

1012 2335 1065 2360 lam
1081 2338 1107 2361 ct
1122 2341 1171 2368 per
1188 2333 1308 2367 ipsorum
1325 2337 1511 2368 procuratores
1540 2333 1582 2360 vel
1597 2334 1722 2368 syndicos
1738 2334 1792 2367 ejus

1012 2379 1082 2406 bona
1105 2383 1237 2410 tenerent,
1247 2383 1275 2405 ct
1289 2379 1314 2405 in
1329 2378 1424 2406 eadem
1438 2379 1539 2413 capella
1559 2379 1632 2407 omni
1648 2380 1697 2407 die
1714 2387 1800 2408 nnanr

1015 2427 1124 2453 missam
1157 2425 1329 2453 celebrarent
1349 2425 1390 2452 vel
1420 2426 1551 2453 celebrari
1583 2427 1717 2459 facerent,
1745 2427 1792 2455 hoc

1014 2472 1093 2500 modo
1111 2472 1246 2506 videlicet,
1257 2471 1350 2498 diebus
1366 2471 1504 2505 Mercurii,
1516 2471 1628 2499 Veneris
1637 2477 1664 2499 et
1674 2472 1792 2507 Sabbati,

1014 2521 1121 2546 missam
1137 2526 1186 2553 pro
1203 2518 1356 2552 defunctis,
1373 2518 1417 2546 die
1443 2526 1507 2545 vero
1527 2518 1667 2546 Dominico
1684 2519 1790 2547 missam

1015 2571 1179 2599 currentem,
1215 2571 1242 2592 et
1265 2565 1309 2594 die
1341 2565 1423 2592 Lume
1452 2566 1559 2592 missam
1586 2566 1616 2593 S.
1634 2567 1740 2601 Angcii,
1754 2567 1792 2594 die

1015 2620 1078 2638 vero
1090 2612 1184 2639 Martis
1199 2612 1309 2639 missam
1326 2611 1354 2640 S.
1370 2612 1482 2640 Joannis
1496 2613 1631 2646 Baptistae,
1650 2619 1677 2640 et
1700 2615 1741 2642 die
1751 2613 1792 2641 Jo-

1015 2659 1055 2685 v'rs
1073 2660 1186 2685 missam
1200 2657 1230 2685 S.
1247 2658 1388 2685 Trinitatis
1410 2667 1471 2686 cum
1489 2660 1748 2688 commemoratione
1761 2661 1788 2689 Β.
1808 2665 1817 2673 ’

1015 2704 1150 2739 Eugeniae,
1166 2709 1192 2730 ct
1205 2705 1286 2731 etiam
1305 2711 1366 2731 cum
1381 2704 1492 2732 collecta
1508 2706 1670 2741 iit-qualibet
1687 2715 1735 2741 pm
1749 2709 1789 2734 dc-

1015 2749 1115 2776 lunctis
1140 2748 1279 2776 referendo
1291 2757 1340 2784 pro
1354 2751 1437 2778 certis
1448 2758 1496 2785 per
1511 2752 1596 2785 ipsum
1606 2752 1789 2781 Bessarioncrl

1015 2795 1175 2823 nominatim
1190 2796 1334 2829 expressis,
1350 2804 1400 2824 nec
1415 2804 1469 2824 non
1494 2797 1568 2833 quuil
1583 2799 1662 2826 annis
1673 2798 1789 2833 singulis,

1015 2842 1119 2871 decima
1142 2842 1185 2870 dic
1202 2841 1305 2871 mensis
1328 2842 1506 2878 Septembris,
1535 2847 1678 2872 teneantur
1700 2844 1791 2873 fratres
