1912 3054
135 126 205 146 λιτιιι

136 180 186 214 ipsi
206 184 318 205 cantare
337 177 439 212 vigilias
454 183 633 208 mortuorum,
660 183 687 204 et
703 179 812 204 tnissmn
829 177 928 203 solent.

134 233 198 254 netn
218 233 267 259 pro
294 224 432 252 defunctis
462 224 601 258 expressis
629 223 767 258 prmdictis
793 231 824 250 ac
845 223 929 250 voluit

134 271 207 300 idern
226 272 379 299 Bcssarion.
396 271 474 305 Quod
498 272 521 298 si
544 278 597 306 quo
613 279 679 299 casu
701 271 846 306 aliquando
864 279 929 299 con-

135 318 254 354 tingeret
276 319 347 353 quod
363 318 426 345 dicti
452 318 550 345 fratres
565 318 599 344 ab
613 318 707 345 eadem
724 318 833 345 basilica
853 325 930 344 rcce-

133 365 233 391 derent
254 371 368 399 eamque
390 364 569 394 dimitterent,
598 365 725 398 dictaque
752 365 865 391 basilica
895 365 927 390 avl

133 411 270 439 dictorum
285 411 454 438 saecularium
473 411 592 446 regimen
623 412 809 445 reduceretur,
826 417 890 439 tunc
903 417 930 439 et

133 465 168 486 eo
186 465 251 485 casu
266 458 366 485 dicttnn
381 459 427 493 jus
442 463 603 493 patronatus
620 459 708 486 locum
724 458 834 493 habere,
853 459 927 487 illud-

133 512 190 539 que
205 505 239 531 ad
261 505 385 533 abbatent
417 505 574 533 monasterii
600 505 630 533 S.
646 505 722 533 Pauli
753 510 779 533 et
806 507 927 541 priorem

134 552 234 579 domus
252 552 281 580 S.
296 552 387 580 Mariae
402 552 437 580 de
450 553 551 586 Populo
567 553 758 587 praedictorum
777 555 925 589 pertinere.

135 599 167 625 Et
181 599 243 634 quia
255 599 312 633 ipsa
327 600 428 634 capella
445 607 494 634 pro
508 600 613 628 duobus
629 600 776 635 capellanis
790 601 927 629 sufficien-

135 648 178 670 ter
192 652 241 679 per
261 644 402 679 prafatum
434 644 623 672 Bessarionem
658 646 752 673 dotata
781 646 927 681 est,quod

135 694 201 718 tunc
224 694 252 717 et
275 698 307 717 eo
337 698 402 717 casu
429 690 478 724 ipsi
502 690 587 718 abbas
613 696 640 718 et
670 691 754 725 prior,
771 696 825 718 tam
841 692 928 725 prima

134 737 198 763 vice
214 744 293 770 quam
312 738 418 771 quoties
431 744 511 764 casus
537 737 609 764 illius
637 738 786 765 vacationis
801 745 930 765 occurre-

135 783 183 815 rit,
198 783 266 810 duas
282 791 413 818 personas
428 784 455 810 in
480 784 634 812 sacerdotio
659 785 823 812 constitutas
839 785 929 811 cardi-

134 832 191 859 nali
210 832 270 865 ejus
287 831 404 858 basilica:
427 839 476 866 pro
497 836 618 866 tempore
639 832 780 859 exsistenli
804 839 853 866 per
866 838 928 858 eum

135 878 322 905 i..stiluendas
340 882 506 912 praesentare
531 878 666 912 debeant;
680 879 725 913 qui
756 879 865 912 quidem
882 884 927 905 ca-

134 925 237 960 pellani
252 925 371 959 qualibet
387 925 541 959 septimana
569 929 672 960 septem
688 925 797 957 missas,
813 924 931 959 singulis

135 970 263 997 videlicet
278 971 371 998 diebus
385 971 506 1006 singulas
521 971 546 997 in
569 971 664 998 eadem
689 965 791 1006 capella
807 968 930 997 vicissim

135 1019 219 1044 modo
243 1022 269 1044 et
291 1018 386 1045 ordine
411 1018 539 1051 superius
563 1018 715 1053 expressis,
742 1022 770 1045 et
797 1017 930 1052 praedicta

135 1064 240 1091 decima
258 1064 302 1092 die
319 1065 425 1100 vigilias
455 1071 624 1092 mortttorum
651 1070 679 1093 et
709 1064 826 1092 ofﬁcium
844 1068 930 1092 totttm

135 1115 164 1137 et
182 1112 292 1138 missatn
313 1119 361 1146 pro
384 1111 519 1139 defunctis
543 1111 633 1146 legere
657 1115 812 1138 teneantur.
826 1111 932 1138 Casalis

135 1164 203 1184 vero
218 1162 245 1185 et
262 1158 348 1185 vineae
361 1163 388 1185 ct
399 1158 513 1186 aliorum
528 1158 662 1185 bonorum
677 1161 704 1184 et
715 1157 845 1192 joealiutn
863 1164 932 1190 prte-

135 1203 271 1231 dictorutn
286 1204 337 1239 ipsi
356 1204 482 1239 capellae,
512 1209 542 1231 ut
561 1204 731 1239 praedicitur,
755 1203 931 1235 donatorum,

134 1256 164 1277 et
179 1257 405 1286 quorntncunque
421 1250 533 1277 aliorum
551 1251 588 1283 ei,
607 1251 662 1278 vita
679 1250 790 1281 comite,
803 1250 828 1276 in
840 1255 932 1282 poste-

137 1304 198 1323 rum
220 1296 409 1324 donandorum
438 1297 629 1325 alienationem
647 1296 774 1332 cujusvis
786 1294 887 1330 Speciei
900 1301 931 1322 ac

136 1344 246 1377 generis
260 1344 330 1371 idem
344 1343 498 1377 Bessarion,
517 1347 570 1370 tam
585 1342 712 1371 Fratrum
729 1342 849 1377 ipsorum
868 1348 932 1375 syn-

135 1390 206 1418 dicis
221 1398 301 1426 quam
319 1391 345 1417 in
364 1389 528 1424 promissum
558 1394 683 1416 eventum
701 1387 848 1422 capellanis
861 1394 931 1421 prm-

137 1437 230 1469 dictis,
248 1441 274 1464 ct
299 1436 505 1472 quibuscnnque
526 1435 588 1462 aliis
607 1435 687 1462 dicta:
701 1434 812 1469 capella:
829 1434 932 1468 et'ejus

138 1484 271 1511 bonorum
300 1481 585 1514 adrninistratoribus,
625 1485 755 1516 perpetuo
784 1480 932 1507 'intcrilixit

139 1535 221 1566 atque
235 1529 382 1565 prohibuit,
398 1529 490 1557 volens
505 1527 585 1564 154
611 1527 790 1555 alienationes
805 1527 889 1561 ipsas,
908 1527 930 1553 si

139 1585 200 1612 qtae
223 1577 250 1604 in
266 1581 323 1605 toto
336 1575 378 1604 vel
400 1576 425 1603 in
443 1580 529 1610 parte,
556 1574 629 1610 quod
651 1573 732 1605 absit,
750 1574 857 1604 flerent,
873 1573 932 1599 nul-

139 1626 192 1653 lius
206 1632 267 1653 esse
290 1623 398 1652 roboris
418 1623 459 1650 vel
472 1621 623 1658 momenti,
646 1621 694 1649 sed
710 1621 840 1648 adversus
854 1626 931 1653 emp-

139 1674 213 1698 tores
228 1675 274 1701 aut
289 1669 358 1696 alias
375 1669 496 1704 ipsorum
523 1667 632 1698 casalis,
651 1666 734 1694 vinea:
753 1670 781 1694 el
797 1665 930 1694 bonorum

137 1724 300 1753 quocunque
323 1716 402 1743 titulo
416 1718 568 1749 receptores
585 1714 724 1749 praedictis
743 1713 874 1742 fratribus
889 1713 932 1743 vel

137 1763 285 1798 capellanis
308 1767 469 1797 quocunque
491 1765 611 1796 tempore
640 1760 698 1788 fore
716 1761 750 1788 ad
764 1760 810 1788 illa
827 1769 931 1798 regres-

138 1816 210 1840 sum,
227 1812 306 1842 prout
319 1811 373 1834 tam
391 1807 417 1834 in
433 1805 568 1842 pra'dictis
583 1806 682 1833 litteris
696 1813 777 1841 quam
795 1814 928 1842 processu

139 1862 188 1889 per
204 1854 291 1889 ipSum
309 1853 543 1888 archiepiscopum
555 1860 640 1888 super
653 1853 755 1880 eisdem
771 1855 932 1887 posteriori-

138 1901 188 1927 bns
201 1899 299 1932 litteris
322 1899 425 1932 habito,
437 1904 464 1926 et
489 1899 605 1934 quodam
627 1898 737 1934 publico
751 1899 930 1927 instrumento

137 1955 220 1983 super
246 1947 396 1975 donatione
418 1952 446 1974 et
474 1946 500 1974 in
514 1946 605 1973 dotem
632 1945 839 1978 constitutione,
861 1947 931 1973 assi-

138 1995 276 2030 gnatione,
291 1993 442 2026 voluntate,
465 1992 636 2021 ordinatione
655 1996 682 2019 et
707 1991 767 2019 aliis
783 1992 930 2026 prmmissis

138 2040 272 2073 confecto,
285 2048 400 2076 quorum
414 2040 535 2067 omnium
553 2044 661 2067 tenores
679 2038 929 2074 diligenterinspici

137 2093 165 2115 et
191 2087 344 2116 examinari
378 2087 503 2120 fecimus,
529 2092 556 2114 et
574 2094 621 2114 eos
641 2093 673 2113 ac
703 2086 726 2113 si
742 2086 776 2113 de
798 2086 882 2113 verbo
897 2081 934 2113 atl'

137 2128 250 2163 verbum
262 2135 442 2170 praesentibus
470 2135 665 2168 insererentur,
696 2133 789 2163 haberi
805 2136 934 2171 volumus
976 2143 980 2153 ι

139 2189 188 2216 pro
201 2182 347 2216 expressis,
372 2180 477 2216 plenius
499 2181 666 2209 continetur.
691 2181 783 2214 Quare
801 2174 933 2217 pra-fatus

139 2227 285 2255 Bessarion
303 2227 381 2255 nobis
396 2228 536 2256 humiliter
557 2229 718 2264 supplicavit
735 2234 764 2256 ut
784 2230 930 2263 pra-missis

139 2274 265 2301 Omnibus
276 2279 304 2301 et
318 2274 432 2309 singulis
446 2283 494 2310 pro
510 2274 616 2302 illorum
628 2276 804 2303 subsistentia
816 2276 936 2311 lirmiori

138 2319 222 2362 robur
246 2320 400 2353 apostolicae
425 2320 641 2348 continuationis
666 2321 784 2355 adjicere
808 2321 935 2356 aliasque

138 2373 220 2400 super
239 2366 280 2393 bis
295 2372 445 2401 opportune
469 2367 613 2402 providere
636 2368 670 2395 de
688 2367 852 2402 benignitate
865 2377 930 2403 apo-

139 2411 235 2438 stolica
249 2411 432 2447 dignarentur.

174 2457 228 2485 Nos
248 2458 339 2493 igitur,
358 2460 403 2493 qni
422 2458 572 2493 huiusmodi
606 2461 780 2488 laudabilium
802 2470 928 2496 operum,

139 2511 187 2537 per
199 2512 259 2539 qua:
275 2506 383 2532 divinus
398 2507 486 2533 cultus
505 2513 630 2541 augetur,
659 2509 837 2536 ecclesiarum
856 2509 928 2536 basi-

138 2552 198 2579 licae
226 2553 399 2584 decorantur.
426 2558 454 2580 et
472 2554 622 2581 animarum
650 2559 702 2581 tam
729 2556 926 2583 instituentiurn

139 2606 218 2632 qttam
243 2600 357 2626 aliorum
385 2600 503 2628 fidelium
529 2602 611 2628 saluti
638 2602 749 2636 provide
765 2603 928 2635 consulitur,

137 2649 371 2673 cornmcndatores
387 2652 468 2681 atque
481 2648 601 2675 fautores
623 2649 739 2675 libenter
757 2651 926 2684 exsistintus,

138 2695 165 2717 et
181 2697 209 2717 Ill
225 2697 383 2726 perpetuum
401 2701 519 2728 Vtgorcm
537 2695 665 2728 habeant,
687 2702 817 2729 qttalttum
835 2703 926 2724 nostra

138 2738 209 2765 valet
232 2740 349 2772 provisio
364 2761 373 2773 ,
396 2740 543 2768 ellicacitcr
574 2749 740 2775 operantur,
770 2743 926 2779 ltnjusrnodi

137 2785 380 2819 supplicationilnts
405 2787 544 2822 inclinati,
565 2796 764 2823 reparationmn
789 2797 815 2818 ct
846 2800 926 2819 orna-

137 2836 255 2856 mentum
272 2832 381 2864 capella:
397 2833 537 2866 pranlitzlm,
554 2835 654 2861 πόρω
674 2835 813 2863 Fratribus
827 2838 927 2865 [ιιι-ιδεμ

137 2877 339 2904 ουιιροδεὶυεοιιι
363 2886 511 2914 eorumque
538 2881 562 2907 in
594 2882 636 2908 illa
664 2884 870 2918 institutionem,
896 2892 925 2914 cl.

378 2930 508 2957 iurent...
531 2929 585 2957 litt.
603 2929 701 2961 CLXI,

493 121 642 151 ALOYSll
663 120 840 150 BANDlNll
861 121 1170 151 CUMMENTMLUS
1197 135 1230 138 -
1254 121 1459 152 APPENDIX.

1707 125 1769 145 XCIV

984 176 1082 202 casulis
1106 182 1132 203 et
1154 178 1246 209 vineae,
1266 185 1314 204 nce
1339 186 1391 204 non
1413 175 1542 211 jocalium
1557 180 1584 203 et
1600 181 1773 204 ornamento-

983 230 1041 248 rum
1058 230 1089 249 ac
1105 224 1235 250 bonorum
1260 225 1448 258 prmdictoruln
1468 223 1518 258 ipsi
1540 223 1648 258 capella:
1673 222 1772 250 factam

981 269 1157 302 posteriorem
1171 270 1354 302 donationem,
1367 278 1398 297 ac
1410 269 1454 303 jus
1472 274 1630 304 patronatus
1643 269 1669 295 in
1683 276 1767 296 even-

983 319 1038 341 llllll
1054 316 1209 349 prmilictnm
1230 317 1361 343 duntaxat
1385 317 1591 343 concessionem
1620 315 1772 350 priorisque

981 362 1194 395 rcvoeationem,
1211 371 1259 390 nec
1273 370 1337 396 ‘non
1357 357 1541 395 interdictum,
1567 365 1593 389 et
1610 354 1777 396 prohibitio;

981 417 1043 436 ncm
1058 418 1089 438 ac
1107 411 1271 437 voluntatem
1284 414 1310 437 et
1325 409 1523 437 ordinationem
1538 408 1623 444 ipsius
1631 407 1773 435 Bessario-

981 461 1022 486 nis
1039 459 1188 486 cardinalis
1215 460 1321 493 aliaque
1351 457 1490 491 praemissa
1518 462 1578 483 rata
1605 455 1735 482 habentes
1747 460 1775 481 et

981 511 1069 541 grata,
1087 506 1130 532 illa
1148 505 1238 532 omnia
1256 509 1282 531 el
1307 505 1412 539 singula
1433 504 1457 530 in
1482 503 1578 530 litteris
1603 506 1630 528 et
1645 508 1772 535 processu

981 560 1013 579 ac
1029 553 1211 580 instrtnnento
1227 551 1365 586 prredictis
1383 554 1511 577 conti-uta
1530 553 1557 576 et
1574 547 1694 584 qualibet
1711 547 1773 572 inde

981 603 1074 628 secuta
1101 598 1263 626 auctoritate
1288 597 1438 633 apostolica
1462 601 1489 623 et
1509 604 1541 623 ex
1564 599 1640 622 certa
1659 593 1772 621 scientia

982 649 1074 673 tenore
1090 644 1264 680 praesentium
1283 644 1477 671 confirmamus
1491 647 1518 670 et
1532 641 1725 677 approbantus,
1741 647 1772 666 ac

981 693 1091 727 plenum
1104 692 1187 720 robur
1201 692 1325 720 obtinere
1336 691 1519 722 decernimus.
1539 689 1697 724 supplentes
1715 696 1773 714 υιιι-

982 747 1030 767 nes
1050 744 1077 766 et
1103 739 1223 773 singulos
1240 738 1375 770 defectus,
1405 737 1427 764 si
1442 737 1487 772 qui
1501 736 1592 764 forsan
1619 735 1774 762 intervene~

982 785 1037 813 rint
1067 786 1094 812 in
1119 786 1235 818 eisdem,
1266 792 1316 812 nec
1346 792 1399 812 non
1428 791 1489 811 cum
1505 782 1586 810 dictis
1602 782 1731 809 fratribus
1745 785 1775 807 ut

981 832 1137 868 praedictam
1165 832 1307 867 capellam,
1332 835 1359 859 et
1388 831 1460 859 illius
1491 837 1524 858 ac
1556 830 1635 857 dictae
1654 828 1772 856 basilica:

982 879 1167 913 possessiones
1182 885 1209 906 et
1222 878 1274 905 alia
1296 878 1365 905 bona
1379 877 1507 912 praedicta
1523 884 1572 911 pro
1590 875 1770 911 paramentis,

982 925 1071 956 libris,
1095 925 1272 955 ornamentis,
1301 923 1493 954 luminaribus.
1523 929 1585 949 cera
1607 926 1633 948 et
1652 921 1712 948 aliis
1729 927 1774 947 sa-

982 972 1084 999 cristia:
1097 972 1181 1007 ipsius
1195 971 1325 1003 basilicae.
1343 970 1502 998 eorumdem
1519 975 1627 1004 quoque
1643 967 1770 994 Fratrum

983 1019 1200 1049 necessitatibus.
1216 1018 1238 1045 si
1259 1018 1367 1045 aliunde
1385 1017 1447 1044 vita!
1467 1015 1621 1043 necessaria
1644 1013 1772 1047 consequi

983 1070 1131 1100 nequeant,
1147 1066 1279 1098 retinere,
1295 1071 1327 1092 ac
1343 1063 1529 1099 possessiones
1549 1068 1577 1091 et
1591 1063 1661 1090 bona
1678 1062 1775 1096 hujus-

983 1113 1055 1140 modi
1083 1119 1131 1146 per
1156 1119 1328 1140 meouomum
1357 1111 1398 1138 vel
1416 1113 1619 1144 procuratorem
1645 1107 1772 1135 idoneum

983 1164 1030 1187 aut
1046 1159 1185 1194 syndicum
1199 1159 1298 1185 laieum
1314 1157 1517 1188 administrare,
1539 1155 1646 1183 illorum
1664 1160 1772 1188 qquue

983 1206 1108 1237 fructus,
1134 1205 1236 1233 reditus
1261 1209 1289 1233 et
1316 1208 1465 1240 proventus
1489 1203 1515 1230 in
1540 1209 1605 1229 usus
1629 1201 1774 1236 praedictos

983 1257 1142 1281 convertere
1159 1253 1241 1280 libere
1255 1259 1287 1278 ac
1304 1251 1376 1278 licite
1391 1250 1511 1282 valeant,
1525 1249 1687 1276 auctoritate
1702 1255 1773 1282 piae-

983 1299 1055 1327 dirta
1068 1303 1160 1327 tenore
1169 1298 1342 1333 praesentium
1355 1297 1434 1333 155
1444 1297 1478 1324 de
1489 1297 1600 1331 speciali
1613 1295 1700 1331 gratia
1716 1295 1773 1324 dis-

983 1345 1317 1379 pensamus;mandantes
1331 1343 1443 1378 insuper
1457 1343 1619 1378 presbytero
1639 1343 1770 1370 cardinali

983 1390 1061 1418 dicta
1074 1390 1194 1418 basilica:
1207 1390 1253 1425 qui
1272 1397 1319 1424 pro
1337 1394 1458 1423 tempore
1482 1389 1574 1422 fuerit,
1592 1394 1620 1416 ut
1634 1389 1772 1424 praemissa

981 1438 1073 1465 omnia
1093 1443 1119 1465 et
1140 1436 1245 1472 singula
1263 1436 1346 1464 faciat
1369 1443 1416 1471 per
1431 1435 1542 1464 eosdem
1565 1436 1676 1463 Fratres
1689 1435 1731 1462 vel
1744 1435 1770 1461 in

983 1485 1139 1520 prtcdictum
1158 1491 1285 1512 eventum
1308 1485 1464 1520 capcllanos
1488 1485 1567 1512 dictze
1589 1484 1698 1519 capella
1725 1481 1773 1517 qui

983 1540 1032 1567 pro
1049 1539 1170 1568 tempore
1196 1532 1308 1564 fuerint,
1325 1533 1462 1566 perpetuis
1491 1532 1590 1559 futuris
1607 1531 1774 1566 temporibus

983 1580 1178 1608 inviolabiliter
1200 1579 1352 1613 observari,
1384 1579 1601 1607 contradictores
1614 1586 1662 1613 per
1678 1585 1772 1605 censu-

982 1635 1040 1654 ram
1069 1627 1297 1661 eeclesiasticam,
1314 1626 1495 1662 appellatione
1521 1627 1684 1661 postposita,
1699 1633 1774 1653 corn-

983 1674 1117 1709 pescendo
1134 1682 1141 1700 :
1157 1681 1211 1701 non
1230 1674 1403 1701 obstantibus
1428 1673 1670 1700 constitutionibus
1686 1677 1714 1700 et
1728 1679 1775 1698 or-

981 1720 1166 1748 dinationibus
1187 1720 1343 1755 apostolicis
1369 1727 1401 1747 ac
1423 1719 1581 1748 eorumdem
1609 1720 1730 1747 basilica:
1746 1724 1775 1747 et

981 1767 1086 1794 ordinis
1103 1767 1228 1794 Fratrum
1248 1767 1382 1794 Minorum
1396 1767 1507 1795 statutis
1524 1772 1551 1795 et
1567 1767 1774 1795 consuetudini-

982 1812 1041 1844 bus,
1056 1812 1223 1847 juramcnto,
1235 1812 1440 1840 confirmatione
1457 1813 1605 1846 apostolica
1619 1813 1660 1840 vel
1678 1813 1774 1847 quavis

982 1861 1111 1889 firmitate
1125 1861 1176 1888 alia
1198 1861 1342 1894 roboratis,
1372 1860 1519 1888 contrariis
1545 1860 1772 1895 quibuscunqne;

982 1914 1028 1936 aut
1045 1909 1066 1936 si
1086 1909 1222 1944 aliquibus
1237 1909 1418 1936 communiter
1427 1908 1469 1935 vel
1489 1908 1596 1935 divisim
1612 1916 1626 1935 a
1640 1908 1768 1943 praedicta

982 1954 1016 1981 sit
1042 1954 1107 1981 sede
1132 1954 1277 1986 indultum,
1304 1954 1375 1991 quod
1406 1955 1552 1986 interdici,
1577 1955 1704 1989 suspendi
1730 1954 1773 1981 vel

976 2001 1217 2039 .cxcornmunicari
1231 2009 1284 2027 non
1298 2001 1402 2035 possint
1427 2008 1475 2039 per
1491 2000 1594 2028 litteras
1611 2000 1774 2035 apostolicus

977 2042 1036 2074 ‘non
1065 2046 1195 2074 facientes
1215 2046 1320 2080 plenam
1336 2051 1363 2073 et
1382 2037 1541 2081 exprESsam
1557 2046 1590 2073 de
1602 2046 1705 2073 indulto
1721 2046 1773 2072 lm-

980 2092 1099 2127 jnsmodi
1119 2092 1294 2120 mentionem.

1017 2139 1087 2167 Nulli
1102 2147 1166 2174 ergo
1183 2140 1295 2168 omnino
1315 2139 1455 2167 hominum
1473 2140 1564 2173 liccat,
1583 2146 1636 2167 etc.

1018 2185 1114 2213 Datum
1131 2184 1233 2218 Romae,
1248 2186 1318 2221 apud
1344 2186 1373 2213 S.
1399 2185 1529 2218 Marcum,
1548 2194 1618 2212 anno
1637 2185 1771 2214 incarnat.

983 2232 1092 2260 Domin.
1105 2232 1186 2265 “67,
1196 2232 1300 2260 xvtkal.
1312 2233 1436 2265 0ctobr.,
1449 2232 1543 2268 pontii.
1556 2233 1639 2260 nostri
1651 2239 1722 2259 anno
1736 2241 1771 2259 iv.

1354 2289 1401 2317 XI.

982 2337 1061 2364 Breve
1088 2337 1253 2364 Bcssnrionis
1280 2337 1404 2371 elogitun.
1438 2336 1470 2363 ab
1499 2341 1605 2362 auctore
1635 2343 1766 2369 anonymo

1016 2373 1146 2406 eicoa’ro,
1161 2374 1297 2406 scriptum.
1315 2372 1355 2398 Et:
1371 2373 1457 2398 codice
1481 2371 1545 2399 bibl.
1582 2372 1715 2398 Vatini/rw
1743 2378 1769 2397 ιι.

1017 2409 1097 2441 5621,
1116 2417 1143 2442 ρ.
1160 2408 1202 2435 ιο.

1017 2454 1172 2495 Car-dinalis
1183 2467 1338 2499 Bcssarton,
1350 2468 1485 2498 l\'ic:cnus,
1503 2471 1623 2501 tempore
1635 2467 1771 2500 potitincis

981 2514 1057 2541 Pauli
1074 2513 1095 2540 ll
1110 2514 1230 2541 maxime
1249 2513 1324 2541 ﬂoret
1339 2519 1367 2540 et
1387 2514 1413 2540 in
1430 2514 1516 2548 pretio
1533 2521 1584 2540 non
1601 2520 1682 2547 parvo
1710 2520 1770 2540 esse

981 2561 1163 2595 pernoscitur,
1185 2561 1248 2588 licet
1265 2567 1291 2587 et
1304 2565 1383 2587 antea
1400 2560 1470 2587 culi
1485 2560 1557 2592 erit;
1583 2567 1633 2586 non
1653 2560 1771 2586 innueri-

982 2611 1020 2637 to.
1034 2615 1094 2633 nam
1114 2607 1328 2634 litteratissimns
1345 2610 1396 2637 est,
1413 2612 1441 2633 et
1463 2606 1597 2637 omnibusI
1619 2605 1724 2632 Latinis
1739 2613 1770 2632 ac

982 2653 1096 2682 Grmcis.
1112 2654 1195 2680 multo
1212 2653 1415 2684 dilectissimus,
1437 2657 1615 2687 praeterquam
1652 2652 1771 2686 Georgio

981 2700 1174 2734 Trapezuntio.
1189 2701 1251 2727 odio
1266 2701 1383 2735 quodam
1406 2701 1523 2736 privato.
1555 2700 1603 2727 Hzc
1623 2702 1772 2729 cardinalis

980 2747 1134 2773 litteratura
1149 2755 1258 2781 semper
1272 2747 1435 2778 oblet-lulur.
1457 2753 1483 2775 et
1501 2748 1617 2775 lecticae
1630 2755 1684 2775 lum
1696 2749 1772 2776 Grat-

980 2801 1023 2824 ca,
1040 2798 1095 2819 lunt
1119 2793 1213 2820 Latina
1224 2801 1332 2828 semer
1349 2794 1451 2828 aliquid
1468 2796 1608 2828 componit
1623 2800 1669 2821 aut
1682 2799 1772 2821 trans-

981 2843 1044 2869 fert.
1067 2842 1142 2868 Nunc
1159 2841 1234 2867 estin
1247 2840 1305 2874 ejus
1320 2841 1446 2868 inanibus
1460 2849 1529 2876 opus
1542 2841 1580 2867 De
1595 2841 1774 2876 comparatio-

981 2896 1012 2914 ne
1032 2887 1151 2914 Plutonis
1167 2892 1191 2914 et
1205 2886 1363 2921 Ariston/is,
1378 2887 1403 2913 in
1433 2894 1487 2922 quo
1502 2888 1543 2913 sui
1577 2887 1647 2913 \ires
1673 2886 1773 2920 ingenii

1513 2937 1532 2967 (ἱ
