1912 3054
150 136 199 157 XCV
590 129 637 159 DE
657 129 743 159 Vl'l‘A
765 128 811 157 ΕΤ
829 121 953 157 llEBUS
975 114 1108 155 (lESfl‘lS
1129 124 1380 155 llESSAlthNlS

151 190 293 218 cvldcntcr
309 190 447 223 ostendit;
469 198 541 223 nam,
572 189 641 216 bone
664 189 754 216 Deus!
773 191 873 222 quanta
901 190 942 213 est

154 237 330 270 intelligentia
349 237 407 272 ejus
428 237 454 263 iu
470 244 502 263 eo
524 236 618 263 codice
648 240 730 269 atque
757 233 942 269 profunditas!

155 282 235 318 156
249 283 320 317 quod
336 287 425 309 tamen
442 282 561 309 nondum
590 281 707 308 absolvit
735 287 820 314 opus;
844 284 945 314 quanta

154 330 282 364 Inajestas
295 329 302 355 l
317 328 387 361 Quid
406 328 493 354 dicam
508 328 540 355 de
554 327 680 354 acumine
698 325 811 360 ingenii,
829 325 894 360 quid
913 325 945 351 de

154 375 286 410 elegantia
317 374 460 407 utriusque
480 373 640 400 sermonis?
666 371 715 398 Hic
744 371 816 399 enim
851 370 946 397 Latine

154 420 335 455 proloquitur,
352 423 380 445 ut
391 418 413 445 si
431 420 466 445 ab
480 418 544 452 ipsis
557 416 729 444 incunabulis
744 424 757 443 a
768 415 871 443 Latinis
885 415 947 442 Mu-

154 467 191 494 sis
207 470 279 493 esset
293 465 436 492 educatus.
452 464 553 491 Grandi
569 463 685 491 consilio
698 463 737 489 vir
752 467 793 490 est
821 461 893 496 quod
908 461 948 488 vi-

154 513 251 539 delicet
264 511 393 539 Bononia:
408 510 476 538 satis
491 509 586 542 eluxit,
599 509 645 537 tibi
661 509 707 536 diu
722 508 838 542 legatus.
859 506 948 534 homi-

157 566 205 585 nes
218 558 294 585 dura;
310 558 425 584 cervicis
440 555 643 591 sapientissime
659 554 819 582 moderatus
835 552 895 584 l'uit,
922 556 949 578 et

155 604 225 638 apud
238 602 389 630 Germanos
418 606 526 637 gentem
543 600 686 628 barbaram
705 603 732 627 et
747 598 857 626 elleram
876 598 948 633 lega-

155 650 230 676 tione
250 649 372 680 functus.
391 649 462 682 apud
482 654 550 682 quos
563 646 662 674 mirum
678 650 810 679 estquam
824 647 948 680 pruden-

156 702 197 723 ter
208 703 237 723 se
253 695 381 730 gesserit,
395 700 532 729 quamque
552 692 620 720 mire
636 691 669 719 ab
685 692 726 719 eis
742 698 772 718 se
801 691 949 718 excluserit

157 748 239 776 atque
251 740 417 768 dissolverit.
432 739 500 767 Eum
517 746 580 766 vero
600 738 710 766 censuit
723 738 871 772 imperator
886 735 947 763 Fri-

159 786 279 818 derieus,
299 785 419 818 censuit,
450 785 574 819 inquatn,
599 783 833 818 sapientissimum
859 783 949 809 domi-

157 832 371 866 numuniceque
382 830 487 858 dilexit.
513 829 566 862 Qui
597 829 661 857 licet
689 829 717 856 in
749 828 852 864 legatos
881 828 950 855 alios

158 885 252 905 amore
265 883 291 905 et
309 876 461 904 reverentia
480 876 598 911 quadam
624 875 705 902 luerit
721 883 797 908 usus,
830 875 857 902 in
875 874 949 902 hunc

160 924 281 950 maximo
296 923 370 950 cultu
394 923 482 957 primo
496 929 562 948 usus
580 921 777 954 est;secundo
801 927 865 948 vero
890 920 949 947 loco

157 969 184 995 in
201 967 571 1003 episcopum'Torcellanum,
593 975 666 994 nunc
685 966 876 999 Brixiensem;
894 970 950 993 ter-

158 1014 196 1042 tio
215 1015 242 1041 in
266 1015 505 1049 archiepiscopum
531 1013 704 1049 Sipontinum
731 1013 871 1040 Nicolaum
896 1011 949 1040 He-

158 1061 236 1092 lium,
252 1067 330 1094 quem
347 1067 439 1087 secum
454 1059 581 1087 Nicaenus
594 1059 658 1086 illuc
676 1059 711 1086 ab
721 1057 795 1086 Urbe
821 1058 947 1091 abduxit,

157 1106 271 1134 consilio
284 1111 311 1133 et
327 1106 418 1141 lingua
436 1106 545 1132 mirum.
561 1105 673 1140 Oquam
686 1105 776 1140 largus
788 1103 949 1131 munificus-

156 1159 210 1187 que
220 1155 262 1179 est
274 1151 302 1178 in
320 1159 380 1179 eum
396 1151 498 1178 Paulus
513 1151 553 1178 ll!
570 1157 689 1178 attamen
704 1158 736 1178 ea
756 1151 814 1186 lege
841 1156 950 1178 servata

157 1203 192 1223 ne
204 1196 268 1231 quid
282 1196 317 1223 ab
329 1196 386 1231 ipso
396 1201 494 1232 praeter
503 1197 601 1224 bonum
617 1197 815 1230 honestumque
828 1200 948 1231 petatur,

158 1243 231 1277 quod
245 1250 352 1277 semper
364 1243 652 1276 servavitcardinalis,
665 1239 764 1278 quippe
780 1243 949 1270 modestissi-

159 1296 219 1316 mus
235 1288 385 1317 est..Taceo
396 1296 524 1324 quanam
539 1289 670 1316 librorum
686 1288 784 1323 linguae
796 1289 948 1323 utriusque,

158 1333 259 1362 Graeca:
268 1333 429 1370 Latinaeque
441 1335 645 1362 multitudinem
661 1334 841 1368 comparavit.
858 1333 950 1361 Taceo

158 1382 230 1415 quod
246 1382 389 1417 plerosque
401 1382 594 1416 juvenes.alit,
608 1386 635 1408 et
650 1386 680 1408 ut
695 1381 805 1409 discant
829 1387 950 1416 praecep-

159 1428 265 1455 toribus
281 1428 390 1456 abunde
421 1429 588 1463 persolvens.
609 1428 742 1462 Equidem
772 1428 865 1462 paucis
887 1435 949 1456 eum

158 1480 297 1508 comparo.
319 1473 369 1501 llic
390 1473 494 1502 calculo
523 1474 619 1501 vesica
642 1481 793 1508 renumque
815 1473 950 1501 sinistime

157 1525 238 1546 antea
261 1520 445 1553 laboraverat,
471 1528 542 1548 nunc
571 1528 675 1555 δοβρεε.
701 1520 796 1554 Qualia
825 1520 950 1547 cenvivia

159 1567 275 1594 instruat
288 1568 496 1602 spectatissimis
510 1572 537 1595 et
564 1568 726 1595 clarissimis
744 1567 809 1594 viris
835 1566 949 1602 legatis-

158 1621 211 1648 que
231 1622 310 1642 nento
325 1620 366 1642 est
378 1615 425 1650 qui
437 1615 471 1643 ad
488 1622 605 1650 unguem
622 1615 780 1643 describere
793 1615 873 1643 facile
888 1622 950 1650 pos-

158 1662 205 1690 sit.
226 1660 287 1693 Hic.
303 1667 332 1689 ut
343 1662 415 1689 dulci
440 1666 467 1689 et
484 1669 579 1690 serena
596 1666 640 1689 est
660 1661 730 1689 facie
755 1663 885 1697 vultuque
903 1662 950 1697 ju-

158 1706 258 1738 cunda,
277 1708 316 1734 sic
334 1714 460 1734 sermone
474 1713 502 1734 et
520 1707 642 1735 moribus
654 1707 789 1735 humanus
806 1712 834 1735 et
845 1707 943 1735 comis.

158 1752 351 1793 Bibliothecam
364 1753 495 1788 grandem
508 1754 651 1789 utriusque
665 1753 763 1789 lingua:
775 1759 818 1781 eSt
834 1758 882 1780 aut
896 1753 951 1780 llo-

159 1807 218 1834 ωδε,
234 1805 280 1827 aut
303 1799 459 1832 Florentiae,
490 1806 538 1827 aut
564 1802 654 1835 potius
675 1800 795 1828 Venetiis
812 1802 846 1829 ad
870 1808 949 1828 usum

160 1848 301 1883 publicum
315 1848 491 1876 dimissurus.
506 1847 554 1875 llic
568 1850 601 1875 ab
614 1847 738 1884 Eugenio
751 1853 794 1875 est
821 1848 950 1875 cardina~

159 1897 206 1929 lis.
220 1897 329 1924 nemine
345 1896 516 1929 adversante,
532 1901 689 1928 creatus,ex
707 1895 808 1931 ingenii
824 1896 950 1923 acumine

159 1949 240 1978 atque
254 1943 390 1976 doctrina,
408 1942 536 1978 adjutore
564 1943 781 1978 prudentissimo
810 1942 949 1970 cardinale

158 1990 301 2017 Cesarino.

523 2037 579 2065 XII.

159 2082 283 2119 Elogium
294 2085 418 2116 alterunt,
439 2085 576 2112 vernacula
586 2084 723 2119 scriptum.
741 2085 781 2112 Ea:
793 2083 852 2112 cod.
869 2084 948 2111 Vatis.

443 2121 527 2154 3224,
546 2129 574 2155 p.
594 2120 656 2147 m.

193 2177 310 2205 Messere
339 2177 505 2210 Bissarione,
541 2177 627 2204 Greco
643 2177 669 2203 di
687 2177 810 2209 nazione,
835 2184 951 2204 vescovo

158 2225 306 2257 cardinale,
325 2224 350 2250 in
374 2232 453 2251 nouto
476 2223 502 2250 di
528 2223 709 2258 grandissima
726 2222 853 2249 .autorita
879 2223 949 2261 uella

158 2270 256 2297 Cltiesa
273 2270 370 2297 diDio.
388 2270 425 2296 Fu
459 2276 574 2296 ntonaco
600 2268 661 2295 dell‘
687 2269 782 2295 ordine
807 2269 832 2294 di
861 2268 945 2295 Santo

162 2317 271 2349 Itasilio,
285 2325 300 2344 e
317 2325 405 2344 venue
423 2317 449 2343 iu
479 2315 555 2342 Italia
577 2315 685 2349 quando
718 2313 797 2349 157
825 2315 849 2341 ci
867 2321 951 2341 \enne

160 2364 350 2397 l’iuiperadorc
363 2362 403 2390 de'
420 2362 519 2394 Greci;
539 2362 572 2389 de
600 2362 679 2396 primi
702 2361 833 2396 singulari
850 2361 950 2387 nomini

160 2413 211 2437 rite
227 2411 398 2437 viveuissino
420 2410 508 2436 l'ului.
541 2409 628 2443 Dipoi,
658 2409 724 2434 l'atta
754 2408 874 2434 l‘unione
910 2407 950 2435 tle'

159 2458 240 2484 Grcci
258 2465 305 2491 per
319 2458 342 2483 le
360 2464 408 2483 sue
433 2455 563 2490 Singulari
583 2455 655 2482 virtu
678 2456 704 2481 l'u
731 2454 799 2481 lalto
814 2454 951 2482 cardinale

160 2514 187 2530 III
202 2503 315 2531 Firenze
327 2503 360 2530 da
378 2510 444 2536 papa
455 2501 573 2536 Eugenio
593 2503 707 2529 insietne
724 2509 774 2529 con
803 2502 837 2528 18
861 2502 952 2528 cardi-

131 2577 133 2579 ,
160 2550 214 2576 ιωιί
230 2551 280 2576 clie
298 2548 356 2575 fere
366 2549 394 2574 in
409 2547 523 2575 Firenze
534 2556 543 2582 ς
556 2555 587 2575 ve
604 2549 677 2575 n'era
693 2555 747 2575 uno
764 2547 833 2575 altro
859 2547 950 2575 Greco

158 2598 210 2624 clie
237 2603 282 2622 cra
311 2593 449 2622 cardiuale
476 2595 650 2621 arcivescovo
671 2594 697 2621 di
722 2593 832 2626 Rossia,
857 2593 906 2620 clte
927 2593 950 2620 si

159 2645 301 2669 cluamava
317 2641 456 2669 cardinale
470 2640 585 2667 Ruleno.
602 2640 642 2667 Fu
657 2640 683 2666 di
705 2639 887 2675 grandissima
915 2640 951 2665 ri-

159 2689 303 2725 putazione
318 2688 388 2715 nella
404 2688 499 2714 Cttiesa
516 2688 542 2714 di
559 2687 618 2721 Dio,
631 2695 646 2714 e
675 2692 744 2713 tutte
773 2687 798 2713 le
814 2693 878 2712 cosc
906 2693 950 2712 ar-

160 2739 211 2764 due
225 2744 241 2763 e
258 2736 359 2763 diﬂicili
375 2736 426 2762 cbe
440 2742 626 2763 occorrevano
639 2735 663 2760 al
682 2740 772 2768 tempo
788 2741 847 2766 suo,
864 2734 949 2759 ricor-

160 2791 259 2810 revano
279 2784 352 2810 alui.
375 2782 412 2809 Fu
435 2776 550 2809 vescovo
561 2781 737 2813 Tusculano;
754 2778 825 2806 ando
858 2779 947 2813 legato

160 2831 186 2857 in
203 2830 247 2864 piu
266 2830 369 2865 luoghi,
389 2837 403 2856 e
423 2836 530 2864 scinpre
550 2828 618 2856 cbbe
642 2828 824 2862 grandissimo
843 2826 947 2852 honore

159 2877 346 2913 dov‘cgltando
359 2885 507 2912 pct'csserc
526 2876 709 2910 uomo-giuatu
731 2880 757 2902 et
771 2875 797 2901 di
815 2872 942 2901 laudabili

1721 121 1794 144 ’ληνι

1001 187 1127 212 coslutni.
1140 185 1176 210 Fu
1195 186 1282 218 legato
1298 185 1323 211 di
1341 184 1458 218 lhlngna
1475 191 1490 217 p
1504 183 1518 208 it
1536 189 1624 216 it‘tl||)t)
1649 186 1673 208 cl
1691 188 1792 215 gover-

1001 232 1037 257 no
1053 232 1346 265 maravigliOSamentc,
1367 236 1393 257 ct
1410 230 1505 257 ebbevi
1523 228 1706 264 grandissimo
1726 235 1796 255 Olm-

1002 284 1030 302 re
1045 283 1092 310 per
1111 276 1134 302 le
1151 283 1201 302 suo
1212 276 1301 310 giusto
1319 274 1520 310 governmNun
1542 281 1641 309 pareva
1657 273 1725 300 nella
1740 280 1792 300 sua

1002 323 1067 354 vita,
1083 327 1110 349 et
1127 323 1290 350 costumi....
1303 329 1346 349 ma
1357 322 1400 349 ne'
1412 322 1555 357 principali
1569 320 1660 355 luoghi
1675 319 1794 347 d‘ltalia.

1001 367 1079 395 Antio
1094 368 1183 403 legato
1203 369 1230 395 in
1244 367 1370 401 Francia,
1391 367 1460 396 dove
1472 367 1540 395 cbbe
1556 366 1735 402 grandissima
1754 365 1793 392 ri-

1003 415 1148 449 putazioue
1163 415 1190 442 in
1207 415 1297 449 quello
1306 414 1375 441 cbbe
1388 422 1402 441 a
1420 414 1489 441 lare.
1505 414 1544 441 Fu
1558 413 1711 441 dottissinto
1723 412 1797 438 nclla

1003 463 1096 496 lingua
1123 461 1210 489 Greca
1243 466 1270 489 et
1296 461 1366 488 nella
1386 460 1501 493 Latina;
1523 461 1549 487 fu
1581 464 1703 487 amatore
1722 458 1798 486 delle

1004 507 1099 535 lettere
1120 513 1146 535 et
1169 508 1230 536 uelli
1247 508 1350 535 nomini
1367 507 1486 540 literati;
1503 507 1529 534 iu
1548 507 1634 534 ntulto
1649 506 1798 533 aﬂcziona-

1005 561 1031 584 to
1046 557 1096 584 alla
1108 557 1225 584 dottrina
1241 557 1266 583 di
1284 555 1410 588 Platone.
1426 560 1453 583 et
1475 556 1536 582 altri
1553 562 1637 583 erano
1663 563 1677 581 a
1704 553 1796 587 quella

1004 604 1194 637 d’Aristotele;
1213 608 1239 631 ct
1255 602 1355 638 perclté
1372 610 1456 630 erano
1473 602 1561 629 alt-uni
1573 602 1625 628 che
1653 602 1798 636 impugna-

1004 656 1075 675 vano
1091 649 1114 675 la
1132 649 1253 676 dottrina
1273 648 1433 681 diPlatone,
1455 648 1473 675 il
1498 648 1638 675 cardinale
1666 647 1690 674 la
1707 646 1798 674 dil‘eu-

1005 695 1160 726 deva,etiu
1184 703 1232 722 sua
1249 695 1400 722 dirensione
1429 702 1555 728 compose
1584 702 1618 720 un
1645 693 1799 721 bellissiqu

1006 741 1083 773 libro,
1098 742 1115 768 il
1130 741 1208 768 titulo
1224 742 1265 769 del
1277 742 1357 776 quale
1376 741 1407 768 ἐξ
1422 740 1454 767 1η
1469 741 1613 776 difcnsione
1625 740 1652 766 di
1672 739 1798 771 Platone.

1005 796 1087 823 opera
1103 789 1186 816 molto
1197 789 1282 824 degna
1299 794 1326 816 et
1350 789 1376 816 di
1409 787 1588 823 grandissima
1613 788 1797 823 riputazione.

1006 834 1142 863 Tradusse
1159 843 1195 862 ttn
1215 835 1285 862 libro
1301 834 1337 861 De
1354 835 1430 869 factis
1445 838 1470 861 et
1485 834 1563 861 dictis
1579 833 1798 861 memorabilibus

1005 882 1132 910 Socratis.
1151 881 1245 909 Venne
1259 881 1286 908 in
1297 885 1372 908 tanta
1387 881 1561 916 riputazione
1576 888 1707 915 appresso
1725 885 1798 907 tutto

986 928 1024 968 ‘il
1043 928 1158 963 collegio
1189 927 1230 956 de‘
1249 927 1394 960 cardinali,
1419 927 1470 954 cbe
1498 927 1583 955 sendo
1614 931 1702 954 morto
1728 935 1797 961 papa

1004 973 1062 1006 Pio,
1093 975 1183 1000 istelte
1199 980 1252 1000 una
1275 977 1350 1000 notte
1369 979 1450 1008 papa,
1478 971 1577 1006 percbe
1599 973 1685 999 sendo
1714 971 1798 998 lsl-nlu

1004 1019 1087 1047 eletto
1097 1027 1202 1047 sommo
1216 1019 1352 1054 pontetice
1377 1018 1405 1046 in
1419 1017 1555 1052 conclavi,
1581 1017 1600 1045 il
1618 1018 1737 1045 secondo
1759 1018 1797 1043 is«

1005 1067 1120 1101 qnitiuio
1135 1066 1185 1093 cbe
1196 1073 1251 1093 non
1263 1065 1358 1093 voleva
1366 1065 1418 1093 cite
1433 1064 1506 1093 l‘osse
1518 1071 1598 1100 papa,
1611 1064 1702 1092 disse:
1716 1064 1771 1099 Egli
1783 1064 1798 1092 ὁ

1005 1121 1072 1148 papa
1087 1121 1094 1146 ;
1110 1120 1125 1140 a
1142 1113 1186 1140 noi
1203 1120 1258 1140 non
1278 1118 1370 1140 monta
1385 1113 1472 1146 nulla;
1488 1113 1638 1140 domattina
1651 1113 1694 1140 nel
1710 1113 1798 1147 prino

1006 1157 1146 1192 isquitinio
1156 1163 1182 1185 et
1191 1159 1235 1185 noi
1247 1157 1273 1185 lo
1285 1158 1481 1193 publicaremo.
1493 1157 1641 1185 Rimasono
1656 1158 1798 1186 u‘accori‘o

1006 1213 1021 1232 a
1038 1210 1135 1240 questo
1149 1205 1232 1232 modo
1263 1210 1291 1232 et
1306 1209 1376 1232 tutla
1391 1205 1416 1231 la
1439 1209 1513 1232 nolle
1546 1212 1600 1232 non
1624 1204 1648 1232 si
1667 1204 1724 1232 fece
1743 1204 1797 1231 mai

1006 1252 1075 1279 altro
1091 1252 1141 1279 clte
1156 1251 1316 1286 adoperare,
1335 1251 1387 1279 che
1402 1259 1456 1278 non
1467 1252 1539 1279 l'osse
1566 1259 1653 1287 papa;
1678 1252 1729 1278 che
1753 1251 1797 1278 cbi

1005 1306 1040 1326 ne
1070 1297 1097 1324 i'u
1137 1298 1241 1333 cagime
1269 1297 1358 1332 capito
1384 1297 1411 1324 di
1442 1299 1487 1332 poi
1506 1297 1600 1331 ma!e,
1625 1302 1652 1325 et
1688 1305 1742 1325 non
1772 1299 1798 1325 si

1005 1345 1148 1371 attendeva
1171 1343 1204 1371 ad
1241 1343 1321 1376 altro,
1348 1343 1399 1371 clie
1426 1344 1527 1372 andare
1556 1344 1675 1372 dall‘uno
1710 1345 1796 1372 card-

1006 1390 1067 1418 nale
1097 1390 1213 1417 all‘altro
1236 1397 1250 1417 a
1288 1390 1348 1418 dire
1386 1391 1465 1418 loro:
1498 1391 1584 1419 E’non
1626 1399 1694 1420 sono
1722 1394 1797 1421 nmtii

1005 1437 1069 1465 anni
1084 1438 1136 1465 clie
1156 1436 1258 1464 Niceno
1275 1445 1322 1464 era
1343 1438 1456 1465 eretico.
1476 1437 1614 1472 Vogliamo
1633 1439 1677 1465 noi
1701 1440 1751 1467 clie
1774 1439 1796 1466 si

1005 1486 1063 1513 (lica
1082 1485 1133 1512 cbe
1149 1484 1193 1511 noi
1208 1485 1332 1512 abbiamo
1353 1484 1421 1513 fallo
1441 1493 1496 1512 uno
1520 1486 1633 1518 cretico,
1656 1486 1707 1513 cbc
1736 1486 1797 1513 sarit

1006 1538 1058 1557 una
1071 1530 1218 1565 vcrgogna?
1230 1529 1261 1557 Et
1273 1529 1342 1557 bene
1353 1529 1404 1557 che
1415 1530 1552 1558 dicessino
1565 1537 1578 1557 a
1590 1536 1691 1566 questo
1706 1533 1797 1560 modo.

1005 1575 1151 1610 l‘opinione
1192 1575 1250 1602 loro
1271 1582 1316 1602 era
1340 1582 1389 1610 per
1415 1575 1472 1603 fare
1495 1583 1529 1602 un
1550 1575 1679 1610 pontiﬁce
1706 1584 1720 1603 a
1742 1577 1797 1604 Ιοιο

1005 1622 1098 1654 modo,
1114 1628 1192 1649 come
1208 1621 1234 1648 lu
1250 1620 1328 1655 falto;
1343 1622 1468 1649 venemlo
1485 1621 1511 1649 di
1527 1622 1573 1657 poi
1590 1622 1609 1649 il
1624 1622 1651 1650 di
1667 1628 1797 1657 seguente

1006 1677 1020 1696 a
1032 1668 1090 1696 fare
1101 1668 1119 1695 il
1132 1667 1264 1701 pontcﬁce
1279 1667 1385 1696 feciono
1394 1667 1503 1704 Pagolo,
1516 1668 1568 1696 eiu
1583 1668 1672 1696 buona
1686 1670 1797 1702 lczione,

1006 1724 1021 1743 ε
1041 1715 1156 1743 andovvi
1175 1715 1401 1743 canonicamente
1425 1715 1577 1743 senz‘altra
1606 1715 1796 1751 intelligentia,

1006 1770 1021 1790 e
1036 1762 1189 1790 lasciarono
1216 1761 1254 1789 lui
1271 1768 1349 1789 come
1373 1769 1454 1789 uomo
1469 1762 1624 1796 savissimo,
1642 1770 1658 1790 e
1672 1770 1724 1790 non
1740 1763 1798 1791 iure

1007 1809 1336 1844 ignunadimostrazione,
1346 1808 1573 1844 elasciollalss
1581 1809 1799 1838 correre.Nieute

1006 1854 1033 1882 di
1047 1861 1127 1882 meno
1139 1854 1157 1881 il
1165 1854 1300 1889 ponteiice
1316 1854 1395 1889 perla
1405 1861 1457 1882 sua
1465 1855 1537 1882 virtu
1545 1854 1665 1883 l‘ebbein
1675 1857 1799 1890 grandis-

1005 1903 1074 1929 sima
1090 1901 1355 1937 riputazionegcome
1372 1908 1417 1929 era
1434 1900 1514 1928 istato
1531 1908 1579 1936 per
1596 1901 1622 1928 lo
1636 1906 1725 1936 tempo
1740 1910 1799 1936 pas-

1006 1952 1077 1976 sato.
1104 1946 1212 1974 lstando
1241 1955 1255 1974 a
1283 1952 1379 1982 questo
1402 1946 1483 1974 modo
1506 1954 1593 1974 venne
1613 1947 1637 1974 la
1659 1953 1748 1976 morte
1770 1950 1797 1976 di

1006 2001 1074 2029 papa
1086 1992 1186 2027 Pagolo
1196 1993 1384 2020 etsuccedette
1393 1991 1478 2020 Sisto.
1488 1991 1516 2020 ln
1534 1997 1603 2020 tutlo
1622 1994 1641 2021 il
1653 1998 1743 2029 tempe
1754 2003 1797 2023 eia

1007 2045 1088 2069 tatato
1103 2041 1131 2068 in
1147 2046 1223 2068 corte
1235 2040 1262 2067 di
1277 2039 1363 2067 Roma
1372 2047 1480 2075 sempre
1495 2047 1510 2067 a
1524 2039 1719 2070 iareiscrivere
1738 2043 1799 2070 libri

1007 2089 1034 2115 in
1051 2088 1113 2123 ogni
1130 2087 1228 2115 iacolta
1239 2087 1296 2115 eosi
1306 2086 1427 2121 in,Greco
1437 2094 1515 2115 come
1525 2087 1551 2114 in
1571 2087 1686 2122 Latino;
1707 2094 1735 2117 et
1746 2097 1797 2117 non

1007 2135 1063 2163 solo
1087 2135 1230 2167 iscriveva,
1256 2141 1299 2161 ma
1317 2141 1482 2169 comperava
1509 2135 1571 2162 tutti
1592 2135 1600 2162 i
1625 2135 1685 2163 libri
1704 2137 1797 2172 ch‘egli

1007 2189 1060 2209 non
1079 2188 1173 2214 aveva,
1189 2188 1204 2208 e
1221 2180 1322 2215 grande
1340 2184 1418 2215 parte
1438 2181 1464 2208 di
1485 2181 1575 2216 quello
1598 2182 1634 2216 gli
1660 2190 1796 2210 avanzava

1007 2228 1076 2255 delle
1099 2235 1148 2255 sue
1184 2227 1291 2255 rendite
1311 2227 1472 2262 isprendeva
1489 2228 1516 2255 in
1536 2228 1598 2255 libri
1631 2236 1646 2255 a
1670 2237 1704 2256 uti
1736 2230 1796 2257 line.

1006 2273 1118 2301 Avendo
1131 2273 1175 2309 gia
1188 2273 1315 2301 condotta
1328 2273 1645 2309 grandissimagquantita
1657 2275 1684 2302 di
1699 2276 1796 2303 volnmi

1006 2320 1062 2348 cosi
1078 2320 1156 2348 Greci
1169 2327 1246 2347 come
1261 2319 1362 2353 Latini,
1375 2324 1402 2347 et
1415 2320 1485 2347 sacri
1500 2328 1577 2348 come
1589 2321 1693 2355 gentili,
1710 2322 1796 2350 deter-

1007 2363 1082 2391 mino
1104 2363 1130 2390 di
1149 2363 1283 2398 mettergli
1303 2364 1330 2391 in
1347 2364 1462 2398 qualcbe
1479 2364 1560 2400 luogo
1577 2366 1663 2401 degno
1680 2371 1707 2393 et
1725 2375 1796 2394 mas-

1007 2411 1075 2437 sime
1091 2410 1098 2436 i
1114 2409 1174 2436 libri
1188 2408 1279 2442 Greci,
1296 2410 1347 2436 clte
1364 2417 1392 2436 se
1410 2411 1463 2436 mai
1480 2411 1569 2444 quella
1587 2411 1694 2439 infelice
1712 2415 1796 2447 patria

1008 2460 1130 2483 tornasse
1147 2453 1170 2481 a'
1189 2455 1295 2481 termini
1313 2455 1384 2487 suoi,
1402 2462 1417 2482 e
1433 2455 1484 2482 cbe
1497 2457 1582 2483 sendo
1605 2457 1631 2484 di
1650 2457 1674 2484 la
1695 2461 1796 2493 perdnti

1007 2503 1013 2529 i
1028 2502 1101 2539 libri,
1117 2501 1219 2529 fossino
1235 2503 1260 2528 in
1277 2502 1357 2536 luogo
1372 2509 1424 2529 ove
1438 2502 1574 2536 potessino
1595 2511 1675 2531 avere
1687 2506 1798 2539 qualcbe

1006 2549 1151 2580 comodita;
1170 2554 1198 2575 et
1223 2555 1275 2574 non
1293 2547 1327 2582 gli
1351 2555 1433 2582 parve
1456 2548 1527 2576 i'osse
1543 2549 1622 2585 luogo
1647 2551 1750 2586 iguuno
1772 2553 1796 2578 in

1005 2594 1082 2622 ltalia
1098 2594 1142 2629 piu
1156 2597 1270 2621 comodo
1286 2594 1336 2621 cbe
1352 2593 1463 2621 Venetia
1486 2595 1570 2622 sendo
1595 2597 1673 2631 luogo
1695 2597 1721 2623 di
1744 2605 1798 2623 nm-

1010 2642 1069 2667 rina
1085 2646 1111 2668 et
1126 2640 1177 2667 che
1190 2640 1234 2667 cbi
1253 2640 1330 2667 viene
1343 2639 1370 2666 (li
1386 2640 1410 2666 la
1427 2641 1515 2675 capita
1532 2642 1619 2676 quivi.
1631 2642 1664 2669 Et
1677 2651 1724 2677 per
1734 2652 1798 2677 qur-

1005 2693 1047 2714 Slo
1062 2687 1166 2713 avendo
1180 2685 1362 2720 grandissima
1377 2686 1546 2721 anticitia_co'
1557 2687 1700 2715 Veneziani
1715 2690 1798 2716 deter-

1005 2732 1081 2760 mine
1097 2733 1123 2760 di
1141 2732 1198 2759 lare
1214 2732 1286 2767 quivi
1305 2740 1358 2759 una
1369 2732 1481 2759 libraria
1497 2734 1617 2768 publica,
1631 2735 1680 2761 chc
1693 2743 1798 2770 ognuno

1005 2781 1029 2808 vi
1047 2785 1153 2814 potesse
1169 2780 1273 2815 andarc
1288 2784 1313 2806 et
1329 2787 1410 2806 avere
1430 2781 1579 2807 conmilita.
1596 2780 1627 2807 Et
1645 2789 1692 2816 per
1708 2788 1797 2816 questo

1005 2825 1101 2852 ordino
1120 2825 1187 2852 colla
1199 2825 1324 2858 Signoria
1340 2828 1365 2851 ct
1379 2824 1420 2851 col
1432 2824 1511 2859 dogc,
1530 2825 1580 2852 clie
1598 2826 1619 2853 si
1636 2826 1739 2854 lacesse
1753 2835 1797 2862 per

1007 2872 1117 2900 solenne
1138 2871 1348 2903 deliberatione,
1369 2872 1419 2897 cbc
1437 2871 1459 2898 si
1475 2879 1597 2900 liturasse
1614 2879 1666 2899 una
1694 2873 1797 2901 libraria
