1912 3054
115 143 163 167 ﬂ!"

115 210 379 230 ρεςεξτ-ετ

780 130 875 161 ΒΑΡΤ
908 129 1087 160 PLATthE

1697 127 1745 150 CIV

435 297 936 378 BAPTISTfE
980 295 1424 373 PLATlNzE

795 433 1077 466 CREMONENSIS

278 527 642 605 PANEGYRICUS
688 525 743 599 IN
790 518 1002 597 LAUDEM
1050 521 1352 596 AMPLISSIMI
1399 522 1588 595 PATRIS

516 654 607 711 Ι).
656 648 1353 709 BESSARIONIS

798 757 938 782 EPISCOPI
953 757 1069 784 SABINI,

375 826 620 859 CARDIN‘ALIS
661 825 809 857 NlC/ENI
845 823 895 854 ET
934 821 1206 853 PATRIARCHAE
1248 822 1483 859 CPOLITANI;

491 899 587 930 Πιιο
610 897 798 930 VIVENTE
823 896 876 928 IN
891 895 1068 926 PUBLICO
1082 894 1220 927 COETU
1232 896 1396 927 DICTUS.

120 981 239 1014 (Parisiis,
251 986 290 1011 ap.
304 979 441 1004 Johannem
462 977 538 1006 Petit,
563 975 623 1000 1550
640 970 1158 1014 Βὶι)ὶξρξῑᾎῃεἶξε-’ῃὲθῧξληξξὶριλςξξηῃξ
1165 973 1301 1014 qrationem
1314 973 1420 999 inseruit
1438 973 1539 999 Ilzovius
1549 974 1578 1000 ad
1591 982 1631 999 an.
1645 975 1697 1007 ΔΗ,
1708 978 1755 1002 sed

690 1005 793 1029 exordio
805 1007 831 1028 et
842 1002 926 1026 multis
938 1002 998 1026 locis
1009 1002 1180 1033 decurtatam.)

156 1154 185 1182 Si
202 1159 320 1188 unquam
349 1156 456 1187 tempus
479 1149 543 1181 fuit,
568 1147 697 1182 Quirites,
714 1153 768 1181 quo
792 1149 911 1172 veterem

121 1203 278 1230 Gchrum
298 1205 414 1230 morem,
431 1196 591 1224 Latinorum
607 1201 690 1230 prope
713 1199 812 1220 novum
833 1198 913 1226 repe-

122 1254 255 1278 terenttts,
273 1245 299 1272 id
314 1248 390 1272 certe
408 1243 459 1271 hac
473 1241 624 1270 miserrima
643 1241 801 1274 tempestate
814 1237 914 1264 facien-

122 1296 185 1322 dum
204 1296 256 1323 est.
276 1298 330 1326 qua
353 1289 394 1317 vel
421 1288 540 1316 maxima
561 1292 675 1321 quaeque
701 1284 799 1316 virtus,
822 1281 915 1309 candi-

123 1340 264 1368 dissimum
278 1336 405 1372 quodque
420 1334 572 1370 ingenium,
591 1331 726 1360 excellens
743 1329 915 1364 quantumvis

123 1386 247 1414 doctrina
260 1389 287 1412 et
309 1382 474 1413 eruditione,
491 1386 631 1414 emergere
655 1385 688 1404 ex
706 1380 781 1403 tanta
800 1375 917 1409 caligine

124 1439 153 1461 et
167 1431 319 1468 ignorantia
346 1429 389 1456 vix
407 1432 506 1463 potest.
523 1423 706 1453 Tolerabilius
733 1421 856 1457 profecto
874 1421 915 1447 vi-

125 1467 235 1505 deretur
247 1476 269 1504 si
284 1474 376 1502 virtuti
393 1481 409 1501 a
432 1472 526 1505 paucis
544 1471 667 1506 cognitae,
683 1469 706 1497 si
729 1469 754 1496 in
771 1467 878 1495 arcanis
893 1471 919 1493 et

125 1523 311 1559 penetralibus
327 1521 402 1556 (quia
417 1524 474 1547 tuto
488 1518 576 1552 vagari
596 1524 650 1543 non
667 1516 741 1549 licet)
758 1514 847 1546 cultro,
865 1513 919 1540 sal-

127 1578 180 1597 tent
199 1569 342 1604 quiescere
357 1567 416 1593 sine
430 1565 529 1600 injuria
541 1563 647 1594 liceret,
670 1568 723 1588 non
748 1560 829 1586 etiam
853 1566 920 1593 quo-

127 1618 250 1645 rumdam
269 1614 408 1642 hominum
423 1613 508 1639 livore
520 1615 546 1639 et
558 1609 744 1637 malevolentia
757 1608 921 1642 opprimere-

128 1669 185 1691 tur.
217 1662 322 1689 Instant
336 1660 397 1687 dolo
419 1658 524 1687 fraude,
544 1656 654 1689 malitia,
679 1656 758 1689 vique
783 1658 923 1689 postremo

128 1708 241 1745 quando
255 1708 306 1734 hoc
321 1704 425 1734 occulte
444 1703 533 1731 tnoliri
553 1710 607 1730 non
632 1701 714 1734 licet;
731 1705 864 1736 spargunt
878 1700 922 1726 itt-

129 1756 255 1784 videntiae
271 1761 326 1781 suae
340 1759 437 1788 opacas
450 1751 561 1778 umbras
574 1758 582 1783 ;
595 1752 751 1776 contentam
768 1747 919 1782 rubiginem

129 1803 343 1836 circumquaque
360 1798 476 1826 fundunt
506 1804 560 1831 quo
584 1794 761 1823 suavissimas
780 1794 880 1821 herbas
894 1798 922 1821 et

130 1850 235 1877 feraces
263 1848 370 1883 plantas
396 1847 530 1879 occupent
557 1847 639 1876 atque
671 1845 804 1872 euocent;
833 1847 877 1873 ne,
899 1839 921 1866 si

131 1899 305 1930 exspectatas
314 1893 411 1920 odores
425 1895 452 1918 et
468 1888 645 1917 suavissimus
661 1887 764 1914 fructus
778 1887 923 1921 aliquando

131 1940 277 1973 ediderint,
310 1937 362 1973 ipsi
391 1941 520 1971 tanquam
553 1934 730 1961 infructuosa
746 1937 771 1960 et
800 1931 922 1960 infelices

132 1987 245 2014 arbores
262 1984 433 2013 excidantur.
446 1981 502 2009 Nos
515 1981 617 2015 itaque,
636 1987 671 2008 ne
696 1979 865 2007 Bcssarionis
881 1979 923 2006 di-

132 2034 189 2061 vini
204 2031 322 2059 hominis
332 2027 478 2063 sapientia,
500 2026 600 2058 virtus,
615 2025 767 2061 amplitudo
785 2025 875 2060 aliqua
889 2033 923 2052 ex

133 2083 212 2114 parte
230 2077 343 2104 laedatur
354 2073 480 2110 (opprimi
495 2077 578 2104 certe,
595 2078 657 2098 cum
677 2075 750 2098 tanta
767 2070 802 2098 sit
816 2074 924 2104 tantque

134 2125 281 2155 excellens,
298 2121 372 2149 nullo
390 2119 470 2148 modo
486 2118 597 2153 potest),
621 2117 769 2144 Isocratem
797 2121 923 2150 magnum

135 2175 271 2198 oratorem
285 2172 311 2195 et
325 2166 444 2202 perfecte
452 2164 558 2192 dicendi
577 2163 732 2198 magistrum
747 2166 774 2190 et
787 2170 802 2189 c
818 2166 926 2188 nostra—

136 2216 208 2242 tibus
232 2214 360 2244 Pllnium,
387 2210 589 2247 genethliacunt
616 2208 815 2239 Mamertinum,
840 2206 924 2233 Naza-

137 2262 209 2290 rittm
233 2259 374 2291 Latinum,
404 2257 492 2292 quoad
519 2256 577 2283 fieri
602 2255 712 2290 poterit,
731 2253 839 2285 imitati,
862 2260 927 2279 eon-

139 2307 311 2336 suetudinem
341 2309 397 2332 tum
415 2303 518 2335 utilem,
543 2308 598 2329 tuttt
621 2300 816 2331 necessariam,
835 2299 928 2326 multis

136 2355 195 2390 jam
219 2351 327 2380 satculis
353 2350 540 2378 intermissam
566 2346 766 2374 revocabimus.
784 2343 838 2370 llac
854 2343 926 2370 eniut

139 2401 245 2428 ratione
263 2397 296 2425 ad
309 2396 507 2424 aemulationem
522 2393 614 2428 gloria:
632 2391 786 2418 excitantur
804 2390 849 2424 qui
867 2397 927 2416 ma«

141 2447 186 2480 gni
203 2445 235 2472 ad
248 2446 374 2472 virtutem
393 2441 532 2475 erectique
557 2442 620 2466 sunt
642 2437 737 2469 animi,
750 2444 809 2463 cum
836 2443 928 2463 veram

141 2498 170 2520 et
185 2492 317 2527 integram
334 2490 440 2517 laudent
467 2487 509 2514 his
530 2484 696 2520 propositam
715 2483 806 2510 vident
824 2484 868 2516 qui
887 2490 931 2510 sa-

143 2538 251 2574 pienter
265 2537 433 2569 honesteque
448 2533 586 2562 vixerunt,
602 2536 771 2564 quorumque
788 2529 841 2556 vita
856 2529 929 2556 onmi

140 2592 177 2611 ex
203 2586 281 2617 parte
304 2582 423 2609 hutttano
440 2577 531 2613 generi
556 2580 583 2603 et
597 2575 670 2602 utilis
694 2581 721 2602 et
735 2575 872 2602 fructuosa
890 2580 932 2602 est

142 2629 246 2657 habita.
274 2627 375 2655 Contra
392 2632 458 2652 vero
485 2631 501 2650 a
524 2622 597 2650 vitiis
624 2621 798 2648 deterrentur
824 2621 853 2653 ii,
878 2628 932 2648 non

144 2682 255 2710 prorsus
269 2674 396 2700 virtutem
406 2673 596 2705 aspernantur,
613 2667 660 2703 qui
687 2666 816 2694 eﬂrenata
832 2667 934 2701 cupitli-

145 2729 198 2750 tate
219 2721 304 2753 ducti,
315 2718 480 2754 petulanter,
493 2716 632 2749 audacter,
647 2719 773 2750 proterve
788 2714 819 2741 ad
834 2714 935 2749 ﬂagitia

144 2769 325 2798 declinarunt,
343 2772 404 2792 cum
426 2767 569 2799 perpetuas
585 2766 662 2790 notas
681 2761 819 2789 dedecoris
835 2765 860 2788 et
877 2765 932 2788 tur-

181 2856 218 2892 (Ι)
234 2854 282 2882 Hic
294 2853 387 2889 incipit
403 2853 526 2881 Bzavius.

964 1145 1094 1179 pitudinis
1121 1145 1256 1174 frontibus
1287 1146 1344 1175 suis
1359 1147 1429 1174 inuri
1457 1147 1491 1175 ab
1520 1148 1562 1176 his
1589 1148 1680 1177 vident
1706 1150 1755 1185 qui

965 1195 1072 1225 scriptis
1089 1199 1179 1219 rerum
1196 1199 1332 1227 gestarum
1351 1195 1459 1226 seriem,
1470 1195 1515 1228 qui
1532 1203 1622 1222 mores
1635 1200 1661 1222 et
1673 1197 1754 1222 vitam

965 1238 1105 1266 hominum
1113 1239 1250 1266 memoriae
1264 1240 1430 1274 posteritatis
1443 1241 1475 1267 ad
1489 1241 1630 1268 utilitatem
1642 1242 1754 1269 humani

966 1287 1072 1321 generis
1094 1286 1295 1316 commendant.
1324 1287 1424 1314 Verum
1454 1288 1504 1315 hoc
1528 1288 1598 1321 loco,
1625 1288 1755 1322 Quirites,

968 1339 1028 1358 cum
1057 1332 1130 1359 vires
1163 1332 1262 1367 ingenii
1294 1333 1344 1360 mei
1367 1333 1532 1365 considero,
1559 1342 1638 1369 quam
1666 1341 1758 1369 parvae

968 1386 1105 1413 quamque
1119 1379 1224 1414 exiguae
1239 1380 1304 1412 sittt,
1320 1387 1372 1406 non
1388 1387 1509 1414 possunt,
1521 1382 1628 1416 cognita
1652 1382 1754 1416 ampli-

969 1426 1062 1452 tudine
1083 1431 1244 1459 conspectns
1267 1426 1360 1458 vestri,
1389 1434 1442 1453 non
1467 1429 1652 1462 commoveri,
1673 1435 1699 1456 et
1725 1439 1757 1456 eo

972 1472 1088 1499 maxime
1105 1473 1175 1506 quod
1191 1472 1257 1499 ntilti
1273 1472 1306 1499 de
1319 1479 1351 1499 eo
1370 1473 1427 1500 viro
1442 1473 1586 1501 dicendum
1615 1475 1650 1503 sit
1662 1477 1707 1511 qui
1722 1477 1760 1505 ob

971 1518 1183 1552 magnitudinem
1201 1526 1289 1545 rerum
1302 1523 1438 1553 gestarum
1448 1520 1622 1554 quantumvis
1631 1529 1756 1556 magnum

972 1569 1122 1598 oratorem,
1139 1565 1237 1592 nedum
1252 1573 1294 1592 tne
1311 1566 1411 1599 ipsum,
1437 1565 1507 1594 inter
1525 1567 1662 1595 studiosos
1675 1568 1758 1596 butta-

972 1617 1033 1638 rum
1054 1610 1153 1637 artium
1171 1610 1214 1637 vix
1233 1611 1428 1638 numerandum
1439 1631 1447 1642 .
1463 1612 1600 1641 deterrere
1614 1621 1630 1641 a
1643 1614 1758 1642 dicendo

973 1661 1069 1692 possit.
1100 1656 1215 1684 Recreat
1235 1665 1277 1684 me
1298 1661 1387 1684 tamen
1411 1665 1442 1684 ac
1467 1658 1553 1686 reﬁcit
1582 1659 1759 1695 hortaturque

974 1704 1007 1730 ad
1021 1703 1163 1741 dicendum
1181 1703 1356 1731 humanitatis
1369 1708 1395 1732 et
1415 1705 1523 1738 pictatis
1542 1710 1636 1733 vestra:
1653 1707 1758 1742 vulgata

976 1751 1082 1785 opinio;
1092 1758 1144 1784 qua
1158 1750 1267 1784 quidem
1283 1749 1664 1786 fretnsjamjamBcssariottis
1676 1753 1759 1781 divini

974 1795 1091 1822 hominis
1109 1796 1202 1823 laudes
1218 1795 1310 1823 dicere
1328 1797 1470 1831 aggrediar
1487 1805 1494 1824 :
1509 1805 1589 1832 quem
1607 1799 1652 1833 qui
1671 1799 1761 1827 laudat

973 1842 1100 1868 virtutem
1113 1841 1237 1874 extollit;
1253 1843 1328 1877 parvi
1345 1843 1420 1870 enim
1436 1843 1519 1870 refert
1538 1844 1759 1873 Bessarionemue

974 1895 1008 1914 an
1021 1887 1148 1914 virtutem
1163 1886 1265 1915 laudes;
1287 1888 1340 1915 Nec
1356 1889 1453 1915 mirum
1468 1889 1495 1915 id
1509 1889 1628 1923 quidem.
1640 1890 1664 1917 ls
1677 1891 1760 1924 enim,

974 1941 1007 1961 ex
1035 1939 1125 1961 vetere
1157 1933 1260 1962 Graecia
1289 1934 1429 1969 oriundus
1456 1938 1592 1969 natusque
1615 1936 1642 1963 in
1674 1936 1758 1969 Asia,

975 1981 1103 2015 utrinque
1118 1981 1225 2015 collegit
1238 1981 1361 2015 generosi
1382 1981 1493 2014 spiritus
1507 1982 1620 2010 sentina.

1011 2027 1198 2062 Trapezuntus
1222 2028 1274 2061 (li,
1307 2027 1497 2061 Sinopensium
1531 2028 1650 2062 colonia,
1682 2029 1759 2065 hujus

976 2075 1061 2109 patria
1089 2080 1147 2107 est;
1172 2074 1298 2108 Sinopem
1324 2073 1470 2102 condidere
1502 2073 1611 2108 Milesii,
1642 2075 1761 2104 Miletum

975 2121 1166 2148 Athenienses.
1198 2119 1237 2146 Ex
1264 2120 1325 2150 his,
1342 2124 1371 2146 ut
1395 2127 1410 2146 a
1439 2122 1606 2155 parentihtts,
1624 2123 1692 2156 avis,
1716 2123 1762 2150 ab-

977 2167 1046 2198 avis,
1065 2165 1232 2192 nobilitatem
1258 2165 1389 2197 referens,
1413 2166 1550 2195 redundan
1580 2168 1643 2196 tiam
1671 2169 1761 2197 Asiani

978 2213 1074 2248 ingenii
1104 2211 1256 2246 frugalitate
1289 2211 1377 2238 Attica
1407 2214 1594 2248 (ontpescuit;
1623 2223 1672 2242 nec
1706 2220 1762 2243 tan-

978 2263 1033 2285 tttm
1063 2257 1205 2293 Diogenem
1240 2257 1389 2285 admiratus
1415 2264 1476 2291 est,
1502 2259 1685 2293 Timotheum,
1706 2261 1763 2288 Dei-

978 2303 1079 2338 pltilutn
1106 2308 1223 2338 poetam,
1248 2303 1371 2336 Thalem,
1397 2304 1651 2338 Anaximandrum,
1668 2306 1761 2333 Anaxi~

979 2357 1097 2382 tttenem,
1109 2350 1253 2376 Hecate”
1272 2350 1443 2383 historicum,
1455 2350 1613 2378 rEscltinem
1630 2351 1761 2378 rhetorem

982 2397 1055 2424 illum
1071 2396 1115 2431 qui
1136 2396 1162 2423 itt
1173 2397 1330 2430 Pompeium
1351 2397 1476 2424 invectus
1491 2403 1543 2430 εει,
1561 2397 1624 2424 licet
1652 2398 1669 2424 ii
1687 2404 1763 2432 agna-

983 2442 1063 2469 tionis
1076 2443 1136 2477 jure
1151 2443 1360 2477 propinquiores
1379 2447 1481 2474 essent,
1500 2443 1564 2478 quin
1582 2443 1763 2470 ohservavsrit

984 2488 1239 2522 Socratisleporetn,
1251 2488 1373 2516 Platonis
1388 2489 1493 2523 copiam
1510 2493 1536 2516 et
1549 2489 1764 2523 alnpiitudlllctlt,

984 2533 1138 2561 Aristotelis
1153 2541 1277 2567 acumen,
1295 2533 1419 2562 Isocratis
1437 2533 1574 2561 lenitatem
1588 2539 1615 2561 et
1632 2542 1763 2568 numeros,

986 2580 1038 2606 vim
1065 2579 1274 2612 Demosthenis;
1306 2579 1339 2607 ab
1356 2581 1483 2607 omnibus
1501 2580 1584 2612 enittt,
1611 2581 1764 2616 gentilitatis

983 2626 1054 2661 jure,
1071 2626 1143 2661 quod
1171 2626 1310 2660 probabile
1336 2626 1461 2661 quodque
1476 2626 1609 2661 optimum
1627 2631 1710 2659 esset,
1726 2634 1766 2654 ac-

986 2672 1067 2706 cepit,
1085 2671 1174 2699 hteres
1191 2676 1232 2699 tot
1248 2679 1279 2698 ac
1298 2676 1433 2699 tantorum
1461 2672 1641 2706 ingeniorum.
1669 2672 1707 2699 Ex
1729 2672 1766 2701 his

986 2717 1070 2752 igitur
1092 2717 1236 2744 Bessarion
1265 2717 1370 2745 animos
1398 2724 1527 2750 sumens,
1547 2718 1591 2743 ubi
1619 2718 1731 2751 primunt
1754 2726 1767 2744 e

987 2763 1078 2799 pueris
1088 2765 1215 2796 excessit,
1229 2770 1291 2790 cura
1304 2767 1448 2798 parentum
1467 2763 1622 2798 Byzantium
1636 2763 1768 2790 transmit-
