1912 3054
96 147 142 168 (ινη
628 140 902 173 PANEGYRICUS
922 138 1187 170 BESSARIONIS.

97 198 173 229 titur,
194 198 328 226 celebrem
343 199 480 234 quondatn
497 198 591 226 urbem
612 204 638 225 ct
656 197 820 226 doctissimis
837 197 886 223 ho-

95 244 217 272 minibus
247 244 458 280 Iibcralibusque
485 245 581 272 studiis
611 244 775 272 affluentem.
793 242 889 270 Gram-

97 291 198 318 matica
225 291 350 319 celeriter
386 292 420 319 ob
449 299 562 318 acumen
601 289 700 326 ingenii
731 289 889 324 poeticaque

99 337 232 368 imbutus,
257 337 410 372 posthabita
424 344 488 365 cura
511 344 600 364 rerum
628 337 806 364 humanarum
836 341 888 368 qtta

98 383 224 418 impediri
249 383 442 417 contemplatio
465 383 618 410 divinarum
646 381 723 415 solet,
743 386 828 408 totum
860 386 889 406 se

98 427 223 464 religioni
239 429 353 457 addixit.
368 429 469 456 Christi
485 436 600 462 namque
619 427 743 454 militiam
767 431 887 457 secutus,

99 479 130 502 ttt
145 482 237 502 veram
260 474 373 510 gloriam
398 481 534 508 verosque
559 473 710 508 triumphos
729 471 888 507 parituram,

101 521 242 554 Dositheo,
269 521 477 556 archiepiscopo
511 520 646 550 Doriensi,
678 517 750 546 unici
774 517 889 551 exempli

100 567 223 594 moribtts
234 572 260 594 et
274 568 417 594 sanctitate
440 567 510 599 viro,
524 566 549 593 in
564 566 651 600 primo
670 563 795 592 tirocinio
810 567 890 590 tanta!

100 613 284 648 expeditionis
304 613 372 640 duce
392 620 457 641 usus
483 617 544 640 est:
564 611 643 646 cujus
664 611 803 642 virtutem,
829 608 890 636 reli-

102 660 221 694 gionem,
249 659 404 687 doctrinam
431 659 497 687 adeo
525 658 633 686 imbibit
659 662 688 684 ut
715 656 785 683 idem
816 654 890 682 brevi

103 704 193 733 factus
207 705 357 733 videretur.
375 705 546 733 Bessarionis
562 704 698 738 ingenium
726 706 753 729 et
775 706 891 728 tuentem

102 759 188 786 prope
200 751 318 778 divinam
337 751 369 778 ad
378 750 558 786 cognitionem
575 757 666 777 rerttm
682 747 849 776 occultarum
866 750 893 773 et

103 798 304 835 admirabilium
325 798 365 825 vir
387 797 578 824 sanetissimtts
599 793 808 829 contemplatus,
829 793 894 819 ado-

103 845 249 871 lescentem
259 844 345 878 ipsum
358 843 392 870 ad
401 842 634 877 archiepiscopum
650 840 891 876 Selymbrienscm,

103 891 193 919 virum
204 890 334 925 optimtnn
351 895 432 925 atque
460 889 662 919 doctissimum,
678 887 760 919 misit,
782 886 854 914 unde
869 889 895 912 et

104 937 253 965 oratoriam
279 941 364 964 artem
385 939 412 962 ct
428 926 625 969 philosophiam
642 933 819 968 perdisceret,
845 931 895 958 sub

104 990 159 1018 quo
171 987 245 1010 certe
263 986 370 1009 tantum
385 980 500 1014 profecit
511 980 632 1007 adhibita
647 978 722 1006 omni
738 978 771 1004 ad
789 977 897 1004 imitan-

105 1034 174 1057 ιτιιιιι
191 1029 328 1057 hominem
348 1035 425 1059 cura,
441 1027 533 1055 studio
557 1034 589 1054 ac
613 1025 762 1061 diligentia,
778 1028 807 1050 ut
828 1023 898 1058 judi-

106 1083 171 1104 care
188 1081 280 1110 postea
295 1074 435 1103 difficilius
448 1074 530 1101 fuerit
550 1073 682 1100 tneliorne
705 1071 845 1098 Bessarion
862 1076 895 1095 an

107 1123 227 1150 doctior'
247 1123 404 1149 haberetur.
433 1121 576 1148 Postremo
606 1122 710 1151 autem,
740 1124 773 1143 ne
798 1116 897 1151 aliquid

108 1174 184 1196 tanto
214 1169 322 1203 ingenio
350 1169 467 1200 deesset,
485 1166 623 1194 Platonem
649 1164 711 1200 (leg.
729 1163 897 1195 Plelltonetn)

109 1224 190 1250 quem
206 1216 249 1243 alii
264 1215 402 1243 Gemiston
418 1218 530 1246 vocant,
552 1211 738 1240 dootissimum
753 1213 900 1245 praecepto—

109 1271 167 1289 rem
181 1269 207 1289 et
222 1270 301 1296 quem
317 1268 412 1288 omnes
426 1260 574 1288 secundum
597 1266 613 1286 a
631 1257 740 1284 Platone
752 1260 859 1288 vocant,
873 1255 899 1281 itt

111 1308 309 1343 Peloponneso,
334 1315 387 1342 quo
417 1314 446 1334 se
475 1305 628 1334 contulerat
655 1305 782 1332 doctrinae
807 1309 899 1332 causa,

112 1362 219 1387 nactus,
240 1354 440 1381 mathematicis
468 1356 596 1379 accurate
620 1350 759 1377 imbuitur.
791 1347 901 1383 Vulgari

112 1408 169 1429 tum
201 1402 307 1429 detttum
333 1400 399 1428 tanti
418 1399 535 1427 hominis
557 1405 655 1424 nomen
671 1401 713 1423 est
727 1400 857 1430 cceptnm,
874 1398 903 1421 ut

113 1459 167 1485 qtto
185 1449 402 1484 proficisceretur
426 1447 526 1474 famam
556 1444 735 1478 exspectatio,
762 1447 902 1477 exspecta-

114 1499 215 1526 tionem
229 1496 289 1531 ejus
312 1492 475 1530 optatissimi
502 1491 635 1519 adventus
665 1489 808 1517 admiratio
826 1495 905 1522 snpe-

115 1549 199 1573 raret.
215 1541 416 1570 Existimabam
434 1545 489 1566 tum
509 1537 633 1565 homines
650 1544 708 1563 eatn
720 1536 827 1563 dcmtttu
839 1535 906 1561 civi-

116 1597 197 1619 tatem
227 1590 333 1617 beatam
353 1587 412 1615 fore
437 1586 470 1613 ad
497 1592 577 1619 quam
592 1584 711 1611 venisset
737 1580 906 1609 licSSarionis

117 1638 206 1665 divina
218 1637 323 1668 virtus;
349 1634 422 1661 hunc
435 1633 526 1666 itaque
547 1637 643 1657 omnes
655 1628 788 1656 certatim
805 1632 834 1654 ut
856 1634 906 1653 c.0-

118 1683 244 1720 gnitionis
263 1688 289 1710 et
305 1680 423 1715 hospitio
448 1679 558 1713 dignum
576 1676 772 1711 suscipiebant,
794 1682 908 1701 vertera-

119 1733 229 1763 baulur,
244 1727 435 1757 observabant.
448 1725 611 1755 Couciones,
620 1728 647 1751 et
657 1723 766 1759 quidem
782 1722 910 1756 frequen-

118 1783 162 1805 tes
178 1782 258 1812 atque
275 1776 423 1811 elegantes,
442 1773 474 1800 ad
498 1771 612 1807 populos
633 1769 727 1797 habuit
743 1769 804 1802 (has
822 1767 908 1796 Graeci

120 1823 248 1852 homilias
270 1820 378 1856 vocant)
408 1825 483 1847 tanto
499 1825 634 1846 concursu
663 1821 692 1843 ut
722 1815 821 1849 templa
852 1816 911 1849 ipsa

121 1876 267 1904 permagna
293 1872 395 1895 tantam
420 1864 621 1892 multitudinetn
637 1862 679 1889 vix
703 1865 841 1895 caperent.
859 1859 910 1886 Po-

123 1918 200 1953 pulos
216 1917 248 1944 ad
276 1915 445 1950 religionem,
463 1913 495 1939 ad
510 1910 661 1946 justitiam,
678 1909 711 1935 ad
743 1908 912 1942 zequitatem,

123 1967 157 1994 ad
187 1964 346 1992 modestiam
377 1961 547 1990 hortabatur,
573 1956 653 1984 bouis
687 1955 807 1990 prmtnia,
837 1954 914 1981 malis

124 2019 218 2048 pmuas
234 2009 386 2046 propositas
412 2005 572 2037 ostendens,
586 2008 613 2030 et
624 2010 693 2038 quos
710 2008 817 2030 movere
847 2001 916 2027 intc-

125 2060 224 2093 gritate
247 2057 320 2088 vitae,
337 2053 490 2081 rationibus
514 2056 542 2079 ct
566 2049 699 2084 exemplis
724 2056 777 2075 non
798 2051 914 2082 poterat,

125 2105 234 2133 eosdem
261 2099 506 2130 obtestationibus,
537 2096 684 2131 precibus,
716 2093 855 2128 lacrymis,
888 2097 917 2118 ut

127 2158 210 2185 vagos
226 2155 252 2175 et
264 2152 397 2177 errantes,
415 2145 441 2172 itt
458 2144 529 2170 viam
546 2141 639 2169 salutis
652 2139 806 2168 reducebat.
820 2137 917 2164 Multos

127 2199 200 2225 inter
220 2203 248 2223 se
258 2194 384 2221 civilibus
406 2195 434 2219 et
457 2188 594 2216 intestinis
607 2187 677 2214 odiis
693 2186 857 2213 dissidentes
871 2189 918 2211 aut.

127 2249 220 2271 coram
237 2239 372 2271 oratione,
390 2242 435 2263 aut
459 2236 557 2262 absens
576 2233 700 2268 epistolis
717 2230 918 2266 sapientissime

128 2295 156 2318 et
170 2287 371 2325 elegantissime
394 2283 504 2318 scriptis
526 2282 559 2309 ad
577 2279 752 2308 concordiam
770 2277 918 2305 revocavit.

166 2324 223 2364 Hac
236 2340 309 2361 tanta
329 2331 428 2359 virtute
446 2328 512 2356 tnoti
526 2327 704 2361 imperatores
716 2325 768 2352 duo
787 2324 921 2351 Constan-

132 2381 326 2417 tinopolitanus
342 2382 368 2405 et
384 2373 594 2410 Trapezuntius,
609 2373 680 2399 hunc
703 2372 773 2398 ultro
799 2370 922 2404 citroque

131 2415 247 2464 legatum
278 2426 434 2459 frequenter
459 2421 615 2451 ntittentes,
643 2418 784 2452 utriusque
816 2415 922 2450 ituperii

132 2461 204 2503 vires
227 2471 463 2501 concatenabant,
492 2473 545 2501 quo
575 2465 670 2492 fortius
699 2467 726 2490 et
754 2461 924 2489 constantius

90 2543 93 2546 ν
134 2522 292 2559 propulsare
304 2518 454 2545 Turcorutn
471 2515 588 2548 impetus
604 2514 724 2546 possent,
736 2509 781 2544 qui
797 2513 924 2545 tanquam

135 2555 284 2602 rabidilupi
301 2567 372 2593 inter
382 2569 528 2596 ntrumqtte
542 2559 632 2595 positi,
644 2556 815 2585 occasionem
827 2555 926 2582 utrius-

135 2624 188 2652 qtte
207 2613 311 2648 imperii
328 2609 473 2645 diripiendi
501 2605 713 2642 exspectabant,
731 2602 802 2637 quod
833 2604 926 2634 postea

137 2645 326 2689 :lccidit'cutn
353 2663 451 2690 magno
475 2655 557 2681 totius
586 2649 740 2684 reipublicae
768 2645 928 2674 Christiana:

138 2708 270 2736 dedecore
299 2712 330 2731 ac
359 2702 531 2730 detrimento.
559 2697 679 2725 Sublatis
717 2694 788 2722 enim
823 2691 928 2720 duobus

140 2753 278 2785 claustris,
297 2758 369 2778 nunc
396 2755 456 2776 sese
484 2747 510 2774 in
541 2744 643 2776 Asiam,
665 2749 736 2769 ttunc
751 2741 778 2767 itt
793 2739 928 2774 Europam

141 2801 300 2837 gravissima
313 2797 355 2825 illa
371 2795 521 2823 Turcorum
540 2790 658 2826 procella
679 2788 787 2815 nemine
804 2787 931 2813 obstante

143 2830 171 2875 ξε
184 2845 336 2875 effundens,
359 2843 437 2876 longe
458 2848 489 2868 ac
512 2839 563 2866 late
586 2836 676 2864 omnia
697 2838 794 2866 vastat,
820 2830 930 2861 obterit,

145 2892 310 2931 concaleat:
340 2889 506 2924 diripiuntur
528 2885 606 2913 urbes
629 2880 802 2918 quantumvis
818 2885 931 2913 magnae,

1638 110 1650 121 ε

1680 143 1724 163 ενι

942 194 1122 221 incenduntur
1136 194 1215 226 villae.
1232 199 1364 222 necantur
1388 194 1529 226 homines;
1549 192 1619 227 quod
1642 193 1662 218 si
1676 193 1725 218 ali-

940 241 1037 274 quibus
1051 241 1161 268 fortuna
1176 241 1234 268 belli
1251 241 1389 275 pepercit,
1404 241 1421 268 ii
1439 247 1491 267 una
1508 247 1568 267 cum
1585 239 1727 274 pecorilms

939 293 971 314 eo
985 291 1118 314 terrarum
1143 287 1289 321 abiguntur
1305 287 1376 314 unde
1404 294 1539 321 nunquam
1560 287 1586 312 in
1611 285 1726 320 pattiam

940 338 1003 361 sunt
1021 333 1144 361 redituri.
1165 332 1186 361 Ο
1200 333 1312 361 miseros
1329 337 1355 360 et
1366 332 1547 360 infortunatos
1563 331 1673 358 Grzccos
1687 329 1693 356 !
1713 337 1728 355 ο

940 379 1062 407 infelices
1071 384 1098 407 et
1114 378 1303 406 calamitosos!
1323 386 1340 405 ο
1360 378 1441 405 etiam
1458 378 1577 411 ipsoront
1595 376 1728 403 crudelis-

940 427 1069 454 simorum
1089 425 1206 452 hostium
1218 425 1345 460 laerymis
1357 423 1554 458 deplorandosl
1581 422 1730 449 dedistisnc

940 472 1067 499 omnibus
1084 471 1239 499 nationibus
1253 479 1286 499 ac
1305 471 1431 506 gentibus
1449 469 1600 496 doctrinam
1614 473 1640 495 et
1653 467 1729 501 inge-

942 518 1016 545 nium
1034 521 1064 544 ιιι
1080 517 1129 551 ipsi
1149 517 1264 544 consilio
1290 515 1439 544 careretis?
1464 515 1577 543 dedistis
1601 521 1676 540 arnta
1701 517 1731 538 ut

941 565 1043 592 cisdent
1067 568 1161 599 postea
1185 571 1314 591 corruere
1346 561 1502 590 videamini.
1527 560 1660 588 Constans
1691 563 1733 586 est

941 616 1026 643 cerlc,
1054 611 1184 644 Quirites,
1198 611 1319 638 omnium
1344 610 1412 637 bene
1432 607 1606 635 sentientium
1630 605 1731 640 opinio,

943 662 1075 685 eteorum
1096 657 1214 684 maxime
1226 656 1272 691 qui
1291 663 1341 683 suo
1357 654 1476 690 periculo
1498 651 1733 680 istarumcalami-

944 708 1028 730 latum
1045 705 1121 739 gnari
1139 707 1213 736 sunt,
1226 707 1280 730 duo
1294 703 1338 730 illa
1364 702 1476 737 imperia
1495 707 1632 735 nunquatn
1650 698 1734 725 fuisse

943 751 1095 778 corruitura
1114 751 1136 778 si
1153 749 1309 780 Bessarion,
1326 748 1414 783 magni
1434 747 1517 774 animi
1534 751 1614 780 atque
1628 743 1737 772 consilii

943 798 995 832 ιιι,
1019 799 1071 826 illis
1095 799 1121 825 in
1150 797 1217 825 locis
1240 801 1294 824 tum
1317 796 1413 823 fuisset
1438 801 1498 822 cum
1522 796 1668 827 tempestas
1689 791 1739 818 illa-

944 850 1038 873 contra
1057 853 1110 872 non
1141 844 1251 872 Graecos
1278 848 1394 876 tantum,
1416 841 1463 869 sed
1485 841 1634 868 humanum
1651 846 1742 873 genus

947 895 1041 918 exorta
1061 895 1112 918 est.
1128 890 1279 918 Excitasset
1293 888 1366 916 enim
1390 888 1431 915 vir
1445 887 1567 914 omnium
1587 884 1737 920 vigilantis-

947 937 1033 964 simus
1048 936 1228 964 dormientem
1244 934 1375 963 Grazciam
1388 954 1396 967 ,
1422 933 1571 960 animasset
1587 931 1670 958 nimio
1680 931 1736 957 oliu

946 983 1103 1018 languentes
1114 983 1236 1013 animos;
1253 982 1293 1009 ire
1309 981 1335 1008 in
1353 980 1446 1008 hostes
1466 986 1529 1007 suos
1542 982 1569 1005 ct
1588 985 1602 1004 ιι
1623 977 1737 1004 cervici-

948 1028 999 1056 bus
1014 1033 1116 1056 tantam
1147 1027 1326 1056 calamitatem
1354 1030 1480 1053 avertere
1505 1027 1635 1059 quantam
1664 1023 1737 1056 passi

948 1079 1022 1108 sunt,
1039 1082 1087 1109 spe
1102 1081 1172 1101 vera:
1182 1077 1209 1101 et
1221 1073 1333 1106 integra:
1349 1071 1437 1098 laudis
1456 1069 1608 1105 proposita,
1625 1075 1737 1102 compu-

950 1121 1036 1149 Iisset.
1053 1120 1163 1152 Verum,
1188 1127 1222 1147 eo
1252 1120 1376 1150 absente,
1403 1124 1464 1144 cum
1495 1123 1575 1143 nemo
1602 1119 1675 1142 esset
1693 1122 1740 1148 qut

950 1166 1099 1199 monendo,
1116 1165 1306 1197 consultando,
1327 1164 1459 1195 docendo,
1473 1161 1641 1190 cohortando
1664 1160 1738 1188 Grat-

950 1221 997 1241 cos
1011 1214 1037 1240 itt
1055 1212 1145 1240 oflicio
1163 1212 1325 1244 contineret,
1342 1215 1419 1245 capta
1435 1217 1466 1236 ac
1492 1208 1598 1242 direpta
1613 1215 1627 1233 a
1642 1206 1740 1233 Turcis

950 1258 1199 1293 Constantinopolis
1227 1261 1280 1290 est,
1306 1264 1377 1283 caesa
1403 1255 1487 1282 ruulta
1512 1254 1612 1281 civium
1646 1252 1739 1282 millia,

951 1304 1129 1331 obtruncatus
1156 1302 1302 1336 imperator
1320 1301 1408 1328 :idem
1424 1298 1522 1327 accidit
1541 1296 1740 1332 Trapezuntiis,

952 1350 1022 1376 idem
1038 1348 1207 1384 Mitylenmis,
1225 1348 1295 1374 idem
1313 1345 1552 1381 Peloponnesiacis
1574 1344 1743 1378 principibus

951 1400 978 1423 et
997 1395 1111 1426 civibus,
1124 1394 1193 1421 idem
1211 1393 1320 1428 reliquze
1345 1392 1466 1424 Graecia,
1483 1391 1553 1418 ident
1570 1391 1741 1418 Bossinensi-

955 1444 1014 1476 bus,
1038 1443 1120 1478 quiet
1132 1449 1222 1477 regem
1235 1445 1262 1468 et
1273 1441 1387 1476 patriam
1398 1444 1425 1467 et
1436 1439 1516 1466 vitam
1532 1446 1585 1466 uno
1601 1437 1741 1465 saevissimi

955 1490 1074 1517 hominis
1087 1489 1189 1522 impetu
1203 1487 1334 1518 amisere;
1355 1485 1515 1514 Bessarionc
1534 1484 1592 1519 ipso
1607 1483 1743 1510 clamante

955 1544 986 1564 ac
1003 1542 1125 1571 persaepe
1138 1534 1276 1561 Romanos
1295 1532 1437 1568 pontifices
1460 1532 1624 1559 admonente
1636 1534 1665 1557 ut
1689 1530 1747 1557 Ma-

957 1580 1116 1612 cedonibus,
1132 1578 1303 1612 Dalmaticis,
1331 1577 1443 1613 Illyriis,
1461 1576 1608 1604 Pannoniis
1627 1576 1744 1602 hostium

957 1628 1086 1662 impetum
1100 1634 1172 1661 aegre
1197 1625 1394 1652 sustinentibus
1410 1623 1511 1651 auxilio
1536 1627 1641 1653 essent,
1658 1629 1692 1650 ne
1707 1629 1748 1648 re<

959 1674 1050 1702 fractis
1066 1673 1191 1700 claustris
1212 1672 1286 1699 illinc
1302 1678 1373 1699 saeva
1390 1670 1435 1698 illa
1458 1674 1484 1698 et
1501 1669 1627 1696 imtttanis
1649 1668 1747 1699 bellua,

959 1719 1076 1748 Eridano
1087 1718 1239 1750 violentior,
1265 1716 1369 1744 italiam
1387 1715 1545 1746 inundarel,
1561 1714 1632 1749 quod
1650 1721 1748 1748 prope-

959 1765 1029 1793 diem
1041 1765 1156 1800 (utinam
1171 1764 1253 1791 falsus
1271 1763 1321 1790 sim
1336 1763 1428 1789 valesl
1440 1762 1448 1796 )
1462 1761 1581 1789 futuruttt
1597 1759 1751 1787 videbimus

961 1811 1011 1838 nisi
1038 1810 1101 1838 huic
1128 1809 1328 1844 sapientissimo
1344 1807 1422 1841 viro,
1441 1812 1571 1841 tanquam
1597 1814 1612 1833 e
1638 1804 1753 1840 speculo.

961 1856 1052 1884 omnia
1078 1855 1211 1886 cernenti,
1229 1854 1369 1887 clamanti,
1386 1852 1541 1881 admoncuti
1563 1852 1663 1878 instare
1691 1857 1749 1876 ma-

961 1910 1042 1939 gnam
1068 1902 1227 1937 perniciem,
1246 1900 1392 1935 aliquando
1414 1899 1496 1926 fuerit
1524 1898 1771 1931 Oblelltpcrtttttttl..

963 1950 1078 1978 Multum
1091 1953 1164 1976 certe
1184 1948 1247 1975 huic
1274 1946 1443 1982 amplissitno
1459 1945 1530 1972 Patri
1552 1945 1693 1975 debemus,
1719 1943 1751 1968 ad

964 1996 1040 2030 cujus
1052 2003 1096 2022 res
1110 1994 1217 2030 egregie
1230 1997 1319 2027 gestas
1335 2000 1367 2019 ne
1384 1991 1410 2018 itt
1426 1992 1496 2018 ltanc
1512 1991 1691 2017 ealamitatem
1702 1996 1753 2015 ,ιιι-

965 2042 1086 2069 niremus
1104 2040 1219 2067 libetttcr
1229 2039 1340 2066 accedo.
1370 2036 1395 2064 Is
1414 2037 1497 2068 enim,
1514 2043 1544 2063 re
1560 2034 1766 2063 Constantium.

966 2088 1087 2122 politana
1106 2086 1225 2114 nondum
1252 2084 1403 2120 profligata,
1417 2081 1582 2110 Orientalem
1607 2080 1755 2107 Ecclesiam
1774 2100 1779 2106 ,

968 2135 994 2162 in
1019 2132 1181 2161 sententiam
1207 2129 1387 2158 Occidentalis
1409 2128 1533 2162 redigere
1552 2130 1674 2157 conatus,
1703 2131 1754 2150 non
1773 2146 1777 2149 _

967 2181 1043 2216 prius
1061 2178 1174 2211 destitit,
1190 2177 1310 2211 rogando
1322 2195 1329 2208 ,
1348 2174 1482 2202 tnonendo
1501 2173 1706 2205 imperatorem,
1723 2178 1755 2195 ac

970 2221 1104 2262 principes
1116 2224 1227 2252 Graeciaa
1255 2229 1336 2257 quam
1362 2228 1408 2248 eos
1423 2217 1572 2253 impulerit,
1596 2216 1755 2251 gravissima

969 2272 1093 2300 oratione
1109 2270 1210 2302 habita,
1225 2269 1251 2295 in
1269 2267 1371 2294 ltaliant
1386 2265 1418 2292 ad
1436 2264 1587 2298 Eugenium
1603 2262 1757 2296 pontificem

971 2319 1118 2346 maximum
1134 2315 1309 2344 contendere.
1321 2314 1424 2340 Venere
1440 2311 1528 2346 prituo
1545 2309 1671 2337 Venetias
1680 2313 1759 2341 atque
1778 2323 1782 2327 ε

972 2365 1035 2392 ittde
1060 2363 1213 2390 Ferrariam
1242 2361 1288 2388 ubi
1315 2359 1435 2394 pontifex
1460 2362 1529 2385 erat.
1557 2356 1594 2383 lbi
1610 2362 1718 2391 gravem
1735 2359 1761 2379 ct

973 2411 1123 2444 elegantem
1151 2408 1303 2436 oralionem
1329 2405 1472 2433 Bessarion
1499 2404 1532 2430 ad
1563 2410 1627 2429 suos
1656 2399 1761 2430 habuit,

974 2466 1020 2485 eos
1035 2457 1195 2483 adhortatus
1212 2459 1252 2485 ut,
1268 2452 1374 2488 cognita
1392 2449 1579 2486 frequentibus
1603 2446 1761 2481 disputatio-

976 2504 1055 2531 nibus
1080 2501 1274 2530 controversiae
1306 2506 1386 2526 causa
1414 2505 1473 2531 qua:
1502 2494 1614 2522 Latinos
1641 2493 1712 2518 inter
1736 2495 1763 2518 et

975 2551 1082 2578 Graecos
1099 2547 1251 2584 quingentis
1264 2547 1318 2581 jam
1334 2545 1412 2571 anuis
1427 2545 1574 2577 serpserat,
1591 2539 1675 2574 posita
1689 2538 1761 2565 omni

977 2597 1114 2624 simultate
1131 2596 1158 2622 in
1174 2594 1295 2622 eamdem
1313 2591 1476 2619 sententiam
1499 2594 1592 2615 omnes
1609 2591 1664 2613 tum
1690 2585 1763 2611 veni-

978 2647 1048 2674 rent,
1062 2642 1112 2668 hac
1130 2648 1184 2667 ttna
1199 2639 1301 2665 ratione
1311 2643 1435 2664 asserens
1449 2642 1479 2662 ea
1491 2634 1597 2660 dentom
1612 2630 1764 2665 recuperari

980 2696 1068 2725 posse,
1085 2686 1237 2721 conjunctis
1252 2684 1336 2719 copiis
1354 2682 1503 2716 collataque
1519 2680 1651 2714 itnpettsa,
1668 2684 1728 2712 qum
1740 2681 1767 2702 et

981 2723 1061 2764 ll'urci
1079 2733 1216 2769 quondant
1236 2737 1262 2758 et
1278 2729 1408 2757 Saraceni
1427 2732 1453 2754 et
1466 2727 1568 2754 Arabes
1580 2746 1586 2758 ,
1599 2723 1767 2752 Christiano-

982 2791 1040 2811 runt
1054 2781 1173 2809 dissidiis
1190 2777 1274 2812 magis
1290 2784 1371 2811 quam
1392 2774 1488 2801 animis
1502 2778 1529 2800 et
1553 2772 1635 2798 armis
1648 2768 1768 2805 propriis

983 2829 1045 2858 freti
1068 2831 1243 2862 occuparant.
1263 2824 1374 2852 Dicebat
1399 2820 1569 2854 enim,un
1595 2817 1767 2844 verissimum

984 2879 1036 2910 cst,
1051 2875 1265 2902 Mahontctanam
1281 2870 1419 2906 perfidiam
1436 2866 1616 2896 late-crevisse
1641 2865 1704 2891 duttt
1727 2870 1768 2890 re,-
