  <div class='ocr_page' id='page_1' title='image "/cluster/home/n/w/nwhite01/storage/ocr_20150623/161/njp.32101077773255/069.png"; bbox 0 0 1912 3054; ppageno 0'>
   <div class='ocr_carea' id='block_1_1' title="bbox 131 126 184 146">
    <p class='ocr_par' dir='ltr' id='par_1_1' title="bbox 131 126 184 146">
     <span class='ocr_line' id='line_1_1' title="bbox 131 126 184 146; baseline -0.019 0"><span class='ocrx_word' id='word_1_1' title='bbox 131 126 184 146; x_wconf 70' lang='lat' dir='ltr'><strong>CVII</strong></span> 
     </span>
    </p>
   </div>
   <div class='ocr_carea' id='block_1_2' title="bbox 129 176 917 212">
    <p class='ocr_par' dir='ltr' id='par_1_2' title="bbox 129 176 917 212">
     <span class='ocr_line' id='line_1_2' title="bbox 129 176 917 212; baseline 0.003 -9"><span class='ocrx_word' id='word_1_2' title='bbox 129 176 240 211; x_wconf 77' lang='lat' dir='ltr'><strong>ligionis</strong></span> <span class='ocrx_word' id='word_1_3' title='bbox 253 181 352 204; x_wconf 74' lang='lat' dir='ltr'><strong>nostra:</strong></span> <span class='ocrx_word' id='word_1_4' title='bbox 368 177 454 212; x_wconf 86' lang='lat' dir='ltr'><strong>capita</strong></span> <span class='ocrx_word' id='word_1_5' title='bbox 473 177 542 204; x_wconf 87' lang='lat' dir='ltr'><strong>inter</strong></span> <span class='ocrx_word' id='word_1_6' title='bbox 550 185 580 204; x_wconf 91' lang='lat' dir='ltr'><strong>se</strong></span> <span class='ocrx_word' id='word_1_7' title='bbox 594 177 738 208; x_wconf 73' lang='lat' dir='ltr'><strong>dissident,</strong></span> <span class='ocrx_word' id='word_1_8' title='bbox 753 178 917 212; x_wconf 80' lang='lat' dir='ltr'><strong>proccdatne</strong></span> 
     </span>
    </p>
   </div>
   <div class='ocr_carea' id='block_1_3' title="bbox 131 222 918 257">
    <p class='ocr_par' dir='ltr' id='par_1_3' title="bbox 131 222 918 257">
     <span class='ocr_line' id='line_1_3' title="bbox 131 222 918 257; baseline 0.003 -8"><span class='ocrx_word' id='word_1_9' title='bbox 131 222 248 257; x_wconf 91' lang='lat' dir='ltr'><strong>Spiritus</strong></span> <span class='ocrx_word' id='word_1_10' title='bbox 263 228 376 250; x_wconf 82' lang='lat' dir='ltr'><strong>sanctus</strong></span> <span class='ocrx_word' id='word_1_11' title='bbox 395 231 409 250; x_wconf 90' lang='lat' dir='ltr'><strong>a</strong></span> <span class='ocrx_word' id='word_1_12' title='bbox 435 224 514 251; x_wconf 86' lang='lat' dir='ltr'><strong>Patre</strong></span> <span class='ocrx_word' id='word_1_13' title='bbox 541 228 658 256; x_wconf 89' lang='lat' dir='ltr'><strong>tantum,</strong></span> <span class='ocrx_word' id='word_1_14' title='bbox 676 228 704 250; x_wconf 92' lang='lat' dir='ltr'><strong>ut</strong></span> <span class='ocrx_word' id='word_1_15' title='bbox 722 223 820 255; x_wconf 74' lang='lat' dir='ltr'><strong>Grtcci,</strong></span> <span class='ocrx_word' id='word_1_16' title='bbox 840 231 872 250; x_wconf 90' lang='lat' dir='ltr'><strong>an</strong></span> <span class='ocrx_word' id='word_1_17' title='bbox 903 231 918 251; x_wconf 88' lang='lat' dir='ltr'><strong>a</strong></span> 
     </span>
    </p>
   </div>
   <div class='ocr_carea' id='block_1_4' title="bbox 130 269 921 304">
    <p class='ocr_par' dir='ltr' id='par_1_4' title="bbox 130 269 921 304">
     <span class='ocr_line' id='line_1_4' title="bbox 130 269 921 304; baseline 0.001 -8"><span class='ocrx_word' id='word_1_18' title='bbox 130 269 211 296; x_wconf 86' lang='lat' dir='ltr'><strong>Patre</strong></span> <span class='ocrx_word' id='word_1_19' title='bbox 226 275 253 296; x_wconf 85' lang='lat' dir='ltr'><strong>et</strong></span> <span class='ocrx_word' id='word_1_20' title='bbox 271 270 348 302; x_wconf 84' lang='lat' dir='ltr'><strong>Filio,</strong></span> <span class='ocrx_word' id='word_1_21' title='bbox 365 276 390 297; x_wconf 85' lang='grc' dir='ltr'><strong>ιιι</strong></span> <span class='ocrx_word' id='word_1_22' title='bbox 404 270 492 297; x_wconf 79' lang='lat' dir='ltr'><strong>Latini</strong></span> <span class='ocrx_word' id='word_1_23' title='bbox 507 270 650 304; x_wconf 82' lang='lat' dir='ltr'><strong>volebant;</strong></span> <span class='ocrx_word' id='word_1_24' title='bbox 669 271 710 297; x_wconf 82' lang='lat' dir='ltr'><strong>his</strong></span> <span class='ocrx_word' id='word_1_25' title='bbox 723 271 794 298; x_wconf 90' lang='lat' dir='ltr'><strong>enim</strong></span> <span class='ocrx_word' id='word_1_26' title='bbox 811 276 921 298; x_wconf 79' lang='lat' dir='ltr'><strong>contro-</strong></span> 
     </span>
    </p>
   </div>
   <div class='ocr_carea' id='block_1_5' title="bbox 129 315 920 350">
    <p class='ocr_par' dir='ltr' id='par_1_5' title="bbox 129 315 920 350">
     <span class='ocr_line' id='line_1_5' title="bbox 129 315 920 350; baseline 0.004 -9"><span class='ocrx_word' id='word_1_27' title='bbox 129 316 227 343; x_wconf 88' lang='lat' dir='ltr'><strong>versiis</strong></span> <span class='ocrx_word' id='word_1_28' title='bbox 242 315 342 343; x_wconf 88' lang='lat' dir='ltr'><strong>factum</strong></span> <span class='ocrx_word' id='word_1_29' title='bbox 359 321 388 343; x_wconf 91' lang='lat' dir='ltr'><strong>ut</strong></span> <span class='ocrx_word' id='word_1_30' title='bbox 408 316 441 342; x_wconf 86' lang='lat' dir='ltr'><strong>ad</strong></span> <span class='ocrx_word' id='word_1_31' title='bbox 461 315 665 344; x_wconf 84' lang='lat' dir='ltr'><strong>Mahometanos</strong></span> <span class='ocrx_word' id='word_1_32' title='bbox 682 317 778 350; x_wconf 87' lang='lat' dir='ltr'><strong>partim</strong></span> <span class='ocrx_word' id='word_1_33' title='bbox 798 317 835 349; x_wconf 85' lang='lat' dir='ltr'><strong>vi,</strong></span> <span class='ocrx_word' id='word_1_34' title='bbox 859 325 920 350; x_wconf 86' lang='lat' dir='ltr'><strong>par-</strong></span> 
     </span>
    </p>
   </div>
   <div class='ocr_carea' id='block_1_6' title="bbox 132 363 920 397">
    <p class='ocr_par' dir='ltr' id='par_1_6' title="bbox 132 363 920 397">
     <span class='ocr_line' id='line_1_6' title="bbox 132 363 920 397; baseline 0 -8"><span class='ocrx_word' id='word_1_35' title='bbox 132 363 178 389; x_wconf 86' lang='lat' dir='ltr'><strong>tim</strong></span> <span class='ocrx_word' id='word_1_36' title='bbox 196 368 292 397; x_wconf 86' lang='lat' dir='ltr'><strong>sponte</strong></span> <span class='ocrx_word' id='word_1_37' title='bbox 306 363 453 389; x_wconf 84' lang='lat' dir='ltr'><strong>deficerent</strong></span> <span class='ocrx_word' id='word_1_38' title='bbox 468 363 570 397; x_wconf 86' lang='lat' dir='ltr'><strong>populi,</strong></span> <span class='ocrx_word' id='word_1_39' title='bbox 591 364 653 390; x_wconf 92' lang='lat' dir='ltr'><strong>dum</strong></span> <span class='ocrx_word' id='word_1_40' title='bbox 675 363 836 391; x_wconf 69' lang='lat' dir='ltr'><strong>Christianzc</strong></span> <span class='ocrx_word' id='word_1_41' title='bbox 856 363 920 390; x_wconf 81' lang='lat' dir='ltr'><strong>reli-</strong></span> 
     </span>
    </p>
   </div>
   <div class='ocr_carea' id='block_1_7' title="bbox 130 409 919 444">
    <p class='ocr_par' dir='ltr' id='par_1_7' title="bbox 130 409 919 444">
     <span class='ocr_line' id='line_1_7' title="bbox 130 409 919 444; baseline 0.003 -9"><span class='ocrx_word' id='word_1_42' title='bbox 130 409 219 443; x_wconf 73' lang='lat' dir='ltr'><strong>gionis</strong></span> <span class='ocrx_word' id='word_1_43' title='bbox 244 409 380 443; x_wconf 84' lang='lat' dir='ltr'><strong>principes</strong></span> <span class='ocrx_word' id='word_1_44' title='bbox 397 410 461 443; x_wconf 85' lang='lat' dir='ltr'><strong>quid</strong></span> <span class='ocrx_word' id='word_1_45' title='bbox 476 410 648 444; x_wconf 87' lang='lat' dir='ltr'><strong>potissimum</strong></span> <span class='ocrx_word' id='word_1_46' title='bbox 670 414 778 437; x_wconf 82' lang='lat' dir='ltr'><strong>teneant</strong></span> <span class='ocrx_word' id='word_1_47' title='bbox 801 411 919 437; x_wconf 81' lang='lat' dir='ltr'><strong>incertos</strong></span> 
     </span>
    </p>
   </div>
   <div class='ocr_carea' id='block_1_8' title="bbox 129 454 917 488">
    <p class='ocr_par' dir='ltr' id='par_1_8' title="bbox 129 454 917 488">
     <span class='ocr_line' id='line_1_8' title="bbox 129 454 917 488; baseline 0 -8"><span class='ocrx_word' id='word_1_48' title='bbox 129 455 240 486; x_wconf 85' lang='lat' dir='ltr'><strong>vident;</strong></span> <span class='ocrx_word' id='word_1_49' title='bbox 255 454 319 481; x_wconf 90' lang='lat' dir='ltr'><strong>ltinc</strong></span> <span class='ocrx_word' id='word_1_50' title='bbox 333 456 461 483; x_wconf 80' lang='lat' dir='ltr'><strong>amissam</strong></span> <span class='ocrx_word' id='word_1_51' title='bbox 482 464 541 483; x_wconf 87' lang='lat' dir='ltr'><strong>esse</strong></span> <span class='ocrx_word' id='word_1_52' title='bbox 554 456 747 483; x_wconf 78' lang='lat' dir='ltr'><strong>Antiochenam</strong></span> <span class='ocrx_word' id='word_1_53' title='bbox 759 456 917 488; x_wconf 75' lang='lat' dir='ltr'><strong>Ecclesium,</strong></span> 
     </span>
    </p>
   </div>
   <div class='ocr_carea' id='block_1_9' title="bbox 131 500 920 536">
    <p class='ocr_par' dir='ltr' id='par_1_9' title="bbox 131 500 920 536">
     <span class='ocr_line' id='line_1_9' title="bbox 131 500 920 536; baseline 0.003 -10"><span class='ocrx_word' id='word_1_54' title='bbox 131 500 194 527; x_wconf 89' lang='lat' dir='ltr'><strong>hinc</strong></span> <span class='ocrx_word' id='word_1_55' title='bbox 217 501 500 536; x_wconf 85' lang='lat' dir='ltr'><strong>Hierosolymitanam,</strong></span> <span class='ocrx_word' id='word_1_56' title='bbox 526 504 588 529; x_wconf 88' lang='lat' dir='ltr'><strong>hinc</strong></span> <span class='ocrx_word' id='word_1_57' title='bbox 610 503 831 534; x_wconf 81' lang='lat' dir='ltr'><strong>Alexandrinam,</strong></span> <span class='ocrx_word' id='word_1_58' title='bbox 857 501 920 528; x_wconf 90' lang='lat' dir='ltr'><strong>hinc</strong></span> 
     </span>
    </p>
   </div>
   <div class='ocr_carea' id='block_1_10' title="bbox 131 546 919 580">
    <p class='ocr_par' dir='ltr' id='par_1_10' title="bbox 131 546 919 580">
     <span class='ocr_line' id='line_1_10' title="bbox 131 546 919 580; baseline 0.003 -8"><span class='ocrx_word' id='word_1_59' title='bbox 131 546 247 580; x_wconf 82' lang='lat' dir='ltr'><strong>denique</strong></span> <span class='ocrx_word' id='word_1_60' title='bbox 273 553 382 574; x_wconf 90' lang='lat' dir='ltr'><strong>omnem</strong></span> <span class='ocrx_word' id='word_1_61' title='bbox 410 547 497 575; x_wconf 88' lang='lat' dir='ltr'><strong>fertne</strong></span> <span class='ocrx_word' id='word_1_62' title='bbox 516 548 607 575; x_wconf 80' lang='lat' dir='ltr'><strong>Asiam</strong></span> <span class='ocrx_word' id='word_1_63' title='bbox 635 555 662 574; x_wconf 88' lang='lat' dir='ltr'><strong>ct</strong></span> <span class='ocrx_word' id='word_1_64' title='bbox 689 552 772 575; x_wconf 89' lang='lat' dir='ltr'><strong>totam</strong></span> <span class='ocrx_word' id='word_1_65' title='bbox 799 547 919 574; x_wconf 82' lang='lat' dir='ltr'><strong>Africam</strong></span> 
     </span>
    </p>
   </div>
   <div class='ocr_carea' id='block_1_11' title="bbox 130 593 919 630">
    <p class='ocr_par' dir='ltr' id='par_1_11' title="bbox 130 593 919 630">
     <span class='ocr_line' id='line_1_11' title="bbox 130 593 919 630; baseline 0.004 -12"><span class='ocrx_word' id='word_1_66' title='bbox 130 593 200 619; x_wconf 92' lang='lat' dir='ltr'><strong>hanc</strong></span> <span class='ocrx_word' id='word_1_67' title='bbox 212 599 313 627; x_wconf 80' lang='lat' dir='ltr'><strong>pestem</strong></span> <span class='ocrx_word' id='word_1_68' title='bbox 323 601 481 629; x_wconf 80' lang='lat' dir='ltr'><strong>occupasse,</strong></span> <span class='ocrx_word' id='word_1_69' title='bbox 492 600 518 622; x_wconf 87' lang='lat' dir='ltr'><strong>et</strong></span> <span class='ocrx_word' id='word_1_70' title='bbox 529 595 599 630; x_wconf 88' lang='lat' dir='ltr'><strong>qttod</strong></span> <span class='ocrx_word' id='word_1_71' title='bbox 617 596 725 630; x_wconf 79' lang='lat' dir='ltr'><strong>gravius</strong></span> <span class='ocrx_word' id='word_1_72' title='bbox 740 600 790 627; x_wconf 88' lang='lat' dir='ltr'><strong>est,</strong></span> <span class='ocrx_word' id='word_1_73' title='bbox 806 595 919 629; x_wconf 77' lang='lat' dir='ltr'><strong>Europte</strong></span> 
     </span>
    </p>
   </div>
   <div class='ocr_carea' id='block_1_12' title="bbox 130 639 921 676">
    <p class='ocr_par' dir='ltr' id='par_1_12' title="bbox 130 639 921 676">
     <span class='ocr_line' id='line_1_12' title="bbox 130 639 921 676; baseline 0.003 -12"><span class='ocrx_word' id='word_1_74' title='bbox 130 639 262 673; x_wconf 85' lang='lat' dir='ltr'><strong>quasdam</strong></span> <span class='ocrx_word' id='word_1_75' title='bbox 280 646 372 674; x_wconf 85' lang='lat' dir='ltr'><strong>partes</strong></span> <span class='ocrx_word' id='word_1_76' title='bbox 385 641 497 676; x_wconf 85' lang='lat' dir='ltr'><strong>jamjatn</strong></span> <span class='ocrx_word' id='word_1_77' title='bbox 515 641 639 669; x_wconf 87' lang='lat' dir='ltr'><strong>infecisse</strong></span> <span class='ocrx_word' id='word_1_78' title='bbox 659 649 690 668; x_wconf 90' lang='lat' dir='ltr'><strong>ac</strong></span> <span class='ocrx_word' id='word_1_79' title='bbox 706 641 812 675; x_wconf 79' lang='lat' dir='ltr'><strong>longius</strong></span> <span class='ocrx_word' id='word_1_80' title='bbox 824 648 921 674; x_wconf 72' lang='lat' dir='ltr'><strong>evaga-</strong></span> 
     </span>
    </p>
   </div>
   <div class='ocr_carea' id='block_1_13' title="bbox 131 687 920 722">
    <p class='ocr_par' dir='ltr' id='par_1_13' title="bbox 131 687 920 722">
     <span class='ocr_line' id='line_1_13' title="bbox 131 687 920 722; baseline 0.003 -11"><span class='ocrx_word' id='word_1_81' title='bbox 131 689 219 712; x_wconf 87' lang='lat' dir='ltr'><strong>turam</strong></span> <span class='ocrx_word' id='word_1_82' title='bbox 235 687 271 719; x_wconf 88' lang='lat' dir='ltr'><strong>t.i,</strong></span> <span class='ocrx_word' id='word_1_83' title='bbox 288 694 402 722; x_wconf 75' lang='lat' dir='ltr'><strong>propere</strong></span> <span class='ocrx_word' id='word_1_84' title='bbox 423 688 538 714; x_wconf 82' lang='lat' dir='ltr'><strong>sublatis</strong></span> <span class='ocrx_word' id='word_1_85' title='bbox 554 693 608 715; x_wconf 89' lang='lat' dir='ltr'><strong>tam</strong></span> <span class='ocrx_word' id='word_1_86' title='bbox 635 687 797 722; x_wconf 80' lang='lat' dir='ltr'><strong>perniciosis</strong></span> <span class='ocrx_word' id='word_1_87' title='bbox 813 692 920 714; x_wconf 89' lang='lat' dir='ltr'><strong>contro-</strong></span> 
     </span>
    </p>
   </div>
   <div class='ocr_carea' id='block_1_14' title="bbox 130 733 919 768">
    <p class='ocr_par' dir='ltr' id='par_1_14' title="bbox 130 733 919 768">
     <span class='ocr_line' id='line_1_14' title="bbox 130 733 919 768; baseline 0.003 -10"><span class='ocrx_word' id='word_1_88' title='bbox 130 733 229 759; x_wconf 84' lang='lat' dir='ltr'><strong>versiis</strong></span> <span class='ocrx_word' id='word_1_89' title='bbox 261 740 293 759; x_wconf 80' lang='lat' dir='ltr'><strong>ac</strong></span> <span class='ocrx_word' id='word_1_90' title='bbox 322 733 406 767; x_wconf 84' lang='lat' dir='ltr'><strong>pulsis</strong></span> <span class='ocrx_word' id='word_1_91' title='bbox 433 733 596 761; x_wconf 60' lang='lat' dir='ltr'><strong>Christiana</strong></span> <span class='ocrx_word' id='word_1_92' title='bbox 613 733 767 768; x_wconf 74' lang='lat' dir='ltr'><strong>reipublicm</strong></span> <span class='ocrx_word' id='word_1_93' title='bbox 784 733 919 764; x_wconf 86' lang='lat' dir='ltr'><strong>hostibus,</strong></span> 
     </span>
    </p>
   </div>
   <div class='ocr_carea' id='block_1_15' title="bbox 130 776 920 812">
    <p class='ocr_par' dir='ltr' id='par_1_15' title="bbox 130 776 920 812">
     <span class='ocr_line' id='line_1_15' title="bbox 130 776 920 812; baseline 0.005 -12"><span class='ocrx_word' id='word_1_94' title='bbox 130 776 156 800; x_wconf 92' lang='lat' dir='ltr'><strong>in</strong></span> <span class='ocrx_word' id='word_1_95' title='bbox 173 776 372 809; x_wconf 76' lang='lat' dir='ltr'><strong>possessionem</strong></span> <span class='ocrx_word' id='word_1_96' title='bbox 395 783 526 811; x_wconf 78' lang='lat' dir='ltr'><strong>veterem,</strong></span> <span class='ocrx_word' id='word_1_97' title='bbox 553 778 656 810; x_wconf 85' lang='lat' dir='ltr'><strong>labore,</strong></span> <span class='ocrx_word' id='word_1_98' title='bbox 675 778 772 812; x_wconf 77' lang='lat' dir='ltr'><strong>vigiliis</strong></span> <span class='ocrx_word' id='word_1_99' title='bbox 799 785 830 804; x_wconf 91' lang='lat' dir='ltr'><strong>ac</strong></span> <span class='ocrx_word' id='word_1_100' title='bbox 857 786 920 805; x_wconf 83' lang='lat' dir='ltr'><strong>san-</strong></span> 
     </span>
    </p>
   </div>
   <div class='ocr_carea' id='block_1_16' title="bbox 129 821 920 858">
    <p class='ocr_par' dir='ltr' id='par_1_16' title="bbox 129 821 920 858">
     <span class='ocr_line' id='line_1_16' title="bbox 129 821 920 858; baseline 0.005 -12"><span class='ocrx_word' id='word_1_101' title='bbox 129 821 210 854; x_wconf 74' lang='lat' dir='ltr'><strong>guine</strong></span> <span class='ocrx_word' id='word_1_102' title='bbox 226 827 374 857; x_wconf 78' lang='lat' dir='ltr'><strong>martyrum</strong></span> <span class='ocrx_word' id='word_1_103' title='bbox 400 828 596 858; x_wconf 87' lang='lat' dir='ltr'><strong>comparatam,</strong></span> <span class='ocrx_word' id='word_1_104' title='bbox 622 824 718 850; x_wconf 82' lang='lat' dir='ltr'><strong>annali</strong></span> <span class='ocrx_word' id='word_1_105' title='bbox 745 830 807 850; x_wconf 90' lang='lat' dir='ltr'><strong>cum</strong></span> <span class='ocrx_word' id='word_1_106' title='bbox 823 823 920 850; x_wconf 84' lang='lat' dir='ltr'><strong>vexillo</strong></span> 
     </span>
    </p>
   </div>
   <div class='ocr_carea' id='block_1_17' title="bbox 129 866 420 902">
    <p class='ocr_par' dir='ltr' id='par_1_17' title="bbox 129 866 420 902">
     <span class='ocr_line' id='line_1_17' title="bbox 129 866 420 902; baseline 0.01 -9"><span class='ocrx_word' id='word_1_107' title='bbox 129 867 220 894; x_wconf 85' lang='lat' dir='ltr'><strong>crucis</strong></span> <span class='ocrx_word' id='word_1_108' title='bbox 236 866 420 902; x_wconf 79' lang='lat' dir='ltr'><strong>pervenerim.</strong></span> 
     </span>
    </p>
   </div>
   <div class='ocr_carea' id='block_1_18' title="bbox 166 914 918 947">
    <p class='ocr_par' dir='ltr' id='par_1_18' title="bbox 166 914 918 947">
     <span class='ocr_line' id='line_1_18' title="bbox 166 914 918 947; baseline 0.003 -7"><span class='ocrx_word' id='word_1_109' title='bbox 166 914 303 941; x_wconf 80' lang='lat' dir='ltr'><strong>Pertnovit</strong></span> <span class='ocrx_word' id='word_1_110' title='bbox 319 916 385 942; x_wconf 89' lang='lat' dir='ltr'><strong>tanti</strong></span> <span class='ocrx_word' id='word_1_111' title='bbox 407 916 458 943; x_wconf 88' lang='lat' dir='ltr'><strong>viri</strong></span> <span class='ocrx_word' id='word_1_112' title='bbox 484 916 634 944; x_wconf 88' lang='lat' dir='ltr'><strong>auctoritas</strong></span> <span class='ocrx_word' id='word_1_113' title='bbox 659 920 744 944; x_wconf 89' lang='lat' dir='ltr'><strong>totum</strong></span> <span class='ocrx_word' id='word_1_114' title='bbox 761 915 918 947; x_wconf 86' lang='lat' dir='ltr'><strong>concilium,</strong></span> 
     </span>
    </p>
   </div>
   <div class='ocr_carea' id='block_1_19' title="bbox 131 961 921 997">
    <p class='ocr_par' dir='ltr' id='par_1_19' title="bbox 131 961 921 997">
     <span class='ocr_line' id='line_1_19' title="bbox 131 961 921 997; baseline 0 -10"><span class='ocrx_word' id='word_1_115' title='bbox 131 962 266 994; x_wconf 76' lang='lat' dir='ltr'><strong>permovit</strong></span> <span class='ocrx_word' id='word_1_116' title='bbox 291 961 429 996; x_wconf 76' lang='lat' dir='ltr'><strong>religionis</strong></span> <span class='ocrx_word' id='word_1_117' title='bbox 458 962 647 990; x_wconf 78' lang='lat' dir='ltr'><strong>honestissima</strong></span> <span class='ocrx_word' id='word_1_118' title='bbox 673 970 770 995; x_wconf 85' lang='lat' dir='ltr'><strong>causa,</strong></span> <span class='ocrx_word' id='word_1_119' title='bbox 786 962 921 997; x_wconf 84' lang='lat' dir='ltr'><strong>permovit</strong></span> 
     </span>
    </p>
   </div>
   <div class='ocr_carea' id='block_1_20' title="bbox 130 1008 919 1044">
    <p class='ocr_par' dir='ltr' id='par_1_20' title="bbox 130 1008 919 1044">
     <span class='ocr_line' id='line_1_20' title="bbox 130 1008 919 1044; baseline 0.003 -11"><span class='ocrx_word' id='word_1_120' title='bbox 130 1009 212 1035; x_wconf 74' lang='lat' dir='ltr'><strong>etiam</strong></span> <span class='ocrx_word' id='word_1_121' title='bbox 242 1008 388 1036; x_wconf 87' lang='lat' dir='ltr'><strong>innninens</strong></span> <span class='ocrx_word' id='word_1_122' title='bbox 421 1009 573 1036; x_wconf 74' lang='lat' dir='ltr'><strong>cervicibus</strong></span> <span class='ocrx_word' id='word_1_123' title='bbox 604 1009 724 1036; x_wconf 90' lang='lat' dir='ltr'><strong>omnium</strong></span> <span class='ocrx_word' id='word_1_124' title='bbox 760 1009 919 1044; x_wconf 88' lang='lat' dir='ltr'><strong>periculum.</strong></span> 
     </span>
    </p>
   </div>
   <div class='ocr_carea' id='block_1_21' title="bbox 132 1054 921 1090">
    <p class='ocr_par' dir='ltr' id='par_1_21' title="bbox 132 1054 921 1090">
     <span class='ocr_line' id='line_1_21' title="bbox 132 1054 921 1090; baseline 0.003 -10"><span class='ocrx_word' id='word_1_125' title='bbox 132 1055 266 1090; x_wconf 71' lang='lat' dir='ltr'><strong>Disputari</strong></span> <span class='ocrx_word' id='word_1_126' title='bbox 298 1060 353 1081; x_wconf 87' lang='lat' dir='ltr'><strong>tuttt</strong></span> <span class='ocrx_word' id='word_1_127' title='bbox 394 1054 493 1082; x_wconf 86' lang='lat' dir='ltr'><strong>acriter</strong></span> <span class='ocrx_word' id='word_1_128' title='bbox 521 1055 591 1082; x_wconf 90' lang='lat' dir='ltr'><strong>inter</strong></span> <span class='ocrx_word' id='word_1_129' title='bbox 621 1055 761 1089; x_wconf 84' lang='lat' dir='ltr'><strong>utriusque</strong></span> <span class='ocrx_word' id='word_1_130' title='bbox 792 1055 921 1083; x_wconf 77' lang='lat' dir='ltr'><strong>ECclesite</strong></span> 
     </span>
    </p>
   </div>
   <div class='ocr_carea' id='block_1_22' title="bbox 132 1101 921 1136">
    <p class='ocr_par' dir='ltr' id='par_1_22' title="bbox 132 1101 921 1136">
     <span class='ocr_line' id='line_1_22' title="bbox 132 1101 921 1136; baseline 0.003 -8"><span class='ocrx_word' id='word_1_131' title='bbox 132 1102 271 1136; x_wconf 71' lang='lat' dir='ltr'><strong>theologos</strong></span> <span class='ocrx_word' id='word_1_132' title='bbox 279 1106 320 1128; x_wconf 87' lang='lat' dir='ltr'><strong>est</strong></span> <span class='ocrx_word' id='word_1_133' title='bbox 329 1106 458 1134; x_wconf 73' lang='lat' dir='ltr'><strong>emptum.</strong></span> <span class='ocrx_word' id='word_1_134' title='bbox 468 1102 668 1128; x_wconf 80' lang='lat' dir='ltr'><strong>Assevcrabant</strong></span> <span class='ocrx_word' id='word_1_135' title='bbox 684 1101 783 1135; x_wconf 61' lang='lat' dir='ltr'><strong>Gra&#39;t-i,</strong></span> <span class='ocrx_word' id='word_1_136' title='bbox 795 1103 921 1136; x_wconf 85' lang='lat' dir='ltr'><strong>episcopo</strong></span> 
     </span>
    </p>
   </div>
   <div class='ocr_carea' id='block_1_23' title="bbox 132 1147 919 1184">
    <p class='ocr_par' dir='ltr' id='par_1_23' title="bbox 132 1147 919 1184">
     <span class='ocr_line' id='line_1_23' title="bbox 132 1147 919 1184; baseline 0.003 -11"><span class='ocrx_word' id='word_1_137' title='bbox 132 1147 277 1181; x_wconf 76' lang='lat' dir='ltr'><strong>Ephesium,</strong></span> <span class='ocrx_word' id='word_1_138' title='bbox 297 1147 409 1174; x_wconf 75' lang='lat' dir='ltr'><strong>Platone</strong></span> <span class='ocrx_word' id='word_1_139' title='bbox 428 1147 575 1183; x_wconf 68' lang='lat' dir='ltr'><strong>(Plat/torte)</strong></span> <span class='ocrx_word' id='word_1_140' title='bbox 603 1147 755 1180; x_wconf 85' lang='lat' dir='ltr'><strong>Scholario,</strong></span> <span class='ocrx_word' id='word_1_141' title='bbox 780 1149 919 1184; x_wconf 87' lang='lat' dir='ltr'><strong>Dionysio,</strong></span> 
     </span>
    </p>
   </div>
   <div class='ocr_carea' id='block_1_24' title="bbox 130 1192 920 1229">
    <p class='ocr_par' dir='ltr' id='par_1_24' title="bbox 130 1192 920 1229">
     <span class='ocr_line' id='line_1_24' title="bbox 130 1192 920 1229; baseline 0.004 -10"><span class='ocrx_word' id='word_1_142' title='bbox 130 1194 254 1227; x_wconf 61' lang='lat' dir='ltr'><strong>episcopo</strong></span> <span class='ocrx_word' id='word_1_143' title='bbox 269 1192 410 1225; x_wconf 79' lang='lat' dir='ltr'><strong>Sardensi,</strong></span> <span class='ocrx_word' id='word_1_144' title='bbox 420 1194 587 1227; x_wconf 74' lang='lat' dir='ltr'><strong>gravissimis</strong></span> <span class='ocrx_word' id='word_1_145' title='bbox 602 1195 769 1225; x_wconf 80' lang='lat' dir='ltr'><strong>auctoribus,</strong></span> <span class='ocrx_word' id='word_1_146' title='bbox 787 1195 920 1229; x_wconf 88' lang='lat' dir='ltr'><strong>Spiritum</strong></span> 
     </span>
    </p>
   </div>
   <div class='ocr_carea' id='block_1_25' title="bbox 130 1239 921 1274">
    <p class='ocr_par' dir='ltr' id='par_1_25' title="bbox 130 1239 921 1274">
     <span class='ocr_line' id='line_1_25' title="bbox 130 1239 921 1274; baseline 0.003 -9"><span class='ocrx_word' id='word_1_147' title='bbox 130 1244 254 1266; x_wconf 70' lang='lat' dir='ltr'><strong>Sanctum</strong></span> <span class='ocrx_word' id='word_1_148' title='bbox 272 1246 286 1265; x_wconf 90' lang='lat' dir='ltr'><strong>a</strong></span> <span class='ocrx_word' id='word_1_149' title='bbox 298 1239 377 1266; x_wconf 88' lang='lat' dir='ltr'><strong>Patre</strong></span> <span class='ocrx_word' id='word_1_150' title='bbox 392 1244 494 1267; x_wconf 84' lang='lat' dir='ltr'><strong>tantum</strong></span> <span class='ocrx_word' id='word_1_151' title='bbox 513 1240 683 1274; x_wconf 66' lang='lat' dir='ltr'><strong>procrdet‘e;</strong></span> <span class='ocrx_word' id='word_1_152' title='bbox 707 1241 843 1267; x_wconf 87' lang='lat' dir='ltr'><strong>instabant</strong></span> <span class='ocrx_word' id='word_1_153' title='bbox 856 1249 921 1268; x_wconf 81' lang='lat' dir='ltr'><strong>con-</strong></span> 
     </span>
    </p>
   </div>
   <div class='ocr_carea' id='block_1_26' title="bbox 131 1285 921 1321">
    <p class='ocr_par' dir='ltr' id='par_1_26' title="bbox 131 1285 921 1321">
     <span class='ocr_line' id='line_1_26' title="bbox 131 1285 921 1321; baseline 0.004 -10"><span class='ocrx_word' id='word_1_154' title='bbox 131 1291 171 1312; x_wconf 92' lang='lat' dir='ltr'><strong>tra</strong></span> <span class='ocrx_word' id='word_1_155' title='bbox 193 1285 279 1312; x_wconf 80' lang='lat' dir='ltr'><strong>Lat&#39;ni</strong></span> <span class='ocrx_word' id='word_1_156' title='bbox 301 1293 314 1311; x_wconf 88' lang='lat' dir='ltr'><strong>a</strong></span> <span class='ocrx_word' id='word_1_157' title='bbox 337 1285 404 1313; x_wconf 81' lang='lat' dir='ltr'><strong>Filio</strong></span> <span class='ocrx_word' id='word_1_158' title='bbox 433 1294 540 1321; x_wconf 80' lang='lat' dir='ltr'><strong>qucque</strong></span> <span class='ocrx_word' id='word_1_159' title='bbox 568 1286 640 1314; x_wconf 88' lang='lat' dir='ltr'><strong>idctn</strong></span> <span class='ocrx_word' id='word_1_160' title='bbox 662 1287 730 1320; x_wconf 78' lang='lat' dir='ltr'><strong>lferi,</strong></span> <span class='ocrx_word' id='word_1_161' title='bbox 761 1288 921 1315; x_wconf 85' lang='lat' dir='ltr'><strong>auctoritate</strong></span> 
     </span>
    </p>
   </div>
   <div class='ocr_carea' id='block_1_27' title="bbox 131 1332 920 1369">
    <p class='ocr_par' dir='ltr' id='par_1_27' title="bbox 131 1332 920 1369">
     <span class='ocr_line' id='line_1_27' title="bbox 131 1332 920 1369; baseline 0.005 -12"><span class='ocrx_word' id='word_1_162' title='bbox 131 1337 251 1359; x_wconf 79' lang='lat' dir='ltr'><strong>veterum</strong></span> <span class='ocrx_word' id='word_1_163' title='bbox 284 1332 483 1366; x_wconf 72' lang='lat' dir='ltr'><strong>theologorum,</strong></span> <span class='ocrx_word' id='word_1_164' title='bbox 513 1333 630 1360; x_wconf 80' lang='lat' dir='ltr'><strong>maxime</strong></span> <span class='ocrx_word' id='word_1_165' title='bbox 661 1342 725 1361; x_wconf 91' lang='lat' dir='ltr'><strong>vero</strong></span> <span class='ocrx_word' id='word_1_166' title='bbox 750 1334 920 1369; x_wconf 80' lang='lat' dir='ltr'><strong>Hieronymi,</strong></span> 
     </span>
    </p>
   </div>
   <div class='ocr_carea' id='block_1_28' title="bbox 129 1378 919 1415">
    <p class='ocr_par' dir='ltr' id='par_1_28' title="bbox 129 1378 919 1415">
     <span class='ocr_line' id='line_1_28' title="bbox 129 1378 919 1415; baseline 0.005 -11"><span class='ocrx_word' id='word_1_167' title='bbox 129 1378 274 1413; x_wconf 76' lang='lat' dir='ltr'><strong>Augustini</strong></span> <span class='ocrx_word' id='word_1_168' title='bbox 290 1383 317 1406; x_wconf 88' lang='lat' dir='ltr'><strong>et</strong></span> <span class='ocrx_word' id='word_1_169' title='bbox 331 1379 472 1406; x_wconf 79' lang='lat' dir='ltr'><strong>Athanasii</strong></span> <span class='ocrx_word' id='word_1_170' title='bbox 491 1380 515 1406; x_wconf 88' lang='lat' dir='ltr'><strong>id</strong></span> <span class='ocrx_word' id='word_1_171' title='bbox 532 1381 752 1415; x_wconf 76' lang='lat' dir='ltr'><strong>comprol-antes.</strong></span> <span class='ocrx_word' id='word_1_172' title='bbox 774 1381 813 1408; x_wconf 79' lang='lat' dir='ltr'><strong>Re</strong></span> <span class='ocrx_word' id='word_1_173' title='bbox 829 1386 919 1409; x_wconf 86' lang='lat' dir='ltr'><strong>autent</strong></span> 
     </span>
    </p>
   </div>
   <div class='ocr_carea' id='block_1_29' title="bbox 129 1425 920 1462">
    <p class='ocr_par' dir='ltr' id='par_1_29' title="bbox 129 1425 920 1462">
     <span class='ocr_line' id='line_1_29' title="bbox 129 1425 920 1462; baseline 0.005 -12"><span class='ocrx_word' id='word_1_174' title='bbox 129 1425 188 1459; x_wconf 87' lang='lat' dir='ltr'><strong>ipsa</strong></span> <span class='ocrx_word' id='word_1_175' title='bbox 199 1425 289 1451; x_wconf 76' lang='lat' dir='ltr'><strong>adhuc</strong></span> <span class='ocrx_word' id='word_1_176' title='bbox 305 1425 450 1459; x_wconf 87' lang='lat' dir='ltr'><strong>pendente,</strong></span> <span class='ocrx_word' id='word_1_177' title='bbox 467 1426 633 1453; x_wconf 84' lang='lat' dir='ltr'><strong>Florentiatn</strong></span> <span class='ocrx_word' id='word_1_178' title='bbox 648 1427 782 1461; x_wconf 84' lang='lat' dir='ltr'><strong>proficisci</strong></span> <span class='ocrx_word' id='word_1_179' title='bbox 799 1427 920 1462; x_wconf 92' lang='lat' dir='ltr'><strong>pontifici</strong></span> 
     </span>
    </p>
   </div>
   <div class='ocr_carea' id='block_1_30' title="bbox 130 1471 921 1509">
    <p class='ocr_par' dir='ltr' id='par_1_30' title="bbox 130 1471 921 1509">
     <span class='ocr_line' id='line_1_30' title="bbox 130 1471 921 1509; baseline 0.004 -11"><span class='ocrx_word' id='word_1_180' title='bbox 130 1475 157 1498; x_wconf 76' lang='lat' dir='ltr'><strong>et</strong></span> <span class='ocrx_word' id='word_1_181' title='bbox 169 1472 250 1498; x_wconf 71' lang='lat' dir='ltr'><strong>curia:</strong></span> <span class='ocrx_word' id='word_1_182' title='bbox 261 1472 345 1498; x_wconf 76' lang='lat' dir='ltr'><strong>visum</strong></span> <span class='ocrx_word' id='word_1_183' title='bbox 358 1478 409 1499; x_wconf 90' lang='lat' dir='ltr'><strong>est.</strong></span> <span class='ocrx_word' id='word_1_184' title='bbox 420 1471 471 1504; x_wconf 90' lang='lat' dir='ltr'><strong>Ibi,</strong></span> <span class='ocrx_word' id='word_1_185' title='bbox 481 1480 540 1499; x_wconf 89' lang='lat' dir='ltr'><strong>cum</strong></span> <span class='ocrx_word' id='word_1_186' title='bbox 550 1473 583 1500; x_wconf 86' lang='lat' dir='ltr'><strong>de</strong></span> <span class='ocrx_word' id='word_1_187' title='bbox 597 1481 626 1500; x_wconf 87' lang='lat' dir='ltr'><strong>re</strong></span> <span class='ocrx_word' id='word_1_188' title='bbox 638 1474 763 1508; x_wconf 80' lang='lat' dir='ltr'><strong>ambigua</strong></span> <span class='ocrx_word' id='word_1_189' title='bbox 775 1474 921 1509; x_wconf 89' lang='lat' dir='ltr'><strong>aliquando</strong></span> 
     </span>
    </p>
   </div>
   <div class='ocr_carea' id='block_1_31' title="bbox 130 1519 921 1552">
    <p class='ocr_par' dir='ltr' id='par_1_31' title="bbox 130 1519 921 1552">
     <span class='ocr_line' id='line_1_31' title="bbox 130 1519 921 1552; baseline 0.003 -7"><span class='ocrx_word' id='word_1_190' title='bbox 130 1519 308 1552; x_wconf 83' lang='lat' dir='ltr'><strong>disceptatum</strong></span> <span class='ocrx_word' id='word_1_191' title='bbox 336 1522 421 1549; x_wconf 84' lang='lat' dir='ltr'><strong>esset,</strong></span> <span class='ocrx_word' id='word_1_192' title='bbox 449 1525 547 1545; x_wconf 85' lang='lat' dir='ltr'><strong>venere</strong></span> <span class='ocrx_word' id='word_1_193' title='bbox 567 1519 672 1546; x_wconf 80' lang='lat' dir='ltr'><strong>tandem</strong></span> <span class='ocrx_word' id='word_1_194' title='bbox 698 1519 796 1551; x_wconf 62' lang='lat' dir='ltr'><strong>Graeci,</strong></span> <span class='ocrx_word' id='word_1_195' title='bbox 816 1521 921 1547; x_wconf 86' lang='lat' dir='ltr'><strong>ratione</strong></span> 
     </span>
    </p>
   </div>
   <div class='ocr_carea' id='block_1_32' title="bbox 128 1564 921 1597">
    <p class='ocr_par' dir='ltr' id='par_1_32' title="bbox 128 1564 921 1597">
     <span class='ocr_line' id='line_1_32' title="bbox 128 1564 921 1597; baseline 0.001 -5"><span class='ocrx_word' id='word_1_196' title='bbox 128 1572 161 1592; x_wconf 84' lang='lat' dir='ltr'><strong>ac</strong></span> <span class='ocrx_word' id='word_1_197' title='bbox 179 1564 348 1591; x_wconf 86' lang='lat' dir='ltr'><strong>Bcssarionis</strong></span> <span class='ocrx_word' id='word_1_198' title='bbox 361 1564 521 1591; x_wconf 89' lang='lat' dir='ltr'><strong>attctoritate</strong></span> <span class='ocrx_word' id='word_1_199' title='bbox 534 1565 610 1597; x_wconf 90' lang='lat' dir='ltr'><strong>moli,</strong></span> <span class='ocrx_word' id='word_1_200' title='bbox 630 1565 654 1591; x_wconf 95' lang='lat' dir='ltr'><strong>in</strong></span> <span class='ocrx_word' id='word_1_201' title='bbox 670 1567 831 1593; x_wconf 83' lang='lat' dir='ltr'><strong>sententiam</strong></span> <span class='ocrx_word' id='word_1_202' title='bbox 847 1565 921 1593; x_wconf 90' lang='lat' dir='ltr'><strong>Lati-</strong></span> 
     </span>
    </p>
   </div>
   <div class='ocr_carea' id='block_1_33' title="bbox 131 1610 921 1647">
    <p class='ocr_par' dir='ltr' id='par_1_33' title="bbox 131 1610 921 1647">
     <span class='ocr_line' id='line_1_33' title="bbox 131 1610 921 1647; baseline 0.004 -10"><span class='ocrx_word' id='word_1_203' title='bbox 131 1620 239 1638; x_wconf 78' lang='lat' dir='ltr'><strong>norunt.</strong></span> <span class='ocrx_word' id='word_1_204' title='bbox 257 1611 281 1638; x_wconf 86' lang='lat' dir='ltr'><strong>ls</strong></span> <span class='ocrx_word' id='word_1_205' title='bbox 306 1611 391 1644; x_wconf 89' lang='lat' dir='ltr'><strong>enitn,</strong></span> <span class='ocrx_word' id='word_1_206' title='bbox 423 1610 475 1638; x_wconf 83' lang='lat' dir='ltr'><strong>etsi</strong></span> <span class='ocrx_word' id='word_1_207' title='bbox 501 1612 600 1638; x_wconf 85' lang='lat' dir='ltr'><strong>acriter</strong></span> <span class='ocrx_word' id='word_1_208' title='bbox 616 1619 681 1639; x_wconf 84' lang='lat' dir='ltr'><strong>suos</strong></span> <span class='ocrx_word' id='word_1_209' title='bbox 703 1612 792 1647; x_wconf 87' lang='lat' dir='ltr'><strong>primo</strong></span> <span class='ocrx_word' id='word_1_210' title='bbox 819 1618 921 1640; x_wconf 84' lang='lat' dir='ltr'><strong>tutatus</strong></span> 
     </span>
    </p>
   </div>
   <div class='ocr_carea' id='block_1_34' title="bbox 129 1658 919 1690">
    <p class='ocr_par' dir='ltr' id='par_1_34' title="bbox 129 1658 919 1690">
     <span class='ocr_line' id='line_1_34' title="bbox 129 1658 919 1690; baseline 0.001 -5"><span class='ocrx_word' id='word_1_211' title='bbox 129 1664 182 1690; x_wconf 84' lang='lat' dir='ltr'><strong>est,</strong></span> <span class='ocrx_word' id='word_1_212' title='bbox 211 1659 318 1686; x_wconf 82' lang='lat' dir='ltr'><strong>tandem</strong></span> <span class='ocrx_word' id='word_1_213' title='bbox 346 1660 461 1686; x_wconf 88' lang='lat' dir='ltr'><strong>veritate</strong></span> <span class='ocrx_word' id='word_1_214' title='bbox 489 1658 663 1686; x_wconf 88' lang='lat' dir='ltr'><strong>illucescente</strong></span> <span class='ocrx_word' id='word_1_215' title='bbox 689 1660 714 1686; x_wconf 94' lang='lat' dir='ltr'><strong>in</strong></span> <span class='ocrx_word' id='word_1_216' title='bbox 739 1661 919 1688; x_wconf 77' lang='lat' dir='ltr'><strong>orthodoxam</strong></span> 
     </span>
    </p>
   </div>
   <div class='ocr_carea' id='block_1_35' title="bbox 129 1704 920 1738">
    <p class='ocr_par' dir='ltr' id='par_1_35' title="bbox 129 1704 920 1738">
     <span class='ocr_line' id='line_1_35' title="bbox 129 1704 920 1738; baseline 0.003 -7"><span class='ocrx_word' id='word_1_217' title='bbox 129 1704 258 1732; x_wconf 74' lang='lat' dir='ltr'><strong>Ecclesiae</strong></span> <span class='ocrx_word' id='word_1_218' title='bbox 272 1705 402 1731; x_wconf 67' lang='lat' dir='ltr'><strong>Humana:</strong></span> <span class='ocrx_word' id='word_1_219' title='bbox 417 1705 579 1732; x_wconf 86' lang='lat' dir='ltr'><strong>sententiam</strong></span> <span class='ocrx_word' id='word_1_220' title='bbox 600 1713 651 1732; x_wconf 90' lang='lat' dir='ltr'><strong>non</strong></span> <span class='ocrx_word' id='word_1_221' title='bbox 669 1706 756 1732; x_wconf 87' lang='lat' dir='ltr'><strong>soluttt</strong></span> <span class='ocrx_word' id='word_1_222' title='bbox 770 1706 920 1738; x_wconf 66' lang='lat' dir='ltr'><strong>desvcmlit,</strong></span> 
     </span>
    </p>
   </div>
   <div class='ocr_carea' id='block_1_36' title="bbox 129 1752 919 1780">
    <p class='ocr_par' dir='ltr' id='par_1_36' title="bbox 129 1752 919 1780">
     <span class='ocr_line' id='line_1_36' title="bbox 129 1752 919 1780; baseline 0.003 -3"><span class='ocrx_word' id='word_1_223' title='bbox 129 1759 223 1778; x_wconf 85' lang='lat' dir='ltr'><strong>verum</strong></span> <span class='ocrx_word' id='word_1_224' title='bbox 254 1752 334 1778; x_wconf 86' lang='lat' dir='ltr'><strong>etiam</strong></span> <span class='ocrx_word' id='word_1_225' title='bbox 362 1759 427 1779; x_wconf 89' lang='lat' dir='ltr'><strong>suos</strong></span> <span class='ocrx_word' id='word_1_226' title='bbox 445 1756 473 1778; x_wconf 89' lang='lat' dir='ltr'><strong>ttt</strong></span> <span class='ocrx_word' id='word_1_227' title='bbox 498 1752 569 1778; x_wconf 82' lang='lat' dir='ltr'><strong>idern</strong></span> <span class='ocrx_word' id='word_1_228' title='bbox 599 1752 720 1779; x_wconf 89' lang='lat' dir='ltr'><strong>facerent</strong></span> <span class='ocrx_word' id='word_1_229' title='bbox 740 1753 773 1778; x_wconf 90' lang='lat' dir='ltr'><strong>ad</strong></span> <span class='ocrx_word' id='word_1_230' title='bbox 804 1753 919 1780; x_wconf 78' lang='lat' dir='ltr'><strong>salutent</strong></span> 
     </span>
    </p>
   </div>
   <div class='ocr_carea' id='block_1_37' title="bbox 130 1798 920 1832">
    <p class='ocr_par' dir='ltr' id='par_1_37' title="bbox 130 1798 920 1832">
     <span class='ocr_line' id='line_1_37' title="bbox 130 1798 920 1832; baseline 0.003 -8"><span class='ocrx_word' id='word_1_231' title='bbox 130 1798 360 1831; x_wconf 83' lang='lat' dir='ltr'><strong>disputationibus</strong></span> <span class='ocrx_word' id='word_1_232' title='bbox 388 1802 414 1824; x_wconf 87' lang='lat' dir='ltr'><strong>et</strong></span> <span class='ocrx_word' id='word_1_233' title='bbox 443 1799 517 1832; x_wconf 78' lang='lat' dir='ltr'><strong>gravi</strong></span> <span class='ocrx_word' id='word_1_234' title='bbox 545 1799 667 1825; x_wconf 87' lang='lat' dir='ltr'><strong>oratione</strong></span> <span class='ocrx_word' id='word_1_235' title='bbox 693 1799 854 1826; x_wconf 86' lang='lat' dir='ltr'><strong>adhortatus</strong></span> <span class='ocrx_word' id='word_1_236' title='bbox 868 1804 920 1827; x_wconf 81' lang='lat' dir='ltr'><strong>est.</strong></span> 
     </span>
    </p>
   </div>
   <div class='ocr_carea' id='block_1_38' title="bbox 129 1843 921 1878">
    <p class='ocr_par' dir='ltr' id='par_1_38' title="bbox 129 1843 921 1878">
     <span class='ocr_line' id='line_1_38' title="bbox 129 1843 921 1878; baseline 0 -8"><span class='ocrx_word' id='word_1_237' title='bbox 129 1843 220 1871; x_wconf 83' lang='lat' dir='ltr'><strong>Unum</strong></span> <span class='ocrx_word' id='word_1_238' title='bbox 238 1845 345 1870; x_wconf 81' lang='lat' dir='ltr'><strong>tandem</strong></span> <span class='ocrx_word' id='word_1_239' title='bbox 367 1843 500 1875; x_wconf 88' lang='lat' dir='ltr'><strong>animum,</strong></span> <span class='ocrx_word' id='word_1_240' title='bbox 518 1851 598 1869; x_wconf 87' lang='lat' dir='ltr'><strong>ttuatn</strong></span> <span class='ocrx_word' id='word_1_241' title='bbox 613 1850 728 1871; x_wconf 88' lang='lat' dir='ltr'><strong>tnentctn</strong></span> <span class='ocrx_word' id='word_1_242' title='bbox 748 1845 818 1871; x_wconf 84' lang='lat' dir='ltr'><strong>idem</strong></span> <span class='ocrx_word' id='word_1_243' title='bbox 835 1845 921 1878; x_wconf 88' lang='lat' dir='ltr'><strong>Spiri-</strong></span> 
     </span>
    </p>
   </div>
   <div class='ocr_carea' id='block_1_39' title="bbox 129 1890 920 1924">
    <p class='ocr_par' dir='ltr' id='par_1_39' title="bbox 129 1890 920 1924">
     <span class='ocr_line' id='line_1_39' title="bbox 129 1890 920 1924; baseline 0.001 -7"><span class='ocrx_word' id='word_1_244' title='bbox 129 1895 173 1917; x_wconf 85' lang='lat' dir='ltr'><strong>tus</strong></span> <span class='ocrx_word' id='word_1_245' title='bbox 185 1896 306 1922; x_wconf 89' lang='lat' dir='ltr'><strong>sanctus,</strong></span> <span class='ocrx_word' id='word_1_246' title='bbox 321 1897 370 1924; x_wconf 87' lang='lat' dir='ltr'><strong>pro</strong></span> <span class='ocrx_word' id='word_1_247' title='bbox 383 1897 436 1924; x_wconf 82' lang='lat' dir='ltr'><strong>quo</strong></span> <span class='ocrx_word' id='word_1_248' title='bbox 461 1890 673 1924; x_wconf 79' lang='lat' dir='ltr'><strong>disceptabatur,</strong></span> <span class='ocrx_word' id='word_1_249' title='bbox 694 1891 821 1918; x_wconf 83' lang='lat' dir='ltr'><strong>omnibus</strong></span> <span class='ocrx_word' id='word_1_250' title='bbox 836 1891 920 1919; x_wconf 81' lang='lat' dir='ltr'><strong>dedit.</strong></span> 
     </span>
    </p>
   </div>
   <div class='ocr_carea' id='block_1_40' title="bbox 130 1935 920 1972">
    <p class='ocr_par' dir='ltr' id='par_1_40' title="bbox 130 1935 920 1972">
     <span class='ocr_line' id='line_1_40' title="bbox 130 1935 920 1972; baseline 0.003 -9"><span class='ocrx_word' id='word_1_251' title='bbox 130 1937 245 1963; x_wconf 73' lang='lat' dir='ltr'><strong>Ventum</strong></span> <span class='ocrx_word' id='word_1_252' title='bbox 263 1937 370 1963; x_wconf 88' lang='lat' dir='ltr'><strong>tandem</strong></span> <span class='ocrx_word' id='word_1_253' title='bbox 389 1935 414 1962; x_wconf 89' lang='lat' dir='ltr'><strong>itt</strong></span> <span class='ocrx_word' id='word_1_254' title='bbox 436 1936 611 1963; x_wconf 84' lang='lat' dir='ltr'><strong>concordiam</strong></span> <span class='ocrx_word' id='word_1_255' title='bbox 623 1958 629 1968; x_wconf 85' lang='lat'><strong>,</strong></span> <span class='ocrx_word' id='word_1_256' title='bbox 651 1942 678 1964; x_wconf 89' lang='lat' dir='ltr'><strong>ct</strong></span> <span class='ocrx_word' id='word_1_257' title='bbox 693 1937 849 1972; x_wconf 84' lang='lat' dir='ltr'><strong>Symbolum</strong></span> <span class='ocrx_word' id='word_1_258' title='bbox 867 1938 920 1965; x_wconf 81' lang='lat' dir='ltr'><strong>Ro-</strong></span> 
     </span>
    </p>
   </div>
   <div class='ocr_carea' id='block_1_41' title="bbox 128 1979 918 2017">
    <p class='ocr_par' dir='ltr' id='par_1_41' title="bbox 128 1979 918 2017">
     <span class='ocr_line' id='line_1_41' title="bbox 128 1979 918 2017; baseline 0.005 -11"><span class='ocrx_word' id='word_1_259' title='bbox 128 1990 215 2009; x_wconf 69' lang='lat' dir='ltr'><strong>tuante</strong></span> <span class='ocrx_word' id='word_1_260' title='bbox 246 1981 374 2008; x_wconf 73' lang='lat' dir='ltr'><strong>Ecclesia:</strong></span> <span class='ocrx_word' id='word_1_261' title='bbox 400 1979 434 2007; x_wconf 87' lang='lat' dir='ltr'><strong>ab</strong></span> <span class='ocrx_word' id='word_1_262' title='bbox 456 1980 589 2008; x_wconf 88' lang='lat' dir='ltr'><strong>Orientali</strong></span> <span class='ocrx_word' id='word_1_263' title='bbox 614 1982 720 2017; x_wconf 83' lang='lat' dir='ltr'><strong>publice</strong></span> <span class='ocrx_word' id='word_1_264' title='bbox 748 1983 918 2010; x_wconf 88' lang='lat' dir='ltr'><strong>decantatur.</strong></span> 
     </span>
    </p>
   </div>
   <div class='ocr_carea' id='block_1_42' title="bbox 129 2027 918 2064">
    <p class='ocr_par' dir='ltr' id='par_1_42' title="bbox 129 2027 918 2064">
     <span class='ocr_line' id='line_1_42' title="bbox 129 2027 918 2064; baseline 0.001 -9"><span class='ocrx_word' id='word_1_265' title='bbox 129 2028 224 2056; x_wconf 82' lang='lat' dir='ltr'><strong>Soluto</strong></span> <span class='ocrx_word' id='word_1_266' title='bbox 238 2029 346 2055; x_wconf 70' lang='lat' dir='ltr'><strong>domum</strong></span> <span class='ocrx_word' id='word_1_267' title='bbox 361 2027 477 2054; x_wconf 87' lang='lat' dir='ltr'><strong>concilio</strong></span> <span class='ocrx_word' id='word_1_268' title='bbox 496 2028 642 2062; x_wconf 84' lang='lat' dir='ltr'><strong>imperator</strong></span> <span class='ocrx_word' id='word_1_269' title='bbox 657 2028 918 2064; x_wconf 77' lang='lat' dir='ltr'><strong>Constantinopolim</strong></span> 
     </span>
    </p>
   </div>
   <div class='ocr_carea' id='block_1_43' title="bbox 127 2073 919 2110">
    <p class='ocr_par' dir='ltr' id='par_1_43' title="bbox 127 2073 919 2110">
     <span class='ocr_line' id='line_1_43' title="bbox 127 2073 919 2110; baseline 0 -9"><span class='ocrx_word' id='word_1_270' title='bbox 127 2083 188 2101; x_wconf 84' lang='lat' dir='ltr'><strong>cum</strong></span> <span class='ocrx_word' id='word_1_271' title='bbox 207 2075 262 2100; x_wconf 80' lang='lat' dir='ltr'><strong>suis</strong></span> <span class='ocrx_word' id='word_1_272' title='bbox 282 2073 438 2100; x_wconf 68' lang='lat' dir='ltr'><strong>revertitur.</strong></span> <span class='ocrx_word' id='word_1_273' title='bbox 456 2073 592 2108; x_wconf 76' lang='lat' dir='ltr'><strong>Eugcttius</strong></span> <span class='ocrx_word' id='word_1_274' title='bbox 615 2081 703 2102; x_wconf 82' lang='lat' dir='ltr'><strong>autem</strong></span> <span class='ocrx_word' id='word_1_275' title='bbox 725 2077 855 2110; x_wconf 75' lang='lat' dir='ltr'><strong>pontifex,</strong></span> <span class='ocrx_word' id='word_1_276' title='bbox 873 2085 919 2103; x_wconf 84' lang='lat' dir='ltr'><strong>co-</strong></span> 
     </span>
    </p>
   </div>
   <div class='ocr_carea' id='block_1_44' title="bbox 129 2119 920 2154">
    <p class='ocr_par' dir='ltr' id='par_1_44' title="bbox 129 2119 920 2154">
     <span class='ocr_line' id='line_1_44' title="bbox 129 2119 920 2154; baseline -0.005 -7"><span class='ocrx_word' id='word_1_277' title='bbox 129 2121 202 2153; x_wconf 72' lang='lat' dir='ltr'><strong>gnita</strong></span> <span class='ocrx_word' id='word_1_278' title='bbox 220 2120 390 2147; x_wconf 83' lang='lat' dir='ltr'><strong>Bcssarionis</strong></span> <span class='ocrx_word' id='word_1_279' title='bbox 414 2119 544 2153; x_wconf 79' lang='lat' dir='ltr'><strong>singulari</strong></span> <span class='ocrx_word' id='word_1_280' title='bbox 562 2121 662 2149; x_wconf 86' lang='lat' dir='ltr'><strong>virtute</strong></span> <span class='ocrx_word' id='word_1_281' title='bbox 680 2125 705 2148; x_wconf 85' lang='lat' dir='ltr'><strong>et</strong></span> <span class='ocrx_word' id='word_1_282' title='bbox 724 2123 856 2154; x_wconf 76' lang='lat' dir='ltr'><strong>doctrina,</strong></span> <span class='ocrx_word' id='word_1_283' title='bbox 873 2123 920 2148; x_wconf 82' lang='grc' dir='ltr'>Ιιο-</span> 
     </span>
    </p>
   </div>
   <div class='ocr_carea' id='block_1_45' title="bbox 129 2165 919 2194">
    <p class='ocr_par' dir='ltr' id='par_1_45' title="bbox 129 2165 919 2194">
     <span class='ocr_line' id='line_1_45' title="bbox 129 2165 919 2194; baseline 0 -1"><span class='ocrx_word' id='word_1_284' title='bbox 129 2167 228 2194; x_wconf 89' lang='lat' dir='ltr'><strong>minem</strong></span> <span class='ocrx_word' id='word_1_285' title='bbox 246 2165 310 2192; x_wconf 84' lang='lat' dir='ltr'><strong>licet</strong></span> <span class='ocrx_word' id='word_1_286' title='bbox 329 2165 467 2192; x_wconf 85' lang='lat' dir='ltr'><strong>absentem</strong></span> <span class='ocrx_word' id='word_1_287' title='bbox 489 2173 521 2192; x_wconf 80' lang='lat' dir='ltr'><strong>ex</strong></span> <span class='ocrx_word' id='word_1_288' title='bbox 540 2168 676 2193; x_wconf 79' lang='lat' dir='ltr'><strong>sententia</strong></span> <span class='ocrx_word' id='word_1_289' title='bbox 696 2167 809 2194; x_wconf 75' lang='lat' dir='ltr'><strong>fratrum</strong></span> <span class='ocrx_word' id='word_1_290' title='bbox 826 2169 851 2194; x_wconf 92' lang='lat' dir='ltr'><strong>in</strong></span> <span class='ocrx_word' id='word_1_291' title='bbox 868 2177 919 2193; x_wconf 87' lang='lat' dir='ltr'><strong>nn-</strong></span> 
     </span>
    </p>
   </div>
   <div class='ocr_carea' id='block_1_46' title="bbox 130 2210 918 2245">
    <p class='ocr_par' dir='ltr' id='par_1_46' title="bbox 130 2210 918 2245">
     <span class='ocr_line' id='line_1_46' title="bbox 130 2210 918 2245; baseline 0.003 -6"><span class='ocrx_word' id='word_1_292' title='bbox 130 2218 235 2239; x_wconf 87' lang='lat' dir='ltr'><strong>merum</strong></span> <span class='ocrx_word' id='word_1_293' title='bbox 250 2210 429 2237; x_wconf 82' lang='lat' dir='ltr'><strong>cardiualium</strong></span> <span class='ocrx_word' id='word_1_294' title='bbox 451 2216 580 2245; x_wconf 86' lang='lat' dir='ltr'><strong>cooptat;</strong></span> <span class='ocrx_word' id='word_1_295' title='bbox 606 2214 756 2241; x_wconf 84' lang='lat' dir='ltr'><strong>accersitur</strong></span> <span class='ocrx_word' id='word_1_296' title='bbox 772 2214 798 2240; x_wconf 93' lang='lat' dir='ltr'><strong>in</strong></span> <span class='ocrx_word' id='word_1_297' title='bbox 815 2215 918 2241; x_wconf 87' lang='lat' dir='ltr'><strong>curiam</strong></span> 
     </span>
    </p>
   </div>
   <div class='ocr_carea' id='block_1_47' title="bbox 128 2260 916 2296">
    <p class='ocr_par' dir='ltr' id='par_1_47' title="bbox 128 2260 916 2296">
     <span class='ocr_line' id='line_1_47' title="bbox 128 2260 916 2296; baseline 0.004 -10"><span class='ocrx_word' id='word_1_298' title='bbox 128 2260 278 2286; x_wconf 75' lang='lat' dir='ltr'><strong>Romanam</strong></span> <span class='ocrx_word' id='word_1_299' title='bbox 290 2260 330 2287; x_wconf 89' lang='lat' dir='ltr'><strong>vir</strong></span> <span class='ocrx_word' id='word_1_300' title='bbox 342 2262 534 2295; x_wconf 69' lang='lat' dir='ltr'><strong>amplissimos,</strong></span> <span class='ocrx_word' id='word_1_301' title='bbox 546 2266 572 2288; x_wconf 81' lang='grc' dir='ltr'><strong>ιιι</strong></span> <span class='ocrx_word' id='word_1_302' title='bbox 583 2269 652 2289; x_wconf 86' lang='lat' dir='ltr'><strong>unus</strong></span> <span class='ocrx_word' id='word_1_303' title='bbox 666 2261 775 2296; x_wconf 84' lang='lat' dir='ltr'><strong>aliquis,</strong></span> <span class='ocrx_word' id='word_1_304' title='bbox 787 2261 916 2294; x_wconf 71' lang='lat' dir='ltr'><strong>Quirites,</strong></span> 
     </span>
    </p>
   </div>
   <div class='ocr_carea' id='block_1_48' title="bbox 128 2306 920 2343">
    <p class='ocr_par' dir='ltr' id='par_1_48' title="bbox 128 2306 920 2343">
     <span class='ocr_line' id='line_1_48' title="bbox 128 2306 920 2343; baseline 0 -9"><span class='ocrx_word' id='word_1_305' title='bbox 128 2306 222 2335; x_wconf 66' lang='lat' dir='ltr'><strong>Roma:</strong></span> <span class='ocrx_word' id='word_1_306' title='bbox 247 2309 329 2335; x_wconf 90' lang='lat' dir='ltr'><strong>etiam</strong></span> <span class='ocrx_word' id='word_1_307' title='bbox 349 2316 363 2335; x_wconf 89' lang='lat' dir='ltr'><strong>e</strong></span> <span class='ocrx_word' id='word_1_308' title='bbox 379 2308 483 2336; x_wconf 67' lang='lat' dir='ltr'><strong>Graecia</strong></span> <span class='ocrx_word' id='word_1_309' title='bbox 507 2309 675 2343; x_wconf 79' lang='lat' dir='ltr'><strong>ingeniorum</strong></span> <span class='ocrx_word' id='word_1_310' title='bbox 704 2308 809 2342; x_wconf 83' lang='lat' dir='ltr'><strong>altrice,</strong></span> <span class='ocrx_word' id='word_1_311' title='bbox 819 2309 920 2335; x_wconf 86' lang='lat' dir='ltr'><strong>doetri-</strong></span> 
     </span>
    </p>
   </div>
   <div class='ocr_carea' id='block_1_49' title="bbox 128 2353 920 2388">
    <p class='ocr_par' dir='ltr' id='par_1_49' title="bbox 128 2353 920 2388">
     <span class='ocr_line' id='line_1_49' title="bbox 128 2353 920 2388; baseline 0.003 -9"><span class='ocrx_word' id='word_1_312' title='bbox 128 2361 225 2380; x_wconf 87' lang='lat' dir='ltr'><strong>narum</strong></span> <span class='ocrx_word' id='word_1_313' title='bbox 254 2353 405 2381; x_wconf 88' lang='lat' dir='ltr'><strong>inventrice</strong></span> <span class='ocrx_word' id='word_1_314' title='bbox 423 2374 430 2385; x_wconf 97' lang='lat'><strong>,</strong></span> <span class='ocrx_word' id='word_1_315' title='bbox 456 2361 537 2388; x_wconf 86' lang='lat' dir='ltr'><strong>quem</strong></span> <span class='ocrx_word' id='word_1_316' title='bbox 567 2354 770 2380; x_wconf 88' lang='lat' dir='ltr'><strong>admiraremini</strong></span> <span class='ocrx_word' id='word_1_317' title='bbox 785 2375 794 2387; x_wconf 89' lang='lat'><strong>,</strong></span> <span class='ocrx_word' id='word_1_318' title='bbox 818 2354 920 2388; x_wconf 79' lang='lat' dir='ltr'><strong>quique</strong></span> 
     </span>
    </p>
   </div>
   <div class='ocr_carea' id='block_1_50' title="bbox 127 2399 918 2434">
    <p class='ocr_par' dir='ltr' id='par_1_50' title="bbox 127 2399 918 2434">
     <span class='ocr_line' id='line_1_50' title="bbox 127 2399 918 2434; baseline 0 -7"><span class='ocrx_word' id='word_1_319' title='bbox 127 2401 247 2427; x_wconf 78' lang='lat' dir='ltr'><strong>viciSsim</strong></span> <span class='ocrx_word' id='word_1_320' title='bbox 260 2401 329 2427; x_wconf 87' lang='lat' dir='ltr'><strong>hanc</strong></span> <span class='ocrx_word' id='word_1_321' title='bbox 344 2405 461 2428; x_wconf 54' lang='lat' dir='ltr'><strong>vestram</strong></span> <span class='ocrx_word' id='word_1_322' title='bbox 475 2399 767 2432; x_wconf 85' lang='lat' dir='ltr'><strong>civitatem,dotnioam</strong></span> <span class='ocrx_word' id='word_1_323' title='bbox 782 2401 918 2434; x_wconf 78' lang='lat' dir='ltr'><strong>quondam</strong></span> 
     </span>
    </p>
   </div>
   <div class='ocr_carea' id='block_1_51' title="bbox 128 2447 919 2483">
    <p class='ocr_par' dir='ltr' id='par_1_51' title="bbox 128 2447 919 2483">
     <span class='ocr_line' id='line_1_51' title="bbox 128 2447 919 2483; baseline 0.003 -11"><span class='ocrx_word' id='word_1_324' title='bbox 128 2455 229 2479; x_wconf 75' lang='lat' dir='ltr'><strong>rerum,</strong></span> <span class='ocrx_word' id='word_1_325' title='bbox 258 2454 328 2474; x_wconf 91' lang='lat' dir='ltr'><strong>nunc</strong></span> <span class='ocrx_word' id='word_1_326' title='bbox 351 2447 497 2481; x_wconf 83' lang='lat' dir='ltr'><strong>collapsam</strong></span> <span class='ocrx_word' id='word_1_327' title='bbox 522 2453 619 2480; x_wconf 78' lang='lat' dir='ltr'><strong>magna</strong></span> <span class='ocrx_word' id='word_1_328' title='bbox 640 2453 672 2472; x_wconf 80' lang='lat' dir='ltr'><strong>ex</strong></span> <span class='ocrx_word' id='word_1_329' title='bbox 695 2451 770 2480; x_wconf 86' lang='lat' dir='ltr'><strong>parte</strong></span> <span class='ocrx_word' id='word_1_330' title='bbox 790 2453 817 2474; x_wconf 89' lang='lat' dir='ltr'><strong>et</strong></span> <span class='ocrx_word' id='word_1_331' title='bbox 834 2456 919 2483; x_wconf 84' lang='lat' dir='ltr'><strong>prope</strong></span> 
     </span>
    </p>
   </div>
   <div class='ocr_carea' id='block_1_52' title="bbox 119 2493 918 2527">
    <p class='ocr_par' dir='ltr' id='par_1_52' title="bbox 119 2493 918 2527">
     <span class='ocr_line' id='line_1_52' title="bbox 119 2493 918 2527; baseline 0.004 -7"><span class='ocrx_word' id='word_1_332' title='bbox 119 2494 244 2520; x_wconf 76' lang='lat' dir='ltr'><strong>dirutam</strong></span> <span class='ocrx_word' id='word_1_333' title='bbox 265 2494 291 2521; x_wconf 92' lang='lat' dir='ltr'><strong>iu</strong></span> <span class='ocrx_word' id='word_1_334' title='bbox 309 2494 445 2520; x_wconf 88' lang='lat' dir='ltr'><strong>meliorem</strong></span> <span class='ocrx_word' id='word_1_335' title='bbox 461 2493 575 2520; x_wconf 78' lang='lat' dir='ltr'><strong>fortnam</strong></span> <span class='ocrx_word' id='word_1_336' title='bbox 592 2493 735 2527; x_wconf 76' lang='lat' dir='ltr'><strong>redigeret,</strong></span> <span class='ocrx_word' id='word_1_337' title='bbox 750 2495 830 2521; x_wconf 82' lang='lat' dir='ltr'><strong>homo</strong></span> <span class='ocrx_word' id='word_1_338' title='bbox 845 2504 918 2523; x_wconf 90' lang='lat' dir='ltr'><strong>certe</strong></span> 
     </span>
    </p>
   </div>
   <div class='ocr_carea' id='block_1_53' title="bbox 128 2539 918 2574">
    <p class='ocr_par' dir='ltr' id='par_1_53' title="bbox 128 2539 918 2574">
     <span class='ocr_line' id='line_1_53' title="bbox 128 2539 918 2574; baseline 0.004 -7"><span class='ocrx_word' id='word_1_339' title='bbox 128 2540 244 2567; x_wconf 73' lang='lat' dir='ltr'><strong>Romani</strong></span> <span class='ocrx_word' id='word_1_340' title='bbox 265 2540 384 2567; x_wconf 90' lang='lat' dir='ltr'><strong>nominis</strong></span> <span class='ocrx_word' id='word_1_341' title='bbox 399 2539 615 2566; x_wconf 86' lang='lat' dir='ltr'><strong>amantissimus.</strong></span> <span class='ocrx_word' id='word_1_342' title='bbox 635 2539 753 2574; x_wconf 74' lang='lat' dir='ltr'><strong>ACCcpto</strong></span> <span class='ocrx_word' id='word_1_343' title='bbox 773 2546 863 2569; x_wconf 86' lang='lat' dir='ltr'><strong>autem</strong></span> <span class='ocrx_word' id='word_1_344' title='bbox 885 2543 918 2570; x_wconf 87' lang='lat' dir='ltr'><strong>de</strong></span> 
     </span>
    </p>
   </div>
   <div class='ocr_carea' id='block_1_54' title="bbox 127 2585 918 2621">
    <p class='ocr_par' dir='ltr' id='par_1_54' title="bbox 127 2585 918 2621">
     <span class='ocr_line' id='line_1_54' title="bbox 127 2585 918 2621; baseline 0.001 -7"><span class='ocrx_word' id='word_1_345' title='bbox 127 2595 202 2614; x_wconf 82' lang='lat' dir='ltr'><strong>more</strong></span> <span class='ocrx_word' id='word_1_346' title='bbox 215 2589 318 2621; x_wconf 66' lang='lat' dir='ltr'><strong>galero,</strong></span> <span class='ocrx_word' id='word_1_347' title='bbox 335 2585 443 2618; x_wconf 76' lang='lat' dir='ltr'><strong>insigne</strong></span> <span class='ocrx_word' id='word_1_348' title='bbox 468 2586 663 2619; x_wconf 85' lang='lat' dir='ltr'><strong>cardinalatus,</strong></span> <span class='ocrx_word' id='word_1_349' title='bbox 687 2586 722 2612; x_wconf 90' lang='lat' dir='ltr'><strong>ita</strong></span> <span class='ocrx_word' id='word_1_350' title='bbox 740 2586 814 2614; x_wconf 82' lang='lat' dir='ltr'><strong>brevi</strong></span> <span class='ocrx_word' id='word_1_351' title='bbox 838 2589 918 2616; x_wconf 86' lang='lat' dir='ltr'><strong>botuo</strong></span> 
     </span>
    </p>
   </div>
   <div class='ocr_carea' id='block_1_55' title="bbox 127 2632 918 2668">
    <p class='ocr_par' dir='ltr' id='par_1_55' title="bbox 127 2632 918 2668">
     <span class='ocr_line' id='line_1_55' title="bbox 127 2632 918 2668; baseline 0 -8"><span class='ocrx_word' id='word_1_352' title='bbox 127 2634 132 2639; x_wconf 90' lang='lat'>&#39;</span> <span class='ocrx_word' id='word_1_353' title='bbox 147 2633 283 2668; x_wconf 52' lang='lat' dir='ltr'><strong>.5eztiosus</strong></span> <span class='ocrx_word' id='word_1_354' title='bbox 298 2638 324 2659; x_wconf 88' lang='lat' dir='ltr'><strong>et</strong></span> <span class='ocrx_word' id='word_1_355' title='bbox 339 2638 437 2660; x_wconf 84' lang='lat' dir='ltr'><strong>acutus</strong></span> <span class='ocrx_word' id='word_1_356' title='bbox 462 2632 621 2659; x_wconf 89' lang='lat' dir='ltr'><strong>Latinorum</strong></span> <span class='ocrx_word' id='word_1_357' title='bbox 642 2640 730 2660; x_wconf 88' lang='lat' dir='ltr'><strong>mores</strong></span> <span class='ocrx_word' id='word_1_358' title='bbox 743 2639 770 2660; x_wconf 88' lang='lat' dir='ltr'><strong>ct</strong></span> <span class='ocrx_word' id='word_1_359' title='bbox 786 2634 918 2662; x_wconf 84' lang='lat' dir='ltr'><strong>litteratu-</strong></span> 
     </span>
    </p>
   </div>
   <div class='ocr_carea' id='block_1_56' title="bbox 127 2679 917 2711">
    <p class='ocr_par' dir='ltr' id='par_1_56' title="bbox 127 2679 917 2711">
     <span class='ocr_line' id='line_1_56' title="bbox 127 2679 917 2711; baseline 0.003 -5"><span class='ocrx_word' id='word_1_360' title='bbox 127 2688 184 2706; x_wconf 84' lang='lat' dir='ltr'><strong>ram</strong></span> <span class='ocrx_word' id='word_1_361' title='bbox 203 2679 319 2711; x_wconf 87' lang='lat' dir='ltr'><strong>iutbibit,</strong></span> <span class='ocrx_word' id='word_1_362' title='bbox 343 2684 371 2706; x_wconf 87' lang='lat' dir='ltr'><strong>ut</strong></span> <span class='ocrx_word' id='word_1_363' title='bbox 392 2687 425 2706; x_wconf 79' lang='lat' dir='ltr'><strong>ex</strong></span> <span class='ocrx_word' id='word_1_364' title='bbox 451 2679 620 2706; x_wconf 79' lang='lat' dir='ltr'><strong>nostratibus</strong></span> <span class='ocrx_word' id='word_1_365' title='bbox 638 2687 706 2706; x_wconf 91' lang='lat' dir='ltr'><strong>ttnus</strong></span> <span class='ocrx_word' id='word_1_366' title='bbox 731 2685 757 2707; x_wconf 85' lang='lat' dir='ltr'><strong>et</strong></span> <span class='ocrx_word' id='word_1_367' title='bbox 777 2688 829 2707; x_wconf 89' lang='lat' dir='ltr'><strong>non</strong></span> <span class='ocrx_word' id='word_1_368' title='bbox 853 2681 917 2708; x_wconf 76' lang='lat' dir='ltr'><strong>alibi</strong></span> 
     </span>
    </p>
   </div>
   <div class='ocr_carea' id='block_1_57' title="bbox 125 2723 916 2761">
    <p class='ocr_par' dir='ltr' id='par_1_57' title="bbox 125 2723 916 2761">
     <span class='ocr_line' id='line_1_57' title="bbox 125 2723 916 2761; baseline 0.003 -9"><span class='ocrx_word' id='word_1_369' title='bbox 125 2730 206 2752; x_wconf 87' lang='lat' dir='ltr'><strong>natus</strong></span> <span class='ocrx_word' id='word_1_370' title='bbox 226 2725 374 2752; x_wconf 87' lang='lat' dir='ltr'><strong>videretur.</strong></span> <span class='ocrx_word' id='word_1_371' title='bbox 401 2723 622 2759; x_wconf 83' lang='lat' dir='ltr'><strong>Frequentabant</strong></span> <span class='ocrx_word' id='word_1_372' title='bbox 645 2729 709 2752; x_wconf 87' lang='lat' dir='ltr'><strong>tttttc</strong></span> <span class='ocrx_word' id='word_1_373' title='bbox 734 2734 841 2761; x_wconf 85' lang='lat' dir='ltr'><strong>quoque</strong></span> <span class='ocrx_word' id='word_1_374' title='bbox 857 2727 916 2761; x_wconf 80' lang='lat' dir='ltr'><strong>ejus</strong></span> 
     </span>
    </p>
   </div>
   <div class='ocr_carea' id='block_1_58' title="bbox 126 2771 915 2807">
    <p class='ocr_par' dir='ltr' id='par_1_58' title="bbox 126 2771 915 2807">
     <span class='ocr_line' id='line_1_58' title="bbox 126 2771 915 2807; baseline 0.001 -8"><span class='ocrx_word' id='word_1_375' title='bbox 126 2772 235 2799; x_wconf 81' lang='lat' dir='ltr'><strong>deruunt</strong></span> <span class='ocrx_word' id='word_1_376' title='bbox 256 2771 363 2805; x_wconf 82' lang='lat' dir='ltr'><strong>plenam</strong></span> <span class='ocrx_word' id='word_1_377' title='bbox 388 2771 518 2806; x_wconf 75' lang='lat' dir='ltr'><strong>religione</strong></span> <span class='ocrx_word' id='word_1_378' title='bbox 530 2791 536 2803; x_wconf 84' lang='lat'><strong>,</strong></span> <span class='ocrx_word' id='word_1_379' title='bbox 553 2772 681 2799; x_wconf 87' lang='lat' dir='ltr'><strong>comitate</strong></span> <span class='ocrx_word' id='word_1_380' title='bbox 697 2778 723 2799; x_wconf 89' lang='lat' dir='ltr'><strong>ct</strong></span> <span class='ocrx_word' id='word_1_381' title='bbox 741 2773 838 2807; x_wconf 74' lang='lat' dir='ltr'><strong>gratia,</strong></span> <span class='ocrx_word' id='word_1_382' title='bbox 855 2774 915 2805; x_wconf 85' lang='lat' dir='ltr'><strong>ple-</strong></span> 
     </span>
    </p>
   </div>
   <div class='ocr_carea' id='block_1_59' title="bbox 125 2816 914 2850">
    <p class='ocr_par' dir='ltr' id='par_1_59' title="bbox 125 2816 914 2850">
     <span class='ocr_line' id='line_1_59' title="bbox 125 2816 914 2850; baseline 0.001 -6"><span class='ocrx_word' id='word_1_383' title='bbox 125 2822 188 2844; x_wconf 77' lang='lat' dir='ltr'><strong>nam</strong></span> <span class='ocrx_word' id='word_1_384' title='bbox 202 2817 316 2850; x_wconf 76' lang='lat' dir='ltr'><strong>ingeniis</strong></span> <span class='ocrx_word' id='word_1_385' title='bbox 334 2822 390 2844; x_wconf 92' lang='lat' dir='ltr'><strong>tum</strong></span> <span class='ocrx_word' id='word_1_386' title='bbox 407 2816 520 2850; x_wconf 69' lang='lat' dir='ltr'><strong>Graecis,</strong></span> <span class='ocrx_word' id='word_1_387' title='bbox 545 2821 600 2844; x_wconf 89' lang='lat' dir='ltr'><strong>ttttn</strong></span> <span class='ocrx_word' id='word_1_388' title='bbox 618 2817 730 2850; x_wconf 66' lang='lat' dir='ltr'><strong>Latinis,</strong></span> <span class='ocrx_word' id='word_1_389' title='bbox 749 2818 797 2844; x_wconf 84' lang='lat' dir='ltr'><strong>viti</strong></span> <span class='ocrx_word' id='word_1_390' title='bbox 812 2826 844 2845; x_wconf 79' lang='lat' dir='ltr'><strong>ex</strong></span> <span class='ocrx_word' id='word_1_391' title='bbox 859 2823 914 2845; x_wconf 88' lang='lat' dir='ltr'><strong>tota</strong></span> 
     </span>
    </p>
   </div>
   <div class='ocr_carea' id='block_1_60' title="bbox 91 2858 910 2899">
    <p class='ocr_par' dir='ltr' id='par_1_60' title="bbox 91 2858 910 2899">
     <span class='ocr_line' id='line_1_60' title="bbox 91 2858 910 2899; baseline 0.004 -9"><span class='ocrx_word' id='word_1_392' title='bbox 91 2860 95 2863; x_wconf 80' lang='grc'><strong>’</strong></span> <span class='ocrx_word' id='word_1_393' title='bbox 125 2858 201 2891; x_wconf 67' lang='grc' dir='ltr'><strong>ςυΗέ</strong></span> <span class='ocrx_word' id='word_1_394' title='bbox 213 2863 380 2892; x_wconf 77' lang='lat' dir='ltr'><strong>doctissimi&#39;</strong></span> <span class='ocrx_word' id='word_1_395' title='bbox 406 2865 454 2893; x_wconf 86' lang='lat' dir='ltr'><strong>hos</strong></span> <span class='ocrx_word' id='word_1_396' title='bbox 478 2864 518 2893; x_wconf 80' lang='lat' dir='ltr'><strong>vel</strong></span> <span class='ocrx_word' id='word_1_397' title='bbox 541 2865 609 2893; x_wconf 78' lang='lat' dir='ltr'><strong>inter</strong></span> <span class='ocrx_word' id='word_1_398' title='bbox 635 2873 664 2893; x_wconf 69' lang='lat' dir='ltr'><strong>se</strong></span> <span class='ocrx_word' id='word_1_399' title='bbox 680 2865 854 2899; x_wconf 69' lang='lat' dir='ltr'><strong>disserentes,</strong></span> <span class='ocrx_word' id='word_1_400' title='bbox 870 2866 910 2893; x_wconf 73' lang='lat' dir='ltr'><strong>vel</strong></span> 
     </span>
    </p>
   </div>
   <div class='ocr_carea' id='block_1_61' title="bbox 787 120 1084 154">
    <p class='ocr_par' dir='ltr' id='par_1_61' title="bbox 787 120 1084 154">
     <span class='ocr_line' id='line_1_61' title="bbox 787 120 1084 154; baseline 0.013 -4"><span class='ocrx_word' id='word_1_401' title='bbox 787 121 834 151; x_wconf 84' lang='lat' dir='ltr'><strong>BA</strong></span> <span class='ocrx_word' id='word_1_402' title='bbox 841 120 899 151; x_wconf 55' lang='lat' dir='ltr'><strong>PT)</strong></span> <span class='ocrx_word' id='word_1_403' title='bbox 910 122 1084 154; x_wconf 60' lang='lat' dir='ltr'><strong>PLATINIE</strong></span> 
     </span>
    </p>
   </div>
   <div class='ocr_carea' id='block_1_62' title="bbox 1691 124 1755 146">
    <p class='ocr_par' dir='ltr' id='par_1_62' title="bbox 1691 124 1755 146">
     <span class='ocr_line' id='line_1_62' title="bbox 1691 124 1755 146; baseline -0.016 -1"><span class='ocrx_word' id='word_1_404' title='bbox 1691 124 1755 146; x_wconf 74' lang='lat' dir='ltr'><strong>(.Vlll&#39;</strong></span> 
     </span>
    </p>
   </div>
   <div class='ocr_carea' id='block_1_63' title="bbox 974 175 1760 216">
    <p class='ocr_par' dir='ltr' id='par_1_63' title="bbox 974 175 1760 216">
     <span class='ocr_line' id='line_1_63' title="bbox 974 175 1760 216; baseline -0.003 -10"><span class='ocrx_word' id='word_1_405' title='bbox 974 181 1074 215; x_wconf 85' lang='lat' dir='ltr'><strong>aliquid</strong></span> <span class='ocrx_word' id='word_1_406' title='bbox 1103 181 1174 216; x_wconf 91' lang='lat' dir='ltr'><strong>quod</strong></span> <span class='ocrx_word' id='word_1_407' title='bbox 1199 181 1232 208; x_wconf 82' lang='lat' dir='ltr'><strong>ad</strong></span> <span class='ocrx_word' id='word_1_408' title='bbox 1269 180 1452 216; x_wconf 79' lang='lat' dir='ltr'><strong>cognitionem</strong></span> <span class='ocrx_word' id='word_1_409' title='bbox 1475 179 1572 214; x_wconf 62' lang='lat' dir='ltr'><strong>linguas</strong></span> <span class='ocrx_word' id='word_1_410' title='bbox 1596 175 1760 212; x_wconf 71' lang='lat' dir='ltr'><strong>pertineret.</strong></span> 
     </span>
    </p>
   </div>
   <div class='ocr_carea' id='block_1_64' title="bbox 976 222 1761 262">
    <p class='ocr_par' dir='ltr' id='par_1_64' title="bbox 976 222 1761 262">
     <span class='ocr_line' id='line_1_64' title="bbox 976 222 1761 262; baseline -0.006 -10"><span class='ocrx_word' id='word_1_411' title='bbox 976 226 1114 254; x_wconf 79' lang='lat' dir='ltr'><strong>laudantes</strong></span> <span class='ocrx_word' id='word_1_412' title='bbox 1131 227 1170 262; x_wconf 93' lang='lat' dir='ltr'><strong>(nt</strong></span> <span class='ocrx_word' id='word_1_413' title='bbox 1189 227 1228 262; x_wconf 83' lang='lat' dir='ltr'><strong>fit)</strong></span> <span class='ocrx_word' id='word_1_414' title='bbox 1246 226 1445 258; x_wconf 80' lang='lat' dir='ltr'><strong>rcfellentesvc,</strong></span> <span class='ocrx_word' id='word_1_415' title='bbox 1467 226 1504 252; x_wconf 87' lang='lat' dir='ltr'><strong>ita</strong></span> <span class='ocrx_word' id='word_1_416' title='bbox 1519 229 1621 252; x_wconf 86' lang='lat' dir='ltr'><strong>attente</strong></span> <span class='ocrx_word' id='word_1_417' title='bbox 1636 222 1761 250; x_wconf 83' lang='lat' dir='ltr'><strong>audiebat</strong></span> 
     </span>
    </p>
   </div>
   <div class='ocr_carea' id='block_1_65' title="bbox 975 268 1762 308">
    <p class='ocr_par' dir='ltr' id='par_1_65' title="bbox 975 268 1762 308">
     <span class='ocr_line' id='line_1_65' title="bbox 975 268 1762 308; baseline -0.008 -8"><span class='ocrx_word' id='word_1_418' title='bbox 975 279 1001 300; x_wconf 93' lang='lat' dir='ltr'><strong>nt</strong></span> <span class='ocrx_word' id='word_1_419' title='bbox 1017 282 1047 301; x_wconf 76' lang='lat' dir='ltr'><strong>cx</strong></span> <span class='ocrx_word' id='word_1_420' title='bbox 1066 274 1230 300; x_wconf 87' lang='lat' dir='ltr'><strong>abundantia</strong></span> <span class='ocrx_word' id='word_1_421' title='bbox 1253 273 1354 308; x_wconf 80' lang='lat' dir='ltr'><strong>ingenii</strong></span> <span class='ocrx_word' id='word_1_422' title='bbox 1374 272 1511 306; x_wconf 81' lang='lat' dir='ltr'><strong>animique</strong></span> <span class='ocrx_word' id='word_1_423' title='bbox 1524 269 1688 306; x_wconf 83' lang='lat' dir='ltr'><strong>perspicacia</strong></span> <span class='ocrx_word' id='word_1_424' title='bbox 1705 268 1762 295; x_wconf 89' lang='lat' dir='ltr'><strong>dis-</strong></span> 
     </span>
    </p>
   </div>
   <div class='ocr_carea' id='block_1_66' title="bbox 973 315 1762 354">
    <p class='ocr_par' dir='ltr' id='par_1_66' title="bbox 973 315 1762 354">
     <span class='ocr_line' id='line_1_66' title="bbox 973 315 1762 354; baseline -0.008 -8"><span class='ocrx_word' id='word_1_425' title='bbox 973 321 1137 354; x_wconf 81' lang='lat' dir='ltr'><strong>ceptantium</strong></span> <span class='ocrx_word' id='word_1_426' title='bbox 1153 320 1255 347; x_wconf 76' lang='lat' dir='ltr'><strong>arbiter</strong></span> <span class='ocrx_word' id='word_1_427' title='bbox 1274 319 1466 354; x_wconf 87' lang='lat' dir='ltr'><strong>propemodum</strong></span> <span class='ocrx_word' id='word_1_428' title='bbox 1497 317 1584 344; x_wconf 84' lang='lat' dir='ltr'><strong>ﬁeret.</strong></span> <span class='ocrx_word' id='word_1_429' title='bbox 1601 315 1647 342; x_wconf 88' lang='lat' dir='ltr'><strong>llis</strong></span> <span class='ocrx_word' id='word_1_430' title='bbox 1659 315 1762 341; x_wconf 84' lang='lat' dir='ltr'><strong>artibus</strong></span> 
     </span>
    </p>
   </div>
   <div class='ocr_carea' id='block_1_67' title="bbox 973 358 1761 399">
    <p class='ocr_par' dir='ltr' id='par_1_67' title="bbox 973 358 1761 399">
     <span class='ocr_line' id='line_1_67' title="bbox 973 358 1761 399; baseline -0.008 -8"><span class='ocrx_word' id='word_1_431' title='bbox 973 370 1001 391; x_wconf 92' lang='lat' dir='ltr'><strong>ct</strong></span> <span class='ocrx_word' id='word_1_432' title='bbox 1013 374 1042 390; x_wconf 80' lang='lat' dir='ltr'><strong>ea</strong></span> <span class='ocrx_word' id='word_1_433' title='bbox 1060 365 1208 399; x_wconf 78' lang='lat' dir='ltr'><strong>vigilantia.</strong></span> <span class='ocrx_word' id='word_1_434' title='bbox 1234 373 1284 396; x_wconf 86' lang='lat' dir='ltr'><strong>qua</strong></span> <span class='ocrx_word' id='word_1_435' title='bbox 1304 364 1421 391; x_wconf 74' lang='lat' dir='ltr'><strong>maxime</strong></span> <span class='ocrx_word' id='word_1_436' title='bbox 1437 369 1531 390; x_wconf 83' lang='lat' dir='ltr'><strong>omnes</strong></span> <span class='ocrx_word' id='word_1_437' title='bbox 1553 360 1673 391; x_wconf 73' lang='lat' dir='ltr'><strong>excellit,</strong></span> <span class='ocrx_word' id='word_1_438' title='bbox 1688 358 1761 386; x_wconf 87' lang='lat' dir='ltr'><strong>brevi</strong></span> 
     </span>
    </p>
   </div>
   <div class='ocr_carea' id='block_1_68' title="bbox 974 406 1764 447">
    <p class='ocr_par' dir='ltr' id='par_1_68' title="bbox 974 406 1764 447">
     <span class='ocr_line' id='line_1_68' title="bbox 974 406 1764 447; baseline -0.006 -10"><span class='ocrx_word' id='word_1_439' title='bbox 974 411 1062 438; x_wconf 63' lang='lat' dir='ltr'><strong>cili-cit</strong></span> <span class='ocrx_word' id='word_1_440' title='bbox 1079 417 1104 437; x_wconf 92' lang='lat' dir='ltr'><strong>ut</strong></span> <span class='ocrx_word' id='word_1_441' title='bbox 1123 412 1194 447; x_wconf 88' lang='lat' dir='ltr'><strong>qttod</strong></span> <span class='ocrx_word' id='word_1_442' title='bbox 1221 412 1315 439; x_wconf 75' lang='lat' dir='ltr'><strong>Grtcee</strong></span> <span class='ocrx_word' id='word_1_443' title='bbox 1331 415 1408 438; x_wconf 86' lang='lat' dir='ltr'><strong>antea</strong></span> <span class='ocrx_word' id='word_1_444' title='bbox 1426 410 1451 436; x_wconf 92' lang='lat' dir='ltr'><strong>in</strong></span> <span class='ocrx_word' id='word_1_445' title='bbox 1470 410 1566 445; x_wconf 85' lang='lat' dir='ltr'><strong>quovis</strong></span> <span class='ocrx_word' id='word_1_446' title='bbox 1584 415 1682 443; x_wconf 82' lang='lat' dir='ltr'><strong>genere</strong></span> <span class='ocrx_word' id='word_1_447' title='bbox 1700 406 1764 433; x_wconf 85' lang='lat' dir='ltr'><strong>doc-</strong></span> 
     </span>
    </p>
   </div>
   <div class='ocr_carea' id='block_1_69' title="bbox 975 453 1764 492">
    <p class='ocr_par' dir='ltr' id='par_1_69' title="bbox 975 453 1764 492">
     <span class='ocr_line' id='line_1_69' title="bbox 975 453 1764 492; baseline -0.009 -9"><span class='ocrx_word' id='word_1_448' title='bbox 975 457 1051 484; x_wconf 79' lang='lat' dir='ltr'><strong>trinae</strong></span> <span class='ocrx_word' id='word_1_449' title='bbox 1067 463 1236 492; x_wconf 65' lang='lat' dir='ltr'><strong>perceperat,</strong></span> <span class='ocrx_word' id='word_1_450' title='bbox 1256 458 1280 484; x_wconf 91' lang='lat' dir='ltr'><strong>id</strong></span> <span class='ocrx_word' id='word_1_451' title='bbox 1296 457 1390 484; x_wconf 82' lang='lat' dir='ltr'><strong>Latina</strong></span> <span class='ocrx_word' id='word_1_452' title='bbox 1406 456 1496 491; x_wconf 74' lang='lat' dir='ltr'><strong>lingua</strong></span> <span class='ocrx_word' id='word_1_453' title='bbox 1511 459 1584 490; x_wconf 88' lang='lat' dir='ltr'><strong>apte,</strong></span> <span class='ocrx_word' id='word_1_454' title='bbox 1594 453 1721 480; x_wconf 84' lang='lat' dir='ltr'><strong>distincte</strong></span> <span class='ocrx_word' id='word_1_455' title='bbox 1736 455 1764 477; x_wconf 87' lang='lat' dir='ltr'><strong>et</strong></span> 
     </span>
    </p>
   </div>
   <div class='ocr_carea' id='block_1_70' title="bbox 973 499 1765 532">
    <p class='ocr_par' dir='ltr' id='par_1_70' title="bbox 973 499 1765 532">
     <span class='ocr_line' id='line_1_70' title="bbox 973 499 1765 532; baseline -0.008 -2"><span class='ocrx_word' id='word_1_456' title='bbox 973 510 1069 530; x_wconf 89' lang='lat' dir='ltr'><strong>orttale</strong></span> <span class='ocrx_word' id='word_1_457' title='bbox 1087 504 1196 531; x_wconf 76' lang='lat' dir='ltr'><strong>efferret</strong></span> <span class='ocrx_word' id='word_1_458' title='bbox 1210 513 1240 531; x_wconf 89' lang='lat' dir='ltr'><strong>ac</strong></span> <span class='ocrx_word' id='word_1_459' title='bbox 1251 505 1394 532; x_wconf 84' lang='lat' dir='ltr'><strong>scriberet.</strong></span> <span class='ocrx_word' id='word_1_460' title='bbox 1407 503 1455 530; x_wconf 82' lang='lat' dir='ltr'><strong>liis</strong></span> <span class='ocrx_word' id='word_1_461' title='bbox 1473 501 1571 529; x_wconf 87' lang='lat' dir='ltr'><strong>studiis</strong></span> <span class='ocrx_word' id='word_1_462' title='bbox 1590 499 1765 526; x_wconf 77' lang='lat' dir='ltr'><strong>vehctncntcr</strong></span> 
     </span>
    </p>
   </div>
   <div class='ocr_carea' id='block_1_71' title="bbox 975 541 1763 583">
    <p class='ocr_par' dir='ltr' id='par_1_71' title="bbox 975 541 1763 583">
     <span class='ocr_line' id='line_1_71' title="bbox 975 541 1763 583; baseline -0.009 -8"><span class='ocrx_word' id='word_1_463' title='bbox 975 548 1134 581; x_wconf 82' lang='lat' dir='ltr'><strong>delectatus,</strong></span> <span class='ocrx_word' id='word_1_464' title='bbox 1151 557 1287 583; x_wconf 86' lang='lat' dir='ltr'><strong>nunquam</strong></span> <span class='ocrx_word' id='word_1_465' title='bbox 1306 554 1398 575; x_wconf 88' lang='lat' dir='ltr'><strong>tamen</strong></span> <span class='ocrx_word' id='word_1_466' title='bbox 1422 548 1566 582; x_wconf 85' lang='lat' dir='ltr'><strong>quicquam</strong></span> <span class='ocrx_word' id='word_1_467' title='bbox 1583 544 1674 572; x_wconf 82' lang='lat' dir='ltr'><strong>omisit</strong></span> <span class='ocrx_word' id='word_1_468' title='bbox 1690 551 1726 577; x_wconf 82' lang='lat' dir='ltr'><strong>qu</strong></span> <span class='ocrx_word' id='word_1_469' title='bbox 1747 541 1763 569; x_wconf 83' lang='lat' dir='ltr'><strong>d</strong></span> 
     </span>
    </p>
   </div>
   <div class='ocr_carea' id='block_1_72' title="bbox 974 591 1764 630">
    <p class='ocr_par' dir='ltr' id='par_1_72' title="bbox 974 591 1764 630">
     <span class='ocr_line' id='line_1_72' title="bbox 974 591 1764 630; baseline -0.009 -9"><span class='ocrx_word' id='word_1_470' title='bbox 974 599 1021 621; x_wconf 88' lang='lat' dir='ltr'><strong>attt</strong></span> <span class='ocrx_word' id='word_1_471' title='bbox 1040 595 1147 630; x_wconf 88' lang='lat' dir='ltr'><strong>publice</strong></span> <span class='ocrx_word' id='word_1_472' title='bbox 1160 603 1190 623; x_wconf 86' lang='lat' dir='ltr'><strong>ex</strong></span> <span class='ocrx_word' id='word_1_473' title='bbox 1208 595 1299 622; x_wconf 73' lang='lat' dir='ltr'><strong>officio</strong></span> <span class='ocrx_word' id='word_1_474' title='bbox 1322 599 1368 621; x_wconf 85' lang='lat' dir='ltr'><strong>aut</strong></span> <span class='ocrx_word' id='word_1_475' title='bbox 1392 593 1519 630; x_wconf 85' lang='lat' dir='ltr'><strong>privatim</strong></span> <span class='ocrx_word' id='word_1_476' title='bbox 1535 591 1667 627; x_wconf 74' lang='lat' dir='ltr'><strong>agendum</strong></span> <span class='ocrx_word' id='word_1_477' title='bbox 1680 593 1764 621; x_wconf 76' lang='lat' dir='ltr'><strong>esset,</strong></span> 
     </span>
    </p>
   </div>
   <div class='ocr_carea' id='block_1_73' title="bbox 974 636 1764 678">
    <p class='ocr_par' dir='ltr' id='par_1_73' title="bbox 974 636 1764 678">
     <span class='ocr_line' id='line_1_73' title="bbox 974 636 1764 678; baseline -0.009 -11"><span class='ocrx_word' id='word_1_478' title='bbox 974 641 1006 667; x_wconf 90' lang='lat' dir='ltr'><strong>ad</strong></span> <span class='ocrx_word' id='word_1_479' title='bbox 1033 643 1122 670; x_wconf 89' lang='lat' dir='ltr'><strong>omnia</strong></span> <span class='ocrx_word' id='word_1_480' title='bbox 1140 642 1370 678; x_wconf 78' lang='lat' dir='ltr'><strong>promptissimum</strong></span> <span class='ocrx_word' id='word_1_481' title='bbox 1399 641 1553 674; x_wconf 70' lang='lat' dir='ltr'><strong>ingenium,</strong></span> <span class='ocrx_word' id='word_1_482' title='bbox 1573 636 1764 664; x_wconf 74' lang='lat' dir='ltr'><strong>dexterrimatn</strong></span> 
     </span>
    </p>
   </div>
   <div class='ocr_carea' id='block_1_74' title="bbox 974 681 1766 722">
    <p class='ocr_par' dir='ltr' id='par_1_74' title="bbox 974 681 1766 722">
     <span class='ocr_line' id='line_1_74' title="bbox 974 681 1766 722; baseline -0.014 -4"><span class='ocrx_word' id='word_1_483' title='bbox 974 696 1091 718; x_wconf 85' lang='lat' dir='ltr'><strong>mentem</strong></span> <span class='ocrx_word' id='word_1_484' title='bbox 1121 689 1328 722; x_wconf 76' lang='lat' dir='ltr'><strong>circumferens,</strong></span> <span class='ocrx_word' id='word_1_485' title='bbox 1350 691 1379 715; x_wconf 86' lang='lat' dir='ltr'><strong>ut</strong></span> <span class='ocrx_word' id='word_1_486' title='bbox 1393 687 1430 715; x_wconf 93' lang='lat' dir='ltr'><strong>nil</strong></span> <span class='ocrx_word' id='word_1_487' title='bbox 1452 694 1466 713; x_wconf 89' lang='lat' dir='ltr'><strong>a</strong></span> <span class='ocrx_word' id='word_1_488' title='bbox 1483 686 1553 713; x_wconf 91' lang='lat' dir='ltr'><strong>bono</strong></span> <span class='ocrx_word' id='word_1_489' title='bbox 1570 681 1766 720; x_wconf 85' lang='lat' dir='ltr'><strong>patrefantilias</strong></span> 
     </span>
    </p>
   </div>
   <div class='ocr_carea' id='block_1_75' title="bbox 974 727 1765 772">
    <p class='ocr_par' dir='ltr' id='par_1_75' title="bbox 974 727 1765 772">
     <span class='ocr_line' id='line_1_75' title="bbox 974 727 1765 772; baseline -0.014 -7"><span class='ocrx_word' id='word_1_490' title='bbox 974 742 1002 765; x_wconf 88' lang='lat' dir='ltr'><strong>et</strong></span> <span class='ocrx_word' id='word_1_491' title='bbox 1020 738 1054 764; x_wconf 86' lang='lat' dir='ltr'><strong>ab</strong></span> <span class='ocrx_word' id='word_1_492' title='bbox 1066 737 1169 771; x_wconf 88' lang='lat' dir='ltr'><strong>optimo</strong></span> <span class='ocrx_word' id='word_1_493' title='bbox 1185 737 1308 772; x_wconf 88' lang='lat' dir='ltr'><strong>principe</strong></span> <span class='ocrx_word' id='word_1_494' title='bbox 1325 734 1456 762; x_wconf 82' lang='lat' dir='ltr'><strong>diﬂ‘crrct.</strong></span> <span class='ocrx_word' id='word_1_495' title='bbox 1474 732 1531 759; x_wconf 76' lang='lat' dir='ltr'><strong>[lac</strong></span> <span class='ocrx_word' id='word_1_496' title='bbox 1552 737 1640 758; x_wconf 87' lang='lat' dir='ltr'><strong>tamen</strong></span> <span class='ocrx_word' id='word_1_497' title='bbox 1665 727 1765 762; x_wconf 76' lang='lat' dir='ltr'><strong>insigni</strong></span> 
     </span>
    </p>
   </div>
   <div class='ocr_carea' id='block_1_76' title="bbox 973 772 1764 818">
    <p class='ocr_par' dir='ltr' id='par_1_76' title="bbox 973 772 1764 818">
     <span class='ocr_line' id='line_1_76' title="bbox 973 772 1764 818; baseline -0.014 -7"><span class='ocrx_word' id='word_1_498' title='bbox 973 785 1073 811; x_wconf 86' lang='lat' dir='ltr'><strong>virtute</strong></span> <span class='ocrx_word' id='word_1_499' title='bbox 1088 788 1115 811; x_wconf 86' lang='lat' dir='ltr'><strong>et</strong></span> <span class='ocrx_word' id='word_1_500' title='bbox 1135 783 1320 818; x_wconf 74' lang='lat' dir='ltr'><strong>magnitudine</strong></span> <span class='ocrx_word' id='word_1_501' title='bbox 1335 781 1417 808; x_wconf 89' lang='lat' dir='ltr'><strong>animi</strong></span> <span class='ocrx_word' id='word_1_502' title='bbox 1436 783 1574 815; x_wconf 85' lang='lat' dir='ltr'><strong>permotus</strong></span> <span class='ocrx_word' id='word_1_503' title='bbox 1590 775 1715 803; x_wconf 81' lang='lat' dir='ltr'><strong>Nicolaus</strong></span> <span class='ocrx_word' id='word_1_504' title='bbox 1731 772 1764 806; x_wconf 69' lang='grc' dir='ltr'><strong>γ,</strong></span> 
     </span>
    </p>
   </div>
   <div class='ocr_carea' id='block_1_77' title="bbox 976 819 1767 862">
    <p class='ocr_par' dir='ltr' id='par_1_77' title="bbox 976 819 1767 862">
     <span class='ocr_line' id='line_1_77' title="bbox 976 819 1767 862; baseline -0.013 -6"><span class='ocrx_word' id='word_1_505' title='bbox 976 829 1002 856; x_wconf 93' lang='lat' dir='ltr'><strong>in</strong></span> <span class='ocrx_word' id='word_1_506' title='bbox 1015 830 1104 856; x_wconf 88' lang='lat' dir='ltr'><strong>locum</strong></span> <span class='ocrx_word' id='word_1_507' title='bbox 1123 828 1255 856; x_wconf 87' lang='lat' dir='ltr'><strong>demortui</strong></span> <span class='ocrx_word' id='word_1_508' title='bbox 1278 826 1393 862; x_wconf 79' lang='lat' dir='ltr'><strong>Eugenii</strong></span> <span class='ocrx_word' id='word_1_509' title='bbox 1410 824 1532 860; x_wconf 77' lang='lat' dir='ltr'><strong>pontifex</strong></span> <span class='ocrx_word' id='word_1_510' title='bbox 1555 823 1690 851; x_wconf 68' lang='lat' dir='ltr'><strong>maximus</strong></span> <span class='ocrx_word' id='word_1_511' title='bbox 1712 819 1767 847; x_wconf 82' lang='lat' dir='ltr'><strong>suf-</strong></span> 
     </span>
    </p>
   </div>
   <div class='ocr_carea' id='block_1_78' title="bbox 975 868 1767 908">
    <p class='ocr_par' dir='ltr' id='par_1_78' title="bbox 975 868 1767 908">
     <span class='ocr_line' id='line_1_78' title="bbox 975 868 1767 908; baseline -0.014 -6"><span class='ocrx_word' id='word_1_512' title='bbox 975 876 1071 908; x_wconf 81' lang='lat' dir='ltr'><strong>fectus,</strong></span> <span class='ocrx_word' id='word_1_513' title='bbox 1087 875 1274 902; x_wconf 84' lang='lat' dir='ltr'><strong>Bcssarionem</strong></span> <span class='ocrx_word' id='word_1_514' title='bbox 1301 873 1334 900; x_wconf 87' lang='lat' dir='ltr'><strong>ad</strong></span> <span class='ocrx_word' id='word_1_515' title='bbox 1356 880 1399 900; x_wconf 86' lang='lat' dir='ltr'><strong>res</strong></span> <span class='ocrx_word' id='word_1_516' title='bbox 1418 871 1537 907; x_wconf 77' lang='lat' dir='ltr'><strong>agendas</strong></span> <span class='ocrx_word' id='word_1_517' title='bbox 1555 868 1723 903; x_wconf 86' lang='lat' dir='ltr'><strong>aptissimum</strong></span> <span class='ocrx_word' id='word_1_518' title='bbox 1740 869 1767 892; x_wconf 83' lang='lat' dir='ltr'><strong>et</strong></span> 
     </span>
    </p>
   </div>
   <div class='ocr_carea' id='block_1_79' title="bbox 975 911 1766 955">
    <p class='ocr_par' dir='ltr' id='par_1_79' title="bbox 975 911 1766 955">
     <span class='ocr_line' id='line_1_79' title="bbox 975 911 1766 955; baseline -0.014 -6"><span class='ocrx_word' id='word_1_519' title='bbox 975 921 1008 949; x_wconf 85' lang='lat' dir='ltr'><strong>ad</strong></span> <span class='ocrx_word' id='word_1_520' title='bbox 1035 921 1128 948; x_wconf 89' lang='lat' dir='ltr'><strong>omnia</strong></span> <span class='ocrx_word' id='word_1_521' title='bbox 1154 920 1224 947; x_wconf 90' lang='lat' dir='ltr'><strong>ntala</strong></span> <span class='ocrx_word' id='word_1_522' title='bbox 1253 918 1431 955; x_wconf 67' lang='lat' dir='ltr'><strong>praecavenda</strong></span> <span class='ocrx_word' id='word_1_523' title='bbox 1459 914 1695 951; x_wconf 82' lang='lat' dir='ltr'><strong>vigilantissintum</strong></span> <span class='ocrx_word' id='word_1_524' title='bbox 1713 911 1766 938; x_wconf 78' lang='lat' dir='ltr'><strong>Bn-</strong></span> 
     </span>
    </p>
   </div>
   <div class='ocr_carea' id='block_1_80' title="bbox 976 959 1768 1002">
    <p class='ocr_par' dir='ltr' id='par_1_80' title="bbox 976 959 1768 1002">
     <span class='ocr_line' id='line_1_80' title="bbox 976 959 1768 1002; baseline -0.013 -7"><span class='ocrx_word' id='word_1_525' title='bbox 976 967 1218 1002; x_wconf 88' lang='lat' dir='ltr'><strong>uonicusibusjam</strong></span> <span class='ocrx_word' id='word_1_526' title='bbox 1234 965 1336 1001; x_wconf 85' lang='lat' dir='ltr'><strong>pridem</strong></span> <span class='ocrx_word' id='word_1_527' title='bbox 1352 964 1481 992; x_wconf 69' lang='lat' dir='ltr'><strong>intestino</strong></span> <span class='ocrx_word' id='word_1_528' title='bbox 1496 962 1565 989; x_wconf 84' lang='lat' dir='ltr'><strong>bello</strong></span> <span class='ocrx_word' id='word_1_529' title='bbox 1582 959 1768 988; x_wconf 79' lang='lat' dir='ltr'><strong>laborantibus</strong></span> 
     </span>
    </p>
   </div>
   <div class='ocr_carea' id='block_1_81' title="bbox 975 1006 1768 1049">
    <p class='ocr_par' dir='ltr' id='par_1_81' title="bbox 975 1006 1768 1049">
     <span class='ocr_line' id='line_1_81' title="bbox 975 1006 1768 1049; baseline -0.011 -8"><span class='ocrx_word' id='word_1_530' title='bbox 975 1014 1091 1049; x_wconf 73' lang='lat' dir='ltr'><strong>legatum</strong></span> <span class='ocrx_word' id='word_1_531' title='bbox 1120 1021 1182 1040; x_wconf 89' lang='lat' dir='ltr'><strong>cuttt</strong></span> <span class='ocrx_word' id='word_1_532' title='bbox 1210 1019 1315 1039; x_wconf 79' lang='lat' dir='ltr'><strong>summa</strong></span> <span class='ocrx_word' id='word_1_533' title='bbox 1345 1010 1507 1038; x_wconf 73' lang='lat' dir='ltr'><strong>auctoritate</strong></span> <span class='ocrx_word' id='word_1_534' title='bbox 1535 1007 1657 1044; x_wconf 65' lang='lat' dir='ltr'><strong>prmficit.</strong></span> <span class='ocrx_word' id='word_1_535' title='bbox 1685 1006 1709 1034; x_wconf 84' lang='lat' dir='ltr'><strong>is</strong></span> <span class='ocrx_word' id='word_1_536' title='bbox 1735 1013 1768 1032; x_wconf 90' lang='lat' dir='ltr'><strong>eo</strong></span> 
     </span>
    </p>
   </div>
   <div class='ocr_carea' id='block_1_82' title="bbox 976 1054 1766 1096">
    <p class='ocr_par' dir='ltr' id='par_1_82' title="bbox 976 1054 1766 1096">
     <span class='ocr_line' id='line_1_82' title="bbox 976 1054 1766 1096; baseline -0.014 -8"><span class='ocrx_word' id='word_1_537' title='bbox 976 1061 1151 1096; x_wconf 85' lang='lat' dir='ltr'><strong>proficiscens</strong></span> <span class='ocrx_word' id='word_1_538' title='bbox 1165 1059 1249 1087; x_wconf 77' lang='lat' dir='ltr'><strong>effusa</strong></span> <span class='ocrx_word' id='word_1_539' title='bbox 1265 1059 1374 1086; x_wconf 87' lang='lat' dir='ltr'><strong>obviam</strong></span> <span class='ocrx_word' id='word_1_540' title='bbox 1390 1058 1493 1083; x_wconf 86' lang='lat' dir='ltr'><strong>urbana</strong></span> <span class='ocrx_word' id='word_1_541' title='bbox 1511 1054 1694 1086; x_wconf 86' lang='lat' dir='ltr'><strong>multitudine,</strong></span> <span class='ocrx_word' id='word_1_542' title='bbox 1713 1059 1766 1079; x_wconf 85' lang='lat' dir='ltr'><strong>non</strong></span> 
     </span>
    </p>
   </div>
   <div class='ocr_carea' id='block_1_83' title="bbox 975 1099 1769 1139">
    <p class='ocr_par' dir='ltr' id='par_1_83' title="bbox 975 1099 1769 1139">
     <span class='ocr_line' id='line_1_83' title="bbox 975 1099 1769 1139; baseline -0.009 -6"><span class='ocrx_word' id='word_1_543' title='bbox 975 1107 1053 1133; x_wconf 90' lang='lat' dir='ltr'><strong>aliter</strong></span> <span class='ocrx_word' id='word_1_544' title='bbox 1073 1107 1107 1133; x_wconf 88' lang='lat' dir='ltr'><strong>ab</strong></span> <span class='ocrx_word' id='word_1_545' title='bbox 1125 1105 1250 1133; x_wconf 88' lang='lat' dir='ltr'><strong>omnibus</strong></span> <span class='ocrx_word' id='word_1_546' title='bbox 1263 1104 1408 1139; x_wconf 85' lang='lat' dir='ltr'><strong>inspicitur</strong></span> <span class='ocrx_word' id='word_1_547' title='bbox 1428 1109 1460 1129; x_wconf 90' lang='lat' dir='ltr'><strong>ac</strong></span> <span class='ocrx_word' id='word_1_548' title='bbox 1479 1102 1555 1129; x_wconf 86' lang='lat' dir='ltr'><strong>sidus</strong></span> <span class='ocrx_word' id='word_1_549' title='bbox 1579 1099 1723 1134; x_wconf 79' lang='lat' dir='ltr'><strong>benignum</strong></span> <span class='ocrx_word' id='word_1_550' title='bbox 1740 1103 1769 1126; x_wconf 85' lang='lat' dir='ltr'><strong>et</strong></span> 
     </span>
    </p>
   </div>
   <div class='ocr_carea' id='block_1_84' title="bbox 975 1145 1766 1186">
    <p class='ocr_par' dir='ltr' id='par_1_84' title="bbox 975 1145 1766 1186">
     <span class='ocr_line' id='line_1_84' title="bbox 975 1145 1766 1186; baseline -0.009 -6"><span class='ocrx_word' id='word_1_551' title='bbox 975 1153 1121 1180; x_wconf 76' lang='lat' dir='ltr'><strong>Salutarea</strong></span> <span class='ocrx_word' id='word_1_552' title='bbox 1139 1150 1355 1186; x_wconf 72' lang='lat' dir='ltr'><strong>periclitantibus</strong></span> <span class='ocrx_word' id='word_1_553' title='bbox 1372 1148 1463 1175; x_wconf 89' lang='lat' dir='ltr'><strong>nautis</strong></span> <span class='ocrx_word' id='word_1_554' title='bbox 1485 1152 1512 1174; x_wconf 89' lang='lat' dir='ltr'><strong>et</strong></span> <span class='ocrx_word' id='word_1_555' title='bbox 1533 1154 1602 1182; x_wconf 84' lang='lat' dir='ltr'><strong>pene</strong></span> <span class='ocrx_word' id='word_1_556' title='bbox 1626 1145 1766 1180; x_wconf 73' lang='lat' dir='ltr'><strong>naufragis</strong></span> 
     </span>
    </p>
   </div>
   <div class='ocr_carea' id='block_1_85' title="bbox 977 1192 1767 1234">
    <p class='ocr_par' dir='ltr' id='par_1_85' title="bbox 977 1192 1767 1234">
     <span class='ocr_line' id='line_1_85' title="bbox 977 1192 1767 1234; baseline -0.009 -9"><span class='ocrx_word' id='word_1_557' title='bbox 977 1198 1072 1234; x_wconf 82' lang='lat' dir='ltr'><strong>inspici</strong></span> <span class='ocrx_word' id='word_1_558' title='bbox 1103 1206 1134 1225; x_wconf 86' lang='lat' dir='ltr'><strong>ac</strong></span> <span class='ocrx_word' id='word_1_559' title='bbox 1161 1197 1308 1225; x_wconf 83' lang='lat' dir='ltr'><strong>consultari</strong></span> <span class='ocrx_word' id='word_1_560' title='bbox 1337 1195 1416 1223; x_wconf 89' lang='lat' dir='ltr'><strong>solet.</strong></span> <span class='ocrx_word' id='word_1_561' title='bbox 1456 1194 1618 1228; x_wconf 78' lang='lat' dir='ltr'><strong>Quanquam</strong></span> <span class='ocrx_word' id='word_1_562' title='bbox 1647 1192 1767 1219; x_wconf 90' lang='lat' dir='ltr'><strong>hominis</strong></span> 
     </span>
    </p>
   </div>
   <div class='ocr_carea' id='block_1_86' title="bbox 975 1237 1767 1278">
    <p class='ocr_par' dir='ltr' id='par_1_86' title="bbox 975 1237 1767 1278">
     <span class='ocr_line' id='line_1_86' title="bbox 975 1237 1767 1278; baseline -0.009 -7"><span class='ocrx_word' id='word_1_563' title='bbox 975 1244 1064 1278; x_wconf 82' lang='lat' dir='ltr'><strong>hujus,</strong></span> <span class='ocrx_word' id='word_1_564' title='bbox 1080 1243 1210 1276; x_wconf 79' lang='lat' dir='ltr'><strong>Quirites,</strong></span> <span class='ocrx_word' id='word_1_565' title='bbox 1225 1242 1311 1276; x_wconf 80' lang='lat' dir='ltr'><strong>major</strong></span> <span class='ocrx_word' id='word_1_566' title='bbox 1326 1241 1361 1268; x_wconf 87' lang='lat' dir='ltr'><strong>sit</strong></span> <span class='ocrx_word' id='word_1_567' title='bbox 1378 1241 1438 1266; x_wconf 89' lang='lat' dir='ltr'><strong>laus</strong></span> <span class='ocrx_word' id='word_1_568' title='bbox 1454 1247 1534 1274; x_wconf 91' lang='lat' dir='ltr'><strong>quam</strong></span> <span class='ocrx_word' id='word_1_569' title='bbox 1560 1237 1659 1266; x_wconf 83' lang='lat' dir='ltr'><strong>sideris</strong></span> <span class='ocrx_word' id='word_1_570' title='bbox 1676 1245 1682 1264; x_wconf 93' lang='lat'>:</span> <span class='ocrx_word' id='word_1_571' title='bbox 1701 1237 1767 1265; x_wconf 84' lang='lat' dir='ltr'><strong>illud</strong></span> 
     </span>
    </p>
   </div>
   <div class='ocr_carea' id='block_1_87' title="bbox 975 1283 1768 1321">
    <p class='ocr_par' dir='ltr' id='par_1_87' title="bbox 975 1283 1768 1321">
     <span class='ocr_line' id='line_1_87' title="bbox 975 1283 1768 1321; baseline -0.009 -4"><span class='ocrx_word' id='word_1_572' title='bbox 975 1291 1046 1317; x_wconf 89' lang='lat' dir='ltr'><strong>enim</strong></span> <span class='ocrx_word' id='word_1_573' title='bbox 1065 1289 1132 1316; x_wconf 86' lang='lat' dir='ltr'><strong>duas</strong></span> <span class='ocrx_word' id='word_1_574' title='bbox 1153 1295 1241 1316; x_wconf 79' lang='lat' dir='ltr'><strong>tresve</strong></span> <span class='ocrx_word' id='word_1_575' title='bbox 1259 1293 1285 1315; x_wconf 90' lang='lat' dir='ltr'><strong>et</strong></span> <span class='ocrx_word' id='word_1_576' title='bbox 1303 1295 1335 1314; x_wconf 90' lang='lat' dir='ltr'><strong>eo</strong></span> <span class='ocrx_word' id='word_1_577' title='bbox 1358 1286 1474 1321; x_wconf 84' lang='lat' dir='ltr'><strong>amplius</strong></span> <span class='ocrx_word' id='word_1_578' title='bbox 1490 1292 1572 1313; x_wconf 84' lang='lat' dir='ltr'><strong>naves</strong></span> <span class='ocrx_word' id='word_1_579' title='bbox 1587 1284 1706 1319; x_wconf 73' lang='lat' dir='ltr'><strong>benigno</strong></span> <span class='ocrx_word' id='word_1_580' title='bbox 1727 1283 1768 1310; x_wconf 85' lang='lat' dir='ltr'><strong>itt-</strong></span> 
     </span>
    </p>
   </div>
   <div class='ocr_carea' id='block_1_88' title="bbox 976 1330 1766 1366">
    <p class='ocr_par' dir='ltr' id='par_1_88' title="bbox 976 1330 1766 1366">
     <span class='ocr_line' id='line_1_88' title="bbox 976 1330 1766 1366; baseline -0.009 -3"><span class='ocrx_word' id='word_1_581' title='bbox 976 1337 1044 1364; x_wconf 91' lang='lat' dir='ltr'><strong>tuitu</strong></span> <span class='ocrx_word' id='word_1_582' title='bbox 1064 1341 1219 1366; x_wconf 84' lang='lat' dir='ltr'><strong>conservat,</strong></span> <span class='ocrx_word' id='word_1_583' title='bbox 1238 1334 1282 1361; x_wconf 86' lang='lat' dir='ltr'><strong>hic</strong></span> <span class='ocrx_word' id='word_1_584' title='bbox 1310 1338 1410 1361; x_wconf 88' lang='lat' dir='ltr'><strong>tantatn</strong></span> <span class='ocrx_word' id='word_1_585' title='bbox 1438 1332 1573 1360; x_wconf 85' lang='lat' dir='ltr'><strong>civitatem</strong></span> <span class='ocrx_word' id='word_1_586' title='bbox 1586 1351 1594 1364; x_wconf 93' lang='lat'><strong>,</strong></span> <span class='ocrx_word' id='word_1_587' title='bbox 1607 1330 1766 1366; x_wconf 66' lang='lat' dir='ltr'><strong>praeclaram</strong></span> 
     </span>
    </p>
   </div>
   <div class='ocr_carea' id='block_1_89' title="bbox 976 1375 1767 1418">
    <p class='ocr_par' dir='ltr' id='par_1_89' title="bbox 976 1375 1767 1418">
     <span class='ocr_line' id='line_1_89' title="bbox 976 1375 1767 1418; baseline -0.008 -10"><span class='ocrx_word' id='word_1_588' title='bbox 976 1382 1113 1418; x_wconf 85' lang='lat' dir='ltr'><strong>quondam</strong></span> <span class='ocrx_word' id='word_1_589' title='bbox 1147 1382 1237 1416; x_wconf 85' lang='lat' dir='ltr'><strong>populi</strong></span> <span class='ocrx_word' id='word_1_590' title='bbox 1260 1380 1373 1408; x_wconf 80' lang='lat' dir='ltr'><strong>Romani</strong></span> <span class='ocrx_word' id='word_1_591' title='bbox 1398 1379 1544 1411; x_wconf 86' lang='lat' dir='ltr'><strong>coloniam,</strong></span> <span class='ocrx_word' id='word_1_592' title='bbox 1566 1378 1704 1404; x_wconf 89' lang='lat' dir='ltr'><strong>hominum</strong></span> <span class='ocrx_word' id='word_1_593' title='bbox 1733 1375 1767 1402; x_wconf 84' lang='lat' dir='ltr'><strong>ad</strong></span> 
     </span>
    </p>
   </div>
   <div class='ocr_carea' id='block_1_90' title="bbox 975 1423 1766 1458">
    <p class='ocr_par' dir='ltr' id='par_1_90' title="bbox 975 1423 1766 1458">
     <span class='ocr_line' id='line_1_90' title="bbox 975 1423 1766 1458; baseline -0.009 -3"><span class='ocrx_word' id='word_1_594' title='bbox 975 1437 1050 1456; x_wconf 85' lang='lat' dir='ltr'><strong>arma</strong></span> <span class='ocrx_word' id='word_1_595' title='bbox 1074 1434 1101 1455; x_wconf 91' lang='lat' dir='ltr'><strong>et</strong></span> <span class='ocrx_word' id='word_1_596' title='bbox 1121 1428 1225 1455; x_wconf 87' lang='lat' dir='ltr'><strong>litteras</strong></span> <span class='ocrx_word' id='word_1_597' title='bbox 1244 1427 1379 1458; x_wconf 86' lang='lat' dir='ltr'><strong>altricem,</strong></span> <span class='ocrx_word' id='word_1_598' title='bbox 1396 1426 1482 1453; x_wconf 87' lang='lat' dir='ltr'><strong>octtlis</strong></span> <span class='ocrx_word' id='word_1_599' title='bbox 1500 1425 1590 1452; x_wconf 89' lang='lat' dir='ltr'><strong>omnia</strong></span> <span class='ocrx_word' id='word_1_600' title='bbox 1607 1423 1766 1458; x_wconf 82' lang='lat' dir='ltr'><strong>circumspi-</strong></span> 
     </span>
    </p>
   </div>
   <div class='ocr_carea' id='block_1_91' title="bbox 975 1469 1768 1511">
    <p class='ocr_par' dir='ltr' id='par_1_91' title="bbox 975 1469 1768 1511">
     <span class='ocr_line' id='line_1_91' title="bbox 975 1469 1768 1511; baseline -0.009 -7"><span class='ocrx_word' id='word_1_601' title='bbox 975 1477 1061 1509; x_wconf 76' lang='lat' dir='ltr'><strong>ciens,</strong></span> <span class='ocrx_word' id='word_1_602' title='bbox 1091 1480 1183 1502; x_wconf 89' lang='lat' dir='ltr'><strong>mente</strong></span> <span class='ocrx_word' id='word_1_603' title='bbox 1200 1475 1350 1511; x_wconf 77' lang='lat' dir='ltr'><strong>prtcvidens</strong></span> <span class='ocrx_word' id='word_1_604' title='bbox 1379 1481 1410 1501; x_wconf 88' lang='lat' dir='ltr'><strong>ac</strong></span> <span class='ocrx_word' id='word_1_605' title='bbox 1431 1474 1590 1508; x_wconf 83' lang='lat' dir='ltr'><strong>disponens,</strong></span> <span class='ocrx_word' id='word_1_606' title='bbox 1606 1471 1698 1506; x_wconf 75' lang='lat' dir='ltr'><strong>lingua</strong></span> <span class='ocrx_word' id='word_1_607' title='bbox 1720 1469 1768 1497; x_wconf 78' lang='lat' dir='ltr'><strong>ad-</strong></span> 
     </span>
    </p>
   </div>
   <div class='ocr_carea' id='block_1_92' title="bbox 976 1517 1767 1554">
    <p class='ocr_par' dir='ltr' id='par_1_92' title="bbox 976 1517 1767 1554">
     <span class='ocr_line' id='line_1_92' title="bbox 976 1517 1767 1554; baseline -0.009 -5"><span class='ocrx_word' id='word_1_608' title='bbox 976 1529 1090 1549; x_wconf 77' lang='lat' dir='ltr'><strong>tttonens</strong></span> <span class='ocrx_word' id='word_1_609' title='bbox 1115 1522 1299 1554; x_wconf 71' lang='lat' dir='ltr'><strong>dcterrvnsve,</strong></span> <span class='ocrx_word' id='word_1_610' title='bbox 1337 1528 1417 1547; x_wconf 82' lang='lat' dir='ltr'><strong>manu</strong></span> <span class='ocrx_word' id='word_1_611' title='bbox 1445 1518 1596 1546; x_wconf 82' lang='lat' dir='ltr'><strong>insanabile</strong></span> <span class='ocrx_word' id='word_1_612' title='bbox 1625 1517 1723 1544; x_wconf 89' lang='lat' dir='ltr'><strong>vulnus</strong></span> <span class='ocrx_word' id='word_1_613' title='bbox 1740 1520 1767 1542; x_wconf 85' lang='lat' dir='ltr'><strong>ct</strong></span> 
     </span>
    </p>
   </div>
   <div class='ocr_carea' id='block_1_93' title="bbox 975 1562 1766 1602">
    <p class='ocr_par' dir='ltr' id='par_1_93' title="bbox 975 1562 1766 1602">
     <span class='ocr_line' id='line_1_93' title="bbox 975 1562 1766 1602; baseline -0.009 -7"><span class='ocrx_word' id='word_1_614' title='bbox 975 1567 1161 1602; x_wconf 79' lang='lat' dir='ltr'><strong>contagiosnm</strong></span> <span class='ocrx_word' id='word_1_615' title='bbox 1192 1567 1364 1599; x_wconf 84' lang='lat' dir='ltr'><strong>abscindens,</strong></span> <span class='ocrx_word' id='word_1_616' title='bbox 1385 1565 1418 1593; x_wconf 89' lang='lat' dir='ltr'><strong>ab</strong></span> <span class='ocrx_word' id='word_1_617' title='bbox 1435 1566 1544 1593; x_wconf 88' lang='lat' dir='ltr'><strong>interitu</strong></span> <span class='ocrx_word' id='word_1_618' title='bbox 1570 1568 1598 1592; x_wconf 91' lang='lat' dir='ltr'><strong>et</strong></span> <span class='ocrx_word' id='word_1_619' title='bbox 1626 1571 1708 1598; x_wconf 79' lang='lat' dir='ltr'><strong>prope</strong></span> <span class='ocrx_word' id='word_1_620' title='bbox 1731 1562 1766 1589; x_wconf 87' lang='lat' dir='ltr'><strong>ah</strong></span> 
     </span>
    </p>
   </div>
   <div class='ocr_carea' id='block_1_94' title="bbox 976 1614 1240 1642">
    <p class='ocr_par' dir='ltr' id='par_1_94' title="bbox 976 1614 1240 1642">
     <span class='ocr_line' id='line_1_94' title="bbox 976 1614 1240 1642; baseline -0.004 0"><span class='ocrx_word' id='word_1_621' title='bbox 976 1615 1070 1642; x_wconf 82' lang='lat' dir='ltr'><strong>inferis</strong></span> <span class='ocrx_word' id='word_1_622' title='bbox 1094 1614 1240 1641; x_wconf 79' lang='lat' dir='ltr'><strong>revocavit.</strong></span> 
     </span>
    </p>
   </div>
   <div class='ocr_carea' id='block_1_95' title="bbox 1011 1658 1763 1694">
    <p class='ocr_par' dir='ltr' id='par_1_95' title="bbox 1011 1658 1763 1694">
     <span class='ocr_line' id='line_1_95' title="bbox 1011 1658 1763 1694; baseline -0.004 -7"><span class='ocrx_word' id='word_1_623' title='bbox 1011 1660 1084 1687; x_wconf 62' lang='lat' dir='ltr'><strong>Notae</strong></span> <span class='ocrx_word' id='word_1_624' title='bbox 1095 1665 1157 1687; x_wconf 89' lang='lat' dir='ltr'><strong>snttt</strong></span> <span class='ocrx_word' id='word_1_625' title='bbox 1170 1660 1288 1688; x_wconf 89' lang='lat' dir='ltr'><strong>civitatis</strong></span> <span class='ocrx_word' id='word_1_626' title='bbox 1304 1659 1393 1686; x_wconf 83' lang='lat' dir='ltr'><strong>clades</strong></span> <span class='ocrx_word' id='word_1_627' title='bbox 1406 1658 1466 1694; x_wconf 84' lang='lat' dir='ltr'><strong>plus</strong></span> <span class='ocrx_word' id='word_1_628' title='bbox 1479 1666 1560 1693; x_wconf 88' lang='lat' dir='ltr'><strong>quam</strong></span> <span class='ocrx_word' id='word_1_629' title='bbox 1576 1658 1681 1691; x_wconf 86' lang='lat' dir='ltr'><strong>civiles,</strong></span> <span class='ocrx_word' id='word_1_630' title='bbox 1697 1659 1763 1684; x_wconf 87' lang='lat' dir='ltr'><strong>dum</strong></span> 
     </span>
    </p>
   </div>
   <div class='ocr_carea' id='block_1_96' title="bbox 976 1704 1766 1739">
    <p class='ocr_par' dir='ltr' id='par_1_96' title="bbox 976 1704 1766 1739">
     <span class='ocr_line' id='line_1_96' title="bbox 976 1704 1766 1739; baseline -0.003 -7"><span class='ocrx_word' id='word_1_631' title='bbox 976 1707 1057 1734; x_wconf 67' lang='lat' dir='ltr'><strong>factio</strong></span> <span class='ocrx_word' id='word_1_632' title='bbox 1077 1706 1218 1734; x_wconf 78' lang='lat' dir='ltr'><strong>Bentivola</strong></span> <span class='ocrx_word' id='word_1_633' title='bbox 1231 1711 1257 1733; x_wconf 89' lang='lat' dir='ltr'><strong>et</strong></span> <span class='ocrx_word' id='word_1_634' title='bbox 1274 1705 1410 1733; x_wconf 81' lang='lat' dir='ltr'><strong>Ccncdula</strong></span> <span class='ocrx_word' id='word_1_635' title='bbox 1433 1704 1467 1732; x_wconf 82' lang='lat' dir='ltr'><strong>dc</strong></span> <span class='ocrx_word' id='word_1_636' title='bbox 1484 1704 1636 1739; x_wconf 84' lang='lat' dir='ltr'><strong>principatu</strong></span> <span class='ocrx_word' id='word_1_637' title='bbox 1652 1709 1766 1731; x_wconf 85' lang='lat' dir='ltr'><strong>conten—</strong></span> 
     </span>
    </p>
   </div>
   <div class='ocr_carea' id='block_1_97' title="bbox 975 1750 1764 1787">
    <p class='ocr_par' dir='ltr' id='par_1_97' title="bbox 975 1750 1764 1787">
     <span class='ocr_line' id='line_1_97' title="bbox 975 1750 1764 1787; baseline -0.005 -8"><span class='ocrx_word' id='word_1_638' title='bbox 975 1754 1029 1787; x_wconf 88' lang='lat' dir='ltr'><strong>dit;</strong></span> <span class='ocrx_word' id='word_1_639' title='bbox 1049 1753 1184 1780; x_wconf 83' lang='lat' dir='ltr'><strong>alentibtts</strong></span> <span class='ocrx_word' id='word_1_640' title='bbox 1197 1752 1355 1780; x_wconf 88' lang='lat' dir='ltr'><strong>seditionem</strong></span> <span class='ocrx_word' id='word_1_641' title='bbox 1373 1751 1434 1778; x_wconf 89' lang='lat' dir='ltr'><strong>hinc</strong></span> <span class='ocrx_word' id='word_1_642' title='bbox 1454 1750 1579 1785; x_wconf 83' lang='lat' dir='ltr'><strong>Philippo</strong></span> <span class='ocrx_word' id='word_1_643' title='bbox 1594 1750 1764 1782; x_wconf 80' lang='lat' dir='ltr'><strong>viccComite,</strong></span> 
     </span>
    </p>
   </div>
   <div class='ocr_carea' id='block_1_98' title="bbox 976 1797 1766 1833">
    <p class='ocr_par' dir='ltr' id='par_1_98' title="bbox 976 1797 1766 1833">
     <span class='ocr_line' id='line_1_98' title="bbox 976 1797 1766 1833; baseline -0.006 -5"><span class='ocrx_word' id='word_1_644' title='bbox 976 1803 1038 1829; x_wconf 88' lang='lat' dir='ltr'><strong>hinc</strong></span> <span class='ocrx_word' id='word_1_645' title='bbox 1054 1800 1176 1832; x_wconf 85' lang='lat' dir='ltr'><strong>Venetis,</strong></span> <span class='ocrx_word' id='word_1_646' title='bbox 1194 1799 1258 1826; x_wconf 87' lang='lat' dir='ltr'><strong>hinc</strong></span> <span class='ocrx_word' id='word_1_647' title='bbox 1285 1798 1407 1833; x_wconf 87' lang='lat' dir='ltr'><strong>principe</strong></span> <span class='ocrx_word' id='word_1_648' title='bbox 1432 1797 1615 1829; x_wconf 85' lang='lat' dir='ltr'><strong>Fcrrariense,</strong></span> <span class='ocrx_word' id='word_1_649' title='bbox 1641 1797 1766 1824; x_wconf 83' lang='lat' dir='ltr'><strong>instanti-</strong></span> 
     </span>
    </p>
   </div>
   <div class='ocr_carea' id='block_1_99' title="bbox 975 1843 1764 1881">
    <p class='ocr_par' dir='ltr' id='par_1_99' title="bbox 975 1843 1764 1881">
     <span class='ocr_line' id='line_1_99' title="bbox 975 1843 1764 1881; baseline -0.008 -6"><span class='ocrx_word' id='word_1_650' title='bbox 975 1848 1025 1875; x_wconf 86' lang='lat' dir='ltr'><strong>bus</strong></span> <span class='ocrx_word' id='word_1_651' title='bbox 1037 1847 1238 1881; x_wconf 59' lang='lat' dir='ltr'><strong>etiam‘duabus</strong></span> <span class='ocrx_word' id='word_1_652' title='bbox 1248 1845 1410 1873; x_wconf 87' lang='lat' dir='ltr'><strong>militaribus</strong></span> <span class='ocrx_word' id='word_1_653' title='bbox 1427 1844 1599 1876; x_wconf 86' lang='lat' dir='ltr'><strong>factionibus,</strong></span> <span class='ocrx_word' id='word_1_654' title='bbox 1613 1843 1764 1870; x_wconf 76' lang='lat' dir='ltr'><strong>Brachiana</strong></span> 
     </span>
    </p>
   </div>
   <div class='ocr_carea' id='block_1_100' title="bbox 975 1890 1765 1927">
    <p class='ocr_par' dir='ltr' id='par_1_100' title="bbox 975 1890 1765 1927">
     <span class='ocr_line' id='line_1_100' title="bbox 975 1890 1765 1927; baseline -0.006 -6"><span class='ocrx_word' id='word_1_655' title='bbox 975 1899 1002 1921; x_wconf 86' lang='lat' dir='ltr'><strong>ct</strong></span> <span class='ocrx_word' id='word_1_656' title='bbox 1023 1893 1172 1924; x_wconf 84' lang='lat' dir='ltr'><strong>Sfortiana,</strong></span> <span class='ocrx_word' id='word_1_657' title='bbox 1187 1900 1248 1927; x_wconf 62' lang='lat' dir='ltr'><strong>qua:</strong></span> <span class='ocrx_word' id='word_1_658' title='bbox 1264 1891 1432 1918; x_wconf 90' lang='lat' dir='ltr'><strong>dominatum</strong></span> <span class='ocrx_word' id='word_1_659' title='bbox 1454 1895 1622 1925; x_wconf 77' lang='lat' dir='ltr'><strong>appetentes,</strong></span> <span class='ocrx_word' id='word_1_660' title='bbox 1642 1890 1712 1917; x_wconf 87' lang='lat' dir='ltr'><strong>hanc</strong></span> <span class='ocrx_word' id='word_1_661' title='bbox 1727 1890 1765 1917; x_wconf 89' lang='lat' dir='ltr'><strong>ci-</strong></span> 
     </span>
    </p>
   </div>
   <div class='ocr_carea' id='block_1_101' title="bbox 975 1935 1766 1970">
    <p class='ocr_par' dir='ltr' id='par_1_101' title="bbox 975 1935 1766 1970">
     <span class='ocr_line' id='line_1_101' title="bbox 975 1935 1766 1970; baseline -0.005 -3"><span class='ocrx_word' id='word_1_662' title='bbox 975 1941 1086 1967; x_wconf 87' lang='lat' dir='ltr'><strong>vitatem</strong></span> <span class='ocrx_word' id='word_1_663' title='bbox 1099 1938 1179 1966; x_wconf 88' lang='lat' dir='ltr'><strong>veluti</strong></span> <span class='ocrx_word' id='word_1_664' title='bbox 1193 1945 1283 1964; x_wconf 84' lang='lat' dir='ltr'><strong>arcem</strong></span> <span class='ocrx_word' id='word_1_665' title='bbox 1295 1936 1377 1964; x_wconf 64' lang='lat' dir='ltr'><strong>Italia}</strong></span> <span class='ocrx_word' id='word_1_666' title='bbox 1387 1943 1522 1970; x_wconf 85' lang='lat' dir='ltr'><strong>occupare</strong></span> <span class='ocrx_word' id='word_1_667' title='bbox 1535 1935 1619 1962; x_wconf 86' lang='lat' dir='ltr'><strong>armis</strong></span> <span class='ocrx_word' id='word_1_668' title='bbox 1630 1943 1661 1962; x_wconf 84' lang='lat' dir='ltr'><strong>ac</strong></span> <span class='ocrx_word' id='word_1_669' title='bbox 1671 1935 1766 1963; x_wconf 83' lang='lat' dir='ltr'><strong>fraude</strong></span> 
     </span>
    </p>
   </div>
   <div class='ocr_carea' id='block_1_102' title="bbox 974 1981 1762 2022">
    <p class='ocr_par' dir='ltr' id='par_1_102' title="bbox 974 1981 1762 2022">
     <span class='ocr_line' id='line_1_102' title="bbox 974 1981 1762 2022; baseline -0.006 -9"><span class='ocrx_word' id='word_1_670' title='bbox 974 1992 1095 2022; x_wconf 60' lang='lat' dir='ltr'><strong>persatpe</strong></span> <span class='ocrx_word' id='word_1_671' title='bbox 1110 1984 1201 2012; x_wconf 84' lang='lat' dir='ltr'><strong>conati</strong></span> <span class='ocrx_word' id='word_1_672' title='bbox 1213 1987 1286 2010; x_wconf 87' lang='lat' dir='ltr'><strong>sunt.</strong></span> <span class='ocrx_word' id='word_1_673' title='bbox 1302 1981 1349 2009; x_wconf 80' lang='lat' dir='ltr'><strong>llis</strong></span> <span class='ocrx_word' id='word_1_674' title='bbox 1361 1982 1433 2019; x_wconf 85' lang='lat' dir='ltr'><strong>enim</strong></span> <span class='ocrx_word' id='word_1_675' title='bbox 1443 1989 1474 2009; x_wconf 90' lang='lat' dir='ltr'><strong>ac</strong></span> <span class='ocrx_word' id='word_1_676' title='bbox 1484 1986 1618 2009; x_wconf 89' lang='lat' dir='ltr'><strong>tantorum</strong></span> <span class='ocrx_word' id='word_1_677' title='bbox 1629 1981 1762 2009; x_wconf 78' lang='lat' dir='ltr'><strong>malorum</strong></span> 
     </span>
    </p>
   </div>
   <div class='ocr_carea' id='block_1_103' title="bbox 974 2027 1764 2060">
    <p class='ocr_par' dir='ltr' id='par_1_103' title="bbox 974 2027 1764 2060">
     <span class='ocr_line' id='line_1_103' title="bbox 974 2027 1764 2060; baseline -0.005 -2"><span class='ocrx_word' id='word_1_678' title='bbox 974 2031 1130 2059; x_wconf 72' lang='lat' dir='ltr'><strong>auctoribus</strong></span> <span class='ocrx_word' id='word_1_679' title='bbox 1144 2030 1176 2056; x_wconf 87' lang='lat' dir='ltr'><strong>ad</strong></span> <span class='ocrx_word' id='word_1_680' title='bbox 1195 2030 1220 2056; x_wconf 93' lang='lat' dir='ltr'><strong>id</strong></span> <span class='ocrx_word' id='word_1_681' title='bbox 1233 2029 1343 2056; x_wconf 65' lang='lat' dir='ltr'><strong>saevitia:</strong></span> <span class='ocrx_word' id='word_1_682' title='bbox 1360 2033 1471 2056; x_wconf 88' lang='lat' dir='ltr'><strong>ventum</strong></span> <span class='ocrx_word' id='word_1_683' title='bbox 1485 2031 1526 2055; x_wconf 79' lang='lat' dir='ltr'><strong>est</strong></span> <span class='ocrx_word' id='word_1_684' title='bbox 1538 2048 1545 2060; x_wconf 94' lang='lat'><strong>,</strong></span> <span class='ocrx_word' id='word_1_685' title='bbox 1561 2033 1590 2054; x_wconf 90' lang='lat' dir='ltr'><strong>ut</strong></span> <span class='ocrx_word' id='word_1_686' title='bbox 1608 2027 1702 2055; x_wconf 84' lang='lat' dir='ltr'><strong>eodem</strong></span> <span class='ocrx_word' id='word_1_687' title='bbox 1720 2028 1764 2055; x_wconf 86' lang='lat' dir='ltr'><strong>die</strong></span> 
     </span>
    </p>
   </div>
   <div class='ocr_carea' id='block_1_104' title="bbox 974 2074 1762 2109">
    <p class='ocr_par' dir='ltr' id='par_1_104' title="bbox 974 2074 1762 2109">
     <span class='ocr_line' id='line_1_104' title="bbox 974 2074 1762 2109; baseline -0.006 -4"><span class='ocrx_word' id='word_1_688' title='bbox 974 2084 1001 2106; x_wconf 90' lang='lat' dir='ltr'><strong>et.</strong></span> <span class='ocrx_word' id='word_1_689' title='bbox 1020 2077 1135 2104; x_wconf 83' lang='lat' dir='ltr'><strong>Annibal</strong></span> <span class='ocrx_word' id='word_1_690' title='bbox 1155 2075 1319 2109; x_wconf 83' lang='lat' dir='ltr'><strong>_Bentivolus</strong></span> <span class='ocrx_word' id='word_1_691' title='bbox 1341 2080 1366 2102; x_wconf 90' lang='lat' dir='ltr'><strong>et</strong></span> <span class='ocrx_word' id='word_1_692' title='bbox 1391 2074 1513 2109; x_wconf 84' lang='lat' dir='ltr'><strong>Baptista</strong></span> <span class='ocrx_word' id='word_1_693' title='bbox 1528 2074 1682 2102; x_wconf 87' lang='lat' dir='ltr'><strong>Cenedulus</strong></span> <span class='ocrx_word' id='word_1_694' title='bbox 1702 2083 1762 2101; x_wconf 86' lang='lat' dir='ltr'><strong>cum</strong></span> 
     </span>
    </p>
   </div>
   <div class='ocr_carea' id='block_1_105' title="bbox 977 2121 1764 2159">
    <p class='ocr_par' dir='ltr' id='par_1_105' title="bbox 977 2121 1764 2159">
     <span class='ocr_line' id='line_1_105' title="bbox 977 2121 1764 2159; baseline -0.005 -8"><span class='ocrx_word' id='word_1_695' title='bbox 977 2124 1069 2152; x_wconf 80' lang='lat' dir='ltr'><strong>niultis</strong></span> <span class='ocrx_word' id='word_1_696' title='bbox 1087 2129 1228 2156; x_wconf 87' lang='lat' dir='ltr'><strong>utrmsque</strong></span> <span class='ocrx_word' id='word_1_697' title='bbox 1258 2121 1386 2148; x_wconf 88' lang='lat' dir='ltr'><strong>factionis</strong></span> <span class='ocrx_word' id='word_1_698' title='bbox 1415 2125 1471 2148; x_wconf 88' lang='lat' dir='ltr'><strong>tota</strong></span> <span class='ocrx_word' id='word_1_699' title='bbox 1496 2121 1563 2148; x_wconf 81' lang='lat' dir='ltr'><strong>urbe</strong></span> <span class='ocrx_word' id='word_1_700' title='bbox 1584 2121 1764 2159; x_wconf 77' lang='lat' dir='ltr'><strong>tumultuante</strong></span> 
     </span>
    </p>
   </div>
   <div class='ocr_carea' id='block_1_106' title="bbox 974 2166 1764 2204">
    <p class='ocr_par' dir='ltr' id='par_1_106' title="bbox 974 2166 1764 2204">
     <span class='ocr_line' id='line_1_106' title="bbox 974 2166 1764 2204; baseline -0.005 -7"><span class='ocrx_word' id='word_1_701' title='bbox 974 2178 1027 2197; x_wconf 90' lang='lat' dir='ltr'><strong>uno</strong></span> <span class='ocrx_word' id='word_1_702' title='bbox 1043 2171 1145 2204; x_wconf 88' lang='lat' dir='ltr'><strong>iatpetu</strong></span> <span class='ocrx_word' id='word_1_703' title='bbox 1161 2169 1340 2200; x_wconf 69' lang='lat' dir='ltr'><strong>mederentur,</strong></span> <span class='ocrx_word' id='word_1_704' title='bbox 1366 2166 1440 2194; x_wconf 88' lang='lat' dir='ltr'><strong>nullo</strong></span> <span class='ocrx_word' id='word_1_705' title='bbox 1459 2174 1513 2194; x_wconf 90' lang='lat' dir='ltr'><strong>non</strong></span> <span class='ocrx_word' id='word_1_706' title='bbox 1539 2166 1708 2194; x_wconf 83' lang='lat' dir='ltr'><strong>crudelitatis</strong></span> <span class='ocrx_word' id='word_1_707' title='bbox 1719 2174 1764 2201; x_wconf 81' lang='lat' dir='ltr'><strong>ge-</strong></span> 
     </span>
    </p>
   </div>
   <div class='ocr_carea' id='block_1_107' title="bbox 973 2212 1763 2247">
    <p class='ocr_par' dir='ltr' id='par_1_107' title="bbox 973 2212 1763 2247">
     <span class='ocr_line' id='line_1_107' title="bbox 973 2212 1763 2247; baseline -0.006 -4"><span class='ocrx_word' id='word_1_708' title='bbox 973 2224 1039 2243; x_wconf 82' lang='lat' dir='ltr'><strong>nere</strong></span> <span class='ocrx_word' id='word_1_709' title='bbox 1055 2214 1177 2242; x_wconf 85' lang='lat' dir='ltr'><strong>adhibito</strong></span> <span class='ocrx_word' id='word_1_710' title='bbox 1191 2223 1198 2247; x_wconf 89' lang='lat'><strong>;</strong></span> <span class='ocrx_word' id='word_1_711' title='bbox 1217 2220 1244 2240; x_wconf 89' lang='lat' dir='ltr'><strong>et</strong></span> <span class='ocrx_word' id='word_1_712' title='bbox 1261 2221 1293 2240; x_wconf 83' lang='lat' dir='ltr'><strong>ne</strong></span> <span class='ocrx_word' id='word_1_713' title='bbox 1307 2212 1359 2239; x_wconf 83' lang='lat' dir='ltr'><strong>ulla</strong></span> <span class='ocrx_word' id='word_1_714' title='bbox 1368 2212 1446 2247; x_wconf 89' lang='lat' dir='ltr'><strong>qtties</strong></span> <span class='ocrx_word' id='word_1_715' title='bbox 1461 2212 1629 2239; x_wconf 82' lang='lat' dir='ltr'><strong>calamitosis</strong></span> <span class='ocrx_word' id='word_1_716' title='bbox 1643 2213 1763 2244; x_wconf 84' lang='lat' dir='ltr'><strong>daretur,</strong></span> 
     </span>
    </p>
   </div>
   <div class='ocr_carea' id='block_1_108' title="bbox 973 2258 1761 2297">
    <p class='ocr_par' dir='ltr' id='par_1_108' title="bbox 973 2258 1761 2297">
     <span class='ocr_line' id='line_1_108' title="bbox 973 2258 1761 2297; baseline -0.004 -9"><span class='ocrx_word' id='word_1_717' title='bbox 973 2269 1155 2297; x_wconf 86' lang='lat' dir='ltr'><strong>supervenere</strong></span> <span class='ocrx_word' id='word_1_718' title='bbox 1183 2259 1280 2294; x_wconf 66' lang='lat' dir='ltr'><strong>smpius</strong></span> <span class='ocrx_word' id='word_1_719' title='bbox 1306 2259 1412 2286; x_wconf 84' lang='lat' dir='ltr'><strong>externi</strong></span> <span class='ocrx_word' id='word_1_720' title='bbox 1441 2258 1534 2286; x_wconf 84' lang='lat' dir='ltr'><strong>hostes</strong></span> <span class='ocrx_word' id='word_1_721' title='bbox 1555 2259 1647 2286; x_wconf 86' lang='lat' dir='ltr'><strong>urbem</strong></span> <span class='ocrx_word' id='word_1_722' title='bbox 1673 2266 1761 2293; x_wconf 90' lang='lat' dir='ltr'><strong>opptt-</strong></span> 
     </span>
    </p>
   </div>
   <div class='ocr_carea' id='block_1_109' title="bbox 974 2305 1765 2344">
    <p class='ocr_par' dir='ltr' id='par_1_109' title="bbox 974 2305 1765 2344">
     <span class='ocr_line' id='line_1_109' title="bbox 974 2305 1765 2344; baseline -0.006 -9"><span class='ocrx_word' id='word_1_723' title='bbox 974 2308 1093 2344; x_wconf 82' lang='lat' dir='ltr'><strong>gnaturi,</strong></span> <span class='ocrx_word' id='word_1_724' title='bbox 1109 2308 1136 2334; x_wconf 93' lang='lat' dir='ltr'><strong>ni</strong></span> <span class='ocrx_word' id='word_1_725' title='bbox 1157 2306 1330 2334; x_wconf 77' lang='lat' dir='ltr'><strong>Bessarionis</strong></span> <span class='ocrx_word' id='word_1_726' title='bbox 1353 2305 1498 2340; x_wconf 85' lang='lat' dir='ltr'><strong>sapientia,</strong></span> <span class='ocrx_word' id='word_1_727' title='bbox 1515 2305 1588 2332; x_wconf 87' lang='lat' dir='ltr'><strong>cives</strong></span> <span class='ocrx_word' id='word_1_728' title='bbox 1607 2306 1640 2332; x_wconf 87' lang='lat' dir='ltr'><strong>ad</strong></span> <span class='ocrx_word' id='word_1_729' title='bbox 1652 2312 1765 2332; x_wconf 78' lang='lat' dir='ltr'><strong>cont-or-</strong></span> 
     </span>
    </p>
   </div>
   <div class='ocr_carea' id='block_1_110' title="bbox 973 2351 1761 2385">
    <p class='ocr_par' dir='ltr' id='par_1_110' title="bbox 973 2351 1761 2385">
     <span class='ocr_line' id='line_1_110' title="bbox 973 2351 1761 2385; baseline -0.006 -3"><span class='ocrx_word' id='word_1_730' title='bbox 973 2354 1044 2383; x_wconf 89' lang='lat' dir='ltr'><strong>diam</strong></span> <span class='ocrx_word' id='word_1_731' title='bbox 1055 2358 1344 2385; x_wconf 79' lang='lat' dir='ltr'><strong>revocans,exterttum</strong></span> <span class='ocrx_word' id='word_1_732' title='bbox 1355 2351 1460 2379; x_wconf 88' lang='lat' dir='ltr'><strong>hostem</strong></span> <span class='ocrx_word' id='word_1_733' title='bbox 1473 2351 1594 2378; x_wconf 91' lang='lat' dir='ltr'><strong>rabidum</strong></span> <span class='ocrx_word' id='word_1_734' title='bbox 1603 2355 1629 2378; x_wconf 87' lang='lat' dir='ltr'><strong>et</strong></span> <span class='ocrx_word' id='word_1_735' title='bbox 1638 2359 1761 2378; x_wconf 85' lang='lat' dir='ltr'><strong>voraccm</strong></span> 
     </span>
    </p>
   </div>
   <div class='ocr_carea' id='block_1_111' title="bbox 973 2397 1762 2432">
    <p class='ocr_par' dir='ltr' id='par_1_111' title="bbox 973 2397 1762 2432">
     <span class='ocr_line' id='line_1_111' title="bbox 973 2397 1762 2432; baseline -0.004 -4"><span class='ocrx_word' id='word_1_736' title='bbox 973 2409 988 2428; x_wconf 87' lang='lat' dir='ltr'><strong>a</strong></span> <span class='ocrx_word' id='word_1_737' title='bbox 1002 2400 1155 2428; x_wconf 82' lang='lat' dir='ltr'><strong>visceribus</strong></span> <span class='ocrx_word' id='word_1_738' title='bbox 1172 2399 1273 2426; x_wconf 88' lang='lat' dir='ltr'><strong>civium</strong></span> <span class='ocrx_word' id='word_1_739' title='bbox 1289 2398 1499 2426; x_wconf 84' lang='lat' dir='ltr'><strong>Bononiensinm</strong></span> <span class='ocrx_word' id='word_1_740' title='bbox 1517 2397 1696 2432; x_wconf 74' lang='lat' dir='ltr'><strong>propulsaret.</strong></span> <span class='ocrx_word' id='word_1_741' title='bbox 1711 2397 1762 2425; x_wconf 74' lang='lat' dir='ltr'><strong>lte-</strong></span> 
     </span>
    </p>
   </div>
   <div class='ocr_carea' id='block_1_112' title="bbox 973 2444 1761 2482">
    <p class='ocr_par' dir='ltr' id='par_1_112' title="bbox 973 2444 1761 2482">
     <span class='ocr_line' id='line_1_112' title="bbox 973 2444 1761 2482; baseline -0.004 -8"><span class='ocrx_word' id='word_1_742' title='bbox 973 2447 1094 2482; x_wconf 87' lang='lat' dir='ltr'><strong>spirante</strong></span> <span class='ocrx_word' id='word_1_743' title='bbox 1120 2445 1215 2473; x_wconf 89' lang='lat' dir='ltr'><strong>deinde</strong></span> <span class='ocrx_word' id='word_1_744' title='bbox 1245 2446 1373 2480; x_wconf 85' lang='lat' dir='ltr'><strong>paulatim</strong></span> <span class='ocrx_word' id='word_1_745' title='bbox 1403 2446 1519 2480; x_wconf 89' lang='lat' dir='ltr'><strong>(tantum</strong></span> <span class='ocrx_word' id='word_1_746' title='bbox 1546 2444 1609 2471; x_wconf 82' lang='lat' dir='ltr'><strong>mali</strong></span> <span class='ocrx_word' id='word_1_747' title='bbox 1638 2445 1761 2479; x_wconf 80' lang='lat' dir='ltr'><strong>inerat!)</strong></span> 
     </span>
    </p>
   </div>
   <div class='ocr_carea' id='block_1_113' title="bbox 973 2491 1763 2526">
    <p class='ocr_par' dir='ltr' id='par_1_113' title="bbox 973 2491 1763 2526">
     <span class='ocr_line' id='line_1_113' title="bbox 973 2491 1763 2526; baseline -0.001 -5"><span class='ocrx_word' id='word_1_748' title='bbox 973 2495 1006 2521; x_wconf 89' lang='lat' dir='ltr'><strong>ab</strong></span> <span class='ocrx_word' id='word_1_749' title='bbox 1020 2497 1132 2520; x_wconf 82' lang='lat' dir='ltr'><strong>externa</strong></span> <span class='ocrx_word' id='word_1_750' title='bbox 1144 2492 1168 2519; x_wconf 90' lang='lat' dir='ltr'><strong>vi</strong></span> <span class='ocrx_word' id='word_1_751' title='bbox 1179 2491 1362 2526; x_wconf 85' lang='lat' dir='ltr'><strong>intestinoque</strong></span> <span class='ocrx_word' id='word_1_752' title='bbox 1373 2491 1445 2517; x_wconf 87' lang='lat' dir='ltr'><strong>malo</strong></span> <span class='ocrx_word' id='word_1_753' title='bbox 1459 2491 1586 2523; x_wconf 85' lang='lat' dir='ltr'><strong>civitate&#39;,</strong></span> <span class='ocrx_word' id='word_1_754' title='bbox 1604 2495 1689 2518; x_wconf 78' lang='lat' dir='ltr'><strong>toturn</strong></span> <span class='ocrx_word' id='word_1_755' title='bbox 1703 2499 1763 2520; x_wconf 83' lang='lat' dir='ltr'><strong>sese</strong></span> 
     </span>
    </p>
   </div>
   <div class='ocr_carea' id='block_1_114' title="bbox 973 2537 1762 2573">
    <p class='ocr_par' dir='ltr' id='par_1_114' title="bbox 973 2537 1762 2573">
     <span class='ocr_line' id='line_1_114' title="bbox 973 2537 1762 2573; baseline -0.004 -5"><span class='ocrx_word' id='word_1_756' title='bbox 973 2541 1014 2568; x_wconf 85' lang='lat' dir='ltr'><strong>vir</strong></span> <span class='ocrx_word' id='word_1_757' title='bbox 1030 2540 1150 2573; x_wconf 86' lang='lat' dir='ltr'><strong>optimus</strong></span> <span class='ocrx_word' id='word_1_758' title='bbox 1166 2539 1199 2565; x_wconf 86' lang='lat' dir='ltr'><strong>ad</strong></span> <span class='ocrx_word' id='word_1_759' title='bbox 1211 2537 1414 2572; x_wconf 76' lang='lat' dir='ltr'><strong>componendas</strong></span> <span class='ocrx_word' id='word_1_760' title='bbox 1425 2537 1527 2564; x_wconf 84' lang='lat' dir='ltr'><strong>civium</strong></span> <span class='ocrx_word' id='word_1_761' title='bbox 1540 2544 1640 2569; x_wconf 86' lang='lat' dir='ltr'><strong>mores,</strong></span> <span class='ocrx_word' id='word_1_762' title='bbox 1652 2537 1762 2565; x_wconf 86' lang='lat' dir='ltr'><strong>licentia</strong></span> 
     </span>
    </p>
   </div>
   <div class='ocr_carea' id='block_1_115' title="bbox 971 2583 1763 2619">
    <p class='ocr_par' dir='ltr' id='par_1_115' title="bbox 971 2583 1763 2619">
     <span class='ocr_line' id='line_1_115' title="bbox 971 2583 1763 2619; baseline -0.001 -6"><span class='ocrx_word' id='word_1_763' title='bbox 971 2587 1068 2614; x_wconf 83' lang='lat' dir='ltr'><strong>bellica</strong></span> <span class='ocrx_word' id='word_1_764' title='bbox 1081 2590 1225 2619; x_wconf 86' lang='lat' dir='ltr'><strong>corruptos</strong></span> <span class='ocrx_word' id='word_1_765' title='bbox 1239 2589 1266 2611; x_wconf 91' lang='lat' dir='ltr'><strong>et</strong></span> <span class='ocrx_word' id='word_1_766' title='bbox 1282 2583 1470 2616; x_wconf 78' lang='lat' dir='ltr'><strong>labefat-tatos,</strong></span> <span class='ocrx_word' id='word_1_767' title='bbox 1486 2584 1582 2617; x_wconf 84' lang='lat' dir='ltr'><strong>vertit;</strong></span> <span class='ocrx_word' id='word_1_768' title='bbox 1595 2591 1674 2618; x_wconf 87' lang='lat' dir='ltr'><strong>quem</strong></span> <span class='ocrx_word' id='word_1_769' title='bbox 1688 2589 1763 2612; x_wconf 85' lang='lat' dir='ltr'><strong>certe</strong></span> 
     </span>
    </p>
   </div>
   <div class='ocr_carea' id='block_1_116' title="bbox 973 2629 1760 2666">
    <p class='ocr_par' dir='ltr' id='par_1_116' title="bbox 973 2629 1760 2666">
     <span class='ocr_line' id='line_1_116' title="bbox 973 2629 1760 2666; baseline -0.004 -6"><span class='ocrx_word' id='word_1_770' title='bbox 973 2633 1059 2661; x_wconf 86' lang='lat' dir='ltr'><strong>hacin</strong></span> <span class='ocrx_word' id='word_1_771' title='bbox 1077 2641 1104 2660; x_wconf 90' lang='lat' dir='ltr'><strong>re</strong></span> <span class='ocrx_word' id='word_1_772' title='bbox 1117 2633 1185 2659; x_wconf 93' lang='lat' dir='ltr'><strong>nihil</strong></span> <span class='ocrx_word' id='word_1_773' title='bbox 1204 2638 1280 2665; x_wconf 81' lang='lat' dir='ltr'><strong>aeque</strong></span> <span class='ocrx_word' id='word_1_774' title='bbox 1293 2631 1451 2666; x_wconf 85' lang='lat' dir='ltr'><strong>juvitquam</strong></span> <span class='ocrx_word' id='word_1_775' title='bbox 1470 2629 1529 2664; x_wconf 84' lang='lat' dir='ltr'><strong>ejus</strong></span> <span class='ocrx_word' id='word_1_776' title='bbox 1547 2631 1653 2665; x_wconf 82' lang='lat' dir='ltr'><strong>religio,</strong></span> <span class='ocrx_word' id='word_1_777' title='bbox 1663 2631 1760 2665; x_wconf 83' lang='lat' dir='ltr'><strong>pictas,</strong></span> 
     </span>
    </p>
   </div>
   <div class='ocr_carea' id='block_1_117' title="bbox 970 2676 1763 2715">
    <p class='ocr_par' dir='ltr' id='par_1_117' title="bbox 970 2676 1763 2715">
     <span class='ocr_line' id='line_1_117' title="bbox 970 2676 1763 2715; baseline -0.003 -11"><span class='ocrx_word' id='word_1_778' title='bbox 970 2680 1085 2715; x_wconf 72' lang='lat' dir='ltr'><strong>iustitia,</strong></span> <span class='ocrx_word' id='word_1_779' title='bbox 1101 2678 1266 2710; x_wconf 84' lang='lat' dir='ltr'><strong>constantia,</strong></span> <span class='ocrx_word' id='word_1_780' title='bbox 1294 2676 1471 2707; x_wconf 87' lang='lat' dir='ltr'><strong>abstinentia,</strong></span> <span class='ocrx_word' id='word_1_781' title='bbox 1499 2676 1618 2710; x_wconf 73' lang='lat' dir='ltr'><strong>gravitas</strong></span> <span class='ocrx_word' id='word_1_782' title='bbox 1633 2677 1763 2703; x_wconf 81' lang='lat' dir='ltr'><strong>comitate</strong></span> 
     </span>
    </p>
   </div>
   <div class='ocr_carea' id='block_1_118' title="bbox 971 2722 1759 2757">
    <p class='ocr_par' dir='ltr' id='par_1_118' title="bbox 971 2722 1759 2757">
     <span class='ocr_line' id='line_1_118' title="bbox 971 2722 1759 2757; baseline -0.005 -4"><span class='ocrx_word' id='word_1_783' title='bbox 971 2727 1090 2753; x_wconf 85' lang='lat' dir='ltr'><strong>condita.</strong></span> <span class='ocrx_word' id='word_1_784' title='bbox 1108 2725 1163 2752; x_wconf 89' lang='lat' dir='ltr'><strong>llac</strong></span> <span class='ocrx_word' id='word_1_785' title='bbox 1182 2725 1252 2751; x_wconf 90' lang='lat' dir='ltr'><strong>enim</strong></span> <span class='ocrx_word' id='word_1_786' title='bbox 1270 2724 1375 2750; x_wconf 80' lang='lat' dir='ltr'><strong>ratione</strong></span> <span class='ocrx_word' id='word_1_787' title='bbox 1388 2723 1447 2750; x_wconf 89' lang='lat' dir='ltr'><strong>sittc</strong></span> <span class='ocrx_word' id='word_1_788' title='bbox 1465 2723 1517 2749; x_wconf 80' lang='lat' dir='ltr'><strong>ulla</strong></span> <span class='ocrx_word' id='word_1_789' title='bbox 1537 2722 1562 2749; x_wconf 92' lang='lat' dir='ltr'><strong>vi</strong></span> <span class='ocrx_word' id='word_1_790' title='bbox 1582 2722 1759 2757; x_wconf 89' lang='lat' dir='ltr'><strong>quorumdam</strong></span> 
     </span>
    </p>
   </div>
   <div class='ocr_carea' id='block_1_119' title="bbox 971 2768 1760 2805">
    <p class='ocr_par' dir='ltr' id='par_1_119' title="bbox 971 2768 1760 2805">
     <span class='ocr_line' id='line_1_119' title="bbox 971 2768 1760 2805; baseline -0.005 -7"><span class='ocrx_word' id='word_1_791' title='bbox 971 2772 1112 2800; x_wconf 90' lang='lat' dir='ltr'><strong>hominum</strong></span> <span class='ocrx_word' id='word_1_792' title='bbox 1128 2771 1310 2805; x_wconf 73' lang='lat' dir='ltr'><strong>arrogantiam</strong></span> <span class='ocrx_word' id='word_1_793' title='bbox 1324 2769 1464 2803; x_wconf 83' lang='lat' dir='ltr'><strong>repressit,</strong></span> <span class='ocrx_word' id='word_1_794' title='bbox 1477 2768 1604 2796; x_wconf 87' lang='lat' dir='ltr'><strong>libidines</strong></span> <span class='ocrx_word' id='word_1_795' title='bbox 1619 2768 1760 2800; x_wconf 78' lang='lat' dir='ltr'><strong>exstinxit,</strong></span> 
     </span>
    </p>
   </div>
   <div class='ocr_carea' id='block_1_120' title="bbox 970 2816 1761 2853">
    <p class='ocr_par' dir='ltr' id='par_1_120' title="bbox 970 2816 1761 2853">
     <span class='ocr_line' id='line_1_120' title="bbox 970 2816 1761 2853; baseline -0.006 -7"><span class='ocrx_word' id='word_1_796' title='bbox 970 2819 1132 2853; x_wconf 77' lang='lat' dir='ltr'><strong>cupiditates</strong></span> <span class='ocrx_word' id='word_1_797' title='bbox 1150 2818 1306 2850; x_wconf 81' lang='lat' dir='ltr'><strong>refrenavit,</strong></span> <span class='ocrx_word' id='word_1_798' title='bbox 1325 2825 1386 2844; x_wconf 89' lang='lat' dir='ltr'><strong>cum</strong></span> <span class='ocrx_word' id='word_1_799' title='bbox 1413 2816 1470 2843; x_wconf 82' lang='lat' dir='ltr'><strong>ﬁeri</strong></span> <span class='ocrx_word' id='word_1_800' title='bbox 1492 2816 1562 2842; x_wconf 87' lang='lat' dir='ltr'><strong>haud</strong></span> <span class='ocrx_word' id='word_1_801' title='bbox 1574 2820 1683 2850; x_wconf 69' lang='lat' dir='ltr'><strong>gravate</strong></span> <span class='ocrx_word' id='word_1_802' title='bbox 1699 2822 1761 2842; x_wconf 81' lang='lat' dir='ltr'><strong>con-</strong></span> 
     </span>
    </p>
   </div>
   <div class='ocr_carea' id='block_1_121' title="bbox 972 2860 1762 2902">
    <p class='ocr_par' dir='ltr' id='par_1_121' title="bbox 972 2860 1762 2902">
     <span class='ocr_line' id='line_1_121' title="bbox 972 2860 1762 2902; baseline -0.006 -9"><span class='ocrx_word' id='word_1_803' title='bbox 972 2866 1091 2894; x_wconf 73' lang='lat' dir='ltr'><strong>sueverit</strong></span> <span class='ocrx_word' id='word_1_804' title='bbox 1108 2871 1137 2893; x_wconf 84' lang='lat' dir='ltr'><strong>ut</strong></span> <span class='ocrx_word' id='word_1_805' title='bbox 1152 2874 1197 2894; x_wconf 81' lang='lat' dir='ltr'><strong>eos</strong></span> <span class='ocrx_word' id='word_1_806' title='bbox 1220 2872 1309 2892; x_wconf 82' lang='lat' dir='ltr'><strong>mores</strong></span> <span class='ocrx_word' id='word_1_807' title='bbox 1330 2863 1463 2892; x_wconf 79' lang='lat' dir='ltr'><strong>imbibattt</strong></span> <span class='ocrx_word' id='word_1_808' title='bbox 1491 2862 1612 2902; x_wconf 74' lang='lat' dir='ltr'><strong>homines</strong></span> <span class='ocrx_word' id='word_1_809' title='bbox 1637 2870 1705 2897; x_wconf 72' lang='lat' dir='ltr'><strong>quos</strong></span> <span class='ocrx_word' id='word_1_810' title='bbox 1731 2860 1762 2888; x_wconf 80' lang='lat' dir='ltr'><strong>in</strong></span> 
     </span>
    </p>
   </div>
  </div>
