1912 3054
164 107 207 127 C“
688 107 814 139 PANEG
820 108 962 140 YRICUS
985 109 1244 141 BESSARIONIS.
1712 135 1720 138 -
1750 112 1782 133 εκ

163 159 285 194 principe
298 164 424 195 tanquam
438 161 464 189 in
478 163 590 196 speculo
599 163 681 191 totius
693 165 814 192 civitatis
823 165 949 193 viderim.

163 205 240 233 llunc
253 206 324 233 eninnn
340 215 436 235 omnes
456 216 508 236 non
524 209 646 244 privatas
657 212 865 239 commoditates
878 220 950 247 quae-

163 256 280 283 reutem.
309 253 355 281 sed
377 253 512 288 publicas,
522 263 575 282 non
593 256 663 288 otio,
681 257 728 284 sed
752 257 862 292 negotio
877 257 951 285 dedl-

162 302 230 330 tum,
248 305 300 325 non
317 306 423 333 somno,
437 301 484 328 sed
503 300 613 337 vigiliis,
639 301 676 328 ita
694 309 756 329 cum
772 302 951 330 adnnirationne

162 342 339 372 intuebantur
354 351 383 372 ut
397 346 489 374 beatos
500 354 530 374 se
552 348 663 375 demunn
682 348 741 376 fore
753 349 952 377 arbitrarentur

163 389 186 416 si
200 389 289 424 aliqua
303 399 334 418 ex
350 397 427 424 parte
449 392 622 421 Bessarionis
646 394 826 430 integritatem
850 395 952 430 attigis-

163 441 236 463 srnt.
255 437 294 464 Ad
316 437 397 472 hujus
422 439 513 474 itaque
534 447 625 468 mores
649 448 709 468 sese
731 441 901 476 effingentes,
918 448 951 468 ex

161 482 323 510 calamitosa
342 483 449 511 felicenn
475 485 549 512 brevi
567 485 703 513 civitatem
720 486 953 514 rcddidere.Sn'nb‘

165 528 229 555 latis
249 528 322 555 enim
347 529 842 563 seditionibus,exstinctisincendiis,
860 531 952 563 furtis,

166 573 274 607 rapinis
300 574 509 609 lnomicidiisqnne
527 576 670 611 repressis,
685 576 814 611 perfacile
832 576 952 604 fuitviro

163 619 227 646 huic
252 620 425 654 gravissimo,
444 621 564 649 adhibita
590 621 723 649 facilitate
750 622 776 649 in
806 622 950 655 audiendo,

164 663 275 692 lenitate
290 665 317 693 in
331 665 456 699 dicendo,
476 666 614 702 diligentia
630 666 658 694 in
675 667 880 700 satisfaciendo,
897 675 953 702 po-

164 710 257 744 pulum
282 710 482 740 Bononiensem
504 713 537 740 ad
559 713 659 740 bonnam
677 713 782 749 frugem
813 721 951 741 revocare.

164 756 252 788 Quem
272 758 344 785 enim
367 758 492 786 videbant
504 758 699 794 justissimum,
714 767 794 795 quem
811 760 953 787 modestiss

165 803 278 836 simum,
291 803 363 831 hunc
376 808 503 838 tanquam
515 805 548 832 de
561 806 631 833 coelo
642 807 754 833 missum
761 813 791 834 ea
803 806 952 841 praesertim

167 853 328 883 tempestate
344 851 556 884 venerabantur,
577 851 704 879 colebant
716 857 744 879 et
759 852 951 880 observabant.

166 895 235 923 Huic
263 899 343 923 tanta:
382 897 540 924 auctoritati
582 905 708 933 magnum
739 898 952 926 additamentum

167 936 288 969 doctrina
303 942 362 977 ejus
384 943 531 977 singularis
557 949 627 977 erat,
643 952 696 979 qnna
726 945 868 979 perbeatas
896 945 952 972 fieri

167 987 246 1022 pesse
262 989 427 1023 respublicas
443 989 533 1022 Plato,
551 991 651 1026 ingenii
669 998 701 1018 ac
718 991 858 1026 sapientiae
875 990 954 1018 facile

167 1034 306 1068 princeps,
324 1034 499 1063 existimavit.
521 1036 647 1063 Doctrina
663 1036 746 1068 enim,
764 1036 888 1070 potestati
905 1037 954 1063 ad-

165 1078 269 1112 juncta,
285 1079 327 1105 vel
343 1080 545 1107 vitiosissimam
558 1088 693 1114 quamque
707 1085 829 1107 naturam
849 1086 952 1108 nntutare

167 1130 266 1159 posset,
283 1125 380 1153 nncdunn
399 1126 496 1153 bonam
509 1127 542 1154 ad
558 1127 625 1154 bene
644 1127 677 1154 de
692 1127 819 1155 omnibus
842 1135 952 1162 prome-

167 1170 283 1198 rendum
298 1171 450 1205 impellere.
472 1172 537 1199 Haec
552 1171 623 1199 enim
652 1171 716 1199 facit
747 1177 775 1199 ut
803 1173 954 1207 provincia-

169 1225 228 1244 rum
243 1218 371 1252 prncsides
383 1222 409 1245 et
421 1217 527 1245 urbium
554 1225 606 1244 non
621 1218 708 1245 solunn
726 1225 755 1246 se
767 1218 861 1246 faciles
889 1227 956 1252 pra:-

168 1264 248 1291 beant
263 1264 289 1291 in
303 1264 498 1298 cognoscendis
525 1264 628 1297 causis,
645 1264 799 1292 lnominibus
816 1265 955 1293 audiendis

168 1311 418 1345 admittendisque,
452 1311 584 1346 majorum
614 1311 737 1346 exennplo
767 1319 884 1346 quarunt
913 1319 956 1339 res

169 1362 259 1391 gestas
282 1357 405 1392 legerinnt,
433 1365 525 1385 verum
553 1358 634 1385 etiannn
658 1358 767 1385 eosdem
782 1358 908 1385 admonet
926 1362 956 1385 ut

169 1411 229 1430 cum
246 1403 295 1438 ipsi
309 1403 363 1430 sint
374 1403 479 1438 optimi,
497 1411 606 1431 suorunn
620 1403 781 1438 cupiditates
806 1404 954 1436 refrenent,

169 1449 346 1484 petulantiam
359 1450 518 1484 reprinnannt,
535 1450 677 1477 avaritiam
701 1456 861 1483 coerceant;
882 1450 955 1485 quod

169 1497 277 1532 quidem
302 1496 445 1524 Bcssarion
477 1497 594 1524 maxime
616 1497 769 1525 observavit
796 1502 853 1525 toto
878 1498 956 1532 quinn-

170 1543 299 1578 quienuio
314 1551 367 1578 quo
380 1542 543 1571 Bononiensi
562 1543 620 1570 urbi
644 1543 766 1578 praefuit,
787 1551 821 1571 ne
845 1551 955 1571 suorum

170 1589 280 1618 licentia
296 1594 323 1618 et
338 1590 472 1624 cupiditas
483 1610 490 1622 ,
506 1590 578 1624 qnnod
593 1597 712 1624 persaepe
730 1590 820 1618 multis
845 1590 953 1622 accidit,

170 1641 252 1662 tanta:
276 1636 416 1671 sapientia:
437 1640 464 1663 et
488 1635 651 1670 integritatis
666 1635 772 1662 laudent
801 1643 955 1663 commacu-

170 1681 247 1709 laret.
264 1681 420 1716 Composito
434 1682 504 1708 lntnnc
515 1681 540 1708 iu
562 1681 668 1708 modum
683 1681 798 1708 civitatis
810 1686 891 1714 statu,
902 1689 955 1716 quo

168 1728 223 1762 jann
238 1727 358 1755 Bononia
375 1734 408 1753 xx
426 1734 497 1754 anno
512 1726 627 1754 feliciter
640 1727 713 1759 vixit,
727 1731 755 1754 et.
773 1727 867 1754 nititur
878 1733 956 1761 gym-

171 1773 275 1800 nasium
294 1773 520 1804 vetustissimum,
546 1772 708 1808 negligentia
728 1777 755 1800 et
780 1774 956 1801 seditionibus

170 1819 270 1846 civium
288 1826 356 1853 pene
381 1818 567 1846 intermissum
588 1823 614 1845 et
630 1811 788 1852 collapsum,
800 1826 853 1845 non
876 1819 956 1846 ntodo

170 1867 301 1899 aedificiis,
315 1873 405 1893 verum
415 1867 494 1893 etiam
509 1866 638 1893 institutis
647 1870 674 1892 et
684 1866 839 1894 melioribus
851 1867 956 1894 salariis

170 1913 324 1939 instaurare
343 1918 375 1939 ac
396 1911 524 1944 restituit,
550 1911 702 1943 conductis,
719 1913 842 1945 quamvis
861 1913 953 1947 grandi

171 1958 267 1992 pretio,
277 1956 631 1992 liberaliunnjdisciplinarnnn
643 1957 809 1985 doctoribus.
817 1958 955 1985 Excitabat

171 2004 358 2031 adolescentes
373 2003 406 2030 ad
419 2004 505 2031 studia
521 2005 652 2030 bonarunn
679 2004 789 2036 artium,
816 2004 955 2037 proposita

170 2050 272 2084 praemii
300 2055 383 2085 atque
403 2049 514 2076 honoris
532 2057 597 2084 spe:
625 2049 724 2077 nnnultos
747 2049 781 2077 ob
802 2049 917 2084 inopiam
940 2056 955 2075 a

170 2096 266 2124 sun-liis
294 2097 447 2122 dcfecturos
473 2095 635 2124 liberalitate
652 2100 680 2122 et
707 2096 890 2123 munificentia
907 2103 955 2123 sua

168 2141 236 2176 jnvit
249 2147 275 2169 et
294 2141 418 2169 instituto
442 2142 584 2169 continuit.
610 2141 679 2175 Quid
693 2143 768 2177 plura
783 2142 816 2170 de
831 2143 956 2177 amplitu-

171 2188 234 2215 tlittc
258 2188 336 2223 hujus
351 2188 445 2222 optimi
469 2187 556 2214 Patris
569 2188 667 2221 dicam,
699 2187 837 2221 Quirites?
869 2188 954 2222 Quam

168 2235 250 2270 jnnste,
277 2243 357 2269 quam
378 2234 534 2269 prudenter,
550 2243 630 2269 quam
657 2235 804 2262 clennennter
821 2235 953 2262 coloniam

171 2286 290 2309 vestram
322 2280 519 2308 Bontottiensem
539 2282 746 2316 gubernaverit,
773 2282 899 2315 erexerit,
929 2282 955 2308 in

171 2337 236 2365 pace
249 2329 400 2359 retinuerit,
409 2335 443 2355 ex
455 2327 505 2354 hoc
517 2328 677 2362 deprehendi
687 2328 852 2362 potestquod
863 2332 955 2362 postea

169 2384 245 2404 more
258 2376 389 2410 majorum
402 2374 612 2402 Bononiennsium
631 2378 759 2408 patronus
784 2374 853 2408 apud
869 2375 958 2407 ponti.

171 2422 235 2449 fixes
263 2428 371 2456 semper
391 2424 432 2448 est
450 2419 572 2447 habitus.
603 2420 675 2446 lllinns
701 2421 772 2446 eninn
797 2420 878 2455 legati
905 2421 958 2448 lnuc

172 2468 307 2494 venientes
322 2467 394 2493 lnnnnnc
407 2466 542 2492 hominem
558 2469 621 2492 ante
637 2472 732 2492 omnes
753 2465 864 2498 adeunti,
883 2466 956 2493 salu-

171 2519 239 2545 tant,
262 2513 418 2545 contsulunnt,
435 2512 590 2539 consultum
614 2512 790 2543 comitantur,
816 2513 956 2546 reducunt,

170 2561 241 2595 quod
270 2565 312 2587 est
335 2559 459 2586 maximas
482 2558 643 2593 integritatis
672 2564 699 2584 et
724 2559 896 2586 continetntix
917 2559 955 2586 si-

170 2614 262 2641 gnunnn.

205 2654 239 2680 At
265 2652 418 2684 Bessarion,
443 2655 552 2678 nnortnno
567 2650 679 2677 Nicolao
697 2651 728 2683 V,
748 2658 809 2678 cum
827 2651 853 2678 in
868 2651 955 2678 locum

170 2699 229 2733 ejus
244 2698 330 2726 suffici
355 2698 468 2725 alterum
496 2697 648 2732 pontificem
676 2705 788 2724 necesse
804 2703 886 2730 esset,
904 2697 958 2725 Ιίοο

171 2754 242 2774 mattn
255 2745 378 2777 veniens,
395 2744 603 2779 lacrymantibus
614 2743 829 2772 Bononiensibus
841 2745 918 2779 quasi
941 2752 956 2771 a

171 2797 248 2827 patre
276 2791 424 2822 destitutis,
453 2789 581 2817 conclave
609 2797 757 2824 Ingressus,
777 2791 955 2824 quorumdam

173 2838 299 2872 l'atrunn,
313 2841 339 2863 et
357 2836 530 2871 optimorum,
548 2835 675 2871 suffragio
693 2835 813 2870 pontifex
828 2836 953 2871 designa-

1006 170 1059 193 tur.
1068 166 1206 198 Quantum
1226 173 1288 192 vero
1300 165 1371 194 adsit
1387 163 1510 192 maximis
1530 162 1635 199 imperii
1647 162 1792 198 provinciis

1004 215 1031 237 et
1063 210 1220 238 civitatibus
1250 210 1320 238 livor
1337 215 1417 245 atque
1447 209 1568 242 invidia,
1597 209 1790 244 comprehendi

1005 261 1079 283 certe
1095 256 1146 283 hoc
1165 256 1223 283 loco
1237 260 1334 290 potest.
1357 255 1470 288 Quidam
1487 255 1558 282 enim
1576 255 1667 282 statim
1684 254 1786 281 snnborti

1005 307 1067 329 sunt
1075 303 1148 330 leves
1158 305 1184 330 et
1194 302 1345 336 voluptuosi
1358 303 1415 336 qui,
1427 301 1596 329 Bessarionis
1608 300 1791 334 integritatem

1005 352 1032 375 ct
1049 348 1208 376 modestiam
1221 348 1309 379 veriti,
1335 347 1457 374 dicerent
1482 346 1609 381 suffragia
1637 346 1702 373 vitio
1725 345 1792 372 inita

1005 394 1095 421 denuo
1110 394 1252 429 repetenda
1268 401 1339 421 esse.
1357 392 1416 421 Non
1429 393 1536 420 obstitit
1546 393 1586 419 vir
1595 393 1712 427 optinnnus
1724 399 1793 426 quo-

1006 441 1094 468 minus
1111 440 1137 467 id
1152 440 1239 472 fleret,
1253 440 1424 472 existimans,
1439 439 1509 472 quod
1525 446 1615 466 verum
1631 443 1683 471 est,
1702 438 1793 472 ponti-

1006 487 1115 514 fleatum
1133 494 1181 514 sua
1196 493 1310 520 persona
1325 485 1386 521 plus
1402 485 1523 520 indigere
1533 492 1614 519 qnnam
1627 492 1657 520 s_e
1683 484 1794 519 pontifi-

1006 537 1069 559 catu
1098 533 1130 558 ad
1163 532 1295 566 integrann
1326 531 1452 565 gloriam,
1469 539 1521 565 qua
1552 531 1672 566 profecto
1698 537 1794 558 carere

1002 577 1058 611 jam
1076 585 1129 604 non
1142 582 1238 611 potest.
1255 577 1294 604 Eo
1308 577 1380 604 enim
1395 577 1609 604 existimationis
1623 581 1650 604 et
1664 577 1742 604 fama
1754 576 1797 602 vin-

1006 623 1190 656 amplissimus
1200 621 1322 654 devenit,
1339 622 1449 649 utnulla
1465 622 1489 649 ei
1505 622 1618 649 ulterius
1633 622 1750 656 dignitas
1761 622 1794 648 ad

1006 676 1098 695 veram
1115 667 1270 695 felicitatcnn
1287 669 1323 696 sit
1341 668 1511 702 requirenda.
1545 667 1641 695 Dolcre
1673 672 1793 695 nostrannn

1005 715 1092 742 vicem
1114 719 1142 741 et
1166 714 1251 742 totius
1279 705 1434 748 reipublicae
1459 714 1631 745 Christianae,
1649 722 1703 740 non
1724 714 1792 747 ejus.

1007 760 1136 787 debemus
1151 759 1222 794 quod
1239 759 1283 786 tali
1302 760 1438 787 caruimus
1455 759 1589 794 principe,
1605 765 1632 787 et
1647 760 1697 786 lnac
1713 760 1796 794 potis-

1007 807 1105 834 sinnum
1133 811 1294 841 tempestate
1318 814 1382 842 qua,
1407 811 1506 840 praeter
1530 809 1671 833 externum
1690 806 1795 833 hostem

1006 853 1054 888 qnni
1071 853 1222 881 cervicibus
1242 853 1342 881 nostris
1362 857 1484 880 armatus
1503 852 1634 879 continnuo
1660 852 1793 884 imminet,

1007 899 1131 931 avaritia,
1160 899 1256 932 libido,
1283 899 1449 934 ignorantia,
1476 898 1521 925 Dei
1552 902 1634 932 atque
1660 897 1792 925 bonnornnm

1007 946 1145 973 hominum
1160 950 1340 980 contemptus,
1356 945 1483 973 inntcstinna
1503 949 1530 972 et
1552 945 1710 979 gravissima
1726 943 1794 970 mala

1006 1000 1056 1020 nos
1070 997 1177 1028 urgent,
1201 992 1370 1027 opprimunt,
1389 995 1518 1024 enecant,
1537 991 1646 1018 nemine
1670 990 1792 1025 juvantc.

1007 1038 1063 1066 Hoc
1075 1038 1201 1074 pontifice
1221 1038 1357 1071 indigebat
1373 1038 1470 1074 religio
1487 1037 1640 1066 Christiana
1654 1057 1660 1068 .
1677 1038 1794 1064 lacerata

1007 1093 1060 1113 non
1085 1084 1174 1112 nninus
1195 1091 1209 1110 a
1236 1084 1309 1112 vitiis
1330 1089 1484 1112 nostrorunnn
1508 1090 1589 1118 quam
1621 1083 1655 1109 ab
1685 1087 1795 1109 CXIL’I'LO

1008 1131 1105 1162 hoste,
1124 1135 1162 1157 -ut
1185 1129 1329 1165 aliquando
1354 1130 1521 1165 respiraret;
1541 1129 1611 1156 hnnnc
1642 1128 1794 1162 pontiﬁcem

1008 1184 1097 1204 nnnores
1108 1177 1194 1204 nostri
1208 1176 1381 1211 requirebant
1394 1176 1467 1202 omni
1485 1183 1518 1203 ex
1536 1181 1611 1210 parte
1624 1174 1774 1201 labefactati
1787 1182 1795 1207 ;

1007 1222 1090 1256 hujus
1109 1221 1245 1255 pontificis
1270 1229 1351 1257 opera
1368 1221 1524 1256 indigebant
1545 1221 1678 1248 bonarnnnn
1696 1221 1794 1247 artium

1008 1268 1119 1295 studiosi
1136 1272 1163 1295 et
1189 1268 1216 1294 in
1232 1268 1328 1302 quavis
1348 1268 1474 1295 facultate
1501 1268 1637 1300 industrii,
1654 1267 1699 1302 qui
1726 1274 1797 1293 nunc

1009 1317 1138 1348 tanquam
1161 1313 1267 1348 profani
1287 1317 1496 1340 contemnuntnnr
1512 1334 1520 1345 ,
1537 1312 1696 1347 rcjiciuntur
1709 1317 1735 1338 et
1749 1311 1798 1338 eli-

1007 1360 1156 1387 minantnr.
1172 1359 1230 1387 Non
1252 1360 1353 1387 destitit
1371 1364 1458 1385 tamen
1483 1359 1623 1387 Bessarionn
1652 1357 1796 1384 Callistum

1008 1413 1118 1433 monere
1130 1412 1157 1433 et
1172 1405 1275 1433 hortari
1289 1410 1328 1437 ut,
1342 1405 1504 1440 interposita
1518 1404 1681 1432 auctoritate
1705 1403 1796 1437 ponti-

1008 1453 1114 1483 ficatus,
1127 1453 1281 1480 saevientem
1300 1452 1404 1479 hostem
1425 1459 1438 1478 a
1465 1451 1618 1479 cervicibus
1629 1450 1800 1478 Christiano-

1008 1507 1067 1526 rum
1084 1499 1266 1533 propulsaret.
1277 1497 1315 1525 Ad
1332 1497 1382 1525 hoc
1394 1505 1502 1532 quoque
1523 1497 1622 1525 bellunn
1637 1497 1797 1524 adhortatus

1008 1551 1048 1572 cst
1080 1544 1258 1578 Alplnonnsnnm,
1276 1543 1416 1578 Aragoniaz
1445 1551 1546 1577 regem,
1563 1544 1625 1570 dnnnnt
1653 1550 1667 1569 a
1692 1543 1794 1570 balneis

1009 1591 1178 1623 Puteolanis,
1199 1598 1258 1624 qua:
1279 1590 1384 1616 adierat
1405 1589 1566 1616 valetudinis
1586 1596 1677 1620 causa,
1691 1588 1798 1624 Neapo-

1008 1636 1054 1663 lim
1076 1636 1268 1670 proficiscitur.
1297 1636 1337 1662 Ad
1365 1635 1495 1670 Cryptam
1522 1635 1725 1669 Neapolitanum
1751 1643 1796 1662 rex

1009 1690 1106 1716 magno
1120 1683 1247 1708 comitatu
1259 1681 1370 1708 honoris
1384 1689 1464 1707 causa
1480 1680 1631 1707 Bcssarionni
1647 1681 1674 1707 fit
1688 1681 1798 1713 obvius,

1009 1736 1137 1762 eunnqnne,
1154 1728 1228 1755 nullo
1244 1734 1298 1754 non
1311 1727 1447 1754 comitatis
1466 1733 1491 1753 et
1505 1727 1688 1754 beneficentinr
1699 1736 1797 1762 genere

1009 1775 1141 1806 adhibito,
1165 1775 1191 1801 in
1219 1774 1313 1801 urbem
1331 1774 1415 1801 ducit.
1437 1773 1586 1807 Acccptum
1604 1774 1676 1801 laute
1690 1778 1717 1800 et
1741 1782 1797 1800 nua-

1009 1821 1116 1856 gniflce,
1135 1821 1333 1855 abcuntcnnque
1361 1820 1455 1846 eodeni
1477 1827 1584 1855 semper
1607 1824 1634 1847 et
1650 1826 1798 1848 veneratus

1010 1873 1034 1895 et
1049 1872 1209 1902 prosecutus
1222 1871 1263 1892 est
1281 1866 1368 1892 vultu.

1039 1912 1144 1939 Mortuo
1162 1911 1258 1939 deinde
1269 1911 1393 1942 Callisto,
1406 1910 1468 1942 Pius
1482 1910 1505 1937 ll
1521 1910 1547 1938 in
1564 1910 1623 1945 ejus
1638 1911 1724 1938 locunnn
1739 1911 1799 1939 suf-

1009 1958 1107 1990 fectus,
1125 1961 1287 1984 conventunn
1305 1955 1477 1982 Mantuanum
1489 1975 1496 1987 ,
1512 1956 1673 1984 adhortante
1701 1957 1798 1984 Bessa-

1009 2006 1096 2036 rione,
1106 2003 1271 2032 Christianis
1285 2002 1410 2029 onnnibus
1423 2004 1456 2029 ad
1467 2007 1568 2029 certann
1582 2003 1651 2030 diennn
1663 2003 1796 2035 decrevit,

1009 2059 1063 2086 quo
1096 2050 1216 2078 onnnniunn
1245 2048 1396 2083 principum
1420 2053 1447 2074 et
1475 2048 1634 2082 populorum
1656 2056 1794 2076 consensu

1010 2096 1109 2125 bellum
1124 2096 1221 2123 Turcis
1237 2094 1411 2122 indiceretur.
1426 2093 1585 2121 Convenere
1609 2101 1641 2122 eo
1658 2094 1797 2130 principes

1009 2143 1085 2171 multi
1099 2147 1144 2170 annt
1158 2141 1238 2176 legati
1256 2148 1349 2175 regum
1369 2140 1588 2175 autprincipum,
1609 2148 1677 2175 qnnos
1698 2141 1794 2169 Bessa-

1010 2191 1069 2218 rion
1082 2193 1141 2224 post
1159 2188 1235 2215 Pium
1249 2186 1403 2223 pontificem
1421 2186 1454 2214 ad
1472 2191 1574 2214 tantnnnn
1587 2191 1611 2214 et
1625 2191 1681 2214 tam
1698 2195 1794 2216 neces-

1009 2237 1111 2264 sariunn
1130 2235 1228 2263 bellum
1243 2234 1360 2269 eleganti
1376 2233 1515 2264 oratione,
1529 2241 1609 2268 quant
1625 2235 1652 2262 in
1669 2236 1799 2264 manibus

1010 2283 1152 2315 habemus,
1170 2281 1330 2308 adhortatus
1353 2284 1405 2307 est.
1422 2279 1457 2307 At
1473 2287 1536 2308 vero
1557 2288 1618 2308 cum
1638 2281 1700 2308 huic
1721 2287 1800 2308 tanto

1008 2328 1150 2364 apparatui
1176 2327 1375 2355 Germanorum
1403 2326 1556 2361 principunn
1583 2327 1652 2354 inter
1674 2335 1704 2354 se
1726 2327 1799 2355 bella

1009 2377 1159 2407 obstarent,
1175 2382 1206 2401 eo
1222 2374 1330 2400 mittere
1343 2372 1408 2400 Pius
1426 2372 1614 2400 Bessarionenn
1631 2375 1717 2401 virntnn
1732 2383 1796 2409 gna-

1010 2422 1149 2449 vissimunn
1164 2421 1279 2455 legatum
1295 2419 1420 2451 instituit,
1437 2419 1492 2453 qui,
1510 2420 1590 2447 rebus
1608 2420 1634 2446 in
1650 2419 1798 2448 Germania

1009 2467 1179 2502 compositis,
1202 2466 1393 2500 imperatorem
1414 2465 1582 2492 Fridericum
1604 2473 1637 2493 ac
1668 2466 1790 2501 reliquos

1010 2515 1145 2550 principes
1159 2514 1193 2540 ad
1220 2513 1316 2540 lnellnnm
1330 2511 1426 2540 Turcis
1443 2512 1571 2539 indictum
1592 2513 1795 2540 adhortaretur.

1011 2560 1091 2588 Vadit
1106 2560 1147 2586 vir
1162 2559 1291 2593 optimus,
1306 2558 1368 2585 licet
1380 2557 1591 2585 valetudinarius
1602 2562 1629 2584 et
1647 2557 1736 2585 hieme
1753 2558 1796 2585 in-

1009 2611 1108 2638 stante,
1129 2614 1182 2641 quo
1210 2605 1272 2631 Pius
1301 2604 1426 2638 imperat.
1449 2602 1586 2635 Venetias,
1618 2603 1690 2631 Pado
1714 2611 1795 2632 annue

1009 2653 1126 2688 primunn
1141 2651 1257 2682 delatus,
1273 2649 1371 2676 ducem
1393 2656 1425 2675 ac
1442 2653 1567 2676 senatum
1586 2648 1619 2675 ad
1642 2649 1795 2684 suscipien-

1008 2699 1073 2726 dum
1101 2702 1205 2724 tantunnn
1234 2695 1333 2723 bellunn
1361 2695 1532 2727 adhortatus,
1562 2694 1589 2721 in
1620 2694 1795 2723 Germaniam

1009 2745 1124 2772 honesto
1154 2742 1239 2776 magis
1258 2748 1337 2775 quam
1362 2739 1437 2767 lauto
1465 2744 1493 2766 et
1516 2739 1632 2774 eleganti
1661 2741 1796 2769 comitatu

1009 2790 1090 2818 ﬂectit
1105 2789 1167 2817 iter.
1184 2787 1318 2815 vaiebat
1331 2790 1386 2813 tum
1403 2785 1499 2818 hiems,
1518 2785 1664 2813 Februario
1689 2794 1794 2820 mense,

1012 2839 1039 2865 in
1054 2835 1195 2864 Germania
1211 2834 1389 2870 potissimum,
1400 2840 1458 2867 qua:
1471 2833 1543 2867 regio
1555 2833 1727 2868 frigidissima
1741 2838 1792 2861 cst.
