1912 3054
123 104 166 126 cst
776 99 891 130 'BAPT.
915 98 1088 130 PLATINIE

123 157 243 185 Vexatus
263 156 354 192 itaque
371 164 431 184 cum
448 157 546 189 ventis,
563 162 619 184 tum
642 156 783 189 imbribus,
799 162 853 184 tum
869 157 910 184 ni-

123 204 201 231 vibus
217 211 300 238 prope
310 203 459 232 continuis.
475 203 579 230 nullum
598 203 668 230 diem
686 203 833 231 intermisit
855 210 910 238 quo

124 251 239 278 ulterius
255 258 307 277 non
329 251 566 284 proﬁcisceretur;
583 254 609 276 et
628 257 690 277 cum
707 255 781 277 stare
797 249 910 284 pedibus

123 296 184 330 equi
199 303 253 330 pra!
265 296 349 330 glacie
367 296 409 322 vix
424 299 546 328 possent,
559 295 681 322 Vehiculo
700 294 908 326 Germanorum,

123 344 194 376 quod
209 345 315 369 traham
335 349 472 375 vocamus,
489 349 540 368 nott
554 346 654 374 rectus,
677 342 724 369 sed
740 346 842 369 tractus
858 347 908 369 est.

123 388 244 416 Tandem
258 395 330 420 vero,
340 392 400 422 post
411 388 516 415 labores
526 387 744 422 propeinlinitos,
753 387 909 415 Norimber-

125 443 185 468 eam
203 433 286 464 venit,
303 433 409 460 obviam
421 433 570 466 prodeunte
583 431 791 459 honoratissimo
802 439 910 466 quoque

123 481 195 511 cive,
220 478 413 514 prodeuntibus
428 478 563 513 episcopis
579 482 606 505 et
626 482 681 505 toto
707 478 791 505 clero.
809 477 908 505 Urbem

124 527 274 560 ingressus,
290 525 387 552 litteris
403 525 494 551 statim
519 532 551 552 ac
569 524 673 551 nuntiis
689 524 826 558 principes
840 523 909 551 Ger-

123 571 220 598 mania:
230 572 263 597 ad
280 578 309 597 se
327 574 417 603 vocat,
432 570 558 605 popultttn
577 578 685 604 quoque
701 569 909 603 Noriutbergen-

123 625 180 643 sent
196 622 224 643 ut
244 617 313 644 idem
329 617 411 644 faciat
427 617 504 651 longa
528 624 559 644 ac
581 617 655 651 gravi
670 616 793 643 oratione
810 615 910 643 adhor-

124 668 135 689 ι
145 667 214 693 ttnr:
228 662 253 690 id
266 662 334 690 velle
350 663 431 689 Deum
444 662 505 696 Opt.
525 661 607 693 Man,
622 662 647 688 id
656 661 908 695 Piuntpontificem,

125 709 151 736 id
167 716 209 735 res
218 708 365 736 Christiani
377 708 465 743 populi
481 708 594 736 alllictas
607 715 690 743 prope
703 715 734 735 ac
743 708 908 743 proﬁigatas.

125 755 314 789 Supervenere
330 759 420 781 autem
443 762 495 781 non
513 754 547 780 ita
565 754 648 780 multo
664 758 733 788 post,
747 754 909 781 auctoritate

124 800 359 836 aedisapostolieaz
371 805 399 827 et
417 800 547 839 tantilviri
563 799 633 827 fama
646 799 761 834 permoti
774 800 910 834 principes

126 848 200 875 utulti
219 847 259 875 vel
287 847 439 882 principum
453 851 595 879 oratores;
626 847 674 873 hos
688 846 773 879 enim,
793 846 820 873 in
845 853 910 874 con-

124 898 204 922 ventu
222 893 312 920 audita
328 891 574 919 controversiarum
600 899 692 923 causa,
708 892 741 919 ad
766 898 858 926 pacem
883 897 911 918 et

124 939 295 966 concordiam
315 938 404 965 multis
419 945 451 964 ac
478 937 602 966 maximis
618 937 765 964 rationibus
779 944 910 964 revocare

124 991 311 1020 smpetttttttero
325 990 438 1012 conatus
457 989 508 1012 est.
522 983 591 1016 Quid
608 990 662 1010 non
680 983 819 1018 cogitavit.
846 983 909 1018 quid

125 1040 177 1058 nott
194 1032 258 1066 egit,
275 1030 340 1066 qttid
363 1039 414 1058 non
436 1031 504 1058 dixit
531 1030 682 1062 Bessarion,
701 1029 819 1062 Quirites
831 1049 838 1060 .
855 1037 910 1064 qtto

125 1087 217 1113 pacem
230 1078 300 1105 inter
309 1077 472 1105 dissidentes
490 1076 686 1112 componeret?
704 1076 823 1103 Aderant
837 1077 910 1111 prin-

125 1133 198 1158 uva
212 1124 301 1155 multi,
314 1123 409 1150 adernt
424 1122 572 1150 cardinalis
590 1122 778 1156 Auguslensis,
796 1123 909 1150 aderant

125 1172 242 1207 episcopi
260 1171 378 1206 quidam,
399 1171 492 1197 aderat
511 1169 647 1200 Albcrtus,
665 1168 909 1202 Brandiburgcnsis

126 1219 256 1250 marchio,
287 1217 400 1244 aderant
415 1216 493 1251 legati
509 1215 638 1250 Bajoaria:
665 1214 752 1242 ducis.
770 1213 823 1241 Hos
842 1215 908 1242 duos

125 1265 259 1300 principes
287 1265 357 1291 inter
380 1271 411 1291 se
439 1263 557 1290 maxime
572 1262 733 1291 dissidentes
748 1262 809 1289 odio
824 1269 909 1297 prope

125 1311 254 1345 ingenito,
268 1315 295 1338 et
308 1319 419 1338 monere
429 1315 455 1338 et
473 1317 567 1345 rogare
580 1313 607 1336 et
623 1309 776 1337 obsecrare'
784 1309 824 1335 vir
839 1309 908 1344 opti-

125 1365 186 1384 tttns
210 1364 263 1383 tton
285 1357 436 1388 desinebat,
462 1355 570 1385 copiosa
587 1359 614 1382 et
636 1354 708 1389 gravi
725 1354 848 1381 oratione
876 1354 908 1380 de

126 1410 191 1436 pace
224 1401 325 1434 habita,
356 1408 435 1435 quam
463 1400 541 1434 paulo
557 1405 620 1426 ante
640 1406 701 1425 cum
729 1398 907 1425 admiratione

125 1449 250 1483 legimus,
266 1454 306 1480 ut,
322 1447 450 1482 depositis
464 1445 647 1474 sitnttltatibns
664 1450 690 1472 et
701 1445 782 1476 odiis,
795 1444 827 1471 de
838 1443 908 1471 bello

124 1496 221 1523 Turcis
235 1494 375 1522 inferendo
394 1501 444 1520 una
471 1501 530 1520 cum
549 1492 676 1527 pontiﬁce
695 1495 722 1517 et
746 1490 908 1525 itnperatore

125 1542 286 1576 cogitarent.
302 1541 370 1567 Ecce
381 1540 442 1567 dtttn
456 1540 481 1566 itt
501 1538 699 1565 consultatione
718 1541 822 1569 essent,
839 1536 909 1564 litte-

124 1597 161 1614 ra:
174 1589 197 1614 ei
217 1596 231 1614 a
252 1588 340 1622 legato
353 1585 511 1618 Pannoniae,
529 1584 557 1611 S.
573 1583 668 1619 Attgeli
683 1582 822 1616 cardinali,
846 1583 907 1609 red-

124 1636 224 1660 duntur
235 1634 334 1668 quibus
347 1632 375 1659 lit
389 1632 490 1659 certior
502 1634 646 1666 pugnaturn
659 1637 720 1657 cum
730 1629 826 1656 Turcis
837 1636 906 1661 esse,

123 1687 150 1708 ιι
167 1679 317 1706 Pannonios
334 1677 408 1713 gravi
425 1676 520 1712 proelio
533 1679 675 1711 superatos
696 1674 821 1707 cessisse,
838 1673 908 1708 peri-

123 1727 267 1759 t-ttlttntqtte
283 1724 425 1752 imminere
440 1730 475 1750 ne
498 1722 600 1754 hostes,
617 1720 730 1748 victoria
745 1719 819 1752 elati,
832 1720 908 1754 longe

125 1782 156 1800 :Ic
171 1773 223 1799 late
246 1772 335 1799 omnia
351 1774 493 1805 occupent,
514 1773 621 1796 vastent
636 1772 664 1795 et
683 1767 823 1802 diripiant.
838 1766 906 1793 Tum

125 1817 268 1845 Bessariou
288 1815 515 1851 lacrymabundus
532 1821 564 1841 ac
579 1813 662 1841 vicem
674 1812 837 1840 Christianae
855 1812 907 1839 rei-

125 1863 238 1898 publica:
249 1870 368 1898 getncns,
377 1861 492 1889 breviter
502 1859 592 1888 clades
601 1867 693 1888 omnes
702 1859 805 1887 nostris
819 1858 908 1886 illatas

125 1913 331 1941 commemorat,
345 1907 490 1934 imminens
508 1905 656 1942 periculum
670 1905 800 1938 ostendit,
813 1910 906 1939 pacem

123 1962 149 1982 et
164 1955 335 1983 cuneordiam
350 1953 486 1989 proponit,
501 1960 554 1987 quo
571 1952 685 1980 liberius
704 1956 730 1978 et
744 1951 828 1978 tutius
842 1957 908 1976 eon-

121 2002 222 2036 junctis
246 2000 328 2028 armis
355 2004 382 2028 et
396 1999 481 2034 copiis
507 1999 547 2026 ire
566 1998 590 2025 itt
619 1999 721 2026 hostem
748 1997 864 2025 ferocem
882 2001 908 2022 et

125 2048 227 2076 recenti
257 2047 366 2075 victoria
393 2046 572 2074 exsultantem
600 2045 688 2073 liceat.
721 2043 788 2072 Cum
815 2048 907 2070 autem

123 2095 307 2129 Norimbergaz
333 2094 370 2121 nil
396 2094 453 2121 ﬁeri
475 2094 623 2124 videretur,
638 2093 708 2127 quod
740 2098 772 2118 eo
798 2094 909 2125 propter

123 2141 279 2169 distantiam
292 2140 425 2176 proficisci
434 2140 558 2168 Rhenani
568 2139 705 2174 principes
719 2141 906 2173 gravarentur,

124 2188 242 2215 maxime
256 2194 320 2214 vero
329 2186 466 2222 palatinos
476 2192 579 2218 comes,
589 2184 736 2212 transferre
743 2187 908 2210 conventum

124 2234 302 2262 Wortnatiam
322 2234 426 2269 legatus
448 2233 577 2265 instituit,
596 2239 629 2259 ne
646 2231 791 2266 quicquam
817 2229 908 2256 inten-

123 2285 208 2314 tatum
221 2279 385 2314 relinqueret
397 2278 468 2313 quod
481 2279 511 2305 ad
524 2276 659 2305 sedandas
674 2275 735 2302 lites
749 2274 906 2309 pertineret.

125 2313 239 2353 Ventum
257 2313 421 2353 esttandem
440 2328 503 2359 post
525 2322 605 2349 multa
623 2327 651 2348 et
663 2319 822 2355 gravissima
837 2318 908 2353 peri-

123 2374 183 2402 cula
195 2373 372 2401 Wortnatiam
383 2380 390 2404 ;
405 2378 491 2406 neque
502 2370 573 2397 ettim
583 2375 727 2404 peragrare
735 2367 907 2394 Germaniam

123 2421 182 2448 sine
195 2418 320 2454 praesidio
342 2418 449 2445 militari
466 2417 538 2448 licet,
557 2415 628 2450 qttod
644 2414 714 2449 apud
733 2421 778 2441 eos
793 2415 906 2448 (tantum

124 2467 195 2495 valet
219 2464 424 2498 consuetudo!)
455 2463 554 2497 rapina:
572 2467 599 2489 et
624 2461 763 2488 latrocinia
778 2460 907 2494 quodam-

125 2513 204 2540 tttodo
218 2518 346 2540 concessa
362 2510 495 2537 videntur.
506 2509 653 2541 Susceptus
668 2506 782 2540 benigne
802 2513 816 2531 a
829 2504 908 2531 Wor-

126 2559 296 2587 tnacensibus
307 2557 450 2584 Bessarion
471 2556 575 2590 legatos
589 2558 646 2581 tum
660 2553 839 2588 imperatoris.
853 2557 907 2577 tttnt

126 2606 239 2633 aliorum
254 2605 406 2640 principum
432 2603 465 2629 ad
481 2610 511 2629 se
524 2604 613 2633 vocat,
633 2600 702 2634 qttod
725 2600 760 2627 sit
774 2598 907 2633 agendum

125 2652 260 2687 proponit.
277 2650 458 2684 Disceptatur,
475 2655 524 2676 nec
552 2647 636 2675 semel
658 2651 773 2676 tantum,
793 2643 840 2671 sed
857 2643 908 2670 itc-

125 2706 185 2725 runt
196 2704 228 2724 ac
239 2696 329 2723 tertio.
343 2695 425 2723 Mittit
441 2695 583 2729 episcopos
599 2693 672 2720 viros
689 2691 865 2726 gravissimos
882 2693 910 2715 et

123 2744 242 2780 optimos
257 2750 324 2777 quos
344 2749 434 2769 secum
453 2741 569 2768 habebat
587 2740 621 2766 ad
641 2738 744 2765 vicinos
758 2736 905 2771 principes,

1693 108 1750 128 CX"

963 165 997 185 ne
1012 158 1076 192 quid
1108 157 1280 185 omitteretur
1293 157 1364 192 quod
1389 157 1422 185 ad
1443 158 1614 186 concordiam
1634 158 1752 187 faceret.

964 203 1015 232 Ubi
1032 209 1122 231 autem
1145 204 1210 231 nihil
1232 204 1288 231 fieri
1307 208 1381 231 tanta
1397 203 1578 232 sollicitudine
1598 205 1750 237 videretur.

963 250 1106 280 monendo.
1131 250 1251 285 rogando
1272 250 1512 285 obsecrandoque,
1532 250 1662 278 Viennam
1682 259 1750 286 pro-

962 296 1045 323 ficisci
1061 296 1094 323 ad
1113 296 1303 331 imperatorem
1323 296 1450 330 instituit,
1473 303 1568 324 omnes
1585 297 1749 324 adhortatus

961 346 990 368 ut
1012 349 1044 368 eo
1070 349 1099 368 se
1129 349 1245 376 propere
1269 342 1434 374 conferrent,
1460 341 1606 368 arbitratus
1632 341 1750 369 Caesaris

961 387 1103 421 prazsentia
1122 390 1149 414 et
1168 387 1329 414 auctoritate
1351 394 1408 414 rem
1423 391 1543 422 optatatn
1565 394 1596 415 ex
1610 388 1747 414 sententia

961 432 1056 460 conﬁci
1072 440 1160 466 posse.
1179 432 1282 467 Magnis
1301 433 1407 467 quidem
1423 437 1505 468 atque
1522 434 1625 468 asperis
1642 433 1752 460 itineri-

961 479 1012 507 bus
1022 486 1055 506 eo
1073 479 1180 506 tandem
1197 485 1305 506 ventum
1328 482 1380 506 est.
1400 479 1444 506 Fit
1466 480 1573 507 obviam
1594 479 1748 506 ansarioni

962 525 1109 559 imperator
1125 526 1157 552 ad
1171 525 1243 552 mille
1258 533 1365 560 passus,
1379 533 1496 560 eumque
1512 526 1585 552 nullo
1600 533 1651 553 non
1669 526 1748 552 adhi—

961 571 1018 598 bito
1033 571 1146 599 honoris
1161 579 1261 607 genere
1279 572 1306 599 in
1332 572 1430 599 urbem
1445 571 1527 599 dttcit.
1546 572 1612 598 Data
1630 577 1671 598 est
1688 576 1749 597 tau-

962 618 1103 645 tummodo
1119 618 1176 646 dies
1191 618 1277 652 quieti
1294 626 1301 650 ;
1318 622 1425 653 postera
1441 625 1505 644 vero
1515 625 1577 644 cum
1594 617 1697 652 legatus
1713 618 1746 642 ad

962 664 1163 698 imperatorem,
1180 667 1275 692 contra
1298 664 1448 698 imperator
1469 664 1501 690 a-l
1526 663 1641 697 legatum
1665 664 1749 697 ptoii—

961 710 1028 739 t-isci
1050 710 1160 738 honoris
1177 718 1257 738 causa
1271 711 1457 742 contenderet,
1473 709 1584 744 pervicit
1599 710 1749 744 imperator

960 757 994 784 ad
1015 756 1203 784 Bessarionem
1220 763 1346 792 pergens,
1362 763 1479 791 quocum
1503 760 1529 783 et
1544 756 1577 783 de
1593 763 1658 790 pace
1671 763 1747 783 com-

961 803 1087 837 ponenda
1113 803 1184 831 inter
1207 803 1360 830 Germaniae
1394 803 1533 837 principes
1564 807 1592 828 et
1618 802 1652 828 de
1676 800 1746 828 bello

961 849 1059 878 Turcis
1073 849 1214 878 inferendo
1229 849 1406 884 longissimus
1420 853 1447 876 et
1463 848 1642 883 gravissimus
1658 855 1748 875 sermo

960 900 1002 922 est
1017 895 1135 923 habitus.
1158 895 1225 922 Cum
1250 895 1342 928 itaque
1357 894 1494 930 principes
1507 898 1532 920 et
1548 894 1627 929 legati
1649 894 1748 920 multo-
1785 893 1788 899 '

961 949 1018 968 rttm
1041 941 1188 973 venissent,
1217 941 1249 967 de
1271 941 1421 975 eademque
1446 947 1474 967 re
1499 947 1579 975 quam
1597 939 1748 974 smpissime

960 988 1032 1015 omtti
1058 992 1156 1015 conatu
1178 987 1277 1014 frustra
1307 991 1452 1013 tractatum
1481 990 1575 1017 esset,
1605 980 1747 1021 proposito

961 1033 1046 1068 ipsius
1075 1033 1220 1068 provinciae.
1243 1034 1426 1061 emolumento
1452 1037 1478 1059 et
1506 1027 1608 1058 honore
1624 1052 1631 1065 ,
1659 1031 1748 1058 redire

960 1080 1067 1106 tandem
1087 1081 1116 1107 in
1132 1080 1238 1106 italiam
1260 1080 1347 1107 lucem
1373 1079 1561 1106 felicissimam
1580 1078 1618 1113 (l)
1643 1078 1747 1112 legatus

960 1124 1087 1156 instituit,
1118 1132 1151 1151 ne
1171 1124 1271 1151 frustra
1287 1128 1315 1150 et
1339 1129 1444 1158 tempus
1460 1129 1486 1151 et
1502 1131 1600 1157 corpus
1617 1123 1747 1150 valetudi-

961 1171 1066 1198 narium
1079 1170 1225 1206 frigorihus
1242 1176 1269 1198 et
1279 1171 1371 1198 labore
1386 1171 1513 1198 itinerum
1529 1170 1648 1197 actaedio
1663 1170 1746 1197 animi

959 1223 1141 1244 consumeret.
1162 1218 1233 1245 inter
1243 1223 1352 1245 exteras
1365 1221 1469 1252 gentes,
1487 1217 1588 1244 Graecis
1609 1222 1633 1243 et
1645 1216 1749 1244 Latinis

961 1269 1055 1291 natura
1069 1263 1193 1295 infestas,
1212 1263 1396 1298 periclitatum
1414 1267 1455 1290 est
1467 1263 1566 1297 saepius
1583 1263 1646 1290 dum
1661 1267 1748 1289 temn-

959 1311 1024 1338 lenti
1039 1314 1065 1338 et
1089 1310 1186 1337 armati
1206 1318 1258 1338 non
1277 1310 1366 1338 solum
1379 1310 1405 1337 in
1424 1309 1509 1345 agris,
1525 1311 1571 1337 sed
1590 1310 1615 1336 in
1638 1310 1748 1336 urbibus

959 1363 1138 1394 grassantur;
1160 1358 1270 1386 Vienna:
1295 1363 1383 1386 autem
1403 1358 1584 1393 potissimum,
1607 1358 1652 1385 tibi
1672 1366 1748 1393 gym-

960 1405 1053 1432 nastici
1066 1405 1161 1440 quavis
1175 1404 1282 1432 licentia
1294 1409 1321 1432 et
1335 1404 1484 1439 petulantia
1499 1409 1622 1431 utuntur.
1656 1403 1748 1431 Rediit

961 1452 1067 1478 tandem
1086 1456 1146 1486 post
1162 1451 1301 1478 biennium
1318 1451 1443 1478 Bessario
1459 1457 1560 1483 vester,
1573 1450 1702 1483 Quirites,
1719 1455 1748 1477 nt

959 1503 1039 1530 quem
1062 1496 1201 1524 absentem
1235 1496 1320 1523 Roma
1348 1496 1541 1527 desiderabat,
1573 1496 1697 1530 cupiebat
1723 1501 1748 1522 et

959 1542 1030 1569 votis
1051 1541 1171 1576 optabat,
1187 1546 1346 1576 praesentem
1375 1542 1495 1576 denique
1520 1541 1681 1574 intueretur,
1702 1541 1747 1568 ad-

960 1589 1105 1616 miraretur
1119 1593 1345 1623 venerareturque
1359 1593 1387 1615 ut
1402 1587 1530 1616 Ecclesiae
1545 1588 1672 1615 Romana:
1688 1588 1748 1614 nni-

961 1642 1022 1662 cum
1040 1634 1164 1662 columen
1186 1640 1214 1662 et
1233 1635 1326 1669 patrita
1345 1638 1442 1662 vestra:
1459 1639 1610 1669 parentem.
1627 1633 1684 1660 Non
1701 1633 1746 1659 de-

960 1681 1029 1707 stitit
1050 1685 1138 1707 tatnett
1163 1679 1205 1707 vir
1229 1680 1349 1714 optimus
1376 1683 1403 1706 et.
1429 1679 1644 1714 sapientissimus
1668 1679 1743 1705 l‘iuut

960 1726 1115 1761 pontificem
1145 1725 1245 1753 ltortari
1267 1729 1295 1752 ut
1323 1726 1473 1760 piissimttttt
1494 1725 1591 1752 bellum
1610 1725 1665 1760 jam
1686 1728 1747 1751 ante

960 1777 1053 1800 contra
1080 1772 1176 1807 itnpios
1199 1773 1336 1800 deeretutn
1363 1772 1581 1807 amplecteretur.
1620 1771 1694 1798 lianc
1714 1771 1747 1797 ob

961 1824 1017 1844 rem
1042 1824 1103 1844 cum
1129 1817 1192 1845 Pius
1207 1818 1357 1851 Anconam,
1384 1819 1455 1845 unde
1484 1822 1608 1845 tuoturus
1633 1823 1692 1845 erat
1722 1819 1746 1844 in

960 1862 1076 1896 hostem,
1092 1862 1226 1897 proﬁcisci
1253 1863 1425 1896 instituisset,
1448 1862 1536 1896 ibique
1561 1862 1673 1889 classem
1699 1871 1748 1889 un-

959 1908 1042 1943 dique
1050 1914 1190 1936 venturam
1206 1917 1221 1935 ει
1236 1908 1398 1936 Christianis
1409 1913 1588 1942 exspectaret,
1604 1909 1746 1936 Bessarion

960 1954 993 1981 ad
1014 1953 1130 1982 Venetos
1148 1961 1262 1989 propere
1279 1954 1418 1982 contendit
1439 1955 1511 1981 sedis
1537 1953 1688 1989 apostolica:
1709 1955 1748 1981 le-

960 2005 1055 2035 gatus;
1073 2001 1150 2036 cujus
1170 2001 1319 2028 auctoritas
1336 2005 1439 2027 tantum
1456 2000 1542 2027 valuit
1564 2006 1590 2027 ttt
1604 2001 1700 2027 ducem
1720 2005 1748 2028 et

959 2052 1083 2074 sanatum
1103 2046 1136 2074 ad
1163 2047 1189 2073 id
1205 2047 1302 2073 bellum
1331 2045 1477 2080 impulerit.
1506 2046 1608 2073 Parata:
1626 2047 1747 2075 triremes

961 2100 975 2120 a
994 2093 1104 2120 Venetis
1115 2097 1187 2124 sunt,
1199 2093 1253 2119 dux
1263 2092 1341 2120 classi
1363 2092 1518 2126 praeﬁcitur,
1535 2093 1643 2127 navigat
1660 2094 1747 2120 Anco-

960 2147 1033 2171 nam,
1054 2147 1086 2166 eo
1098 2139 1240 2167 Bessarion
1259 2146 1321 2166 cunt
1334 2138 1497 2166 triremisna
1509 2139 1629 2174 impensa
1647 2145 1746 2167 structa

960 2190 988 2212 et
1002 2190 1106 2212 armata
1119 2185 1269 2212 contendit.

997 2231 1031 2258 At
1046 2239 1110 2259 vero
1132 2232 1157 2258 itt
1177 2236 1252 2258 tanto
1273 2235 1402 2265 apparatu
1423 2230 1470 2258 Pio
1485 2230 1610 2265 pentitice
1629 2237 1746 2262 mortuo,

960 2284 1021 2304 cunt
1042 2283 1137 2304 Omnes
1157 2276 1257 2310 passim
1273 2276 1471 2309 dilaberentur,
1490 2277 1545 2312 ipse
1563 2283 1672 2310 quoque
1693 2276 1744 2303 lto-

960 2331 1030 2350 ntam
1055 2323 1088 2350 ad
1113 2322 1229 2350 ineunda
1249 2330 1298 2356 pro
1314 2330 1383 2349 ttovo
1400 2324 1527 2358 pontiﬁce
1552 2323 1680 2357 suffragia
1707 2332 1746 2350 rr-

959 2370 1091 2402 vertitur;
1112 2377 1165 2403 quo
1177 2373 1279 2401 creato,
1294 2376 1354 2396 cunt
1371 2369 1462 2396 omnia
1477 2370 1510 2396 ad
1531 2369 1616 2396 otium
1636 2376 1745 2404 speeta-

959 2421 1028 2447 rent,
1044 2415 1151 2450 ingenio
1169 2423 1217 2442 suo
1231 2420 1257 2441 et
1273 2415 1394 2442 doctrina
1415 2416 1509 2448 l'tetus,
1524 2417 1649 2450 quicquid
1667 2418 1712 2443 otii
1731 2424 1744 2442 a

959 2462 1040 2488 rebus
1064 2461 1177 2494 publicis
1203 2460 1334 2490 dabatur,
1362 2465 1446 2487 totum
1473 2461 1500 2488 id
1522 2461 1555 2487 ad
1573 2461 1742 2489 scribendum

959 2507 1072 2534 contulit
1087 2507 1167 2534 homo
1180 2506 1299 2533 omnium
1313 2506 1517 2534 solertissimus.
1530 2506 1596 2533 Cum
1615 2508 1744 2540 prodesse

960 2559 1050 2578 coram
1076 2552 1170 2580 amicis
1186 2557 1232 2578 aut
1258 2551 1470 2586 periclitatttibns
1496 2559 1547 2579 non
1574 2558 1675 2587 posset,
1698 2562 1743 2580 eos

958 2599 1056 2627 litteris
1072 2600 1177 2633 pietatis
1189 2604 1214 2626 et
1228 2598 1404 2628 limitanitatis
1417 2599 1504 2633 plcttis
1515 2601 1666 2631 admonuit,
1681 2608 1742 2627 eru—

959 2646 1017 2678 diit,
1034 2645 1176 2678 deterruit,
1190 2645 1221 2672 ad
1237 2645 1364 2679 ofﬁcium,
1376 2647 1398 2673 si
1412 2653 1464 2680 qua
1482 2646 1508 2673 in
1521 2654 1550 2674 re
1564 2648 1742 2682 deliquerunt,

958 2692 1106 2719 revocavit.
1127 2693 1229 2719 Harum
1253 2697 1341 2719 exstat
1364 2700 1492 2720 numerus
1516 2701 1599 2729 prope
1623 2693 1742 2722 infinitus

960 2743 1016 2765 tuttt
1032 2737 1134 2771 Graece,
1159 2743 1215 2765 tnnt
1230 2737 1325 2767 Latine
1344 2740 1517 2775 scriptarum.
1549 2739 1618 2768 Duas
1636 2740 1742 2774 scripsit

159 2841 197 2876 (l)
217 2838 303 2867 Verba
316 2839 397 2868 lucem
416 2839 597 2874 fcliciosfntum
618 2847 668 2867 tton
685 2839 762 2867 ltalxct
782 2837 904 2865 llaerius.
920 2836 1058 2865 Clussetna
1075 2834 1196 2862 forsitan.
