1912 3054
136 112 203 134 CXIII

135 164 254 194 duorum
283 166 404 195 lucorum
419 167 586 196 laudationes
607 172 634 196 et
651 168 745 203 patrias
773 167 926 202 Trapezun-

137 212 190 238 dos
206 211 264 248 (sic)
281 217 308 241 et
327 213 432 247 Isthmi,
447 214 514 241 adeo
532 214 670 249 eleganter
689 218 716 241 et
738 213 870 246 absolute,
896 216 926 240 ut

138 259 290 292 provinciae
316 259 381 295 ipsae
396 265 424 288 et
448 260 613 296 benignitate
625 260 688 288 cwli
709 264 737 287 et
761 259 884 287 ubertate
899 262 928 286 et

139 304 247 340 frugum
279 307 410 339 omnium,
437 313 465 335 et
493 307 673 342 portuositate
694 306 816 334 littorum
846 310 928 338 atque

137 352 281 379 hominum
313 352 513 388 ingeniosorum
539 357 567 380 ct
590 353 800 381 fortissimorum
829 352 927 386 copia,

137 398 227 425 cuivis
258 399 405 433 provincia:
427 400 544 428 conferri
567 408 646 435 posse
671 400 839 427 viderentur.
869 398 927 426 Non

137 444 202 471 dico
218 451 298 478 quam
315 446 404 478 docte,
419 453 499 480 quam
519 445 675 474 memoriter
691 445 786 473 horum
808 445 927 472 locorum

139 499 185 519 res
199 493 321 528 publicas
337 497 364 520 et
380 494 510 533 quidquid
523 494 550 522 in
566 494 676 521 histum
692 493 771 526 bello,
787 497 844 520 tum
861 499 930 527 pace

136 544 249 573 gestum
263 539 307 572 sit,
321 545 534 573 commemoret,
549 539 695 572 describat,
713 543 800 570 ttotet,
818 539 844 565 id
869 538 929 573 qui-

139 584 202 612 dem
221 585 288 613 adeo
311 585 452 620 ingeniose
471 590 498 613 et
523 589 661 617 accurate,
679 590 708 612 ut
733 592 776 612 res
795 584 860 619 ipsa:
875 591 928 610 non

138 630 297 667 descriptae,
316 632 363 660 sed
379 632 414 659 ab
430 634 524 660 eodem
539 632 667 659 institutae
679 636 707 659 et
722 636 804 666 gestae
819 630 931 657 videan-

141 682 198 706 tur.
214 678 244 706 ln
269 678 500 707 consolationibus
518 678 602 706 tribus
611 685 679 713 quas
692 677 725 705 ad
738 677 928 711 imperatorem

138 723 470 759 Constantinopolitanum
489 725 515 751 in
541 729 628 752 morte
651 723 743 750 uxoris
767 722 878 754 habuit,
897 721 929 748 ad

138 770 324 798 constantiam
339 775 365 797 et
379 770 569 798 fortitudinem
583 769 720 797 hominem
740 769 826 804 ipsum
844 767 930 802 pluri-

139 817 194 844 bus
213 816 362 844 rationibus
388 822 508 849 revocat,
530 816 620 844 verbis
641 814 809 850 gravissimis
825 817 852 841 et
868 821 931 840 sett-

141 864 237 891 tentiis
253 863 399 892 ostendens
419 863 458 891 nil
471 863 533 891 novi
556 863 614 898 ejus
637 861 773 896 majestati
799 859 931 886 accidisse

141 917 206 938 cum
228 917 301 937 mors
316 909 441 937 omnibus
457 909 492 936 sit
513 916 565 936 non
584 909 644 936 dico
661 913 803 934 commune
818 905 930 937 malum,

141 956 191 983 scd
210 955 410 991 receptaculum
431 962 447 982 a
471 955 561 988 malis,
582 955 604 982 si
630 955 700 981 bene
725 960 757 980 ac
776 955 931 979 constanter

144 1004 228 1030 vitam
250 1003 409 1030 duxerimus
439 1002 666 1037 quemadmodum
691 1000 811 1035 reginam
843 998 930 1033 ipsam

145 1050 249 1077 vixisse
261 1049 390 1077 ostendit.
409 1048 568 1077 Confutavit
591 1047 724 1075 acerrime
741 1046 816 1081 gravi
830 1049 856 1072 et
888 1051 933 1071 cu-

144 1096 220 1132 piosa
235 1096 359 1124 oratione
373 1102 422 1123 eos
434 1095 480 1130 qui
498 1093 670 1129 pertinaciter
682 1092 762 1120 nimis
774 1094 932 1119 asseverant

146 1144 248 1171 dictum
262 1142 326 1170 illud
337 1141 449 1170 Joannis
463 1141 495 1169 de
510 1140 590 1168 Petro
600 1160 608 1173 ,
626 1149 635 1166 t
655 1139 702 1167 Sic
716 1146 777 1167 eum
794 1138 853 1165 volo
876 1144 932 1164 nta-

147 1197 224 1221 ttere,
238 1189 301 1224 quid
313 1190 345 1216 ad
360 1194 396 1223 te,
411 1198 421 1215 ι
440 1195 500 1216 cum
513 1187 656 1215 dicendum
666 1186 713 1218 sit,
727 1194 737 1211 ί
755 1185 784 1213 Si
794 1192 854 1212 eum
872 1184 932 1212 volo

147 1235 342 1270 manere,quid
356 1235 388 1263 ad
406 1236 450 1263 te?
466 1243 475 1260 ›
493 1234 549 1261 lloc
559 1237 649 1261 autern
660 1233 757 1268 probat
770 1236 797 1259 et
809 1231 934 1259 doctissi—

147 1291 253 1310 morum
279 1282 418 1309 hominum
442 1281 604 1308 auctoritate
621 1284 648 1308 et
663 1279 755 1307 Graeca
777 1278 865 1306 littera
881 1284 932 1312 qua

146 1329 265 1357 J..-auttes
279 1328 452 1364 Evangeliutu
466 1327 586 1362 scripsit,
601 1330 629 1354 et
646 1326 737 1353 Latina
755 1325 899 1358 locutione,
918 1332 932 1351 a

147 1384 201 1411 qua
219 1377 313 1404 modus
339 1375 383 1402 ille
405 1374 514 1402 dicendi
531 1374 609 1409 longe
634 1373 774 1400 abhorret.
789 1371 843 1399 Sed
869 1367 936 1398 adeo

148 1423 259 1458 copiose
274 1423 301 1449 in
317 1421 502 1449 adversarium
519 1420 617 1454 surgit,
637 1418 769 1452 Quirites,
785 1422 814 1445 ut
831 1417 934 1445 nullum

147 1476 233 1504 prope
245 1473 376 1500 erratum,
390 1471 438 1494 aut
461 1466 527 1493 vitio
545 1465 724 1500 interpretum
747 1463 936 1494 commissum,

148 1519 195 1542 aut
213 1514 376 1549 negligentia
392 1512 577 1544 librariorum,
597 1515 643 1538 aut
665 1510 768 1538 incuria
790 1510 935 1546 legentium

148 1563 175 1589 in
191 1566 247 1590 tota
260 1561 401 1596 Scriptura
419 1567 497 1587 sacra
515 1559 712 1594 praetermittat.
728 1557 822 1593 Aperit
832 1558 934 1590 omnia,

149 1609 280 1642 disputat,
309 1607 415 1639 refellit,
437 1607 528 1634 docet.
549 1605 650 1632 Eodem
668 1604 818 1632 dicendiet
845 1604 938 1638 disptt‘

150 1654 224 1682 taudi
241 1658 362 1681 torrente
384 1651 514 1688 Epltesini
534 1651 656 1687 episcopi
670 1651 835 1686 opinionem,
861 1657 938 1678 asse-

151 1701 246 1733 rentis,
272 1699 404 1735 Spiritum
423 1704 546 1727 sanctum
564 1706 579 1725 a
595 1699 678 1725 Patre
694 1702 796 1725 tantum
816 1698 936 1732 prodire,

149 1748 282 1776 acerrime
302 1745 438 1774 confutat.
466 1743 559 1772 Sancti
580 1744 767 1778 Bessarionis,
783 1743 853 1771 uttde
879 1743 939 1778 ipse

151 1800 250 1821 nomen
274 1793 388 1826 accepit,
414 1791 509 1826 patria!
526 1790 645 1825 parentis
672 1797 702 1817 ac
721 1790 837 1824 patroni,
857 1789 937 1815 vitam

152 1838 295 1873 diligenter
310 1845 342 1865 ac
357 1837 468 1872 copiose
489 1835 608 1869 scripsit.
630 1835 722 1862 Sancti
736 1834 874 1862 Francisci
890 1841 938 1861 or-

153 1886 254 1918 dinem,
277 1885 356 1920 cujus
376 1888 506 1919 patronus
525 1882 642 1910 habetur
653 1902 661 1915 ,
678 1879 832 1909 constanter
848 1889 880 1908 ac
894 1889 940 1908 sa-

152 1932 260 1968 pienter
273 1936 376 1958 tutatus
387 1935 439 1958 est.
457 1929 514 1957 Non
530 1933 571 1957 est
587 1936 682 1963 passus
699 1928 851 1963 quempiam
871 1928 940 1955 bene

154 1979 187 2006 de
198 1985 298 2013 genere
312 1978 431 2004 humano
445 1976 571 2003 tneritum
593 1974 782 2002 maledicentia
796 1979 856 2010 post
869 1981 939 2001 utor-

153 2029 208 2052 tem
219 2023 344 2051 lacerari.
363 2022 440 2051 Unde
452 2023 584 2055 acerrime
598 2022 625 2050 in
642 2021 861 2048 calutuniatorem
877 2021 940 2047 Pla-

154 2070 226 2098 tonis
243 2070 360 2105 insurgit
377 2077 409 2097 eo
432 2068 571 2096 volumine
590 2072 616 2095 et
634 2067 743 2102 quidem
762 2066 854 2094 divino
869 2067 940 2102 quod

154 2125 239 2152 nuper
265 2124 362 2151 magna
392 2123 451 2143 cum
479 2121 567 2142 vestra
604 2114 812 2149 exspectatione
845 2112 940 2141 edidit.

154 2162 240 2196 Quam
258 2162 349 2198 gravis
372 2162 409 2189 sit
425 2162 451 2188 in
476 2161 621 2192 laudando,
639 2160 752 2187 acerbus
775 2160 801 2186 itt
834 2160 942 2194 vitupe-

155 2210 252 2242 rando,
265 2209 291 2236 itt
304 2207 448 2236 sententiis
462 2211 586 2242 argutus,
601 2207 626 2233 in
642 2206 800 2233 disserendo
822 2206 941 2238 subtilis,

156 2258 182 2284 ln
196 2255 360 2284 confutando
379 2262 453 2286 acer,
479 2261 512 2281 ex
529 2253 580 2280 ltoc
597 2253 669 2280 libro
689 2253 881 2287 comprehendi
896 2259 944 2288 pu-

156 2306 219 2334 test,
234 2303 260 2328 in
276 2308 330 2336 quo
343 2307 432 2328 rerum
445 2299 565 2327 omnium
576 2317 584 2331 ,
599 2298 751 2326 divinarum
769 2304 796 2325 et
811 2298 942 2324 humana-

157 2355 228 2380 rtttu,
245 2346 356 2374 scicntia
372 2352 500 2380 tanquam
517 2345 542 2372 in
560 2344 680 2371 sacrario
694 2344 812 2379 reposita
826 2344 942 2372 videtur.

160 2394 230 2421 Hinc
249 2399 289 2420 e51
308 2396 382 2419 certe
397 2393 469 2426 quod
484 2391 609 2417 hauriant
628 2390 762 2425 theologi,
777 2390 942 2426 philosophi,

159 2439 357 2472 mathematici,
383 2443 516 2469 oratores.
533 2437 665 2465 dialectici
688 2442 715 2464 et
734 2438 848 2472 quodvis
862 2445 945 2473 genus

161 2486 301 2514 hominum
317 2485 435 2513 civilium
454 2491 487 2512 ac
507 2485 703 2512 studiosorum.
722 2483 828 2511 Nullam
843 2489 944 2512 sectam

159 2532 381 2568 philusopborum
400 2530 583 2566 praetermittit
597 2537 676 2564 quam
695 2537 749 2556 non
765 2535 840 2557 notet
855 2537 862 2556 :
878 2531 942 2564 quid

160 2578 275 2615 quisque
293 2577 402 2608 dixerit,
422 2576 492 2610 quod
521 2576 628 2610 probari
656 2575 837 2610 itnprobarive
856 2582 947 2611 posset

161 2624 292 2651 ostendit:
304 2628 332 2649 ut
346 2622 577 2656 Pythagoreorum
590 2621 700 2647 nimiam
719 2621 948 2657 pietatem,Cyni-

162 2677 253 2698 rorntn
267 2670 458 2700 rusticitatem,
475 2667 627 2694 Stoicorunt
642 2667 828 2694 austeritatem
848 2667 945 2702 carpit,

163 2716 197 2745 ita
205 2716 445 2751 Peripateticorum
453 2719 478 2741 et
487 2717 606 2740 veterum
613 2713 836 2740 Academicorum
843 2714 946 2742 medio-

163 2763 286 2790 ctitatcnt
298 2760 508 2794 laudaucxtollit
518 2760 702 2793 Aristotelem,
714 2760 849 2788 Platonem
861 2761 948 2796 philu-

200 2855 237 2890 (lj
257 2853 303 2881 Uir
322 2854 390 2880 cnim
467 2853 594 2881 doluisset
608 2859 661 2880 om.
679 2851 805 2881 Bzovius.

669 108 936 139 PANEGYRICUS
958 107 1221 141 BESSARIONIS.

1704 118 1768 140 ουν

981 168 1128 202 sopitorum
1143 170 1293 206 principem
1303 170 1377 204 facit,
1391 178 1506 206 quocum
1521 171 1595 206 plura
1604 171 1768 200 Christianis

982 217 1100 244 ostendit
1112 219 1257 246 convenire
1266 226 1346 253 quant
1357 226 1416 246 cum
1427 219 1517 254 aliquo
1528 219 1747 254 philosophorum
1758 229 1766 253 ;

981 271 1070 299 neque
1085 265 1110 292 id
1129 265 1237 300 quidem
1266 265 1452 300 theologorum
1471 273 1625 295 nostrorum
1648 268 1766 294 auctori.

982 313 1036 337 tate
1052 312 1240 339 tantummodo
1259 312 1355 346 probat
1368 332 1376 345 ,
1400 320 1494 340 verum
1510 313 1590 340 etiam
1612 313 1769 348 syllogismo

981 360 1008 384 et
1024 357 1186 389 rationibus,
1217 358 1316 393 quibus
1341 358 1526 387 adversarium
1553 360 1589 386 ita
1607 359 1770 392 circumagit

981 407 1008 431 et
1031 404 1161 439 opprimit
1189 409 1218 432 ut
1235 412 1322 440 neque
1335 412 1433 440 quo‘se
1452 406 1566 439 recipiat
1590 406 1771 433 calumniator

980 450 1067 477 divini
1098 451 1219 480 l’latonls
1245 451 1360 484 haheat,
1394 458 1484 486 neque
1505 451 1568 486 quld
1597 452 1768 485 respondeat,

980 497 1094 525 obrutus
1113 498 1291 532 argumentis,
1312 498 1379 526 satis
1396 498 1527 526 inveniat.
1545 498 1621 525 Hunc
1634 497 1767 532 siquidem

984 542 1192 570 homuncionem
1204 544 1246 571 vir
1259 544 1442 578 amplissimus
1455 545 1490 572 ita
1506 544 1640 571 interdum
1652 543 1767 576 deridet,

981 592 1087 616 servata
1103 589 1235 624 gravitate
1250 590 1400 625 dignitatis,
1418 595 1447 618 ut
1469 590 1546 618 fateri
1570 594 1649 625 cogat
1667 597 1697 617 se
1713 597 1767 617 non

983 634 1062 661 modo
1074 634 1241 663 intellexisse
1251 635 1372 665 Platonis
1385 641 1514 669 mentem,
1531 644 1609 672 quem
1626 636 1669 663 hic
1682 643 1768 664 novus

981 679 1137 708 Carneades
1164 681 1330 716 imperitiae,
1360 683 1546 717 tttrpittttlinis,
1578 683 1771 711 inconstantiae

981 727 1080 760 arguit,
1096 727 1143 754 sed
1164 734 1198 754 ne
1217 727 1315 762 lingua:
1339 728 1447 763 quidem
1462 729 1563 757 Graecae
1578 729 1770 764 proprietatem

983 772 1110 806 tenuisse,
1128 780 1189 801 eum
1206 774 1264 809 ipse
1281 773 1390 803 Graecus
1405 774 1441 802 sit
1453 780 1480 802 et
1494 775 1613 802 Platonis
1631 774 1702 809 leges
1715 782 1769 801 non

984 820 1094 848 Latinas
1111 820 1211 854 facere,
1238 820 1285 849 sed
1313 820 1460 856 depravare
1473 826 1596 854 conatus,
1615 820 1770 855 philosophi

982 866 1131 894 sententias
1142 866 1272 894 everterit
1279 871 1306 894 et
1314 865 1486 894 obscuriores
1499 866 1655 894 reddiderit.
1664 865 1770 898 Quanta

983 913 1064 940 fuerit
1072 912 1153 947 hujus
1165 912 1291 946 audacia,
1301 912 1430 946 Quirites,
1440 913 1658 944 animadvertite,
1666 919 1770 946 quaeso.

983 959 1032 987 Hie
1048 959 1121 987 enim
1139 967 1171 986 ac
1186 959 1208 986 si
1227 959 1255 986 in
1267 958 1364 994 quavis
1380 959 1492 986 scientia
1504 979 1511 991 ,
1526 959 1649 986 doctrina
1664 964 1690 985 et
1702 958 1774 985 anti-

984 1005 1089 1040 quitate
1113 1005 1188 1032 solus
1206 1004 1303 1032 doctor
1328 1004 1448 1039 gentium
1475 1004 1621 1031 haberetur
1645 1008 1672 1031 et
1698 1004 1772 1031 solus

985 1053 1255 1089 peragrassetorbem
1265 1056 1399 1080 terrarum
1412 1051 1534 1080 discendi
1548 1059 1629 1079 causa
1643 1050 1773 1086 quidquid

985 1099 1086 1133 ubiqtte
1101 1106 1229 1125 arcanum
1244 1102 1271 1125 et
1283 1098 1452 1125 reconditum
1471 1102 1529 1130 est,
1543 1102 1572 1124 ut
1590 1097 1729 1124 Platonem
1745 1101 1774 1123 ct

983 1144 1162 1180 Pythagoram
1181 1144 1280 1172 fecisse
1304 1144 1507 1176 intelleximus,
1523 1143 1636 1170 solusin
1658 1142 1774 1176 publicis

986 1191 1101 1226 Europae
1127 1191 1276 1227 gymnasiis
1310 1190 1419 1226 Gorgia:
1443 1189 1568 1217 Leontini
1592 1194 1621 1216 ct
1645 1188 1773 1216 Archelai

987 1245 1089 1266 morem
1106 1246 1121 1265 a
1145 1238 1256 1266 Socrate
1272 1237 1390 1265 derisum
1408 1241 1575 1271 usurpasset,
1595 1235 1773 1270 qtttcstioncm

987 1286 1093 1315 scilicet
1115 1287 1142 1314 in
1158 1291 1294 1314 conventu
1310 1289 1336 1312 et
1354 1291 1454 1311 corona
1480 1283 1618 1310 hominum
1646 1282 1773 1316 poscendi

986 1337 1013 1360 et
1027 1326 1124 1368 jubere
1138 1332 1237 1365 dicere,
1251 1339 1311 1367 qua:
1327 1331 1360 1358 de
1377 1338 1405 1358 re
1423 1330 1537 1364 quisque
1561 1328 1650 1361 Vellet,
1668 1327 1773 1359 audire,

986 1386 1040 1405 nott
1058 1385 1090 1405 eo
1115 1377 1276 1404 temeritatis
1292 1375 1415 1411 progredi
1434 1376 1515 1409 Eecrte
1535 1374 1675 1401 debuisset
1690 1373 1728 1408 (l)
1747 1377 1776 1398 nt

988 1424 1173 1452 doctissimum
1191 1423 1366 1451 Aristotelem
1382 1430 1442 1450 cttnt
1463 1421 1554 1448 divino
1579 1420 1701 1451 Platone,
1719 1419 1773 1445 (“s-

987 1470 1103 1503 cipulutn
1119 1475 1227 1497 acutum
1237 1478 1296 1498 cum
1313 1469 1480 1499 amplissimo
1493 1472 1656 1502 pra-replere
1671 1466 1777 1493 confer-

988 1521 1030 1543 rct
1044 1523 1075 1543 ac
1089 1516 1282 1543 committeret.
1305 1514 1391 1548 Hujus
1414 1519 1503 1541 tamen
1522 1513 1634 1539 audacia
1649 1513 1685 1539 ttil
1698 1512 1777 1539 nobis

989 1563 1085 1593 obfuit,
1103 1562 1232 1595 Quirites,
1245 1562 1299 1588 imo
1315 1562 1488 1588 vehementer
1510 1560 1610 1595 profuit
1626 1568 1633 1593 ;
1651 1565 1676 1586 ct
1693 1559 1715 1586 si
1733 1558 1775 1585 cui

989 1610 1052 1637 licet
1069 1615 1164 1644 optare
1179 1614 1207 1635 ut
1223 1608 1321 1642 aliquis
1336 1611 1439 1643 peccet,
1462 1607 1487 1633 id
1508 1612 1582 1635 certe
1606 1605 1683 1633 nobis
1707 1606 1776 1632 adeo

989 1656 1115 1691 precibus
1126 1655 1326 1689 exposcendum
1349 1652 1415 1681 fuit.
1428 1653 1483 1680 llac
1499 1653 1570 1680 cuitn
1590 1652 1777 1687 indignatione

989 1703 1144 1730 caucitatus
1161 1701 1315 1734 Bcssarion,
1335 1708 1443 1728 omnem
1463 1701 1583 1726 omnittm
1602 1698 1778 1732 philosopho-

990 1757 1048 1776 rum
1062 1749 1107 1784 qui
1125 1757 1242 1783 unquam
1259 1748 1333 1775 fuerc
1348 1747 1509 1774 sententiam
1525 1746 1650 1780 explicat,
1665 1749 1691 1771 et
1707 1743 1778 1778 quod

991 1796 1110 1822 maxime
1127 1796 1275 1829 optandum
1288 1798 1356 1825 erat,
1377 1793 1527 1820 doctrinam
1541 1796 1567 1818 ct
1586 1795 1702 1818 tuentem
1717 1788 1779 1816 Pla-

992 1844 1074 1874 tonis,
1098 1850 1112 1868 a
1132 1842 1240 1868 nomine
1259 1840 1315 1868 fere
1336 1840 1475 1875 juniorum
1495 1839 1643 1874 cegnitatn,
1661 1837 1781 1872 explicat

992 1894 1020 1916 ct
1037 1889 1133 1923 aperit,
1151 1894 1178 1915 ιιι
1194 1887 1324 1922 perfacile
1340 1889 1481 1921 appareat,
1497 1893 1591 1912 ontttes
1613 1888 1702 1912 sectas
1720 1891 1780 1918 qua;

993 1942 1089 1962 sanum
1107 1933 1207 1968 aliquid
1222 1940 1318 1966 sapere
1333 1932 1468 1962 videntur,
1482 1929 1514 1956 ah
1526 1930 1584 1964 ipso
1602 1929 1713 1956 Platone
1723 1933 1781 1955 tan-

992 1987 1073 2015 quam
1089 1978 1200 2014 peremti
1214 1983 1241 2004 et
1257 1977 1394 2004 uberrimo
1410 1976 1483 2002 fonte
1500 1982 1619 2002 manare.

1028 2025 1075 2052 His
1091 2025 1182 2057 rebus,
1199 2031 1259 2058 quae
1274 2021 1441 2057 gravissimae
1458 2025 1522 2047 suut
1540 2026 1567 2047 et
1587 2025 1672 2046 totum
1691 2018 1780 2046 homi-

993 2079 1054 2099 netn
1076 2078 1161 2105 prope
1189 2069 1348 2104 requirunt,
1373 2068 1494 2094 intentus
1514 2074 1562 2101 pro
1580 2071 1701 2100 tempore
1716 2065 1782 2092 Bes-

992 2118 1097 2150 sarion,
1118 2117 1154 2144 ttil
1174 2122 1264 2144 tamen
1286 2122 1405 2150 unquam
1419 2114 1510 2140 omisit
1523 2113 1594 2148 quod
1617 2111 1781 2140 adofficiutn

993 2162 1176 2190 cardiualatus
1202 2161 1361 2196 pertineret.
1379 2159 1444 2186 item
1468 2158 1585 2185 divinant
1606 2162 1633 2184 et
1656 2156 1727 2182 domi
1753 2161 1781 2183 et

994 2209 1063 2237 foris
1075 2215 1212 2242 nunquam
1230 2205 1385 2234 intermittit
1401 2213 1410 2231 :
1425 2209 1550 2232 senatum
1567 2203 1731 2243 frequentat,
1755 2202 1781 2229 in

993 2263 1047 2290 quo
1069 2254 1207 2282 secundus
1236 2261 1250 2280 a
1266 2251 1393 2287 pontifice
1419 2250 1543 2278 habetur.
1560 2249 1729 2277 Scutcntiant
1755 2249 1781 2275 in

994 2300 1245 2330 Consultationibus
1258 2299 1376 2334 graviter
1398 2302 1425 2324 et
1439 2302 1598 2324 constanter
1617 2303 1632 2323 e
1645 2295 1781 2330 republica

995 2348 1152 2376 Christiana
1169 2351 1260 2373 tuetur
1276 2353 1283 2378 ;
1308 2344 1453 2371 clientibus
1469 2347 1495 2369 et
1519 2342 1696 2370 familiaribus
1712 2340 1781 2375 apud

996 2394 1152 2429 pontiﬁcem
1164 2392 1343 2426 patrociniqu
1359 2398 1436 2418 suum
1446 2394 1570 2424 praestat;
1581 2389 1782 2415 circumventos

998 2440 1132 2467 malorum
1148 2438 1263 2466 fallaciis
1278 2437 1404 2470 adjuvat;
1424 2436 1510 2463 bonos
1523 2440 1552 2462 et
1572 2435 1665 2461 doctos
1681 2434 1713 2460 ad
1728 2441 1784 2459 utc-

998 2487 1091 2513 liuretn
1107 2486 1245 2512 fortunam
1262 2490 1287 2510 et
1312 2483 1495 2510 honestiorem
1512 2479 1650 2514 dignitatis
1670 2478 1781 2513 gradum

998 2531 1282 2561 commendationibus
1298 2530 1354 2557 suis
1368 2527 1539 2564 gravissimis
1562 2533 1594 2553 ac
1606 2525 1720 2560 propriis
1741 2524 1783 2549 la-

998 2580 1144 2607 cuttatibus
1171 2578 1305 2606 interdum
1331 2575 1429 2608 erigit,
1446 2573 1574 2600 fatniliam
1599 2571 1670 2598 dumi
1687 2571 1735 2597 alit
1757 2571 1783 2597 itt

1001 2630 1114 2659 utraque
1125 2624 1216 2657 lingua
1230 2621 1446 2649 eruditissimatn
1466 2618 1531 2646 etin
1546 2617 1641 2652 quavis
1656 2616 1784 2643 facultate

999 2658 1197 2698 doctiSsintatn.
1217 2667 1304 2695 Vestri
1331 2667 1368 2694 illi
1396 2665 1533 2700 tuajores,
1553 2658 1683 2697 Quirites,
1711 2663 1784 2688 viros

1000 2717 1173 2745 doctissimos
1185 2716 1211 2742 itt
1228 2713 1436 2742 contubernium
1452 2719 1528 2739 suutn
1549 2709 1714 2745 recipiebant
1742 2709 1785 2735 di-

1001 2763 1090 2792 scendi
1107 2767 1134 2791 et
1147 2760 1355 2798 philosophandi
1369 2767 1462 2793 causa,
1481 2764 1509 2786 ut
1525 2757 1617 2793 Scipio
1629 2756 1785 2789 Africanus,
