1912 3054
130 119 183 141 CXV

132 168 248 196 Ennium
261 171 379 202 poetam,
391 164 534 193 Pauetium
550 165 751 200 pltilosopnum,
778 164 915 200 Polybium

132 215 312 247 historicum;
329 213 442 246 Luculli,
462 212 579 240 Catones
595 216 621 239 et
634 211 770 239 Hortensii
790 212 916 238 Arcltiam

131 265 238 294 poetam
253 268 261 292 ;
279 260 425 286 Cicerones
452 258 610 293 Cratippum
636 257 826 292 philosopltutn
842 266 849 290 ;
865 257 916 284 Cn.

131 307 277 341 Pompeius
307 307 431 334 Lettmum
467 305 616 339 libertum;
649 306 787 340 Augustus
816 305 917 338 Caesar,

130 352 300 386 Apollonium
317 351 524 385 Pergamenum.
541 350 640 378 Multos
658 351 702 386 qui
720 351 744 378 id
758 350 848 378 fecere
862 357 916 377 non

131 400 164 425 de
184 398 315 425 Romanis
334 402 446 429 tantum,
461 397 508 424 sed
525 397 605 424 etiam
622 397 655 424 de
667 398 788 424 extentis
800 404 919 425 comme-

131 452 237 471 morare
263 451 381 478 possem.
411 443 473 470 Hrcc
491 449 579 470 tamen
601 443 636 471 sit
663 444 830 471 Bcssarionis
847 451 916 478 prte-

130 492 207 524 cipua
224 490 282 516 laus
297 490 367 524 quod
381 497 445 516 suos
458 497 509 516 non
526 490 654 523 religione
667 494 772 516 tantum
788 495 815 516 et
830 490 916 516 mori-

131 539 180 562 bus
207 537 240 563 ad
265 537 332 563 bene
363 536 505 563 vivendunt
541 536 678 567 instituit,
711 543 803 562 verum
833 535 916 562 etiam

131 583 293 614 litteratura,
310 581 476 614 eruditione,
500 581 622 608 doctrina
650 581 686 608 ita
708 581 824 612 imbuit,
842 581 887 608 ubi
901 588 916 607 a

133 628 250 662 negotiis
276 628 393 662 publicis
419 632 507 658 vacat.
536 633 562 655 ut
591 627 673 660 idem,
690 628 915 661 quemadmodum

131 674 248 708 quotidie
261 674 409 706 cernimus,
426 673 502 700 multi
517 679 544 700 et
565 673 671 707 quidem
691 673 764 700 docti
783 679 914 708 tanquam

131 728 162 748 ex
174 727 243 754 equo
257 719 376 754 Trojano
384 719 425 754 (ut
435 720 466 746 de
485 719 604 746 Isocrate
619 719 657 746 ait
668 719 773 755 Cicero)
789 720 916 746 continue

130 765 272 799 prodeant,
294 771 325 791 ac
337 763 429 798 plures
444 771 526 797 prope
538 772 619 799 quam
631 771 665 792 ex
679 764 780 798 reliqua
795 764 914 792 Romana

130 810 216 839 curia.
233 809 304 844 Quid
327 810 404 838 deest
429 809 538 837 Nicolao
567 810 692 842 Pet-otto,
713 810 916 845 archiepiscopo

132 857 287 892 Sipotttino,
303 857 376 892 quod
404 857 436 883 ad
468 864 557 884 mores
582 862 609 883 et
638 856 787 884 doctrinam
813 856 920 884 faciat?

132 903 230 931 Gravia
249 910 296 938 pro
312 903 454 937 dignitate,
468 903 553 930 comis
570 907 597 930 et
614 902 759 935 humanus,
774 903 869 930 scribit
885 910 917 930 ac

131 950 196 976 dicit
210 949 346 983 eleganter
361 953 387 976 et
411 949 542 982 copiose;
569 948 615 976 sed
636 949 683 983 qui
712 948 805 976 Graeca
823 948 917 976 Latina

133 996 233 1022 faceret
259 1002 339 1022 nemo
371 995 460 1021 adlutc
491 998 569 1021 aetate
596 1000 686 1021 nostra
715 995 839 1021 inventus
865 999 917 1023 est.

133 1040 239 1073 Quanta
255 1040 291 1068 sit
310 1040 446 1067 Theodori
456 1040 545 1072 Gaz-te,
558 1040 607 1067 viri
627 1041 732 1074 optimi,
749 1040 873 1068 doctrina
890 1045 918 1067 et

135 1086 261 1117 eruditio,
273 1091 328 1112 tum
345 1085 437 1113 Gra'ca
454 1090 510 1113 tum
521 1085 668 1118 Lutiua,ex
683 1086 732 1113 hoc
748 1086 788 1113 vel
800 1086 917 1113 maxime

132 1131 295 1165 deprehendi
319 1135 409 1166 potest
431 1132 501 1165 quod
529 1138 624 1158 omnes
652 1132 785 1159 benarunt
816 1133 915 1159 artium

133 1178 246 1205 studiosi
270 1179 302 1205 de
316 1178 405 1212 aliqua
430 1185 459 1205 re
475 1178 643 1212 ambigentes
668 1179 740 1206 hunc
756 1179 857 1206 adeunt
882 1187 915 1207 ex

134 1229 189 1250 tota
205 1223 314 1251 civitate
332 1229 360 1251 ut
380 1224 519 1251 oraculum
552 1223 634 1251 totius
652 1224 810 1253 eruditionis
828 1232 859 1252 ac
876 1225 901 1252 di

133 1269 260 1304 s:iplin;e.
276 1269 334 1302 llic,
351 1270 401 1297 etsi
421 1269 529 1297 Graecus
546 1270 590 1303 sit,
605 1271 640 1297 ita
655 1270 750 1298 Latine
766 1271 870 1304 scribit,
887 1276 917 1299 ut

133 1315 234 1342 nuliam
246 1315 360 1350 hospitis
375 1316 491 1350 speciem
500 1324 553 1350 pra:
563 1324 594 1343 se
606 1317 684 1344 ferat.
702 1317 759 1344 Non
776 1321 818 1345 est
834 1318 916 1345 omit-

134 1363 229 1389 tendus
253 1361 369 1388 Joannes
393 1361 501 1394 Gattus,
530 1362 669 1398 theologus
686 1362 916 1398 philosophusque

134 1408 260 1442 insignis;
276 1415 330 1434 tton
350 1407 469 1435 Valerius
486 1408 674 1440 Viterhiensis,
687 1410 837 1437 eruditione
853 1417 915 1437 cum

134 1454 227 1488 quovis
248 1453 349 1486 ονιὶιιιο
372 1453 462 1480 aetatis
476 1458 573 1481 nostra).
589 1454 694 1482 medico
714 1455 916 1489 confercndus;

134 1506 187 1524 non
202 1497 382 1529 Andronicus,
398 1497 490 1524 Graeca
515 1503 542 1524 et
564 1498 661 1525 Latina
689 1498 779 1534 lingua
795 1500 918 1534 apprime

135 1543 267 1571 eruditus.
296 1543 365 1570 Sunt
380 1547 407 1570 et
421 1543 446 1570 itt
468 1543 527 1577 ejus
542 1544 719 1572 contubernio
736 1545 781 1579 qui
809 1546 918 1580 pontiﬁ-

135 1590 206 1617 cium
223 1597 254 1616 ac
274 1589 353 1616 civile
371 1588 416 1624 jus
432 1590 531 1624 quique
555 1591 745 1618 tuathetnatica
762 1592 864 1626 optime
882 1597 919 1619 tc-

135 1640 227 1663 ncant.
244 1636 454 1671 Subseqnuntur
471 1641 498 1664 et
520 1637 631 1670 iuvenes
656 1637 763 1672 quidam
779 1638 825 1673 qui
853 1638 920 1666 vali-

135 1683 226 1710 diores
250 1681 325 1715 facti,
351 1687 478 1716 tanquam
497 1682 622 1717 generosi
638 1682 703 1718 pulli
721 1688 748 1710 et
763 1690 796 1710 ex
819 1684 919 1718 optitua

136 1729 211 1764 prole
242 1729 354 1763 sumpti,
370 1737 423 1756 nott
440 1728 531 1756 tubatn
556 1734 602 1756 aut
625 1736 781 1764 campanam
797 1731 921 1758 reformi-

136 1777 250 1804 dahunt.
265 1776 299 1804 Ei.
310 1776 414 1804 fructus
427 1775 589 1803 oboriutttur
597 1776 716 1811 undique
730 1777 763 1804 ad
771 1777 919 1805 ubertatetn

137 1830 190 1848 non
212 1821 293 1849 unius
314 1821 442 1855 civitatis,
468 1822 517 1848 sed
541 1823 622 1849 totius
649 1822 804 1856 provinciae,
822 1823 920 1851 Bessa—

137 1866 221 1894 ri0nis
236 1875 317 1902 opera
337 1873 364 1894 et
382 1867 517 1901 impensa,
533 1867 579 1901 qui
595 1875 648 1895 non
664 1875 717 1895 una
729 1869 755 1895 in
773 1877 802 1896 re
816 1874 919 1896 tantum

137 1912 343 1941 liberalissimae
364 1921 478 1946 manus,
496 1913 545 1941 sed
565 1914 592 1941 in
610 1914 732 1948 pluribus
753 1915 919 1944 circumfert.

137 1959 279 1987 Mzscratus
295 1959 448 1987 Grtccorum
465 1959 646 1988 calamitatem
658 1981 666 1993 ,
684 1960 767 1988 multa
778 1969 920 1990 nummum

139 2005 194 2032 mill
206 2013 222 2032 a
236 2013 379 2034 aureorum
395 2013 444 2041 pro
461 2006 626 2034 redimendis
645 2006 759 2042 Captivis
772 2009 919 2043 expendit;

520 110 627 141 BAPT.
649 110 825 140 PLATINAS
845 111 1112 143 PANEGYBICUS
1129 113 1386 145 BESSARIONIS.

1697 117 1781 140 Citl‘

968 167 1072 202 puellas
1088 168 1184 195 multas
1199 169 1287 203 inopia
1301 173 1443 204 parentum
1455 169 1552 197 marito
1568 176 1691 198 carentes
1701 179 1761 198 aere

969 214 1080 248 proprio
1098 214 1161 241 dote
1183 213 1254 241 facta
1271 215 1365 248 nuptui
1385 215 1511 242 collocat.
1529 215 1624 251 Inopes
1640 222 1666 243 et
1686 217 1763 243 vale-

969 259 1121 286 tudinarios
1135 260 1263 287 continuo
1277 259 1354 294 juvat
1366 267 1374 293 ;
1386 260 1457 287 aedes
1474 267 1566 288 sacras
1580 266 1626 287 aut
1642 261 1762 288 instituit

969 310 1015 330 aut
1032 304 1164 338 collapsas
1179 308 1310 332 vetustate
1325 305 1420 339 reﬂcit,
1431 305 1502 339 qttod
1515 305 1613 333 indicat
1627 306 1760 341 templum

969 349 1152 383 apostolorum
1167 350 1193 376 in
1208 348 1292 381 Urbe,
1314 350 1358 377 ubi
1373 351 1502 378 sacellutn
1516 350 1567 378 sibi
1582 351 1712 383 condidit,
1730 357 1762 379 et

968 402 1094 422 secessus
1118 394 1224 430 Cryptas
1248 394 1368 424 Ferratae
1396 396 1483 424 beatae
1506 396 1609 432 Virgini
1637 398 1758 426 dicatus.

968 440 1083 468 Domum
1095 449 1202 476 quoque
1213 442 1265 469 sibi
1280 443 1387 477 paravit
1405 443 1441 470 ita
1461 443 1585 477 dignitati
1598 448 1623 471 et
1639 443 1759 471 faculta-

969 488 1041 515 tibus
1051 493 1256 523 congruentem,
1265 494 1294 516 ut
1305 497 1391 523 neque
1406 490 1503 517 melius
1512 490 1654 527 quisquam
1669 498 1760 525 neque

968 534 1118 561 modestius
1142 535 1167 561 in
1186 534 1258 562 Urbe
1279 535 1392 563 habitet.
1416 537 1583 564 Accedentes
1602 541 1628 564 ct
1645 537 1757 570 quidem

967 580 1128 616 frequenter
1144 581 1260 609 libenter
1276 582 1393 610 admittit
1411 591 1418 608 :
1435 583 1509 610 audit
1520 587 1547 610 et
1560 583 1631 618 quod
1646 583 1703 610 fleri
1721 583 1758 610 ab

967 634 1000 654 eo
1027 627 1174 654 atnicorum
1201 635 1282 655 causa
1309 633 1406 663 potest,
1433 628 1572 656 doctorum
1605 628 1757 664 praesertim

967 680 1081 708 quorum
1097 678 1227 707 patronus
1243 677 1295 705 est,
1319 673 1346 701 id
1371 680 1401 701 se
1427 674 1545 702 libenter
1563 674 1697 702 facturum
1713 681 1759 702 re.

967 719 1110 754 promittit.
1124 719 1171 747 His
1184 727 1246 747 vero
1264 721 1295 747 de
1309 727 1358 747 suo
1367 720 1502 748 interdutn
1519 721 1758 756 donat,quantum

968 765 992 792 ei
1030 773 1078 800 per
1105 765 1270 792 domesticas
1294 766 1431 800 impensas
1458 766 1530 794 licet.
1560 766 1757 794 Bibliothecam

968 809 1100 843 Graecam,
1110 810 1218 844 triginta
1230 811 1347 838 millibus
1362 819 1534 838 nummorum
1547 819 1690 838 aureorum
1700 819 1759 839 em-

969 863 1040 893 ptam
1054 858 1172 886 Venetiis
1183 858 1326 891 exstruxit,
1336 866 1370 885 ne
1380 858 1491 886 omnino
1503 859 1651 885 litteratura
1664 858 1758 886 Graeca

969 903 1106 931 deﬁceret.
1123 902 1197 930 Vidit
1214 903 1285 930 enim
1303 910 1362 930 eam
1379 903 1472 931 urbem
1497 909 1607 939 propter
1631 903 1760 931 vicinita-

968 953 1059 976 temet
1078 949 1274 984 navigationem
1289 948 1391 977 Graecis
1412 957 1427 976 a
1442 950 1565 977 barbaris
1578 950 1682 977 vexatis
1698 957 1760 977 esse

969 994 1199 1029 percommodum.
1216 994 1330 1022 Ornabit
1345 999 1373 1021 et
1387 994 1457 1021 hanc
1480 998 1596 1021 vestram
1621 993 1760 1021 civitatem

968 1039 1065 1067 Latina
1102 1039 1282 1075 supellectile,
1311 1040 1334 1067 si
1365 1039 1390 1067 ei
1422 1038 1578 1075 aliquandiu
1608 1039 1698 1067 vivere
1727 1040 1761 1066 li-

968 1085 1065 1112 currit.

1003 1130 1081 1159 Hune
1098 1132 1187 1166 itaque
1202 1131 1351 1164 hominem,
1365 1129 1497 1164 Quirites,
1509 1130 1554 1166 qui
1568 1130 1603 1158 ob
1614 1138 1690 1158 suam
1705 1130 1762 1158 sitt-
1774 1128 1784 1138 '

968 1178 1090 1213 gularem
1106 1177 1279 1212 sapientiam,
1301 1176 1494 1209 constantiam,
1512 1176 1602 1209 fidem,
1620 1176 1760 1209 pietatem,

968 1222 1166 1254 fortitudinem,
1188 1222 1398 1254 humanitatem,
1417 1222 1542 1257 gratiam,
1566 1221 1759 1253 eruditionem,

968 1268 1118 1297 doctrinam
1136 1268 1198 1296 facit
1222 1268 1369 1304 quominus
1391 1267 1530 1301 Socrates,
1551 1267 1689 1300 Platones,
1701 1267 1762 1294 Ari-

968 1315 1091 1348 stoteles,
1113 1315 1232 1348 Graecos,
1263 1313 1375 1347 Numas,
1403 1313 1550 1348 Varrones,
1569 1313 1675 1346 Brutos,
1697 1313 1762 1342 Sul~

968 1362 1062 1396 pitios,
1077 1361 1197 1389 Catones
1209 1366 1314 1388 vestros
1336 1360 1509 1393 desideretis,
1535 1359 1617 1393 hunc,
1639 1359 1760 1394 inquam,

972 1407 1091 1435 omnium
1116 1407 1256 1434 hominem
1280 1407 1348 1434 bene
1364 1407 1396 1434 de
1417 1407 1518 1441 optimo
1543 1413 1650 1441 quoque
1674 1410 1701 1433 et
1719 1405 1761 1432 itt-

972 1454 1076 1481 dustrio
1104 1453 1243 1485 meritum,
1255 1451 1348 1485 colite,
1364 1452 1508 1480 observate
1527 1459 1559 1479 ac
1574 1451 1761 1485 frequentibus

971 1499 1098 1527 laudibus
1108 1497 1255 1526 celebrate.
1264 1497 1329 1530 ,llac
1339 1497 1441 1524 ratione
1452 1493 1538 1532 (tanta
1554 1501 1593 1524 est
1615 1496 1761 1523 auctoritas

972 1545 1071 1580 vestra)
1089 1550 1116 1573 et
1131 1545 1265 1572 bonorum
1279 1544 1385 1579 ingenia
1399 1543 1433 1570 ad
1450 1543 1575 1570 virtutem
1591 1541 1756 1575 excitabitis,

973 1592 1110 1627 proposita
1139 1591 1222 1626 gloria
1251 1590 1354 1625 optima
1384 1590 1418 1617 ad
1448 1589 1606 1617 excitandos
1638 1588 1761 1615 homines

974 1638 1089 1665 calcaria
1101 1646 1108 1671 ;
1126 1642 1154 1665 et
1171 1637 1259 1665 malos
1273 1644 1287 1664 a
1301 1636 1369 1664 vitio
1380 1635 1563 1666 deterrebitis.
1576 1642 1636 1661 cum
1654 1641 1668 1660 a
1684 1633 1761 1661 vobis

977 1684 1130 1720 posthaberi
1151 1688 1198 1711 aut
1218 1682 1305 1710 notari
1326 1681 1473 1717 ﬂagitiosos
1494 1680 1634 1707 dedecoris
1648 1687 1680 1707 ac
1703 1684 1758 1706 tur-

973 1731 1102 1766 pitudinis
1118 1734 1180 1758 nota
1195 1729 1331 1758 videbunt.
1362 1728 1418 1763 Ego
1445 1735 1508 1755 vero
1536 1727 1668 1755 maximas
1685 1725 1760 1753 vobis

974 1777 1075 1813 gratias
1087 1783 1137 1811 ago
1148 1775 1218 1811 quod
1237 1783 1280 1802 tne
1291 1775 1384 1802 audire
1397 1774 1492 1813 quovis
1510 1773 1589 1800 modo
1604 1773 1758 1807 loquentem

974 1810 1134 1855 volueritis;
1147 1810 1262 1857 majores
1278 1827 1367 1848 tamen
1387 1810 1529 1848 ludiiturus
1553 1820 1574 1847 si
1591 1827 1638 1846 vos
1654 1826 1759 1853 queque

975 1870 1173 1901 Bessarionem,
1207 1868 1314 1896 Patrem
1340 1867 1550 1902 amplissimum,
1576 1866 1672 1900 quovis
1694 1873 1759 1900 pra:-

975 1916 1053 1944 conio
1065 1916 1186 1951 dignum,
1199 1915 1324 1943 laudibus
1337 1913 1435 1942 vesuis
1445 1920 1504 1948 qua:
1512 1911 1678 1947 gravissimae
1686 1914 1756 1942 sunt,

975 1961 1189 1989 celebraveritis.
