1912 3054
150 151 203 171 ων
209 152 227 172 11
375 155 391 169 ο

478 147 734 180 BESSARIONIS
755 150 852 180 ACTA
871 150 915 182 IN
935 152 1158 184 LEGATIONE
1175 154 1426 187 BONONIENSI.

1695 163 1779 186 οινιη

152 223 1778 243 __________________________

580 317 1203 414 'BESSARION
1207 321 1307 412 IS

317 485 558 531 SANCTIE
599 486 868 534 ROMANIE
906 488 1209 537 ECCLESIIE
1247 493 1613 542 CARDINALIS

695 596 885 655 ACTA
928 596 1244 659 SELECTA

238 709 328 747 QUIE
350 710 402 742 AD
431 709 528 741 ΕΙυὸ
550 710 804 742 LEGATIONEM
824 712 867 755 iN
898 713 1003 744 URBE
1021 714 1193 746 BONONIA
1212 715 1453 749 EXARCHATU
1473 719 1677 754 RAVENNIE.

555 759 604 789 ET
619 758 886 790 ROMANDIOLE
904 760 1112 793 PROVINCIA
1126 762 1360 801 PERTINENT,

625 827 651 857 E
672 834 729 858 ms.
747 826 856 859 codice
870 826 1020 859 Vaticano
1040 829 1228 869 deprompta
1244 829 1300 871 (a).

188 1030 343 1062 Bessarton,
360 1030 532 1058 miserattone
542 1028 633 1056 divina
645 1028 790 1064 episcopus
804 1028 939 1058 Tuscula-

150 1085 214 1110 nus,
227 1076 255 1104 S.
266 1075 299 1104 ﬂ.
316 1076 445 1104 Ecclesia)
457 1076 613 1109 cardinalis,
635 1076 661 1104 in
678 1077 788 1105 civitate
812 1077 939 1104 Bononia!

149 1123 353 1158 elarcltatuque
370 1122 528 1150 Ravennate
552 1127 578 1149 et
595 1122 780 1150 Romamliolae
799 1123 938 1158 provincia

152 1169 308 1204 apostolicae
331 1169 405 1196 sedis
422 1169 526 1204 legatus
539 1168 573 1196 de
589 1163 685 1201 latere,
700 1168 799 1196 dilecto
813 1168 868 1196 lilio
893 1175 939 1195 ar-

153 1216 358 1252 chipresbytero
377 1215 501 1244 ecclesiae
523 1216 671 1250 collegiate:
696 1216 780 1242 sancti
814 1214 937 1242 Damiani

152 1263 347 1291 Saxeuatensis
359 1262 486 1291 dimcesis
500 1262 613 1290 salutem
625 1262 652 1289 in
670 1262 784 1289 Domino
796 1262 940 1296 sempiter-

151 1317 224 1338 nam.

187 1355 224 1382 Ex
238 1355 358 1391 injttncto
370 1355 447 1383 nobis
459 1355 604 1390 legationis
614 1362 737 1389 munere,
748 1360 829 1390 prout
838 1355 940 1390 decens

151 1407 180 1429 et
209 1409 357 1436 congruum
382 1406 433 1434 est,
455 1401 487 1428 ad
509 1402 674 1428 ea‘libenter
700 1401 865 1429 intendimus
892 1408 940 1436 per

155 1455 214 1480 quae
233 1447 331 1482 inopiae
350 1447 540 1479 ecclesiarum,
565 1448 713 1481 praesertim
729 1447 939 1478 catltedraliutn,

152 1493 315 1527 illarumque
328 1493 480 1520 antistitum
507 1493 717 1520 necessitatibus
731 1493 765 1520 de
785 1492 941 1520 subwntio—

155 1541 197 1568 nis
225 1539 325 1567 auxilio
342 1539 516 1574 provideatur
529 1543 693 1574 opportuno,
711 1542 740 1566 ut
757 1545 853 1570 onera,
874 1538 939 1572 ipsis

153 1586 186 1614 ad
197 1593 290 1613 eorum
307 1590 408 1613 statum
430 1585 558 1612 decenter
575 1586 723 1613 tenendum
740 1584 937 1617 incumbentis,

150 1631 260 1660 facilius
271 1636 430 1667 supportare
441 1631 556 1658 valeant.
566 1630 639 1659 Sane
651 1638 699 1666 pro
709 1635 785 1664 parte
798 1630 938 1658 revereudi

150 1679 179 1707 in
193 1679 302 1706 Christo
315 1678 405 1706 Patris
419 1677 523 1705 domini
549 1676 663 1705 Mariani
678 1677 799 1712 episcopi
815 1677 939 1704 Saxcna-

151 1725 238 1752 tensis
253 1725 346 1758 petitio
363 1731 453 1759 nuper
471 1724 549 1751 nobis
572 1723 662 1751 oblata
688 1724 853 1755 continebat,
866 1723 938 1756 quod

149 1771 210 1805 ejus
221 1770 341 1799 Ecclesia
355 1771 561 1801 Saxenatensis.
572 1771 614 1798 cui
631 1777 749 1804 praeesse
756 1770 937 1804 dignoscitur,

151 1817 233 1844 fuerit
251 1821 278 1843 et
290 1816 325 1843 sit
339 1816 365 1842 in
379 1815 476 1842 annuis
489 1815 620 1842 reditibus
631 1815 667 1841 ita
689 1815 777 1842 tennis
800 1819 827 1841 et
849 1815 937 1847 exilis,

151 1863 223 1897 quod
252 1863 312 1897 ipse
337 1862 450 1889 minime
466 1861 555 1888 valeat
585 1860 733 1889 secundum
761 1861 938 1888 condecentia

150 1913 237 1937 status
249 1909 291 1936 sui
301 1916 330 1936 se
339 1912 365 1935 et
377 1908 428 1935 sibi
441 1907 592 1935 servientes
603 1908 746 1934 commode
755 1906 938 1934 substentare.

150 1954 272 1988 Cumque
287 1953 312 1980 in
329 1953 440 1981 dioecesi
453 1952 513 1987 ejus
529 1952 564 1980 sit
574 1951 701 1985 ecclesia,
716 1959 762 1979 seu
775 1951 850 1986 plebs
863 1959 940 1979 rura-

152 2000 186 2028 lis
203 2004 356 2036 nuncupata
381 1999 408 2028 S.
427 1999 519 2026 Mariae
529 1998 709 2034 Romagnani,
729 1997 823 2025 ltabitu
838 2001 939 2030 tamen,

150 2051 178 2074 et
195 2054 247 2074 non
259 2052 321 2074 actu
343 2046 486 2079 curata,in
503 2045 659 2072 nemoribus
672 2049 699 2072 et
715 2045 784 2072 locis
801 2044 940 2080 sylvestri-

150 2093 202 2120 bus
217 2093 375 2125 constituta,
391 2092 425 2120 ad
438 2100 556 2126 praesens
572 2098 673 2119 vacans
692 2098 740 2126 per
750 2091 854 2118 obitum
869 2089 936 2117 olim

151 2138 327 2174 Sempliciani
345 2139 445 2166 dudum
466 2138 588 2166 canonici
607 2136 811 2169 Saxenatensis,
827 2143 873 2164 seu
891 2143 939 2170 per

151 2185 254 2212 obitum
265 2185 372 2213 Sanctis
381 2185 445 2212 olim
460 2185 541 2211 etiam
550 2184 628 2211 dicte
641 2183 762 2212 ecclesiae
772 2182 941 2210 Saxenaten-

152 2233 190 2260 sis
210 2231 333 2259 canonici
347 2231 503 2258 ultimorum
516 2234 651 2258 rectorum
664 2229 744 2258 dicta:
752 2229 884 2261 ecclesia,
895 2236 942 2256 seu

152 2279 241 2314 plebis
262 2288 269 2306 :
290 2278 393 2306 idcirco
407 2285 440 2305 ex
455 2277 567 2312 speciali
588 2277 673 2312 gratia
697 2276 731 2303 de
756 2275 943 2304 subventionis

157 2323 257 2352 auxilio
270 2329 431 2351 succurrere
443 2322 529 2350 cidem
546 2322 676 2350 vellemus
685 2328 716 2348 ac
725 2321 830 2356 plebem
840 2320 939 2355 praefa-

153 2375 207 2396 tam
220 2369 368 2405 episcopali
382 2369 461 2396 dictae
474 2368 602 2396 Ecclesia:
620 2367 798 2399 Saxenatensi
811 2370 943 2402 perpetuo

153 2416 283 2449 unire,et
309 2415 485 2448 incorporare
508 2414 693 2449 dignaremur.
719 2412 775 2441 Nos
801 2420 878 2446 ergo,
896 2413 942 2448 qui

155 2461 300 2488 indefessis
320 2461 418 2488 studiis
444 2460 515 2487 votis
544 2460 668 2486 l'avetn'us
697 2458 869 2493 supplicium,
887 2458 939 2491 piis

153 2507 303 2543 praesertim
321 2507 404 2542 juslis
417 2511 499 2541 atque
515 2505 649 2537 honestis,
667 2505 822 2540 prmdictam
833 2504 937 2539 plebem

154 2554 184 2582 S.
203 2553 305 2587 Maria,
319 2553 398 2588 cujus
412 2553 516 2580 fruetus
529 2551 577 2579 XV
593 2552 677 2579 libras
691 2551 752 2579 auri
777 2551 811 2578 de
831 2557 938 2577 camera

152 2600 299 2627 secundum
321 2606 493 2627 communem
519 2598 726 2626 aestimationem
755 2597 872 2624 valorem
891 2605 940 2623 au-

153 2654 236 2672 nuum
254 2653 307 2672 non
323 2645 468 2678 excedunt,
489 2648 518 2671 ut
536 2644 606 2671 idem
620 2643 763 2678 episcopus
779 2643 888 2675 asserit,
912 2646 938 2670 et

152 2692 191 2718 sic
203 2695 231 2717 ut
247 2690 419 2725 pra-mittitur
431 2695 583 2722 vacantem,
601 2689 658 2716 sive
674 2689 727 2716 alio
743 2689 838 2723 quovis
859 2689 938 2715 modo

151 2742 199 2765 aut
211 2746 243 2764 ea
253 2737 363 2764 alterius
371 2736 556 2771 cujuscunque
576 2742 689 2770 persona
710 2741 808 2762 vacare
819 2734 937 2767 dicatur,

988 983 1095 1012 etiamsi
1111 988 1185 1011 tanto
1204 988 1324 1020 tempore
1337 985 1487 1018 vacaverit,
1503 986 1575 1021 quod
1595 985 1654 1020 ejus
1671 985 1781 1014 collatio

993 1038 1041 1058 seu
1055 1030 1177 1065 provisio
1189 1031 1266 1066 juxta
1290 1031 1484 1059 Laterancnsis
1500 1035 1601 1059 statttta
1619 1031 1728 1059 concilii
1744 1032 1780 1058 sit

989 1077 1021 1104 ad
1033 1077 1124 1105 sedem
1140 1077 1317 1112 apostolicam
1331 1077 1448 1112 legitime
1457 1078 1593 1112 devoluta,
1605 1077 1714 1106 etiamsi
1732 1085 1781 1112 per

989 1124 1208 1152 constitutionem
1222 1131 1281 1159 quae
1304 1124 1399 1158 incipit
1416 1124 1641 1157 Exsecrabilium,
1656 1129 1777 1156 vacaret,

988 1175 1016 1198 et
1034 1171 1104 1197 inter
1124 1170 1229 1206 aliquos
1243 1171 1287 1204 lis,
1301 1170 1379 1205 cujus
1402 1175 1504 1198 statum
1523 1171 1567 1199 hic
1587 1178 1637 1206 pro
1651 1178 1779 1206 expresso

990 1216 1081 1243 haberi
1112 1216 1249 1249 volumus,
1269 1216 1385 1250 pendeat
1401 1216 1533 1249 indecisa,
1559 1224 1620 1244 cum
1651 1216 1779 1243 omnibus

985 1263 1094 1298 juribus
1109 1267 1136 1292 et
1154 1263 1327 1299 pertinentiis
1336 1263 1404 1296 suis,
1416 1263 1561 1298 episcopali
1571 1263 1649 1290 dictze
1658 1263 1781 1290 ecclesiae

990 1310 1169 1338 Saxenatensi
1183 1309 1348 1337 auctoritate
1364 1309 1508 1344 legationis
1520 1315 1547 1337 et
1559 1309 1631 1337 omni
1650 1309 1702 1336 alia
1716 1316 1782 1335 atte-

989 1356 1111 1389 toritate,
1124 1364 1176 1391 qua
1201 1356 1349 1390 fungimur,
1370 1361 1500 1391 perpetuo
1516 1355 1637 1401 unimus,
1655 1355 1780 1382 annecti-

990 1410 1050 1430 tnus
1064 1407 1091 1430 et
1106 1402 1322 1437 incorporamus,
1342 1403 1531 1434 decernentes,
1552 1408 1580 1428 ut
1595 1400 1706 1436 praefato
1723 1401 1781 1435 epi-

989 1454 1071 1485 scopo
1086 1447 1198 1482 ejusque
1214 1447 1418 1475 successoribus
1442 1446 1669 1482 liccatprtclatam
1687 1447 1776 1474 eccle-

989 1493 1057 1521 siam
1072 1493 1181 1521 Sanctaa
1193 1493 1283 1520 Mariae
1297 1501 1357 1521 cutn
1369 1493 1439 1521 dicta
1453 1493 1575 1522 Ecclesia
1593 1493 1776 1521 Saxenateusi

989 1539 1126 1576 perpetuis
1144 1539 1312 1574 temporibus
1327 1539 1402 1567 licite
1425 1544 1452 1567 et
1465 1539 1548 1566 libere
1564 1539 1692 1571 retinere,
1709 1539 1780 1566 fruc-

992 1592 1089 1621 tusque
1118 1590 1145 1613 et
1170 1585 1274 1613 reditus
1299 1593 1403 1618 omnes,
1430 1590 1457 1613 et
1477 1585 1597 1621 singulos
1629 1593 1692 1613 cum
1711 1586 1781 1612 inte-

990 1634 1088 1669 gritate
1101 1632 1242 1668 percipere
1254 1632 1498 1661 constitutionibus
1515 1632 1691 1668 synodalibus
1703 1631 1781 1658 dictre

990 1678 1336 1711 Ecclesiaa‘Saxenatensis,
1351 1686 1402 1706 nec
1418 1686 1471 1706 non
1491 1678 1714 1713 provincialibus.
1733 1684 1781 1705 seu

990 1724 1022 1752 ad
1035 1725 1182 1752 canonicos
1195 1727 1222 1751 et
1239 1723 1386 1759 capitulum
1403 1724 1483 1754 dictae
1498 1724 1632 1752 Ecclesia:
1656 1723 1780 1751 Saxcna-

991 1770 1074 1798 tensis
1088 1770 1221 1805 provisio,
1235 1777 1281 1797 seu
1311 1770 1486 1804 praesentatio
1499 1770 1612 1798 rectoris
1634 1771 1781 1805 pertineat,

991 1817 1153 1851 czeterisque
1169 1816 1195 1844 in
1220 1816 1388 1844 contrarium
1418 1816 1583 1845 facientibus
1601 1823 1653 1843 non
1672 1818 1782 1844 obstan-

991 1861 1065 1888 tibus
1081 1862 1304 1897 quibuscunque.
1318 1860 1416 1896 quibus
1433 1861 1560 1889 omnibus
1576 1862 1685 1896 proprio
1708 1866 1781 1889 tnotu

990 1911 1019 1935 et
1037 1915 1071 1935 ex
1102 1911 1177 1934 certa
1202 1907 1318 1934 scientia
1340 1907 1521 1940 derogatnus;
1551 1908 1732 1935 decernentes
1747 1916 1780 1935 ex

992 1961 1066 1980 nunc
1083 1952 1192 1980 irritum
1204 1958 1230 1980 et
1246 1953 1336 1985 inane,
1351 1952 1372 1980 si
1387 1959 1467 1980 secus
1483 1960 1565 1987 super
1579 1953 1613 1980 iis
1629 1960 1643 1979 ιι
1660 1961 1782 1988 quocun-

991 2005 1045 2033 que
1061 1999 1189 2031 scicnter,
1208 1999 1251 2026 vel
1276 1998 1433 2033 ignoranter
1450 1998 1593 2032 contigerit
1611 2000 1779 2034 attemptari.

992 2044 1126 2078 Quocirca
1141 2044 1297 2071 discretioni
1314 2048 1366 2071 tua:
1381 2044 1544 2072 auctoritate
1563 2044 1673 2080 praelata
1687 2050 1786 2072 tenore.

992 2089 1170 2124 praesentium
1187 2089 1383 2117 committimus
1407 2095 1434 2117 et
1455 2091 1626 2123 mandamus.
1644 2096 1781 2126 quatenus

992 2143 1041 2170 per
1053 2140 1078 2162 te
1094 2135 1136 2163 vel
1153 2135 1236 2162 alium
1255 2142 1304 2162 seu
1325 2136 1392 2163 alios
1406 2136 1531 2163 eumdem
1549 2137 1706 2172 episcopum
1737 2137 1778 2164 vel

992 2186 1200 2218 procuratorem
1222 2188 1303 2210 suum
1330 2181 1391 2216 ejus
1419 2182 1528 2210 nomine
1555 2183 1732 2217 recipientem
1753 2184 1780 2210 in

990 2228 1161 2263 corporalem
1189 2228 1392 2263 possessionem
1420 2229 1499 2257 dictae
1526 2229 1654 2257 Ecclesia:
1674 2229 1781 2257 Sancta:

991 2276 1092 2309 Mariae,
1109 2283 1140 2303 ac
1156 2275 1260 2310 jurium
1276 2279 1303 2303 et
1314 2275 1542 2310 pertinentiarum
1565 2276 1686 2311 ejusdem
1700 2277 1781 2303 indu-

992 2329 1051 2354 cas,
1074 2326 1101 2349 et
1114 2322 1274 2349 auctoritate
1304 2326 1398 2349 nostra
1424 2322 1562 2350 induetum
1587 2322 1726 2356 defendas,
1753 2331 1782 2349 a-

993 2372 1067 2395 moto
1096 2367 1194 2394 exinde
1217 2366 1336 2402 quolibet
1356 2367 1453 2394 illicito
1473 2367 1629 2402 dctentore,
1643 2368 1726 2397 facias
1742 2370 1781 2395 tli-

992 2419 1068 2440 ctum
1081 2413 1240 2449 episcopum
1257 2413 1298 2440 vel
1309 2413 1369 2448 ejus
1388 2419 1592 2449 procuratorem
1608 2416 1641 2442 ad
1657 2414 1779 2442 eamdem

992 2459 1118 2486 eclesiam
1136 2460 1240 2486 admitti
1254 2463 1334 2494 prout
1353 2463 1402 2488 est'
1418 2461 1513 2492 moris.
1532 2460 1649 2495 sibique,
1664 2461 1704 2487 vel
1719 2460 1780 2494 ejus

993 2506 1162 2540 procuratori
1181 2506 1214 2533 de
1225 2506 1369 2540 fructibus,
1391 2506 1524 2534 reditibus
1540 2510 1566 2534 ct
1589 2507 1776 2541 proventibus,

989 2551 1098 2586 juribus
1115 2557 1142 2579 et
1162 2552 1373 2580 obventionibus
1393 2552 1528 2580 universis
1547 2553 1651 2588 integre
1669 2561 1779 2588 respou-

993 2598 1290 2631 deri,contradictores
1314 2606 1361 2633 per
1394 2605 1537 2626 censuram
1563 2598 1776 2626 ecclesiasticam

992 2644 1084 2671 ctalia
1109 2643 1179 2678 juris
1206 2644 1324 2671 remedia
1341 2644 1549 2678 compescenda.

1027 2733 1124 2764 Datum
1143 2732 1271 2760 Bononia:
1282 2741 1308 2759 vr
1325 2732 1447 2760 Januarii
1463 2733 1544 2761 1453.

184 2817 220 2847 (η)
232 2818 310 2848 Supra
323 2817 381 2848 (col.
393 2816 455 2847 XIX)
469 2818 563 2842 mentio
576 2818 603 2841 ﬂt
619 2817 650 2841 de
665 2817 817 2841 Bessarionis
834 2816 959 2848 legatione
969 2814 1138 2848 _Bon_oniensi.
1154 2814 1212 2848 Acta
1222 2821 1277 2848 quae
1298 2817 1326 2839 ad
1338 2814 1402 2848 hanc
1414 2814 1564 2848 legationem
1580 2813 1779 2848 spectantedidit

154 2844 279 2872 lailaron'i
294 2844 405 2873 Venetus
420 2844 488 2875 ΠΗ,
502 2855 568 2878 apuo
588 2848 742 2872 Tommasum
757 2847 894 2875 Bctllnclli,
913 2846 937 2870 in
951 2845 1014 2869 ilbl'O
1026 2844 1144 2878 inscripto
1157 2852 1164 2870 ;
1177 2844 1333 2872 miscellanea
1345 2844 1448 2870 divarié
1458 2849 1562 2877 oper-aue
1589 2849 1612 2866 In
1623 2853 1647 2870 η.
1665 2844 1725 2870 Vill.
1743 2846 1778 2870 Ea

152 2879 192 2903 hic
202 2879 321 2910 addimus,
332 2882 358 2904 ut
376 2879 500 2910 potuimus
518 2876 551 2910 (at
569 2885 615 2903 non
634 2879 726 2909 ubique
743 2878 886 2909 potuimus),
903 2877 1043 2902 emendata.
1056 2876 1122 2900 Εοιτ.
