1912 3054
167 167 230 187 (ΗΚ

202 272 357 305 Bessarion.
370 274 547 304 miseratione
557 278 648 306 divina
657 286 758 309 sancire
768 282 895 311 Romanm
907 284 956 312 Ec-

167 318 256 345 clesia:
268 319 428 354 cardinalis,
443 322 588 359 episcopus
602 325 787 360 Tusculanus,
799 329 956 363 apostolicae

167 364 240 392 sedis
256 364 359 399 legatus
383 368 416 394 de
432 367 516 397 latere
545 369 572 397 in
589 371 699 399 civitate
718 372 857 407 Bononiae,
874 382 955 402 exar-

167 409 249 438 cltatu
266 411 402 440 Ravenna;
418 419 444 441 et
456 414 642 445 Romandiolze
667 419 807 452 provincia
824 420 856 447 in‘
871 421 954 456 spiri-

168 456 285 484 tualibus
303 464 328 485 et
345 461 539 493 temporalibus
564 464 699 498 generalis
720 464 850 500 vicarius,
878 474 954 495 reve-

166 502 251 529 rendo
270 503 296 529 in
310 504 418 532 Christo
436 505 507 534 Patri
523 508 636 536 Domino
659 510 787 545 episcopo
805 511 903 547 Regin,
926 517 954 540 et

167 546 272 576 dilectis
288 549 314 576 in
337 550 446 579 Christo
472 554 535 582 filiis
550 555 669 590 capitulo
685 556 810 591 ejusdem
829 546 953 587 ecclesia:

166 594 280 622 salutem
292 597 318 623 in
329 597 513 632 Domino,etc.

201 640 267 668 Cum
278 650 292 669 a
306 644 382 672 nobis
397 646 499 680 petitur
508 647 578 682 quod
592 648 727 676 honestati
742 651 904 679 convenitet
918 652 952 680 ad

166 685 295 715 honorem
304 690 482 719 ecclesiarum
499 695 649 728 prtesertim
662 696 857 724 cathedralium
869 698 951 732 cedit,

167 734 259 762 animo
274 741 324 762 nos
335 735 414 764 decet
427 737 520 766 libenti
530 740 690 774 concedere,
703 746 730 768 et
743 743 890 776 petentium
903 744 951 771 de-

164 779 271 808 sideriis
286 783 440 816 praesidium
455 785 599 819 impertiri.
611 786 678 815 Cum
693 788 797 823 itaque.
808 789 887 817 sicuti
902 798 950 825 pe-

165 825 269 853 titionis
284 832 381 856 vestra:
398 830 475 858 nobis
492 832 591 860 oblata:
616 835 702 862 series
716 836 884 869 continebat.
903 845 950 864 vos

163 872 290 904 prmfatus
302 873 429 903 dominus
445 877 588 913 episcopus
598 879 695 914 Regin.
714 889 767 908 una
781 890 841 909 cum
853 884 950 910 vestris

163 918 303 945 canonicis
312 927 360 954 pro
375 921 477 949 honore
489 923 566 950 dicta.-
575 923 704 952 Ecclesia:
718 926 752 953 ad
770 927 948 955 imitationem

163 965 276 993 aliarum
288 967 462 996 ecclesiarum
482 971 677 999 catltedralium
688 974 722 1000 du
728 974 819 1001 xcritis
828 980 950 1003 statuen-

162 1011 226 1038 dum
245 1013 315 1046 quod
333 1014 449 1048 quilibet
462 1015 539 1043 dictas
554 1018 675 1045 ecclesiie
689 1020 838 1048 canonicus
862 1022 948 1049 almu-

164 1057 200 1083 tia
213 1057 309 1085 debeat
328 1060 366 1086 uti
392 1060 419 1086 in
446 1061 560 1089 ecclesia
577 1056 714 1098 prélibata
740 1067 837 1093 saltem
853 1068 947 1096 diebus

163 1103 264 1132 festivis
277 1109 304 1132 et
313 1106 478 1135 solemnibus
492 1108 518 1135 in
533 1109 641 1143 ofIiciis,
661 1115 689 1138 et
701 1112 781 1139 etiam
793 1113 948 1141 Mansiona-

162 1149 194 1176 rii
211 1152 345 1184 praedicta:
354 1153 476 1181 ecclesiae
486 1162 561 1183 more
573 1158 817 1186 mansionariorum
831 1160 945 1188 aliarum

161 1195 338 1224 ecclesiarum
348 1199 543 1228 cathedralium
559 1202 679 1236 subjecta
697 1212 775 1238 poena
798 1206 824 1232 in
853 1206 946 1242 hujus-

161 1244 233 1271 tnodi
273 1246 464 1275 constitutione
490 1254 629 1284 contenta,
658 1257 685 1279 et
717 1254 872 1282 successive
899 1263 946 1290 per

160 1289 239 1317 aliam
255 1293 333 1320 modo
365 1293 446 1321 simili
459 1296 680 1325 constitutionem
695 1300 858 1327 celebratam
875 1289 945 1328 inhi-

160 1335 283 1368 buerilis,
301 1342 328 1364 et
342 1345 470 1373 expresse
485 1341 678 1370 mandaveritis
695 1351 728 1371 ne
743 1345 802 1378 quis
815 1346 886 1372 alius
900 1354 944 1374 ca-

160 1382 273 1411 nonicus
292 1384 411 1419 cujusvis
429 1385 540 1415 alterius
559 1388 682 1416 ecclesiae
698 1390 847 1426 collegiatte
864 1394 889 1420 in
905 1393 945 1420 ci-

158 1427 251 1461 vitate,
269 1429 311 1456 vel
340 1430 453 1459 dioecesi
479 1433 583 1468 Regina
599 1434 753 1463 constitutae
774 1437 812 1464 uti
837 1438 943 1473 debeat,

157 1474 256 1508 possit,
272 1475 314 1502 vel
330 1482 475 1511 praesumat
489 1479 637 1513 aliquibus,
651 1481 695 1508 vel
715 1482 806 1517 aliqua
822 1483 941 1518 almutia,

157 1521 199 1547 vel
215 1521 335 1549 almutiis
343 1523 424 1550 simili
434 1524 474 1551 vel
488 1525 632 1559 similibus,
642 1527 765 1555 dissimili
777 1529 943 1557 veldissimi-

156 1563 227 1592 libus
240 1567 290 1593 sub
310 1573 389 1601 pmna
402 1570 693 1599 excommunicationis
709 1577 736 1600 et
750 1574 942 1604 beneficiorum

156 1610 326 1644 privationis,
337 1618 416 1647 prout
428 1614 455 1640 in
470 1614 550 1642 dictis
561 1617 800 1646 constitutionibus
815 1627 881 1654 quas
898 1621 943 1649 hic

156 1664 204 1691 pro
234 1659 370 1693 expressis
398 1660 492 1687 haberi
514 1661 649 1695 volumus,
665 1663 746 1692 latius
775 1667 939 1694 contittetttr.

154 1703 245 1735 Quare
262 1711 309 1739 pro
325 1710 402 1740 parte
429 1711 520 1734 vestra
551 1712 578 1734 et
604 1709 714 1744 capituli
740 1710 845 1744 praefati
864 1713 942 1741 nobis

154 1750 334 1784 supplicatum
345 1751 407 1784 fuit,
423 1757 554 1787 quatenus
566 1761 614 1788 pro
626 1755 754 1783 validiori
765 1757 939 1791 subsistentia

154 1796 394 1825 constitutionibus
410 1798 556 1832 przedictis,
575 1807 606 1827 ac
625 1802 752 1830 omnibus
777 1807 804 1830 et
826 1805 941 1840 singulis

153 1843 287 1870 contentis
303 1844 328 1870 in
340 1844 419 1872 dictis
427 1846 667 1875 constitutionibus
679 1854 779 1876 nostras
794 1851 941 1879 confirma-

154 1888 236 1916 tionis
248 1889 328 1916 robur
339 1889 457 1924 adjicere
472 1891 655 1927 dignaremur,
667 1901 775 1921 omnem
789 1896 939 1931 supplendo

152 1935 300 1968 defectum,
316 1937 337 1964 si
351 1937 412 1971 quis
430 1937 519 1965 forsan
533 1939 711 1967 intervenerit
729 1941 754 1968 in
766 1942 939 1972 eisdem.Nos

151 1989 215 2015 ergo
228 1982 325 2009 vestris
336 1987 361 2009 et
375 1984 483 2018 capituli
497 1985 617 2018 praedicti
635 1986 661 2013 in
682 1987 732 2014 hac
747 1993 822 2022 parte
836 1990 939 2025 suppli-

151 2028 313 2061 cationibus,
322 2033 453 2063 quantum
471 2037 532 2057 curn
544 2030 597 2058 Deo
608 2039 764 2066 possumus,
774 2041 936 2069 annuentes,

151 2075 359 2103 constitutiones
388 2077 543 2110 praedictas,
557 2084 670 2111 quarum
687 2082 808 2107 tenorem
829 2081 872 2108 hic
889 2089 937 2115 pro

150 2129 281 2155 expresso
297 2121 391 2149 haberi
409 2122 542 2156 volumus,
560 2125 705 2159 omniaque
719 2125 771 2153 alia
791 2131 818 2153 et
833 2127 937 2163 singula

151 2175 199 2202 per
213 2176 271 2200 vos,
286 2172 313 2195 ut
325 2169 476 2203 praefertur,
494 2169 565 2196 facta
582 2175 610 2198 et
622 2172 746 2198 ordinata
763 2176 819 2199 rata
834 2173 936 2202 haben-

151 2220 190 2242 tes
203 2221 231 2242 et
242 2219 328 2248 grata,
343 2216 387 2242 illa
402 2217 564 2244 auctoritate
576 2218 722 2251 apostolica
739 2223 840 2246 nostrae
859 2220 933 2255 lega—

150 2261 231 2288 tionis
245 2263 374 2296 omnique
398 2262 449 2288 alia
464 2263 635 2295 auctoritate,
654 2271 706 2297 qua
722 2264 859 2299 fungimur
870 2274 935 2294 con-

149 2307 298 2341 firmamus,
306 2308 488 2344 approbamus
498 2315 525 2336 et
535 2310 673 2344 praesentis
682 2312 772 2346 scripti
785 2313 935 2347 patrocinio

149 2352 348 2379 communimus
364 2352 515 2387 supplendo
527 2361 622 2382 omnes
633 2355 767 2390 defectus,
789 2357 811 2385 si
828 2359 873 2392 qui
892 2359 935 2387 itt-

150 2399 316 2425 tcrvenerint
332 2399 358 2426 In
376 2399 534 2434 pra'missis,
561 2400 658 2435 illaque
676 2401 850 2431 decernimus
873 2413 935 2440 per-

149 2444 239 2478 petuis
265 2444 366 2473 futuris
381 2446 546 2480 temporibus
565 2447 759 2476 inviolabiliter
777 2450 931 2484 observari,

149 2498 202 2517 non
213 2491 385 2519 obstantibus
397 2491 606 2527 quibuscunque
617 2495 868 2527 constitutionibus.
880 2502 936 2524 sla-

149 2538 214 2564 tutis
224 2541 251 2565 et
261 2538 502 2566 consuetudinibus
512 2543 538 2565 et
549 2539 609 2566 aliis
619 2539 644 2566 in
653 2541 821 2569 contrarium
834 2542 935 2571 facien-

147 2583 228 2611 tibus.

182 2628 278 2656 Datum
296 2631 487 2664 Bononim,dic
505 2640 529 2659 vt
551 2632 706 2660 Decembris
720 2633 796 2661 H52.

513 2701 560 2728 Ill.

182 2757 336 2789 Bessarion,
351 2762 415 2790 etc.,
427 2759 572 2786 venerabili
590 2760 647 2787 viro
660 2760 798 2796 Sylvestro
818 2761 933 2795 Quirino

145 2802 311 2836 deVrnctiis,
326 2804 495 2832 decretorum
519 2807 635 2839 doctori,
652 2808 871 2835 reverendissimi
884 2809 932 2836 do-

148 2849 213 2876 mini
228 2850 425 2887 archiepiscopi
450 2851 620 2880 Ravcnnatis
644 2855 756 2887 vicario,
769 2855 882 2883 salutem
905 2860 931 2884 el

146 2898 282 2927 sinceram
299 2899 324 2926 in
340 2899 454 2930 Domino
473 2900 648 2928 eharitatem.

803 170 1062 203 BESSARIONIS
1083 172 1176 202 ACTA

1556 188 1571 202 ,
1744 175 1797 197 cxx

1049 227 1129 256 Sedis
1145 229 1303 264 apostolicae
1321 228 1492 264 providentia
1516 228 1711 263 circumspecta
1730 237 1799 256 non-

1011 282 1148 310 nunquam
1170 277 1287 310 rigorem
1300 276 1370 310 jttris
1386 276 1595 303 mansuetudine
1611 281 1753 310 temperat,
1769 282 1798 304 ct

1010 321 1082 354 qttod
1099 329 1239 349 sacrorum
1257 326 1391 350 canonum
1401 322 1678 357 prohibentinstiluta
1692 322 1726 350 de
1737 330 1800 357 gra-

1011 367 1047 394 tia
1061 368 1238 403 benignitatis
1254 369 1383 405 indulget,
1401 375 1480 404 prout
1495 377 1671 404 personarum
1686 374 1714 397 ct
1731 375 1798 397 tem-

1010 420 1105 447 porum
1124 415 1254 449 qualitate
1268 421 1379 449 pensata
1392 416 1418 443 id
1434 416 1460 443 in
1480 415 1537 443 Deo
1552 416 1699 443 salubriter
1715 423 1798 450 expe-

1009 459 1067 487 dire
1082 461 1233 496 cognoscit.
1252 461 1324 490 Sane
1338 470 1369 490 ex
1384 467 1460 497 parte
1476 462 1666 490 Bartholomazi
1680 464 1712 490 de
1725 462 1798 490 Stre~

1008 507 1123 541 gonibus
1143 512 1170 535 et
1188 506 1280 535 Mariaé
1297 507 1430 543 Gasparis
1448 508 1481 537 de
1506 508 1637 536 Manusiis
1653 509 1685 536 de
1701 507 1798 536 Russis

1007 552 1130 580 mulieris
1142 553 1288 589 conjngum
1309 554 1388 581 nobis
1404 554 1495 582 oblata
1511 554 1606 589 petitio
1629 553 1796 584 continebat,

1007 598 1078 631 quod
1092 598 1142 633 ipsi
1154 599 1197 626 diu
1207 600 1377 634 ignorantes,
1392 600 1501 635 aliquod
1513 599 1738 635 impedimentum
1755 598 1798 625 in-

1008 646 1049 669 ter
1063 649 1111 670 eos
1129 644 1261 672 exsistere
1275 645 1423 680 quominus
1435 650 1546 681 possent
1563 646 1595 672 ad
1609 645 1724 673 invicem
1740 651 1797 671 ma-

1007 687 1199 716 trimonialiter
1227 690 1361 725 copulari,
1390 691 1598 718 matrimonium
1617 691 1689 719 inter
1704 698 1733 719 se
1748 698 1796 725 per

1006 733 1086 760 verba
1102 735 1133 761 de
1147 736 1274 768 praesenti
1292 737 1462 765 clandestine
1471 741 1680 770 contraxerunt,
1693 736 1795 764 carnali

1005 779 1100 813 copula
1130 780 1201 808 inter
1218 789 1265 810 eos
1284 782 1405 810 nondum
1432 783 1581 811 subsecuta
1597 792 1605 816 ;
1624 783 1794 818 postmodum

1005 830 1070 852 vero
1085 825 1119 852 ad
1137 833 1229 854 eol‘um
1247 828 1370 862 pervenit
1388 829 1513 856 notitiam
1527 829 1600 864 quod
1614 833 1710 864 quarto
1726 836 1794 855 con-

1006 870 1200 904 sanguinitatis
1216 874 1298 907 gradu
1315 874 1431 903 invicem
1447 879 1510 903 sunt
1522 875 1673 910 conjuncti,
1684 879 1794 909 propter

1004 916 1076 950 quod
1094 917 1119 944 in
1136 918 1290 952 hujusmodi
1308 921 1483 948 tnatrimonio
1505 928 1646 948 remanere
1660 929 1713 948 non
1731 928 1796 956 pos-

1004 966 1079 996 sunt,
1106 966 1255 998 apostolica
1272 974 1353 1001 super
1374 967 1426 994 hoc
1443 975 1496 994 non
1512 967 1622 995 obtenta
1651 967 1792 1001 dispensa-

1006 1011 1087 1038 tione.
1105 1011 1135 1038 Et
1162 1012 1232 1039 sicut
1246 1013 1340 1040 eadem
1366 1013 1462 1049 petitio
1479 1013 1660 1048 subjungebat
1684 1015 1706 1042 si
1725 1015 1794 1042 inter

1003 1056 1229 1085 Bartltolomasum
1244 1064 1271 1085 et
1281 1059 1392 1086 Mariam
1409 1059 1534 1094 praefatos
1546 1059 1692 1087 divortium
1705 1060 1793 1094 ﬁeret,

1002 1102 1197 1136 dissensiones,
1211 1104 1311 1132 damna
1323 1109 1350 1132 et
1363 1106 1490 1133 scandala
1503 1106 1574 1135 inter
1587 1107 1671 1141 ipsos,
1682 1114 1794 1134 eorum-

1002 1155 1054 1182 que
1071 1151 1291 1185 consanguineos
1318 1155 1346 1178 et
1360 1152 1463 1180 amicos
1479 1153 1578 1180 exinde
1603 1153 1793 1181 verosimiliter

1001 1195 1104 1221 exoriri
1135 1201 1257 1230 possent.
1273 1196 1364 1229 Quare
1378 1205 1427 1232 pro
1455 1204 1533 1232 parte
1557 1197 1748 1226 Bartholomzei
1765 1204 1793 1227 et

1001 1238 1093 1267 Marize
1111 1241 1191 1268 nobis
1209 1241 1261 1269 fuit
1282 1243 1420 1271 humiliter
1436 1244 1615 1278 supplicatum
1634 1249 1663 1272 ut
1680 1245 1746 1279 ipsis
1764 1249 1791 1272 et

1000 1293 1094 1313 eorum
1110 1287 1222 1315 cuilibet
1241 1296 1324 1323 super
1338 1289 1390 1317 hoc
1402 1289 1436 1317 de
1459 1290 1640 1318 absolutionis
1658 1292 1790 1318 beneficio

1001 1339 1015 1358 a
1028 1333 1146 1368 generali
1164 1336 1454 1363 excommunicationis
1469 1338 1616 1369 scntcntia,
1627 1345 1706 1372 quam
1727 1345 1790 1371 pro-

999 1382 1060 1413 pter
1086 1384 1255 1407 contraetum
1274 1382 1441 1410 clandestine
1468 1383 1672 1410 matrimonium
1694 1385 1789 1419 hujus-

999 1425 1071 1452 modi
1104 1426 1306 1460 quomodolibet
1345 1428 1530 1463 incurrerunt,
1560 1434 1586 1457 et
1630 1435 1789 1465 opportume

998 1470 1207 1506 dispensationis
1220 1473 1307 1507 gratia
1316 1474 1460 1508 providere
1472 1476 1505 1503 de
1515 1476 1682 1510 benignitate
1693 1481 1785 1504 nostra

997 1517 1186 1552 dignaremur.
1207 1518 1262 1547 Nos
1288 1519 1380 1554 itaque
1404 1521 1526 1555 ipsorum
1546 1521 1736 1549 Bartholomei
1762 1527 1789 1550 et

997 1561 1089 1590 Mariae
1106 1563 1132 1590 in
1159 1563 1208 1591 hac
1218 1570 1297 1599 parte
1318 1565 1565 1600 supplicationibus
1587 1566 1720 1599 inclinati,
1741 1574 1788 1594 eo-

997 1616 1110 1644 rumque
1126 1610 1281 1639 animarum
1304 1612 1382 1639 saluti
1411 1612 1556 1647 providere
1578 1617 1606 1640 et
1630 1613 1786 1648 hujusmodi

996 1656 1214 1685 dissensionibus
1229 1666 1260 1684 ac
1272 1652 1416 1690 scandalis,
1428 1664 1561 1694 quantum
1576 1666 1637 1686 cum
1652 1658 1706 1685 Deo
1721 1665 1788 1693 pns-

996 1708 1099 1734 sumus,
1113 1702 1223 1730 obviare
1237 1703 1370 1736 volentes,
1384 1703 1416 1730 lt.
1431 1703 1463 1731 V.
1475 1703 1509 1731 de
1524 1711 1576 1738 qua
1594 1704 1619 1730 in
1636 1704 1668 1731 iis
1686 1709 1712 1731 et
1727 1704 1788 1731 aliis

995 1746 1102 1780 plenam
1128 1747 1153 1774 in
1175 1747 1292 1775 Domino
1307 1748 1433 1775 fiduciam
1449 1748 1606 1777 obtinemus
1621 1749 1786 1777 auctoritate

995 1792 1141 1827 apostolica
1151 1793 1228 1822 nobis
1239 1801 1379 1842 conce‘ssa,
1387 1801 1440 1829 qua
1452 1794 1589 1830 fungimur
1597 1795 1623 1822 in
1634 1795 1684 1822 hac
1696 1801 1782 1831 parte,

995 1845 1043 1872 per
1058 1838 1115 1865 haec
1137 1839 1238 1874 scripta
1258 1838 1466 1873 committimus,
1483 1845 1510 1868 et
1529 1841 1702 1874 mandamus,
1717 1849 1784 1876 qua-

995 1889 1074 1912 tenus
1091 1886 1201 1913 eosdem
1219 1886 1450 1914 Barlholomaaum
1468 1892 1495 1915 et
1511 1887 1623 1915 Mariam
1643 1893 1724 1923 atque
1737 1896 1785 1916 co-

994 1937 1055 1957 rum
1068 1932 1226 1965 quemlibet,
1246 1932 1269 1959 si
1291 1933 1349 1960 haec
1364 1933 1502 1960 humiliter
1519 1933 1660 1967 petierint,
1682 1935 1715 1962 ab
1733 1935 1785 1961 htt-

990 1975 1109 2010 jusmodi
1135 1977 1428 2005 excorumunicationis
1456 1980 1606 2010 sententia,
1623 1981 1785 2007 auctoritate

993 2022 1144 2056 apostolica
1155 2022 1264 2057 praefata
1277 2023 1424 2050 absolvatis
1437 2023 1463 2050 in
1477 2023 1564 2050 forma
1579 2024 1708 2052 Ecclesia:
1718 2033 1783 2052 con-

992 2072 1081 2101 sueta,
1094 2068 1227 2103 injunctis
1256 2069 1319 2096 inde
1336 2075 1430 2096 eorum
1442 2070 1554 2098 cuilibet
1567 2079 1615 2105 pro
1630 2072 1711 2099 modo
1723 2073 1783 2100 cul-

995 2121 1035 2148 pa:
1050 2114 1209 2148 poenitentia
1231 2114 1345 2148 saluta-ri
1363 2119 1392 2141 et
1400 2115 1470 2146 aliis,
1486 2124 1546 2151 qua:
1560 2117 1593 2144 de
1601 2118 1663 2153 jure
1683 2120 1784 2146 fuerint

994 2160 1166 2195 injungenda.
1197 2161 1307 2187 Dentum
1328 2162 1350 2189 si
1368 2162 1403 2189 ita
1419 2167 1469 2196 est,
1483 2168 1510 2190 et
1532 2164 1603 2190 dicta
1619 2164 1702 2192 Maria
1720 2173 1783 2200 pro-

995 2209 1052 2239 pter
1064 2205 1115 2232 hoc
1129 2211 1205 2240 rapta
1218 2213 1271 2233 non
1288 2206 1379 2240 fuerit,
1388 2215 1449 2235 cum
1467 2208 1568 2236 eisdem
1584 2209 1781 2240 Bartholounno

992 2255 1019 2278 et
1038 2251 1122 2278 Maria
1140 2257 1170 2278 ut
1193 2252 1388 2287 itnpedimento
1403 2255 1494 2289 quarti
1536 2257 1783 2291 consanguinitatis

991 2298 1094 2331 gradus
1110 2297 1271 2332 hujusmodi
1285 2306 1343 2326 non
1363 2299 1500 2334 obstante,
1515 2301 1541 2328 in
1565 2302 1637 2330 dicto
1654 2303 1694 2330 sic
1711 2303 1782 2331 inter

991 2349 1037 2370 eos
1049 2348 1191 2371 contracto
1206 2344 1380 2372 matrimonio
1401 2353 1542 2374 remanere
1555 2352 1583 2374 et
1602 2348 1634 2375 ad
1653 2348 1725 2376 illius
1736 2357 1782 2377 so-

990 2389 1209 2418 lemnizationem
1227 2391 1304 2426 juxta
1323 2397 1425 2420 sancta:
1448 2393 1543 2420 matris
1558 2394 1688 2422 Ecclesia:
1704 2396 1781 2423 insti-

991 2436 1123 2463 tutionem
1135 2441 1163 2464 et
1175 2445 1278 2464 morem
1293 2438 1397 2472 patriae,
1419 2440 1567 2474 pracedere
1592 2440 1676 2467 libere
1707 2447 1734 2468 et
1749 2441 1780 2468 li-

990 2481 1044 2509 cite
1062 2483 1212 2517 possint,et
1226 2483 1332 2511 valeant
1342 2485 1506 2512 auctoritate
1521 2486 1669 2520 apostolica
1680 2488 1790 2523 pandi-1

989 2532 1033 2554 ctu
1047 2528 1209 2562 dispensetis
1220 2530 1322 2564 prolem
1338 2537 1371 2557 ex
1386 2531 1560 2559 matrimonio
1575 2533 1777 2567 suscipiendam

990 2575 1144 2610 hujustnodi
1170 2577 1321 2612 legitimam
1338 2578 1521 2607 decernendo.
1536 2579 1567 2608 In
1582 2589 1707 2617 quorum,
1722 2588 1776 2612 etc.

1025 2634 1120 2661 Datum
1133 2634 1272 2668 Bononia,
1286 2634 1322 2662 22
1336 2635 1401 2663 Maii
1417 2635 1496 2664 “55.

1360 2704 1404 2731 IV.

1023 2760 1177 2793 Bessarion,
1203 2761 1378 2790 miseratione
1393 2763 1485 2790 divina
1505 2764 1648 2799 episcopus
1673 2764 1776 2793 Tuscu-

989 2807 1075 2839 lanus,
1088 2808 1117 2834 S.
1127 2807 1195 2834 R.E.
1207 2809 1365 2841 cardinalis,
1381 2809 1505 2836 Nicetius
1514 2812 1660 2845 vulgaritcr
1669 2820 1774 2839 nuncu-

989 2859 1076 2890 palus.
1088 2851 1113 2880 in
1124 2855 1233 2881 civitate
1243 2855 1369 2882 Bononia:
1385 2857 1549 2883 exarchatus
1559 2857 1774 2887 Ravennatrnsis

986 2906 1014 2930 et
1031 2901 1218 2929 liontandiolac
1234 2901 1372 2936 provincia
1400 2903 1472 2931 sedis
1489 2904 1644 2938 ap05toliczc
1671 2906 1774 2940 legatus
