1912 3054
146 170 208 190 CXXI

145 222 179 249 de
192 221 286 251 latere.
299 221 397 249 dilecto
415 222 468 250 tilio
480 223 575 254 Joanni
593 223 731 256 Anthomi,
743 224 843 251 clerico
862 223 928 250 Par-

146 268 243 301 mensi,
253 268 397 296 babilatori
414 269 502 297 Castri
521 269 698 304 (Irepalcorii,
714 270 827 298 salutem
843 271 930 298 etsin-

144 320 236 341 ceram
252 313 279 340 in
294 313 409 342 Domino
422 315 594 342 ebaritatem.

181 359 249 387 Vitta
261 364 289 388 et
302 368 408 388 morum
421 361 560 395 honestas,
583 362 690 397 aliaque
705 362 848 390 laudabilia
866 369 930 396 pro-

146 406 238 434 bitatis
253 411 280 434 et
302 406 433 435 virtutum
448 408 554 441 merita,
571 415 652 443 super
668 409 766 444 quibus
793 409 863 444 apud
881 416 930 436 nos

147 452 200 479 fide
219 452 299 487 digno
323 453 524 481 commcndaris
539 454 707 488 testimonio,
721 462 771 482 nos
787 455 930 486 inducunt.

147 503 177 526 ut
192 499 241 527 tibi
258 500 406 527 reddamur
419 500 451 528 ad
467 501 581 536 gratiam
602 500 738 528 liberales.
751 501 820 529 Cum
840 502 931 536 itaque

146 539 226 572 sicuti
244 545 381 580 petitionis
396 551 449 573 tua:
462 546 541 574 nobis
549 547 646 575 oblata:
661 548 746 575 series
762 547 929 580 continebat,

148 590 313 618 venerabilis
342 591 383 620 vir
408 592 534 620 dominus
562 592 680 621 Joannes
715 592 845 620 Senensis
881 592 930 620 de-

147 641 284 664 cretorum
307 637 413 670 doctor,
432 637 573 666 reverendi
589 639 672 673 patris
696 638 799 666 domini
825 638 930 666 Guroni

148 681 242 709 Mariae
259 681 383 711 Estensis
406 684 632 711 commendatarii
652 684 812 712 monasterii
838 684 931 712 Sancti

148 727 271 761 silvestri
298 729 332 756 de
361 728 468 756 Mantua
496 729 657 757 Mutinensis
672 729 796 758 dioecesis
815 730 842 757 in
858 729 931 757 dicto

147 775 313 802 monasterio
325 775 457 810 generalis
468 775 596 809 vicarius,
605 780 719 804 vacante
731 775 872 809 clericatu,
882 784 930 804 seu

147 820 265 848 clericus
286 820 419 848 beneﬁcio
433 821 555 849 instituto
581 823 608 849 in
630 822 751 850 Ecclesia
780 829 828 850 seu
855 822 932 857 plebe

148 866 257 894 Sanctae
269 866 359 894 Mariae
371 867 404 894 de
417 867 568 896 Brennucio
583 868 616 896 de
630 867 800 903 Crepalcorio
811 868 931 903 subjecta

149 913 316 940 monasterio
346 913 477 947 praedicto
502 913 593 942 Sancti
630 914 754 941 Silvestri
778 914 931 946 Cumoleni,

150 959 307 986 clericatum
323 959 370 986 tibi
385 958 485 987 Joanni
503 960 614 994 praefato
631 960 785 993 contulerit.
807 965 834 988 et
852 961 887 988 de
900 968 932 989 eo

150 1004 298 1037 providerit
310 1013 318 1034 :
338 1012 423 1041 quare
436 1014 485 1041 pro
499 1011 576 1041 parte
587 1003 630 1034 tua
645 1006 725 1034 nobis
737 1006 787 1034 fuit
798 1007 934 1042 supplica-

151 1055 220 1083 tum,
235 1056 264 1078 ut
279 1051 382 1079 dictum
398 1052 555 1080 clericatum
569 1053 603 1079 de
618 1059 686 1080 novo
704 1052 752 1080 tibi
766 1053 890 1080 conferre
905 1057 933 1080 et

150 1096 184 1123 de
200 1103 233 1124 eo
246 1098 387 1130 providere
404 1098 542 1126 vellemus.
558 1097 611 1126 Nos
629 1098 718 1133 itaque
731 1099 784 1126 tuis
796 1098 934 1133 supplica-

153 1141 271 1169 tionibus
284 1143 418 1175 inclinati,
430 1143 601 1171 collationem
623 1148 649 1172 et
661 1144 844 1180 provisionem
866 1152 935 1180 prae-

151 1187 238 1214 dictas
266 1189 427 1216 auctoritate
451 1194 551 1217 nostrae
579 1190 724 1225 legationis
741 1191 932 1226 approbantes,

150 1234 274 1261 eumdem
288 1234 445 1262 clericatum
459 1243 521 1263 cum
539 1237 665 1264 omnibus
675 1237 781 1272 juribus
807 1242 834 1265 et
849 1238 934 1272 perti-

153 1281 252 1308 nentiis
265 1281 322 1308 suis
335 1281 384 1308 tibi
397 1282 428 1309 de
441 1289 511 1310 novo
527 1283 701 1317 conferimus,
713 1288 739 1311 et
751 1283 784 1311 de
793 1284 839 1311 illo
852 1284 934 1312 etiam

153 1326 336 1359 providemus,
351 1327 405 1354 nisi
420 1327 452 1355 de
472 1328 519 1356 illo
537 1333 659 1364 tempore
676 1329 746 1358 data:
759 1330 935 1365 prmsentium

153 1372 189 1398 sit
204 1372 282 1400 alteri
295 1372 339 1407 jus
352 1373 507 1408 quaesitum,
519 1381 627 1408 curam,
645 1376 764 1409 regimen
781 1380 808 1403 et
820 1376 936 1404 admini-

153 1421 312 1447 strationem
339 1420 423 1454 ipsius
449 1425 502 1448 tam
517 1421 559 1460 '_in
579 1421 782 1456 temporalibus,
811 1429 892 1456 quam
910 1423 934 1449 in

153 1466 342 1500 spiritualibus
353 1467 399 1494 tibi
409 1467 530 1501 plenarie
544 1467 759 1499 committendo;
775 1468 937 1496 mandantes

154 1512 281 1540 onmibus
303 1517 330 1540 et
344 1512 457 1547 singulis
481 1514 598 1546 colonis,
617 1513 814 1541 laboratoribus
831 1519 857 1542 et
877 1514 936 1542 aliis

155 1563 241 1586 terras
264 1563 292 1585 et
310 1559 492 1593 possessiones
517 1559 580 1586 dicti
607 1559 754 1587 clericatus
783 1560 938 1588 tenentibus

154 1610 224 1638 quos
249 1605 297 1631 tibi
316 1604 350 1632 de
366 1604 488 1639 ejusdem
507 1603 648 1638 fructibus,
680 1605 810 1632 reditibus
834 1609 861 1633 et
875 1613 939 1640 pro—

157 1649 281 1677 ventibus
296 1650 401 1685 integre
413 1654 440 1677 et
455 1650 539 1678 libere
555 1649 738 1684 respondeant
752 1655 779 1678 et
797 1655 826 1677 ut
842 1650 939 1678 litterae

156 1700 256 1721 nostra:
266 1695 387 1722 debitum
409 1696 559 1722 sortiantur
586 1695 722 1729 effectum,
743 1696 939 1724 committimus

156 1746 183 1767 et
198 1740 355 1768 mandamus
368 1741 495 1769 omnibus
505 1747 531 1769 et
544 1742 659 1777 singulis
669 1742 861 1770 ecclesiasticis
869 1742 939 1768 dun-

157 1791 233 1813 taxat
250 1787 372 1820 personis
385 1787 436 1814 sub
451 1791 544 1815 nostra
570 1788 703 1822 legatione
719 1787 890 1823 degentibus,
906 1787 939 1814 ad

157 1841 226 1868 quos
245 1838 391 1868 praesentes
420 1838 518 1861 nostrze
533 1833 629 1861 litterae
645 1834 827 1868 pervenerint,
852 1837 878 1860 et
893 1840 941 1860 ea-

159 1880 280 1906 rumdem
294 1880 386 1914 vigore
410 1879 512 1906 fuerint
528 1879 653 1914 requisiti
669 1878 846 1914 singulariter
859 1879 901 1907 vel
914 1881 940 1906 in

158 1925 293 1958 solidum;
307 1929 439 1959 quatenus
455 1929 481 1952 te
494 1924 621 1952 inducant
631 1925 657 1952 in
675 1925 772 1952 realem
785 1929 866 1960 atque
881 1932 942 1953 cor-

159 1971 278 2006 poralem
292 1971 496 2006 possessionem
511 1970 577 1998 dicti
598 1971 742 1998 clericatus
761 1975 788 1998 et
803 1971 942 1999 inductum

158 2022 302 2053 protegant
324 2022 405 2052 atque
429 2016 585 2050 defendant,
616 2021 708 2045 amoto
734 2017 832 2044 exinde
857 2016 944 2051 quoli-

159 2064 204 2092 bet
218 2065 311 2092 illicito
320 2064 474 2096 detentore,
483 2064 700 2092 contradictores
713 2064 849 2099 quoslibet
860 2068 942 2099 atque

161 2110 273 2138 rebelles
288 2118 335 2145 per
350 2117 492 2138 censuram
503 2110 717 2138 ecclesiasticam
733 2110 942 2146 compescenda.

198 2169 292 2196 Datum
310 2168 446 2200 Bonaniaz,
471 2168 514 2195 die
529 2167 563 2196 l8
576 2168 676 2203 Aprilis
698 2167 778 2201 “50,
797 2167 943 2196 indictione

162 2217 207 2250 l5,
220 2215 392 2249 pontificatus
404 2214 436 2242 ι).
452 2213 554 2242 Nicolai
572 2221 644 2242 anno
657 2214 684 2241 4.

540 2282 572 2309 V.

198 2342 351 2374 Bessarion,
376 2346 429 2369 etc.
454 2342 552 2369 dilecto
580 2341 655 2369 nobis
672 2340 772 2369 Pasino
796 2340 885 2368 Melmi
912 2341 946 2368 de

162 2389 347 2417 Malcbiavelis
363 2389 477 2416 salutem
493 2390 519 2415 in
541 2395 583 2422 eo,
602 2389 627 2415 in
649 2396 701 2424 quo
717 2392 758 2416 est
776 2395 838 2415 vera
859 2388 944 2415 salus.

199 2436 325 2463 Exliibita
341 2435 475 2470 siquidem
498 2435 577 2468 nobis
598 2443 646 2469 pro
667 2435 703 2461 tui
717 2440 794 2469 parte
814 2435 948 2469 supplica-

164 2483 200 2509 tio
215 2483 371 2510 continebat
387 2490 394 2509 :
410 2483 480 2517 quod
495 2489 556 2508 cum
581 2482 613 2508 de
626 2488 696 2508 anno
714 2481 782 2508 “50
800 2489 846 2514 per
861 2481 890 2507 ι).
916 2481 946 2508 L.

163 2529 327 2557 eardinalem
341 2530 374 2556 de
385 2529 490 2555 Comite
504 2533 532 2555 tu
545 2528 738 2563 supplit-averis
750 2533 776 2554 et
786 2528 830 2554 alii
843 2527 949 2555 nobiles

164 2578 196 2602 de
212 2575 394 2602 Matthiavelis
408 2576 525 2609 gratiose
537 2575 657 2602 exauditi
669 2574 846 2602 obtinueritis
856 2575 949 2601 decre-

165 2628 232 2654 tum,
247 2621 318 2656 quod
331 2621 395 2648 dicti
413 2621 526 2653 nobiles,
543 2621 586 2655 qui
599 2625 680 2647 erant
704 2628 817 2647 numero
831 2620 846 2646 7
859 2621 948 2654 capita

166 2669 329 2696 familiarum
357 2667 430 2694 nullo
448 2666 528 2693 modo
546 2672 688 2694 teneantur
717 2667 889 2694 contribuere
915 2667 950 2693 ad

165 2722 249 2741 onera
266 2713 348 2740 realia
374 2712 527 2746 personalia
544 2711 585 2739 vel
604 2711 680 2747 juxta
699 2719 759 2738 cum
790 2712 950 2739 hominibus

166 2759 352 2792 ltuncastaldi,
369 2759 416 2785 sed
434 2758 649 2793 intelligerentnr
671 2766 733 2786 esse
755 2759 888 2794 segregati
915 2759 949 2786 ab

167 2805 321 2832 hominibus
337 2803 522 2836 lioncastaldi,
540 2803 686 2831 dummodo
697 2804 832 2831 solverent
843 2805 949 2840 singulo

167 2858 260 2877 mense
272 2850 392 2877 Camers:
402 2850 552 2876 communis
564 2849 744 2877 Bononiensis
759 2849 842 2876 libras
856 2851 949 2877 decent

167 2900 194 2922 et
205 2901 316 2930 septeni,
333 2894 435 2922 solidos
451 2894 541 2922 decem
556 2893 659 2923 Bonon.
686 2896 810 2924 videlicet
827 2895 910 2924 libras
930 2896 961 2922 tt"

687 168 725 197 IN
750 167 966 198 LEGATlONE
990 166 1237 197 BONONlENSI.

1692 173 1766 194 CXIII

986 222 1089 250 solidos
1106 223 1197 250 decem
1212 230 1261 258 pro
1276 222 1395 257 quolibet
1410 223 1497 258 capite
1508 223 1623 250 familias
1635 229 1713 259 prout
1725 232 1770 252 se-

985 269 1085 296 riosius
1103 273 1178 304 patet
1205 270 1231 296 in
1254 269 1329 296 dicto
1351 269 1472 302 decreto,
1494 275 1642 305 petensque
1662 275 1689 296 ut
1705 278 1769 298 cum

985 315 1067 350 aliqui
1087 323 1120 342 ex
1149 315 1229 342 dictis
1254 315 1270 342 7
1294 315 1431 350 capitibus
1457 315 1515 342 sive
1535 315 1704 349 impotentia,
1724 320 1771 342 aut

985 360 1153 396 malignitate
1166 364 1293 388 recusent
1307 361 1412 389 solvere
1423 365 1526 396 partem
1538 360 1589 387 sibi
1605 365 1767 395 tangentem,

986 406 1157 441 inquietaris,
1184 411 1267 442 atque
1283 406 1455 442 compelleris
1469 414 1588 441 persaepe
1609 406 1642 433 ad
1661 406 1771 434 solven-

985 452 1048 480 dum
1063 457 1166 488 partem
1184 453 1279 480 talium
1292 453 1349 481 sive
1361 453 1560 480 recusantium.
1573 452 1662 485 Quare
1675 452 1771 486 digna-

985 505 1078 526 remur
1092 504 1184 527 nostro
1197 499 1309 534 speciali
1333 499 1442 527 decreto
1457 505 1601 526 secernere
1625 502 1651 526 te
1665 497 1772 532 suppli-

984 548 1092 572 cantem
1107 545 1215 573 abaliis
1237 544 1395 572 hominibus
1410 544 1444 572 de
1469 543 1664 576 Malehiavelis,
1682 543 1771 570 soluta

985 594 1061 626 parte
1073 591 1121 619 tibi
1138 595 1274 626 tangente.
1285 591 1338 619 Nos
1354 595 1444 619 autem
1465 591 1512 626 qui
1535 593 1646 618 assueto
1671 595 1771 617 nostra

987 642 1090 665 naturae
1111 637 1206 665 ordine
1227 637 1386 673 supplicum
1413 637 1541 672 precibus
1556 643 1635 670 quam
1654 635 1773 663 libenter

986 683 1143 715 annuimus,
1162 683 1296 717 siquidem
1310 682 1391 718 digna
1401 690 1495 710 eorum
1513 681 1675 710 intercessio
1692 681 1770 709 vobis

988 730 1120 763 videatur,
1138 737 1196 758 rem
1212 730 1368 765 praedictam
1383 729 1416 756 ad
1434 734 1552 757 nostram
1572 729 1694 756 notitiam
1704 735 1772 755 exa-

988 777 1144 804 minandam
1170 776 1356 804 commisimus
1383 775 1508 811 prudenti
1539 774 1597 801 viro
1625 773 1773 801 Paschasio

988 822 1104 850 auditori
1119 827 1223 854 nostro,
1248 821 1293 856 qui
1318 826 1426 856 sumpta
1443 820 1635 848 informatione
1650 817 1772 853 diligenti

988 869 1066 896 nobis
1094 868 1198 900 retulit,
1214 876 1274 903 quae
1298 875 1347 901 pro
1361 867 1398 895 tui
1422 872 1498 902 parte
1526 867 1647 902 exposita
1664 865 1773 892 fuerunt

986 921 1052 942 vera
1069 921 1140 942 esse.
1153 914 1207 942 Nos
1221 921 1286 949 ergo
1299 913 1423 948 precibus
1440 913 1492 940 tuis
1510 920 1612 940 morem
1633 916 1771 947 gerentes.

986 961 1015 988 in
1032 961 1064 988 iis
1085 967 1145 995 qua:
1170 967 1324 994 possumus,
1348 959 1440 987 habita
1473 959 1604 986 relatione
1631 957 1772 992 praedicta.

987 1007 1134 1043 apostolica
1146 1007 1316 1039 auctoritate,
1328 1013 1380 1040 qua
1394 1005 1542 1040 fungimur,
1554 1005 1692 1032 decretum
1706 1003 1774 1030 alias

987 1053 1036 1081 tibi
1050 1058 1078 1081 et
1094 1053 1156 1080 aliis
1171 1052 1205 1080 de
1221 1051 1407 1082 Malchiavclis
1424 1050 1560 1078 indultum
1575 1050 1770 1077 confirmamus

988 1107 1020 1128 ac
1036 1100 1068 1127 de
1086 1106 1154 1127 novo
1168 1099 1342 1126 concedimus
1359 1097 1405 1125 tibi
1420 1097 1518 1124 Pasino
1535 1095 1626 1127 modo,
1649 1101 1675 1122 et
1689 1096 1714 1122 in
1734 1095 1775 1122 fu-

988 1151 1079 1173 turum
1092 1150 1120 1172 ut
1137 1146 1232 1173 solutis
1251 1145 1345 1173 solidis
1374 1143 1572 1180 quinquaginta
1591 1143 1696 1170 Bonon.
1724 1143 1772 1169 tibi

991 1191 1162 1226 tangentibus
1182 1190 1287 1218 solvere
1301 1198 1350 1224 pro
1371 1195 1448 1226 parte
1463 1195 1508 1218 tua
1531 1191 1604 1218 nullo
1626 1190 1708 1217 modo
1725 1190 1775 1217 de-

990 1237 1054 1264 beas
1068 1238 1126 1264 sive
1144 1238 1231 1271 possis
1247 1237 1352 1272 gravari
1370 1244 1430 1264 cum
1445 1236 1526 1264 dictis
1543 1237 1576 1264 de
1592 1236 1776 1263 llialcliiavelis

991 1291 1038 1317 per
1053 1284 1167 1318 aliquem
1185 1282 1325 1310 oﬂlcialem
1341 1285 1496 1311 communis
1509 1283 1687 1310 Bononiensis
1701 1291 1708 1315 ;
1727 1283 1775 1309 de-

991 1330 1126 1358 clarantes
1142 1335 1170 1357 ut
1185 1329 1281 1357 solutis
1301 1329 1380 1357 dictis
1401 1329 1495 1357 solidis
1519 1329 1714 1364 quinquaginta
1730 1336 1776 1355 ca—

992 1384 1072 1404 merae
1086 1377 1262 1409 Bononiensi,
1286 1380 1313 1404 tu
1337 1381 1385 1403 aut
1400 1376 1470 1403 alius
1488 1381 1532 1403 tuo
1547 1376 1666 1407 nomine,
1683 1375 1723 1402 vel
1737 1375 1775 1401 tui

991 1423 1169 1457 imposterum
1202 1422 1395 1450 descendentes
1422 1422 1477 1449 ullo
1499 1422 1588 1453 modo,
1608 1426 1655 1448 aut
1681 1422 1776 1447 ordine

992 1469 1103 1496 minime
1133 1468 1222 1496 valeas
1251 1467 1413 1501 molestari;
1431 1468 1590 1495 mandantcs
1604 1466 1776 1494 tliesaurario

992 1521 1105 1543 camera:
1117 1513 1294 1541 Bononiensis
1309 1520 1342 1541 ac
1355 1513 1543 1541 defensoribus
1560 1512 1670 1540 havcris
1685 1519 1776 1539 cante-

992 1569 1030 1589 τε
1044 1569 1076 1588 ac
1091 1561 1208 1593 cmtcris,
1224 1563 1256 1588 ad
1270 1567 1337 1596 quos
1349 1561 1468 1594 pertinet
1482 1568 1489 1587 :
1507 1564 1642 1595 quatenus
1656 1566 1778 1594 praesens

993 1613 1115 1636 nostrum
1134 1608 1271 1635 decretum
1285 1608 1431 1635 observent
1446 1612 1472 1634 et
1489 1606 1593 1634 faciant
1605 1607 1639 1634 ab
1654 1607 1715 1634 aliis
1733 1606 1777 1633 in-

993 1654 1154 1682 violabililer
1173 1653 1324 1681 observari.
1338 1651 1367 1680 ln
1383 1659 1499 1686 quorum
1515 1651 1594 1680 ﬁdem
1615 1657 1671 1679 etc.

1028 1712 1124 1740 Datum
1144 1716 1196 1740 etc.
1208 1711 1252 1740 die
1262 1711 1349 1745 prima
1361 1709 1462 1746 Aprilis
1477 1713 1530 1737 etc.

1364 1779 1410 1808 Vl.

1032 1837 1184 1868 Bessarion.
1201 1842 1254 1864 etc.
1285 1836 1411 1864 discretis
1427 1835 1505 1862 nobis
1523 1834 1549 1862 in
1564 1834 1673 1862 Christo
1689 1833 1780 1860 Balta-

997 1893 1025 1912 sa
1031 1886 1050 1911 ri
1069 1885 1226 1919 presbytero
1237 1883 1475 1917 arcltipresbytero
1485 1881 1624 1914 lmolcnsi,
1633 1887 1658 1908 et
1668 1881 1781 1908 Thomm

997 1939 1028 1958 ac
1055 1930 1261 1965 Cliristophoro,
1287 1928 1426 1957 canonicis
1442 1927 1630 1960 lmolensibus,
1655 1932 1710 1954 etc.
1736 1934 1780 1953 sa-

998 1977 1092 2003 lutem.

1036 2023 1149 2057 Dignum
1164 2021 1330 2048 arbitramur
1339 2024 1367 2048 et
1384 2026 1533 2054 congruum
1551 2022 1580 2045 ut
1602 2017 1655 2044 illis
1685 2017 1779 2044 redda-

998 2078 1059 2099 mur
1072 2070 1098 2096 in
1121 2067 1287 2095 exhibitione
1312 2066 1405 2102 gratia:
1430 2064 1565 2098 liberales,
1584 2064 1681 2098 quibus
1700 2063 1732 2089 ad
1752 2063 1778 2089 id

998 2097 1133 2152 praecipua
1148 2114 1278 2142 virtutum
1290 2097 1574 2140 merita‘laudabiliter
1588 2097 1780 2144 suffragantur.

998 2165 1065 2192 Cum
1081 2164 1193 2197 iilaqne,
1208 2161 1278 2188 sicut
1303 2160 1467 2194 accepimus,
1491 2157 1782 2193 archipresbyteratus.

999 2219 1047 2240 seu
1071 2211 1146 2246 plebs
1162 2210 1269 2237 Sancta:
1281 2207 1371 2235 Maria:
1382 2207 1414 2234 de
1428 2204 1558 2233 Salustria
1566 2203 1707 2231 lmulensis
1719 2202 1785 2229 dim-

1000 2258 1071 2286 cesis
1082 2265 1143 2285 cum
1157 2264 1222 2285 cura
1236 2260 1323 2288 vacet,
1334 2259 1361 2282 et
1375 2261 1470 2281 vat-are
1479 2256 1605 2280 noscatur
1618 2251 1651 2278 ad
1664 2257 1785 2285 praesens

1001 2312 1048 2340 pro
1076 2311 1119 2336 eo,
1148 2303 1220 2337 quod
1248 2301 1401 2329 Ludovicus
1431 2299 1568 2327 Francisci
1592 2318 1598 2324 .
1610 2317 1618 2325 .
1629 2317 1653 2324 ..
1668 2317 1674 2324 .
1685 2317 1692 2324 .
1703 2316 1710 2324 .
1720 2317 1727 2324 .
1738 2316 1745 2324 .
1757 2315 1764 2323 .
1776 2316 1784 2323 .

1001 2352 1138 2385 presbyter
1156 2348 1297 2376 lmolensis
1311 2347 1413 2374 dudum
1428 2344 1656 2380 archipresbyter.
1675 2351 1722 2370 seu
1746 2350 1786 2369 re-

1001 2401 1059 2423 ctor
1076 2396 1155 2422 dicta:
1171 2394 1256 2428 plebis
1278 2393 1350 2420 aliud
1369 2396 1492 2420 curatum
1521 2399 1566 2418 seu
1585 2388 1787 2423 ineompatibile

1002 2439 1215 2466 ecclesiasticum
1224 2437 1328 2465 exstitit
1337 2437 1496 2465 beneficium
1507 2436 1619 2470 paciﬂce
1628 2438 1787 2466 assecutus;

1003 2493 1051 2513 nos
1067 2485 1187 2513 volentes
1205 2484 1331 2512 dilectum
1358 2483 1436 2510 nobis
1453 2482 1479 2509 in
1501 2481 1610 2517 Christo
1625 2479 1789 2506 Emmanue—

1003 2531 1054 2558 lem
1067 2530 1202 2566 qttondam
1220 2529 1351 2558 Antbonii
1365 2529 1530 2556 Cretnonen.
1556 2527 1666 2554 fratrem
1684 2525 1788 2552 ordinis

1003 2577 1210 2612 praedicatorum
1245 2580 1273 2603 ct
1295 2575 1484 2610 cappellanum
1518 2573 1654 2608 magnifici
1684 2571 1787 2599 domini

1004 2623 1112 2650 Tlntdzei
1124 2623 1298 2655 lmolm,etc.,
1317 2622 1349 2648 de
1357 2622 1417 2648 vita:
1428 2626 1454 2648 ct
1463 2627 1568 2653 morum
1581 2620 1721 2645 honestate
1730 2619 1788 2654 plh-

1005 2669 1101 2696 rimum
1120 2667 1448 2700 commendatum,horum
1463 2665 1562 2693 intuitu
1583 2665 1675 2691 favore
1692 2671 1787 2699 prose-

1004 2716 1050 2750 qui
1076 2716 1207 2750 gratioso,
1233 2715 1377 2749 praefatum
1406 2712 1715 2748 arcbiprcsbytcratum,
1739 2718 1789 2739 seu

1006 2761 1110 2796 plebem
1127 2759 1232 2786 Sanctae
1247 2758 1338 2786 Maria:
1352 2759 1384 2786 tle
1402 2757 1545 2791 Salustria,
1567 2758 1636 2785 sicut
1649 2757 1789 2792 praemitt-

1007 2811 1061 2838 tur,
1074 2805 1130 2833 sive
1145 2805 1198 2832 alio
1207 2805 1301 2839 quovis
1314 2805 1403 2836 modo,
1419 2808 1464 2831 aut
1475 2811 1508 2831 ex
1520 2804 1631 2830 alterius
1645 2803 1790 2837 cujuscun-

1006 2858 1059 2885 que
1074 2855 1151 2886 parte
1166 2854 1325 2882 vacantem;
1344 2849 1448 2877 etiamsi
1466 2856 1514 2884 per
1538 2848 1651 2875 liberam
1667 2847 1788 2881 resigna.

1008 2897 1109 2924 tioncm
1138 2896 1201 2924 dieti
1220 2896 1362 2931 Ludorici,
1389 2900 1435 2924 aut
1461 2893 1578 2923 alterius
1595 2895 1790 2930 cujuscunque
