1912 3054
148 162 232 183 CXXIII

147 219 224 242 extra
239 212 389 240 Romanam
415 211 518 239 curiam
535 218 628 239 coram
643 211 750 238 notario
769 215 799 238 et
817 210 933 238 testibus

148 264 245 295 sponte
260 258 377 291 factum;
391 262 418 286 et
435 258 457 285 si
475 262 550 284 tanto
561 262 682 292 tempore
695 258 844 289 vacaverit,
861 256 933 291 quod

148 304 207 337 ejus
219 303 329 330 collatio
344 309 390 329 seu
405 302 526 336 provisio
537 303 568 329 ad
577 303 666 330 sedem
675 302 851 337 apostolicam
868 302 935 336 jux-

149 353 175 376 ta
202 348 395 376 Lateranensis
425 353 527 376 statuta
544 347 651 376 concilii
668 353 715 375 aut
733 347 802 374 alias
818 353 934 381 quomo-

148 395 249 423 dolibet
266 395 385 430 legitime
398 395 524 423 devoluta
543 403 591 422 seti
610 394 766 429 specialiter
792 394 832 420 vel
851 399 933 428 gene-

148 441 243 468 raliter
255 440 369 468 exsistat
384 446 426 468 :et
441 441 462 468 si
475 448 556 475 super
566 449 596 468 ea
615 441 687 467 inter
700 439 807 474 aliquos
823 438 855 466 lis
870 445 935 472 pen-

147 487 210 514 deat
227 487 358 519 indecisa,
372 486 450 521 cujus
463 491 566 514 statum
583 487 628 514 hic
641 493 690 521 pro
706 484 874 513 suﬂicienter
887 491 936 510 ex-

147 540 244 567 presso
262 533 356 560 babcri
368 533 506 561 volumus.
543 532 628 567 Cujus
651 532 766 571 fructus,
792 530 895 558 reditus
909 533 936 557 ct

147 584 296 612 proventus
315 578 349 606 40
366 577 531 606 ﬂorenorum
545 579 603 605 auri
618 575 935 605 deCamera'secundum

148 631 318 652 communem
335 625 540 653 aestimationem
557 625 677 653 valerem
687 631 820 656 annuum,
837 628 866 650 ut
881 622 937 650 dic-

149 675 194 698 tus
208 670 366 698 Emmanuel
378 670 487 702 asserit,
504 678 558 698 non
573 671 716 702 excedunt,
733 676 794 697 cum
809 667 935 696 omnibus

147 716 257 752 juribus
288 721 316 744 et
331 717 502 751 pertinentiis
517 717 573 743 Suis
588 716 676 743 eidem
685 714 934 746 Emmanueli.cum

149 769 214 795 quo,
231 766 259 788 ut
270 761 380 794 asserit,
395 761 541 796 apostolica
557 761 718 789 auctoritate
746 760 813 787 alias
829 759 937 794 dispen-

148 811 239 834 satum
269 807 384 840 exstitit,
400 812 429 835 ut
446 811 600 842 acceptare,
618 806 740 841 recipere
768 809 797 832 et
818 804 936 832 retinere

148 852 248 884 valeat,
278 852 364 880 donec
383 853 482 881 vixerit
502 853 687 888 quodcunque
710 850 869 878 beneficium
884 857 935 877 cu-

151 903 239 925 ratum
256 899 361 926 etiamsi
384 899 678 934 arcliipresbytcratus,
707 903 755 924 seu
789 896 933 930 prioratns,

148 944 192 971 vel
208 944 259 971 alia
277 944 395 978 dignitas
406 944 498 977 fuerit,
519 943 666 978 apostolica
695 947 722 970 et
745 946 844 970 nostra:
864 941 936 976 lcga-

150 990 232 1018 tionis
251 995 278 1017 et
304 990 377 1017 omni
394 990 567 1022 auctoritate.
592 997 643 1024 qua
671 988 819 1024 fungimur,
841 991 935 1015 tenore

149 1036 323 1071 prmscntium
341 1035 507 1063 confecimus
524 1040 550 1063 et
565 1036 598 1063 de
616 1035 660 1063 illo
681 1035 763 1062 etiam
797 1034 848 1062 sibi
871 1041 934 1068 pro-

149 1082 284 1114 videmus,
311 1082 487 1109 deeernentes
505 1089 536 1108 ex
567 1089 636 1108 nunc
661 1080 767 1107 irritum
792 1084 819 1107 et
843 1079 933 1111 inane,

149 1127 172 1154 si
185 1134 264 1154 secus
278 1134 359 1162 super
374 1127 409 1154 iis
426 1127 543 1154 scienter
558 1127 599 1154 vel
621 1127 776 1161 iguoranter
792 1125 936 1159 contigerit

149 1173 315 1206 attemptari.
326 1171 384 1198 Non
391 1172 515 1199 obstante
528 1173 598 1207 quod
614 1173 647 1199 de
662 1171 734 1199 dicto
746 1171 936 1207 archipresby-

151 1221 250 1248 teratu,
265 1223 311 1244 seu
327 1217 404 1251 plebe
417 1225 463 1252 per
483 1217 625 1252 quetndam
638 1216 780 1244 Nicolaum
795 1215 891 1243 Joanni
909 1220 936 1243 et

149 1263 310 1290 canonicum
327 1263 486 1291 lmolenscm
510 1268 638 1299 tanquam
667 1263 797 1290 vicarium
823 1262 934 1296 capituli

149 1308 301 1340 Imolensis,
314 1309 459 1344 episcopali
481 1310 544 1336 sede
560 1314 672 1336 vacante
697 1309 850 1344 fungentem
871 1315 935 1335 auc-

151 1355 260 1382 toritate
275 1354 435 1389 episcopalis
447 1355 519 1382 sedis
532 1354 668 1390 praedictas
694 1354 831 1389 provisum
851 1353 936 1380 fuisse

150 1400 258 1427 dicatur
286 1400 349 1427 licet
379 1401 489 1428 nulliter
504 1400 580 1428 etde
607 1399 679 1428 facto
695 1400 803 1427 cuidam
823 1398 935 1426 Nicolao

149 1445 227 1480 Lippi
260 1446 293 1473 de
306 1447 397 1474 Ferris
407 1447 440 1474 de
456 1447 582 1474 Faventia
591 1450 618 1474 et
628 1446 698 1480 quod
706 1445 849 1473 occasione
866 1452 937 1480 pra:-

150 1493 233 1519 missa
250 1491 320 1519 idem
332 1493 457 1520 Nicolaus
470 1493 677 1528 prmsentialiter
688 1492 804 1519 detineat
814 1497 840 1518 ct
855 1498 937 1518 occu-

149 1545 196 1574 pet
219 1541 319 1567 dietum
344 1533 701 1574 archipresbyteratum‘seu
731 1538 854 1572 plebem:
885 1545 936 1564 nos

149 1587 221 1613 cuitu
234 1587 357 1613 volumus
370 1586 441 1620 quod
463 1593 515 1613 non
537 1585 664 1612 obstante
689 1584 760 1611 dicta
786 1583 937 1618 provisione

150 1633 220 1660 idetu
235 1632 394 1659 Emmanuel
408 1631 494 1665 possit
513 1631 614 1658 habere
629 1630 934 1665 arcbipresbyteratutu,

149 1686 196 1706 seu
211 1679 316 1713 plebem
339 1678 494 1712 praedictam
520 1681 548 1704 et
571 1676 630 1711 ejus
661 1676 766 1703 fructus
783 1681 811 1702 et
834 1676 937 1703 reditus

149 1732 211 1752 cum
223 1723 379 1758 integritate
394 1723 535 1758 percipere
555 1723 657 1750 valeat.
673 1722 805 1755 Quocirca
835 1721 938 1748 discre-

150 1769 217 1797 tioni
232 1775 330 1797 vestra:
343 1769 503 1796 auctoritate
515 1768 626 1803 praefata
650 1773 677 1795 et
694 1772 788 1796 tenore
815 1775 936 1802 praesen-

149 1817 217 1844 tium
233 1815 426 1843 committimus
439 1820 467 1842 et
484 1815 647 1843 mandamus
662 1821 797 1849 quatenus
813 1821 860 1848 per
889 1820 937 1840 vos

150 1863 191 1890 vel
210 1863 292 1890 alium
310 1870 359 1890 seu
372 1862 439 1889 alios
452 1862 577 1889 eumdem
593 1860 795 1888 Emmanuelem
818 1860 857 1887 vel
875 1867 937 1894 pro-

149 1913 304 1935 curatorem
315 1916 393 1936 suurn
406 1907 465 1943 ejus
487 1909 596 1935 nomine
614 1908 775 1942 recipientes
792 1906 818 1933 in
832 1906 934 1933 realcm

149 1960 176 1982 et
191 1955 358 1989 corporalem
373 1953 573 1989 possessionem
585 1953 874 1988 arcbipresbyterattts,
889 1958 936 1978 seu

150 2000 234 2036 plebis
247 2001 381 2035 praedicta:
395 2004 497 2027 sancta:
506 1999 609 2027 talaria:
624 1999 658 2026 de
670 1998 813 2031 Salustria,
837 2005 868 2025 ac
891 1997 935 2032 ju-

150 2049 219 2076 rium
236 2054 263 2077 et
275 2049 502 2084 pertinentiarum
520 2048 639 2083 ejusdem
653 2048 795 2079 inducatis,
806 2052 937 2075 etaucto-

150 2098 230 2124 ritate
247 2101 338 2122 nostra
351 2095 488 2122 inductum
517 2094 681 2126 defendatis,
725 2098 816 2121 amoto
837 2094 936 2122 exinde

150 2143 268 2178 quolibet
282 2141 376 2169 illicito
390 2142 541 2174 detentore,
558 2140 689 2168 facientes
705 2140 807 2167 dictum
828 2140 936 2166 Emma-

150 2188 268 2220 nuelem,
282 2187 324 2214 vel
339 2187 397 2220 ejus
417 2191 622 2221 procuratorem
637 2193 685 2221 pro
701 2193 734 2212 eo
761 2188 794 2212 ad
812 2186 934 2213 eamdem

150 2233 253 2268 plcbem
269 2240 315 2260 seu
333 2232 633 2268 archipresbyteratum,
651 2237 680 2257 ut
695 2237 736 2258 est
766 2232 862 2261 moris,
888 2232 936 2258 ad-

150 2279 222 2306 mitti
238 2279 344 2314 sibique
357 2279 398 2306 vel
412 2279 471 2314 ejus
483 2278 652 2314 procuralori
676 2278 709 2304 de
726 2277 867 2310 fructibus,
894 2285 937 2304 re-

150 2326 254 2353 ditibus
287 2331 315 2353 et
340 2325 526 2360 proventibus,
543 2324 649 2358 juribus
674 2327 702 2350 et
729 2323 936 2350 obventionibul

151 2372 286 2400 universis
301 2372 466 2406 responderi,
491 2371 705 2398 contradictores
724 2369 859 2404 quoslibet
887 2376 936 2403 per

150 2426 293 2445 censuram
309 2418 522 2445 ecclesiasticam
539 2421 566 2442 et
581 2416 633 2442 alia
648 2415 716 2450 juris
727 2415 846 2442 remedia
859 2422 934 2442 cout-

150 2467 296 2500 pesccndo.
313 2465 341 2492 lu
357 2472 470 2498 quorum
485 2463 575 2494 fidem,
588 2469 642 2489 etc.

187 2524 281 2550 Datum
305 2522 442 2553 Bononiw,
459 2520 494 2547 25
512 2519 584 2547 Junii
603 2519 680 2553 1450,
692 2526 744 2547 etc.

514 2588 568 2615 Vll.

186 2649 341 2679 Bcs-arion,
362 2651 427 2680 ete.,
442 2646 591 2674 venerabili
603 2645 676 2672 Patri
692 2644 781 2673 Blasio
797 2645 887 2673 abbati
904 2646 932 2673 S.

151 2697 186 2724 Μ.
205 2697 230 2722 ἰιι
249 2695 406 2722 Cosmediu.
420 2694 487 2720 alias
504 2693 594 2719 Sancti
613 2691 732 2726 Spiritus
746 2692 779 2719 de
796 2691 933 2720 Ravenna.

189 2741 271 2776 Digna
289 2739 426 2767 reddimur
443 2747 474 2766 ex
493 2737 613 2772 ittjuucto
631 2737 710 2764 nobis
722 2737 934 2772 legationtsnfli-

150 2789 192 2815 cio
205 2787 353 2814 attentione
368 2785 486 2816 Solliciti,
501 2789 529 2811 ut
544 2784 569 2810 in
587 2783 762 2810 atltniltendis
777 2791 869 2810 eorum
888 2792 934 2809 vn—

151 2835 185 2860 lis
205 2832 362 2860 beanvulniu
378 2831 564 2859 inmertiainnr
576 2837 715 2856 assensum
732 2829 777 2863 qui
800 2837 934 2854 [nullust-‘—

150 2883 263 2912 riornm,
283 2878 510 2912 ecclesiarumun
526 2883 605 2911 atque
621 2876 738 2903 locorum
757 2876 934 2910 quibnsprx-

775 153 1033 186 BESSARIONIS
1054 153 1149 184 ACTA

1692 162 1743 183 CX!
1747 163 1772 182 IV

984 215 1058 241 sunt,
1072 214 1169 238 vacant
1184 210 1353 245 incremento
1364 216 1392 239 et
1407 212 1520 247 paciﬁca
1531 213 1623 240 statui.
1636 213 1708 241 Sane
1722 221 1771 248 pro

985 259 1114 288 partetua
1132 254 1227 288 petitio
1241 255 1321 283 nobis
1330 255 1419 284 oblata
1435 257 1590 284 continebat
1604 258 1675 292 quod
1686 258 1774 285 eccle-

986 300 1024 328 sia
1043 300 1129 327 sancti
1148 300 1220 328 Petri
1239 301 1266 328 in
1282 301 1414 330 Brcsseda
1427 302 1487 330 sine
1498 310 1562 330 cura
1577 302 1628 330 sita
1645 303 1671 329 iu
1694 303 1772 330 terri-

988 346 1056 373 torio
1069 345 1217 380 Ravennae,
1234 355 1293 382 qua:
1306 347 1411 382 jamdiu
1426 354 1468 376 est
1484 349 1652 376 circumdata
1670 349 1774 384 paludi-

986 392 1037 419 bus
1047 396 1074 419 et
1095 392 1220 420 funditus
1236 393 1354 427 ruinata,
1368 395 1405 422 ita
1417 395 1487 429 quod
1510 403 1562 423 non
1580 401 1622 423 est
1645 395 1774 423 memoria

988 439 1013 465 in
1026 439 1205 473 contrarium,
1219 441 1292 474 quod
1308 449 1426 476 unquam
1444 442 1524 469 fuerit
1537 442 1655 476 alicujus
1670 441 1775 468 fructus

986 484 1028 511 vel
1045 485 1156 518 valoris,
1169 491 1246 513 vacat
1261 487 1294 514 ad
1311 495 1440 521 praesens,
1458 494 1485 516 et
1499 493 1554 516 tam
1582 489 1627 515 diu
1655 489 1773 520 vaeavit,

986 531 1058 564 quod
1075 531 1098 559 si
1111 531 1170 566 ejus
1188 532 1296 560 collatio
1313 534 1454 567 spectabat
1475 535 1508 561 ad
1538 534 1655 568 aliquem
1680 533 1775 568 prada-

988 580 1055 609 tuut,
1078 577 1157 604 modo
1179 583 1220 604 est
1248 578 1372 605 devoluta
1387 579 1420 605 ad
1455 580 1547 606 sedem
1578 579 1772 614 apostolicam;

987 623 1110 657 quodque
1129 623 1271 658 praefatum
1288 625 1482 652 monasterium
1505 625 1610 653 Sanctae
1625 625 1716 652 Mariae
1743 625 1770 652 iu

985 668 1131 696 Cosmedin
1145 669 1226 696 habet
1239 670 1358 704 undique
1372 671 1454 699 multa
1468 670 1537 698 bona
1549 671 1650 698 circum
1671 671 1772 698 dictam

986 715 1141 746 ecclesiam,
1159 715 1230 743 unde
1260 715 1340 744 facile
1369 717 1483 749 videtur,
1502 717 1602 744 dictam
1629 717 1773 750 ecclesiam

987 759 1072 788 fuisse
1087 760 1235 795 subjectam
1248 762 1320 788 dicto
1337 765 1382 789 tuo
1404 763 1571 790 monasterio
1597 762 1663 790 licet
1689 763 1773 796 ipsius

987 807 1143 832 monasterii
1158 805 1219 841 jura
1237 814 1285 841 pro
1309 807 1406 842 majori
1433 812 1511 842 parte
1542 807 1597 836 sint
1621 807 1772 842 deperdita,

985 859 1036 878 nec
1052 852 1079 879 id
1105 852 1207 886 liquido
1223 852 1313 880 valeas
1341 854 1538 882 demonstrare.
1568 854 1656 887 Quare
1679 854 1772 881 eadcut

985 898 1079 931 petitio
1096 897 1276 933 sttbjungebat
1293 903 1323 926 ut
1349 893 1451 926 dictam
1475 899 1618 927 ecclesiam
1647 899 1724 926 uuire
1747 903 1774 926 et

986 943 1160 977 incorporare
1178 944 1352 978 diguaremur
1370 949 1414 973 tuo
1434 946 1608 973 monasterio.
1624 945 1678 973 Nos
1695 952 1772 980 ergo,

986 989 1032 1023 qui
1048 989 1198 1018 indefessis
1213 990 1311 1018 studiis
1330 992 1401 1020 votis
1412 991 1533 1019 favemus
1549 991 1641 1026 justis,
1657 991 1772 1027 praedic-

985 1040 1040 1062 tam
1057 1036 1198 1064 ecclesiam
1217 1037 1303 1064 sancti
1319 1037 1391 1064 Petri
1408 1042 1435 1064 ut
1450 1038 1622 1073 praemittitur
1632 1043 1773 1065 vacantem

986 1081 1186 1116 inperpetuum
1209 1082 1330 1116 unimus,
1353 1087 1409 1111 etc.
1423 1083 1580 1111 Mandantes
1604 1084 1707 1111 vicario
1741 1082 1772 1110 Ι).

985 1128 1185 1163 archiepiscopi
1203 1129 1429 1163 Ravennateusis,
1449 1135 1477 1157 et
1496 1129 1622 1157 omnibus
1648 1129 1773 1164 personis

985 1173 1178 1200 ecclesiasticis
1192 1174 1242 1201 sub
1257 1180 1347 1202 nostra
1377 1175 1510 1209 legatione
1529 1175 1697 1207 degentibus,
1728 1173 1774 1209 qui

985 1217 1082 1245 harutn
1098 1218 1189 1253 vigore
1202 1218 1303 1247 fuerint
1328 1221 1453 1256 requisiti
1477 1225 1611 1255 quatenus
1641 1225 1668 1248 te
1694 1220 1774 1248 indu-

985 1271 1059 1299 cant,
1074 1271 1126 1294 etc.

1021 1311 1116 1340 Datum
1128 1312 1267 1347 Bononiae,
1282 1314 1318 1342 20
1333 1314 1458 1342 Octobris
1476 1313 1556 1343 1450.

1348 1359 1415 1388 Vlll.

1021 1404 1178 1438 Bessarion,
1191 1411 1245 1434 etc.
1265 1405 1371 1433 dilectis
1387 1406 1466 1434 nobis
1481 1406 1508 1433 io
1525 1405 1634 1434 Christo
1649 1413 1773 1433 commu-

986 1450 1024 1481 tti.
1043 1451 1182 1478 itieSsariis
1199 1456 1227 1478 et
1254 1444 1410 1479 hominibus
1439 1455 1572 1478 terrarum
1600 1450 1722 1478 Succidat
1745 1456 1773 1478 et

985 1496 1163 1532 Garnaglonis
1175 1497 1282 1532 Alpium
1299 1497 1504 1525 communitatis
1518 1497 1644 1524 Bononiae
1658 1497 1772 1524 salutem

986 1548 1012 1570 et
1025 1543 1137 1570 sincerae
1150 1543 1305 1570 dilectionis
1317 1543 1454 1570 affectum.

1022 1587 1102 1615 Fides
1118 1594 1144 1615 et
1161 1589 1269 1616 devotio
1285 1594 1374 1616 vestra
1388 1597 1456 1623 quas
1468 1589 1500 1616 ad
1517 1589 1665 1616 Romanam
1680 1588 1772 1616 Eccle-

986 1635 1053 1662 siatn
1066 1635 1171 1661 habetis
1180 1640 1206 1661 et
1216 1639 1486 1668 pratsentemﬁtatum
1496 1635 1614 1662 civitatis
1626 1635 1769 1662 Bononiae:

986 1681 1128 1708 calamitas
1153 1680 1274 1714 insuper,
1291 1688 1372 1716 quam
1397 1681 1433 1708 ob
1459 1681 1548 1708 Varias
1576 1688 1717 1716 pressuras
1745 1686 1772 1708 ct

986 1726 1107 1753 locoruttt
1125 1727 1245 1761 ipsorum
1260 1727 1429 1754 sterilitatem
1445 1727 1615 1760 aubstinetis,
1632 1735 1681 1754 nos
1695 1727 1773 1754 indu-

985 1777 1062 1804 cunt,
1075 1778 1103 1799 ut
1114 1781 1162 1800 vos
1175 1772 1371 1807 amplectamur
1384 1773 1523 1801 favoribus
1550 1774 1686 1807 gratiosis.
1715 1773 1772 1800 Du-

986 1818 1048 1845 dum
1075 1818 1207 1853 siquidem
1235 1826 1283 1853 per
1317 1818 1394 1846 bona:
1424 1819 1562 1846 memoriae
1594 1820 1770 1846 reverendum

986 1864 1094 1891 Patrem
1108 1864 1139 1891 Ι).
1157 1865 1300 1892 Fantiuum
1321 1863 1454 1892 Venetutu
1472 1873 1519 1900 pro
1535 1870 1626 1893 saneta
1649 1865 1771 1893 ﬂuuiana

986 1909 1106 1938 Ecclesia
1121 1910 1332 1946 gubernatorem
1354 1911 1471 1938 civitatis
1484 1912 1618 1945 przedictie
1633 1911 1771 1939 decretum

989 1957 1067 1984 nobis
1084 1956 1266 1991 comperimus
1296 1957 1384 1984 luisse
1407 1964 1577 1990 concessum,
1606 1961 1632 1983 et
1655 1956 1772 1991 gratiose

987 2002 1118 2030 indultum
1130 2003 1238 2030 tenoris
1254 2006 1281 2029 et
1292 2002 1469 2030 continentia
1480 2002 1681 2036 subsequentis,
1699 2003 1773 2029 vide-

986 2049 1050 2077 licet
1065 2056 1072 2075 :
1091 2048 1223 2076 Fantinus
1234 2048 1440 2082 protonorarius
1451 2047 1569 2075 Venetus
1591 2055 1639 2082 pro
1654 2048 1773 2075 sanctis—

988 2096 1059 2123 simo
1076 2095 1185 2122 domino
1203 2098 1296 2120 nostro
1309 2093 1340 2120 ἰ).
1358 2093 1475 2127 Eugenio
1489 2101 1556 2128 papa
1570 2094 1602 2121 ιν
1628 2099 1655 2121 et
1679 2100 1772 2121 sancta

986 2140 1106 2168 Romana
1124 2140 1241 2167 Ecclesia
1256 2139 1360 2167 Bouon.
1377 2145 1430 2167 etc.
1455 2140 1638 2174 gubernator,
1668 2141 1773 2168 dilectis

986 2188 1065 2214 nobis
1080 2188 1105 2213 in
1122 2185 1231 2213 Christo
1246 2185 1385 2213 communi
1405 2185 1536 2213 Maseario
1565 2191 1591 2214 et
1618 2187 1772 2214 hominibus

987 2239 1067 2260 terra:
1086 2232 1206 2260 Succida:
1218 2237 1245 2259 et
1258 2232 1438 2267 Garnaglonis
1447 2232 1552 2267 Alpium
1566 2234 1771 2261 communitatis

986 2279 1113 2306 Bononiae
1128 2278 1243 2306 salutem
1257 2279 1282 2305 iu
1300 2286 1343 2310 eo,
1361 2279 1406 2314 qui
1424 2285 1465 2306 est
1481 2287 1543 2306 vera
1559 2280 1643 2307 salus.
1671 2280 1771 2309 Dilluse

985 2326 1052 2353 satls
1068 2326 1101 2352 de
1117 2325 1274 2352 calamitate
1290 2330 1381 2352 vestra
1398 2326 1464 2353 fides
1479 2326 1556 2354 nobis
1576 2326 1647 2354 facta
1663 2331 1706 2354 est
1722 2335 1770 2361 per

987 2371 1118 2398 redditam
1134 2370 1358 2405 supplicationem
1374 2378 1455 2405 quam
1467 2371 1771 2398 etcomtminisuomiuc

986 2419 1062 2445 nobis
1075 2417 1260 2446 exbibuistis:
1280 2417 1329 2444 fuit
1344 2418 1415 2444 enim
1436 2425 1518 2445 casus
1549 2418 1606 2452 ipse
1630 2417 1772 2444 miserabi-

985 2465 1049 2492 lium
1064 2464 1143 2491 facile
1152 2463 1198 2498 qui
1216 2463 1408 2491 misericordes
1417 2467 1491 2496 sunt,
1506 2463 1539 2490 ad
1557 2463 1771 2490 misericordiam

983 2511 1163 2544 devinciens;
1189 2517 1244 2537 non
1259 2517 1319 2535 cum
1332 2509 1574 2544 omnia-insperata
1592 2515 1688 2536 natura
1707 2517 1772 2544 (μηδ-

985 2557 1045 2583 dam
1063 2563 1114 2582 non
1129 2554 1208 2582 facile
1236 2554 1384 2582 tolerabilia
1406 2555 1471 2586 sint.
1487 2555 1544 2589 ipse
1562 2554 1706 2581 imtuineus
1728 2563 1771 2582 ca-

984 2609 1031 2629 sus
1045 2602 1070 2628 in
1083 2601 1160 2628 vobis
1172 2608 1234 2635 erga
1252 2605 1371 2627 nostram
1398 2600 1477 2626 fidem
1506 2601 1632 2634 pietatem
1648 2600 1769 2628 adduxit.

985 2648 1052 2674 Cum
1069 2651 1170 2676 autem.
1202 2646 1273 2673 sicut
1289 2645 1464 2679 exposuistis,
1488 2645 1623 2672 domicilia
1647 2653 1769 2673 commu-

986 2700 1089 2726 nesque
1113 2692 1294 2718 habitationes
1312 2697 1409 2717 vestra:
1424 2699 1520 2718 utitues
1545 2692 1670 2718 radit‘ata:
1687 2691 1770 2724 lapsae

985 2737 1145 2768 suutlluut,
1161 2741 1188 2762 et
1204 2736 1281 2762 ruina
1308 2736 1419 2767 tuoutis,
1448 2736 1493 2762 ubi
1517 2737 1660 2763 residentia
1687 2737 1769 2763 t‘estri

985 2782 1139 2810 communis
1155 2781 1207 2808 sita
1223 2786 1291 2814 erat,
1307 2782 1419 2816 locaque
1434 2781 1532 2808 fertilia
1547 2782 1617 2809 dicto
1633 2789 1695 2809 casu
1713 2786 1770 2810 stes

987 2829 1063 2856 rilem
1076 2827 1243 2861 susceperint
1254 2827 1448 2859 conditionem,
1467 2827 1642 2862 supplicastis
1659 2828 1768 2855 bumili-

991 2881 1043 2908 tcr,
1063 2879 1090 2911 ut
1104 2881 1211 2901 causam
1226 2874 1357 2902 haberent
1371 2874 1496 2907 homines
1516 2875 1626 2903 minimc
1637 2874 1768 2903 deseren-
