1912 3054
61 107 64 109 _
111 82 185 104 ctxv

112 133 141 159 di
157 140 303 160 commune
320 137 453 165 vestrum,
467 131 537 167 quod
559 131 721 158 imminuere
734 131 908 166 dignarentur

111 186 167 213 pro
180 179 290 206 dimidio
315 186 448 205 summam
463 178 593 205 librarum
612 177 810 212 quinquaginta
838 178 905 203 tina-

111 232 199 256 rum,
233 223 380 251 solidorum
407 223 558 255 tredecim,
587 223 760 250 denariorum
791 226 907 257 quatuor

111 270 221 297 Bonun.
234 277 302 304 quos
315 269 422 304 singulo
433 276 506 296 anno
533 268 637 295 solvere
653 275 701 302 pro
724 274 781 294 rata
812 267 904 295 salarii

112 317 279 344 vicariorum
293 315 461 351 Capugnani,
475 307 507 342 ac
518 315 588 350 quod
600 314 694 342 saltent
713 313 753 341 sal
778 313 855 341 vobis
878 318 904 340 et

111 369 209 390 vestro
222 362 358 390 communi
376 361 561 389 necessarium
575 359 687 387 daretur
712 359 790 387 vobis
816 368 830 386 a
861 368 906 386 ca-

113 416 197 435 mera
215 408 311 435 salium
327 408 498 435 Bononiense
510 415 561 442 pro
587 406 664 433 libris
691 405 776 433 tribus
800 405 904 432 Bonon.

112 454 148 479 ad
169 452 300 480 rationem
315 452 420 485 Corbis,
435 453 506 479 sicut
519 452 547 479 lit
562 451 667 479 caeteris
684 451 745 478 aliis
771 452 906 479 comitati-

113 499 168 525 ltus
181 498 383 525 communitatis
396 498 501 525 Bouon.
519 498 632 532 propter
649 504 743 523 eorum
760 501 904 531 pauperta-

114 549 183 570 tem.
198 544 251 570 Nos
267 549 355 571 autem
373 544 423 570 etsi
447 543 564 570 firmiter
590 544 733 570 credamus
759 543 857 570 damna
880 546 907 570 et

109 589 236 623 jactttras
251 592 364 622 vestras,
381 595 471 616 tamen
486 589 587 616 habere
603 590 726 617 volumus
750 589 777 615 in
800 596 830 615 re
849 588 906 622 ipsa

113 643 226 662 omnem
242 635 401 668 possibileut
429 635 669 668 informationetu;
691 642 801 668 remque
831 641 906 661 cont-

115 681 242 708 misimus
259 683 404 708 revercudo
420 681 453 707 D.
477 681 647 708 tltcsanrario
667 685 693 707 et
717 679 907 707 defensoribus

115 727 225 753 itaveris
243 727 396 753 communis
407 726 510 754 Bouon.
524 727 575 761 ipsi
588 728 658 753 enim
675 725 804 753 infirmati
817 725 907 752 firma-

115 777 216 798 verunt
233 772 312 798 nobis
322 778 353 798 ea
364 779 422 805 quae
434 771 460 798 itt
476 771 672 806 supplicatione
684 778 732 805 per
743 778 789 798 vos
800 773 906 797 narrata

116 822 194 850 sunt,
228 825 290 844 vera
320 825 390 850 csse,
417 818 615 852 itnmiuerequc
647 817 679 844 ad
708 817 764 843 haec
789 815 906 851 pericula

116 868 218 897 printer
229 864 297 897 ipsa,
309 871 368 898 qua:
388 871 466 891 mons
477 863 533 898 ipse
547 864 635 890 adhuc
650 864 734 890 tetulit
744 863 776 889 ad
791 862 907 889 decisio—

118 915 181 934 nem
200 915 207 934 :
225 909 295 935 unde
305 909 452 935 suadebant
479 909 567 942 nobis,
592 908 664 943 quod
691 909 804 942 gratiam
829 909 907 935 vobis

119 954 272 981 faceremus
289 962 297 982 :
312 956 383 988 quod
396 954 436 982 sal
457 955 534 982 vobis
555 956 665 982 daretur
688 954 792 981 ratiOne
818 955 908 981 corbis

120 1008 172 1033 pro
186 1000 262 1027 libris
277 1001 362 1027 tribus
373 1001 478 1028 Bonou.
492 1007 507 1027 a
535 1008 652 1033 camera,
666 1008 712 1027 seu
728 1000 822 1034 canipa
844 1000 907 1027 satis

121 1050 214 1073 nostra
226 1054 233 1073 :
244 1051 271 1072 et
285 1047 357 1080 quod
372 1045 500 1073 salarium
510 1047 663 1074 communis
674 1046 769 1077 vestri,
781 1045 907 1073 videlicet

119 1092 251 1119 librarum
263 1092 592 1127 quinquagintaduarum,
605 1091 754 1118 solidorum
768 1091 906 1121 tredecim.

120 1137 295 1164 denariorum
315 1143 440 1172 quatuor.
453 1137 526 1172 quod
551 1138 691 1164 annuatim
710 1137 813 1164 solvere
831 1143 907 1164 tene-

121 1182 188 1210 ntitti
202 1190 251 1218 pro
266 1184 367 1210 salario
381 1183 544 1210 vicariorum
568 1183 739 1218 Capugnani;
765 1183 837 1217 quod
867 1189 908 1208 re—

121 1229 304 1262 utitteremus,
323 1235 349 1257 et
379 1230 602 1257 imminuerentus
629 1231 662 1257 ad
695 1230 777 1257 libras
798 1230 906 1264 triginta

122 1276 192 1302 duas
207 1275 307 1303 solidos
337 1276 474 1307 tredecim,
500 1276 628 1304 denarios
664 1281 780 1310 quatuor
802 1275 904 1303 Bottou.

122 1329 183 1355 quae
196 1322 334 1348 annuatim
348 1321 415 1348 solvi
435 1329 481 1355 per
492 1329 539 1348 vtts
553 1329 602 1356 pro
617 1322 717 1348 salario
741 1321 906 1348 vicariorum

123 1372 274 1394 teneantur.
292 1367 436 1394 Residuum
464 1372 565 1400 autem,
579 1368 704 1395 videlicet
724 1369 807 1395 libras
821 1368 856 1394 20
872 1375 907 1395 ne

121 1412 309 1447 prejudiciuut
326 1412 372 1438 liat
384 1420 500 1439 camera:
515 1418 558 1439 aut
575 1414 635 1440 aliis
654 1413 905 1447 ccttttnnnittttibtts,

123 1458 230 1485 solvant
241 1459 293 1485 hoc
309 1459 399 1493 modo,
411 1464 463 1486 etc.
481 1458 548 1486 Nam
560 1458 630 1486 facta
644 1465 685 1487 est
696 1460 763 1487 alias
774 1460 906 1488 constitu-

124 1504 162 1531 tio
178 1511 226 1538 per
241 1504 372 1539 regimina
384 1505 500 1533 civitatis
515 1505 640 1533 Bononiae
650 1511 676 1533 et
690 1507 847 1533 confirmata
860 1514 907 1541 per

124 1549 266 1583 quemdam
280 1549 534 1576 reverendissimum
549 1550 713 1576 cardinalem
737 1548 804 1576 alias
818 1549 907 1576 Bono-

125 1593 314 1627 niaelcgatum,
330 1593 401 1627 quod
425 1593 553 1622 introitus
579 1593 651 1620 Dacii
680 1594 906 1626 molendiuorutu,

125 1639 233 1673 qui_pro
245 1643 303 1666 rata
319 1640 496 1673 contingente
515 1640 756 1666 cornmunitatibus
773 1638 906 1672 Succida,

125 1684 311 1720 Garttaglonis,
326 1688 353 1711 et
365 1684 523 1719 Capugnani
545 1685 578 1712 ad
603 1685 734 1712 rationem
757 1685 906 1713 solidorum

125 1735 240 1765 quatuor
260 1737 308 1764 pro
321 1732 406 1757 bucca
419 1737 595 1764 personarum
604 1731 737 1758 dictartttu
748 1732 906 1758 comitatum

125 1780 346 1802 converterentur
359 1775 392 1802 ad
407 1775 606 1809 reparationem
620 1780 647 1802 et
659 1776 692 1802 ad
710 1775 906 1810 reaptatiouem

125 1821 281 1849 balneorum
296 1821 328 1848 de
340 1820 484 1855 Laporetta
501 1821 701 1848 communitatis
717 1821 906 1849 Bononiensis.

124 1866 191 1894 Cum
206 1871 296 1894 autent
308 1867 466 1894 constitutio
485 1867 541 1901 ipsa
551 1867 607 1901 jam
620 1867 697 1894 annis
710 1867 802 1894 decent
817 1875 909 1894 serva-

127 1919 151 1940 ta
165 1914 210 1945 sit,
230 1913 469 1947 reparatiouesque
481 1920 529 1946 pro
550 1912 654 1947 majore
669 1918 744 1947 parte
772 1913 827 1940 sint
846 1921 908 1948 per-

125 1960 213 1990 fectae,
229 1965 379 1993 parumque
395 1963 477 1986 restet
489 1959 523 1986 ad
535 1966 611 1985 suam
623 1958 827 1993 perfectionem,
843 1966 907 1986 sua-

126 2005 237 2037 debant,
252 2004 324 2040 quod
338 2012 371 2031 ex
384 2004 495 2032 introitu
514 2005 642 2039 pradicto
652 2004 726 2031 Dacii
740 2004 909 2032 tnolcndtno-

127 2059 185 2078 rum
201 2059 250 2085 pro
276 2057 334 2078 rata
365 2051 541 2085 contingente
557 2051 638 2078 dictis
660 2051 837 2078 comitatibus
862 2051 907 2086 qui

126 2105 174 2132 per
187 2097 315 2125 olliciales
329 2097 472 2132 deputatas
487 2097 623 2132 colligitur
636 2105 717 2124 causa
737 2098 816 2125 dictat
833 2105 909 2132 repa-

126 2143 249 2175 rationls,
267 2143 409 2177 capiantur
433 2142 512 2169 dicta:
541 2142 615 2169 librat
637 2143 673 2169 20
700 2150 749 2176 pro
773 2142 908 2177 completa

125 2188 261 2216 solutione
275 2195 371 2216 eorum
385 2195 444 2223 quae
466 2188 572 2216 solvere
589 2188 752 2215 tenebamini
771 2196 819 2222 pio
839 2188 909 2215 sala~

127 2236 167 2263 rio
194 2235 287 2262 vicarii
314 2233 409 2266 vestri,
427 2234 563 2260 residuum
587 2241 652 2260 vero
676 2233 802 2260 introitus
823 2233 909 2268 depu-

127 2287 198 2309 tetur
210 2282 243 2308 ad
256 2281 362 2308 solitam
380 2280 512 2307 dictorum
525 2279 683 2306 balneorum
700 2280 908 2314 reparationem.

126 2327 184 2355 Hoc
199 2328 271 2354 enim
291 2326 381 2353 suasis
394 2325 471 2352 nobis
492 2331 601 2359 propter
618 2325 717 2351 damtta
750 2330 837 2352 vestra
856 2334 909 2353 ttott

127 2373 299 2401 mediocriter
330 2372 452 2406 placuit:
483 2371 555 2397 unde
582 2370 702 2398 volentes
725 2371 750 2398 in
781 2373 824 2403 iis,
850 2379 910 2406 quae

127 2426 282 2454 possumus,
298 2418 375 2445 vobis
401 2422 430 2443 et
452 2422 548 2443 vestrae
576 2417 723 2443 calamitati
753 2418 909 2450 subvenire,

127 2463 287 2490 auctoritate
301 2462 449 2497 apostolica
470 2469 521 2495 qua
540 2460 679 2495 iungimur
699 2462 814 2496 gratiam
834 2463 909 2490 vobis

127 2509 251 2540 facimus,
263 2507 437 2535 concedimus
452 2511 478 2534 et
495 2507 643 2541 illargimur
671 2509 819 2534 secundum
838 2510 909 2543 quod

128 2556 154 2582 in
177 2548 317 2582 relatione
335 2553 464 2588 praedicta
484 2553 662 2586 significatum
688 2559 740 2585 est,
772 2555 844 2588 quod
871 2555 909 2581 sal

128 2602 253 2630 videlicet
263 2601 338 2628 vobis
352 2608 401 2634 pro
417 2607 466 2626 usu
489 2605 579 2626 vestro
593 2599 755 2626 exltibeatur
773 2609 788 2626 a
814 2601 909 2634 canipa

128 2649 191 2676 salis
215 2648 318 2674 liouon.
343 2655 392 2682 pro
419 2647 495 2673 libris
526 2646 612 2672 tribus
644 2645 747 2673 Bnnon.
772 2652 912 2680 .quatcttus

128 2695 260 2729 siquidem
277 2693 379 2720 solvere
393 2696 496 2718 tantum
513 2691 634 2718 debeatis
652 2699 701 2725 pro
718 2691 816 2718 salario
832 2692 912 2718 vit-a-

130 2741 159 2768 rti
176 2740 331 2775 Capuguani
345 2739 485 2766 annuatim
511 2738 595 2764 libras
626 2737 768 2770 prazdictas
801 2737 908 2771 triginta

160 2804 195 2834 (1)
214 2803 281 2827 Falsa
299 2801 453 2833 pontiﬁcatus
470 2803 535 2824 nuta.

350 2845 482 2874 l’nnot.
505 2843 562 2872 Gn.
587 2841 685 2871 CLXI.

652 77 691 105 ΙΝ
715 76 934 106 LEGATIUNE
958 76 1205 107 BONONIENSI.

1679 81 1756 101 (λλγι

961 134 1037 163 duas.
1058 133 1158 160 solidos
1192 133 1332 165 tredecim,
1362 132 1489 161 denarios
1522 136 1638 167 quatuor
1671 132 1758 159 Botto-
1792 155 1799 164 ,

961 178 1086 205 nienses:
1101 178 1159 204 alite
1180 186 1244 205 vero
1261 177 1295 205 ΞΟ
1312 179 1388 206 Ιίὶηω
1405 184 1509 205 tantum
1535 178 1676 206 solvantur
1712 178 1747 204 de
1793 167 1799 195 :-

961 223 1074 250 iutroitu
1092 225 1220 258 deputan
1247 232 1295 259 pro
1326 224 1482 251 balneorum
1508 210 1680 259 reparatiotie
1707 232 1755 258 per

959 275 1031 301 cum,
1047 269 1087 295 rei
1099 277 1155 302 eos,
1175 270 1221 302 qtti
1235 270 1268 296 ad
1286 270 1403 297 similent
1429 270 1603 297 exactionem
1631 270 1753 304 deputati

959 315 1035 346 sunt,
1049 315 1118 341 sicut
1129 312 1208 341 latius
1218 315 1340 348 superius
1354 321 1513 348 expressum
1526 320 1584 347 est;
1598 315 1755 342 ntandautcs

961 357 1128 385 thesaurario
1148 366 1263 385 camerte
1280 357 1387 385 Bonou.
1403 359 1448 392 qui
1477 366 1525 392 pro
1548 363 1668 393 tempore
1685 360 1749 391 erit,

959 403 1149 431 defensoribus
1163 404 1281 436 haveris,
1297 404 1520 437 conductoribus,
1533 412 1564 431 ac
1591 407 1752 439 sdpe‘rstau-

959 449 1031 476 tibus
1047 449 1123 482 satis,
1140 450 1317 478 exactoribus
1333 451 1443 477 vieariis
1456 450 1629 485 Capugnani,
1649 450 1753 478 cilicia-

958 493 1030 521 libns
1054 495 1191 530 deputatis
1212 496 1245 522 ad
1276 495 1338 522 dieti
1367 495 1496 523 introitus
1515 496 1684 523 exactionem
1705 503 1754 530 pro

960 541 1132 574 reparatione
1149 541 1308 568 balneorum
1323 548 1356 568 ac
1370 541 1495 569 omnibus
1510 545 1536 568 ct
1558 541 1673 576 singulis
1688 542 1748 569 aliis

958 585 1117 614 oﬂicialibus
1133 587 1233 614 nostris
1247 592 1273 613 ct
1289 587 1442 614 communis
1459 587 1637 615 Bononiensis
1652 589 1752 622 quibus

959 636 1062 665 spectat
1076 637 1124 659 aut
1144 638 1268 667 spectare
1296 634 1380 667 possit
1404 634 1430 660 in
1461 633 1592 666 lntltrttnt,
1619 638 1753 668 quatenus

959 676 1031 704 hanc
1057 683 1178 704 nostram
1193 678 1306 712 gratiam
1326 684 1443 712 servent,
1461 679 1614 714 faciantque
1627 680 1661 707 de
1685 686 1752 706 tetu-

959 731 1024 757 pore
1040 724 1066 750 itt
1082 729 1188 758 tempus
1201 724 1234 750 ab
1249 725 1311 752 aliis
1325 725 1478 752 observari.
1496 725 1524 752 ltt
1535 720 1650 759 quorum
1671 726 1750 753 ﬁdem

959 770 1100 803 praesentis
1108 770 1295 797 concessionis
1311 776 1410 798 nostra:
1425 771 1562 798 decretum
1589 772 1658 804 fieri,
1676 772 1751 806 sign"-

959 816 1032 849 lique
1043 815 1129 843 nostri
1147 816 1255 843 rotundi
1274 816 1407 851 jussitnus
1441 816 1619 851 impressione
1641 819 1749 845 muniri.

996 862 1090 887 Datum
1105 861 1232 889 Bononia:
1249 862 1276 888 in
1297 862 1396 896 palatio
1412 868 1511 890 nostrae
1526 863 1691 895 residentia‘.
1708 864 1752 890 die

958 907 1054 942 quinto
1070 906 1177 934 decimo
1188 907 1289 934 mensis
1306 907 1447 935 Februarii
1467 907 1547 940 “52.
1577 907 1751 943 pontiﬁxatns

959 953 1128 982 sanctissimi
1151 953 1253 980 domini
1269 953 1354 981 nostri
1375 946 1406 980 Ι).
1430 952 1543 987 Engenii
1570 952 1649 988 Papa:
1679 962 1750 982 anno

957 1001 1046 1034 printo
1063 1000 1112 1034 (Ι),
1128 1005 1181 1026 etc.

1332 1047 1377 1075 1X.

994 1092 1058 1120 Post
1075 1091 1155 1127 cujus
1176 1092 1286 1127 quidem
1299 1091 1400 1120 decreti
1420 1097 1447 1120 et
1471 1092 1566 1119 indulti
1593 1092 1747 1120 concessio-

959 1145 1033 1168 nem,
1049 1137 1208 1170 spectabilis
1224 1138 1303 1165 mites
1314 1138 1347 1165 Ι).
1367 1137 1496 1166 Nicotaus
1509 1139 1542 1166 de
1557 1137 1666 1165 Sanatis
1683 1139 1750 1166 civi-

960 1184 1023 1211 tatis
1039 1183 1220 1211 Bononiensis
1230 1183 1393 1211 auctoritate
1402 1183 1549 1218 apostolica
1566 1184 1592 1210 itt
1617 1184 1747 1212 comitem

958 1230 1106 1258 Palatinum
1123 1235 1289 1265 assumptus,
1312 1231 1337 1257 iit
1359 1230 1467 1257 titulum
1484 1230 1525 1258 stti
1545 1230 1692 1257 comitatus
1706 1230 1747 1256 lo-

959 1285 1019 1305 cum
1037 1277 1206 1312 praedictum,
1223 1277 1268 1311 qtti
1286 1276 1387 1304 dicitur
1400 1276 1565 1311 Laporetta,
1584 1283 1645 1303 cunt
1660 1277 1749 1303 ontui-

959 1324 1010 1351 bus
1027 1322 1201 1358 pertinentiis
1220 1327 1247 1350 et
1259 1322 1496 1357 jurisdictionibus
1511 1322 1580 1353 suis,
1612 1328 1642 1348 ac
1663 1321 1746 1348 etiam

959 1376 1020 1396 cum
1037 1369 1169 1395 vicariatu
1185 1368 1320 1395 dictarunt
1337 1373 1483 1398 terrarum,
1497 1371 1525 1394 et
1539 1367 1675 1394 solutione
1696 1373 1744 1393 so-

960 1416 1075 1444 lidorum
1105 1420 1223 1450 quatuor
1249 1422 1298 1448 pro
1312 1414 1434 1448 qualibet
1448 1413 1531 1441 bucca
1551 1413 1690 1440 hominum
1720 1417 1748 1439 et

960 1466 1137 1496 personarum
1150 1462 1177 1488 in
1193 1461 1259 1496 ipsis
1274 1461 1352 1488 terris
1366 1457 1566 1492 exsistentium,
1576 1464 1656 1494 prout
1669 1462 1749 1486 antea

959 1516 1007 1543 pro
1021 1507 1159 1536 tuacinatu
1175 1514 1289 1535 camerae
1303 1505 1482 1534 Bononiensis
1498 1505 1604 1533 solvere
1633 1512 1748 1532 consue-

959 1557 1064 1585 verant,
1085 1553 1182 1580 eadem
1202 1553 1367 1580 auctoritate
1381 1550 1500 1578 obtinuit
1511 1549 1657 1585 previderi,
1670 1553 1749 1584 prout

958 1600 985 1626 in
998 1599 1099 1626 litteris
1114 1597 1271 1633 apostolicis
1285 1598 1348 1625 inde
1362 1596 1506 1629 confectis,
1518 1601 1546 1623 et
1559 1603 1651 1624 coram
1666 1595 1747 1622 nobis

958 1645 1088 1673 exhibitis
1100 1645 1173 1673 clare
1189 1648 1306 1673 constat.
1322 1645 1390 1672 Cum
1406 1649 1495 1671 autem
1510 1643 1581 1671 inter
1599 1642 1743 1678 praefatum

958 1699 1119 1727 generosum
1131 1691 1257 1719 comitem
1273 1695 1302 1718 et
1315 1690 1492 1725 spectabilem
1509 1689 1621 1716 militem
1639 1696 1672 1715 ex
1689 1696 1742 1715 uua

959 1743 1034 1774 parte
1045 1743 1072 1766 ct
1088 1737 1203 1765 vit-aries
1217 1743 1265 1772 pro
1277 1741 1398 1771 tempore
1409 1737 1550 1770 deputatos
1564 1735 1597 1762 ad
1623 1734 1745 1769 regimen

958 1791 1093 1812 terrarum
1110 1791 1143 1811 ex
1158 1784 1255 1816 altera,
1273 1790 1305 1812 ac
1324 1783 1406 1811 etiam
1426 1781 1639 1810 communitates
1652 1786 1679 1808 et
1697 1781 1746 1808 bo-

959 1830 1046 1858 mines
1061 1830 1218 1857 earumdem
1232 1832 1309 1864 parte
1319 1836 1352 1856 ex
1366 1828 1451 1855 altera
1466 1828 1565 1862 sapius
1588 1833 1747 1854 controvers

959 1876 998 1902 sia
1015 1875 1237 1906 fuerit.etetiam
1252 1875 1341 1909 vigeat
1355 1874 1387 1901 de
1403 1873 1529 1908 praesenti
1546 1872 1691 1900 occasione
1703 1880 1746 1899 so-

963 1920 1075 1948 lutionis
1092 1919 1186 1948 salarii
1203 1919 1268 1947 dicti
1280 1919 1440 1951 vieariatus,
1454 1924 1483 1946 et
1497 1919 1579 1946 etiam
1601 1917 1748 1945 solutionis

960 1966 1089 1993 librarum
1117 1965 1222 2000 viginti,
1247 1972 1316 1999 quas
1342 1964 1462 2000 praefatae
1483 1963 1705 1994 communitates,
1719 1967 1748 1990 et

961 2013 1083 2039 homines
1093 2019 1141 2046 pro
1155 2018 1248 2038 eorum
1264 2011 1358 2038 buccis
1369 2011 1521 2038 maeinatus
1530 2010 1585 2045 jam
1599 2009 1682 2037 certis
1691 2009 1748 2037 ela-

960 2058 1016 2091 psis
1029 2057 1109 2085 annis
1137 2057 1243 2084 solvere
1272 2063 1321 2091 pro
1338 2056 1510 2091 reparatione
1533 2055 1695 2083 balneorum
1713 2054 1747 2082 do

960 2102 1106 2137 Laporetta
1126 2107 1339 2133 consueverunt,
1372 2101 1406 2128 ad
1437 2108 1554 2135 quorum
1582 2100 1745 2128 solutionem

961 2149 1077 2182 praefata
1092 2147 1282 2175 nniversitates
1292 2151 1319 2175 et
1330 2147 1455 2175 homines
1463 2147 1598 2174 dictat-um
1609 2151 1742 2175 terrarum

961 2194 1125 2222 auctoritate
1139 2193 1288 2228 praeinserti
1303 2193 1405 2221 decreti
1429 2200 1459 2221 se
1479 2197 1608 2221 asserunt
1630 2201 1684 2221 non
1703 2198 1744 2221 te-

961 2242 1039 2268 neri:
1058 2247 1108 2267 nos
1129 2247 1193 2274 ergo
1214 2238 1367 2274 iurgiorum
1399 2240 1528 2267 materias
1543 2244 1684 2275 amputare
1697 2247 1746 2266 cu-

961 2287 1075 2321 pientes,
1091 2293 1124 2313 ac
1138 2286 1211 2320 paci,
1227 2286 1311 2319 quieti
1324 2290 1352 2313 et
1367 2286 1557 2321 tranquillitati
1577 2286 1747 2313 subditorum

961 2336 1114 2360 nostrorum
1124 2331 1266 2365 providere
1278 2331 1424 2366 plurimum
1436 2331 1609 2363 aﬂ'ectantss,
1620 2331 1746 2365 praesenti

962 2383 1055 2405 nostro
1066 2377 1176 2404 decreto
1197 2377 1346 2409 ﬁrmamus,
1361 2377 1433 2411 quod
1448 2376 1567 2412 praefatae
1583 2375 1747 2403 universita-

963 2428 1002 2450 tcs
1014 2429 1040 2450 et
1059 2422 1181 2449 homines
1192 2422 1352 2449 earumdem
1367 2429 1416 2456 pro
1425 2422 1499 2449 omni
1514 2429 1548 2449 eo
1561 2427 1587 2449 et
1597 2426 1663 2452 toto.
1674 2422 1745 2454 quod

961 2468 1103 2495 Occasione
1119 2467 1183 2494 dicti
1195 2467 1346 2494 maeinattts
1363 2474 1411 2500 pro
1435 2473 1528 2494 eorum
1546 2467 1639 2493 buccis
1655 2473 1744 2492 came-

963 2521 1000 2541 rze
1020 2513 1185 2540 Bononiensi
1209 2512 1315 2539 solvere
1333 2517 1458 2540 tenentur
1485 2512 1518 2539 de
1534 2516 1633 2539 caetero
1650 2518 1746 2538 omnes

962 2560 1083 2594 singulas
1101 2559 1183 2586 libras
1212 2559 1337 2586 undecim
1368 2558 1473 2585 Borion.
1509 2564 1533 2584 et
1555 2565 1606 2584 tton
1635 2557 1748 2584 ulterius

962 2605 1074 2640 prwfato
1088 2604 1117 2631 ι).
1137 2604 1247 2632 Nicolao
1260 2604 1352 2631 eoutiti
1367 2604 1496 2638 prtedicto
1515 2608 1541 2630 et
1559 2603 1635 2630 militi
1651 2612 1665 2630 a
1681 2608 1750 2630 tetn-

964 2658 1028 2685 pore
1041 2649 1228 2677 cultt'eSsiOIIiS
1259 2649 1421 2676 auctoritate
1437 2649 1586 2682 apostolica
1609 2649 1659 2675 sibi
1677 2647 1747 2675 ἴλη-ιρι

964 2698 1030 2723 citra
1048 2705 1080 2723 ex
1106 2696 1287 2729 computando
1307 2695 1370 2722 illud
1391 2700 1473 2721 totum
1494 2695 1528 2722 de
1552 2695 1625 2722 dicta
1641 2702 1747 2722 summa

964 2744 1035 2779 quod
1058 2743 1144 2769 (liCLlS
1165 2742 1356 2769 universitates
1376 2747 1405 2769 et
1428 2742 1553 2768 homines
1580 2742 1692 2776 prtefato
1715 2741 1749 2769 D.

1529 2827 1542 2848 ε
