1912 3054
141 107 226 128 CXXIX

142 159 249 193 δεινοῖς,
259 159 306 186 καὶ
317 160 418 196 ταύτην
431 161 522 189 δοῦναι
532 161 610 198 δίκην
624 162 926 197 ὲξωλεστάτην,ξῆδιστα

144 206 178 232 ἂν
194 205 327 241 εὐξαίμην
354 208 383 232 ὲν
406 207 446 242 τῷ
469 208 507 242 (5)
531 208 592 235 τότε
608 209 793 243 κατακαῆναι,
823 209 856 242 τῇ
873 207 927 234 τῶν

149 252 224 287 Ἀχαι
231 252 345 287 μενιδῶν
357 253 501 289 τομωτάτῃ
521 253 642 290 μαχαίρᾳ
657 253 674 289 ἢ
691 253 781 289 φαύλῃ
794 253 864 289 τύχῃ
878 262 926 280 πε-

145 297 341 330 ριγενόμενον,
371 297 477 332 μυρίων
499 297 578 331 ἀξίας
608 299 734 326 θανάτων
761 299 928 333 ὑφίστασθαι

142 341 293 377 ξυμφορὰς.
319 343 455 377 Κρεϊσσον
470 344 525 379 γὰρ
554 344 668 378 ἐσάπαξ,
691 343 927 380 κατἘύριπίδην,

141 385 244 414 θανεῖν.
260 387 276 422 ἢ
292 387 340 419 τὰς
356 388 466 420 ἁπάσας
478 389 588 424 ἡμέρας
606 389 722 425 πάσχειν
737 390 841 423 κακῶς.

179 515 215 544 Ὠ
226 517 280 544 τῶν
291 519 441 552 γινομένων
467 520 675 553 δξυωπὲστατον
691 521 789 557 βλέπος
801 521 807 550 i
821 520 844 550 ὧ
858 523 929 550 aluo-

142 563 210 597 νόμε
227 563 366 597 σοφώτατε
379 564 432 591 τῶν
448 565 472 590 θ’
486 566 532 600 ὑφ’
551 566 628 601 ἥλιον
640 567 695 594 τῶν
718 568 742 595 θ’
757 568 828 603 ὑπὲρ
841 568 926 604 ἥλιον,

142 608 170 634 τί
181 608 228 634 τὸν
240 609 388 643 φανότατον
401 610 505 646 πυρσὸν
517 611 567 646 τῆς
583 612 748 648 οἰκουμένης
761 613 927 646 ἁπέσόεσαςι

145 654 245 687 μᾶλλον
256 654 295 686 δὲ,
304 655 331 680 τί
345 654 390 681 τδν
399 656 476 690 ἡλίου
491 656 669 692 φαιδρότερον
681 658 814 694 ὲξέκοψας
828 660 929 694 ὀφθαλ-

123 696 208 738 δμόνι
226 700 263 726 Οὐ
281 700 409 736 θεοσεῦὴς
426 702 575 738 ἐτύγχανεν
591 704 628 731 ὧν
640 713 648 738 ;
660 706 691 732 οὗ
708 708 863 742 προστάτης
877 707 931 742 τῆς

149 744 331 781 Ἐκχλησίας;
348 747 379 773 οὐ
405 749 605 783 μισοπόνηρος;
635 751 665 777 οὺ
686 752 871 786 φιλοδίκαιοςς
897 753 927 779 οὐ

145 791 300 825 σοφώτατος
311 800 320 825 ;
335 793 365 818 ού
385 794 445 824 sati;
459 794 571 828 ἀρεταῖς
595 796 678 823 αὑτοῦ
703 798 752 831 τὴν
766 798 931 834 οἰκουμένην

144 837 237 863 πᾶσαν
258 836 422 872 διέπρεπεν;
452 839 483 865 οὐ
512 841 569 872 τοῖς
598 841 737 876 δεομένοις
769 844 932 879 καθημέραν

144 881 262 917 ἐπήρκει
275 891 282 916 ;
296 883 347 909 οὐκ
362 884 549 919 ἀναιμάκτους
561 887 696 922 ὁσημέραι
707 887 804 920 θυσίας
818 889 931 917 διετέλει

145 929 229 955 ποιῶν
242 938 249 962 ;
265 929 313 964 οὐχ
326 929 341 956 ὅ
352 938 378 956 τι
394 930 427 957 ἂν
438 931 510 958 eluet
528 940 572 963 τις
586 933 690 967 ἀγαθδν
702 935 750 960 καὶ
762 934 865 962 δίκαιον
882 936 931 963 καὶ

145 975 270 1008 φιλόθεον
281 983 289 1008 ;
301 973 336 1002 Ὦ
353 976 432 1010 σοφία
448 977 496 1003 καὶ
509 978 594 1014 ἀρετὴ
609 979 656 1005 καὶ
670 980 790 1014 παιδεία,
802 981 843 1014 τίς
856 982 933 1018 ὑμῶν

145 1020 195 1055 τὴν
213 1021 307 1048 ἑστίαν
320 1022 451 1056 διέλυσεν,
474 1024 573 1058 ἄριστά
589 1033 619 1051 τε
631 1025 822 1063 ἀπεξεσμένην
838 1029 883 1056 καὶ
895 1026 932 1062 ὡς

146 1067 195 1092 οὐκ
210 1067 299 1098 ἄλλως
313 1068 376 1102 ἐνῆν
389 1069 396 1095 ι
419 1068 450 1094 οὐ
468 1070 522 1104 γὰρ
545 1070 626 1105 μόνον
641 1072 692 1108 τὴν
708 1073 805 1108 σοφίαν
819 1075 933 1111 τάνδρὸς

146 1111 194 1137 καὶ
220 1111 270 1145 τὴν
297 1111 382 1147 ἄλλην
405 1113 515 1141 ἃπασαν
540 1117 708 1152 κοσμιότητα
728 1119 860 1154 Ἕλληνες
885 1122 934 1148 καὶ

151 1156 282 1191 Ῥωμαῖοι
297 1157 487 1192 θαυμάσαντες
503 1159 606 1195 έχουσι,
623 1163 669 1188 καὶ
683 1164 741 1190 ὅσοι
761 1166 807 1191 τὺν
824 1165 928 1193 τούτων

147 1201 276 1235 ἀγαπῶσι
288 1202 369 1236 ζυγὸν
386 1205 433 1230 καὶ
444 1205 496 1231 ὑπὸ
506 1206 609 1233 τούτων
631 1207 775 1241 ἰθύνονται,
799 1210 867 1237 ἀλλὰ
886 1212 935 1239 καὶ

147 1247 294 1281 Βρεττανοὶ
307 1249 354 1275 καὶ
368 1249 487 1285 Κίμῦροι
501 1252 547 1278 καὶ
561 1251 708 1287 Γερμανοὶ,
726 1255 826 1282 Κελτοί
844 1265 873 1282 τε
885 1258 934 1284 καὶ

147 1293 265 1321 Γαλάται
279 1294 327 1320 καὶ
350 1294 481 1330 Ἰστιανοὶ,
510 1298 626 1331 Παίονές
643 1309 673 1326 τε
688 1302 736 1328 καὶ
761 1302 872 1338 Ἴϐηρες
886 1305 934 1331 καὶ

147 1339 326 1375 Κελτίόηρες,
342 1341 477 1373 ξυνελόντι
491 1351 521 1369 τε
531 1344 625 1378 φάναι,
642 1345 716 1372 ἆπαν
731 1346 810 1380 γένος
835 1347 932 1383 Ἐλλη-

148 1384 223 1411 νικόν
237 1394 267 1411 τε
281 1387 331 1412 καὶ
354 1386 502 1423 βάρϐαρον,
517 1389 582 1425 παρ’
596 1388 633 1417 ὦν
645 1392 692 1417 καὶ
708 1391 785 1424 κλέος
802 1394 934 1429 ἐκτήσατο

148 1430 345 1467 οὐρανόμηκες,
360 1433 406 1459 καὶ
432 1436 542 1469 μνήμην
563 1436 696 1469 ἐντεῦθεν,
709 1437 747 1469 ὡς
761 1439 865 1473 οἴομαι,
875 1440 932 1473 ἓξει

149 1477 250 1508 παντὸς
264 1478 311 1504 τοῦ
329 1478 424 1513 χρόνου
436 1479 486 1515 τὴν
501 1480 582 1515 φύσιν
596 1483 843 1517 υπερνικήσουσαν.

184 1609 237 1638 Φεῦ
249 1611 256 1638 i
268 1610 311 1642 τίς
326 1619 377 1646 μου
388 1612 439 1647 τὴν
449 1611 543 1639 ἑλπίδα
556 1613 610 1640 τῶν
625 1614 717 1641 καλῶν
733 1601 946 1650 ἀποτεφρὼσαί

150 1655 375 1691 κατῄσχυνείτίς
395 1665 446 1692 μου
459 1658 506 1684 τὸν
520 1659 624 1693 τροφέα
649 1661 703 1686 τῶν
731 1660 836 1687 παίδων
854 1662 935 1695 ἀφεί‹

150 1701 213 1728 λετο
223 1702 230 1728 ι
242 1702 283 1733 τίς
300 1711 352 1737 μου
361 1703 412 1736 τῆς
428 1703 611 1738 πρεσόυτικῆς
622 1704 729 1739 ἡλικίας
742 1706 788 1732 καὶ
803 1706 852 1740 τῆς
867 1706 934 1741 ξυμ-

153 1747 238 1782 μόρου
266 1748 354 1782 ταύτῃ
370 1748 467 1779 πενίας
483 1747 570 1783 ᾤχετο
592 1749 683 1777 λαὸὼν
696 1750 742 1777 τὸν
757 1752 932 1786 παρήγορονί

152 1793 236 1819 Οὐδέν
252 1802 297 1828 μοι
314 1794 383 1829 πρὸς
397 1785 476 1821 τοῦτο
489 1795 524 1821 τὰ
539 1795 668 1829 πατρίδος
685 1785 849 1830 λελόγισται,
859 1785 935 1823 οὐδὲν

152 1839 274 1874 ἀποὸολὴ
288 1840 388 1867 παίδων
405 1840 452 1867 καὶ
463 1840 582 1875 ὀρφανία
597 1841 736 1876 πατέρων,
757 1843 833 1869 οὐδὲν
853 1843 936 1870 οἰκῶν

154 1886 202 1912 καὶ
218 1886 367 1921 χρημάτων
391 1886 526 1918 ἀπώλεια,
554 1887 608 1913 our
616 1887 680 1914 ἄλλο
692 1895 724 1922 γε
747 1889 808 1914 οὐδὲ
824 1889 852 1915 ἓν
870 1890 934 1921 τῶν,

153 1932 202 1959 ὅσα
213 1932 302 1967 λύπην
316 1933 363 1959 καὶ
378 1933 455 1959 νόσον
470 1934 519 1960 καὶ
542 1933 593 1960 ὅσα
607 1933 737 1968 σύστοιχα
755 1933 859 1961 τούτοιν
880 1937 936 1966 τοῖς

154 1978 265 2005 τάλασιν
275 1978 428 2012 ἀνθρώποις
439 1979 587 2012 ἐπάγουσιν
602 1978 783 2014 ἐπερχόμενα.
800 1977 835 2007 Ὦ
848 1981 940 2014 σοφώ-

154 2031 220 2050 τατε
236 2023 407 2058 Βησσαρίων,
421 2023 451 2049 τὸ
466 2023 606 2058 αἰδέσιμον
618 2023 712 2058 ἔμοιγε
730 2026 776 2050 καὶ
790 2025 876 2058 γλυκὺ
890 2026 938 2051 καὶ

154 2069 287 2104 καύχημα
301 2070 350 2096 καὶ
366 2070 483 2105 πρᾶγμα
500 2077 546 2098 και
559 2069 654 2106 ὕνομα,
677 2067 731 2102 οἷος
748 2070 787 2097 ὣν
802 2072 868 2106 ἡμῖν
883 2069 942 2097 εἶτα

154 2116 298 2150 τέθνηκας,
308 2115 400 2150 οῐμοιι
415 2116 445 2147 ὃς
459 2117 508 2152 οὐχ
522 2116 616 2152 ὥσπερ
629 2125 674 2151 μοι
685 2116 818 2151 δεσπότης
839 2116 942 2151 ὁμιλῶν

155 2162 295 2193 διετέλεις,
314 2162 364 2197 οὐχ
382 2162 420 2194 ὡς
438 2163 586 2198 εὐεργέτης
606 2163 623 2198 ἢ
639 2162 677 2194 ὡς
695 2163 862 2197 σοφώτατος,
879 2163 937 2189 ἀλλ’

155 2208 193 2238 ὡς
206 2208 262 2238 ἴσος
276 2208 325 2242 τὴν
337 2208 424 2243 τύχην
444 2208 492 2234 καὶ
520 2208 557 2239 ὡς
584 2210 699 2242 ὀφείλων
728 2217 784 2244 μοι,
799 2209 815 2244 ἢ
841 2211 886 2236 καὶ
902 2209 939 2241 ὡς

156 2254 214 2281 ινια
227 2255 282 2282 τῶν
296 2254 369 2290 ἠθῶν
383 2255 430 2281 καὶ
442 2254 589 2289 δογμάτων
603 2255 652 2289 τῆς
668 2255 828 2288 φιλοσοφίας
845 2255 938 2281 είδότι.

193 2345 249 2373 Εἴθ’
262 2345 324 2380 ἐμοὶ
338 2344 424 2370 ταῦτα
453 2343 561 2376 λέγοντι
587 2342 634 2369 νῦν
650 2343 719 2370 ὀστᾶ
731 2344 777 2369 καὶ
788 2342 873 2378 νεῦρα
891 2344 939 2370 καὶ

158 2391 226 2427 σὰρξ
241 2391 307 2426 μύες
320 2399 348 2416 τε
361 2391 408 2417 καὶ
426 2389 518 2420 ἀδένες
536 2388 583 2414 καὶ
599 2389 703 2423 χόνδροι
719 2390 765 2415 καὶ
783 2388 882 2423 μυελδς
894 2388 941 2414 καὶ

158 2439 212 2465 πᾶν
226 2446 270 2472 μοι
285 2437 339 2463 τῶν
352 2436 446 2470 χυμῶν
462 2435 553 2462 θεόθεν
567 2435 751 2470 μεταὸληθείη
767 2435 797 2462 τὸ
814 2435 941 2469 σύστημα

161 2485 248 2519 πηγαὶ
264 2483 390 2518 δακρύων
405 2482 568 2517 γενόμενον]
583 2481 620 2512 ὡς
637 2482 686 2508 οὑκ
705 2482 764 2508 ὲνὸν
782 2482 868 2513 ἄλλως
880 2481 940 2508 κατ’

162 2531 239 2563 ἀξίαν
256 2530 388 2566 θρηνῆσαι
409 2529 455 2556 τὸν
481 2528 603 2562 ἡγεμόνα
638 2528 692 2553 τῶν
721 2527 808 2562 λόγων
833 2527 943 2562 καὶτῆς

164 2578 259 2612 σοφίας
272 2577 365 2611 αὐτῆς,
380 2576 424 2602 τδν
442 2575 585 2605 Πλάτωνος
601 2573 815 2608 εὐγλωττόῖερον
831 2574 877 2599 καὶ
891 2575 945 2606 Δηο

165 2623 311 2656 μοσθένους
332 2621 493 2656 δεινότερον,
511 2621 556 2646 τὸν
568 2619 728 2646 Θουκυδίδου
749 2620 793 2645 τὸν
808 2619 889 2653 δγκον
905 2619 943 2654 (τί)

197 2707 235 2740 (5)
250 2707 286 2733 De
298 2705 402 2733 excidio
418 2703 664 2738 Constantinopolis
679 2703 790 2740 cogitat.
808 2703 943 2740 Constan-

163 2738 291 2777 tinopolis
313 2749 326 2777 ξι
345 2740 441 2777 Turcis
457 2744 592 2777 _occupatn
610 2743 651 2765 est
676 2739 744 2777 1353
759 2739 786 2765 (I.
811 2739 846 2765 29
867 2738 941 2777 Maii:

168 2773 404 2812 'AXitile‘ltsrLBVQh.
417 2783 441 2801 e.
457 2774 600 2812 Persarum
615 2781 678 2807 pro:
696 2774 858 2812 'l‘urcarum,
870 2773 941 2812 qugd

163 2808 243 2847 stupe.
257 2811 335 2839 Coul.
358 2809 495 2837 Pontanus
515 2810 547 2836 ad
564 2809 724 2835 Pltranzam.
744 2808 760 2835 1.
779 2815 799 2842 t,
820 2815 879 2842 cap.
893 2808 938 2841 ἓξ,

601 103 798 133 LAUDATIO
814 102 1010 133 FUNEBRIS
1033 100 1298 132 BESSARlONIS.

1701 106 1768 126 CXXX

979 159 1051 192 Ideo,
1069 159 1119 186 hoe
1135 159 1245 193 quidem
1261 158 1283 185 si
1300 156 1486 191 prtevidissem
1504 164 1546 184 me
1564 161 1638 184 tanta
1653 157 1679 184 in
1693 157 1764 184 ntala

979 211 1051 232 nunc
1082 205 1256 231 incursurum
1285 207 1311 230 et
1344 203 1392 230 has
1419 202 1620 230 funestissimas
1641 202 1767 230 daturum

978 257 1089 286 poenas,
1113 250 1240 277 libentius
1255 253 1391 283 optassem
1409 253 1472 275 tunc
1482 249 1611 283 temporis
1632 248 1771 285 comburi,

979 295 1228 324 Achaemenidarum
1260 294 1370 322 acinace
1402 293 1610 327 interemptum.
1641 301 1720 328 quam
1745 294 1772 320 in

979 342 1104 370 miseram
1117 340 1257 375 delapsum
1272 338 1405 366 fortunam
1427 339 1563 367 sexcentis
1583 339 1688 374 peiores
1701 346 1772 366 mor-

980 387 1052 415 tibus
1076 386 1170 413 subire
1202 385 1380 412 calamitates.
1406 384 1496 411 Satius
1510 389 1551 411 est
1574 385 1658 416 enim,
1682 389 1710 411 nt
1735 385 1774 411 ait

979 431 1132 466 Euripides,
1158 432 1240 457 semel
1270 429 1338 456 tnori
1362 436 1442 463 quam
1457 429 1562 456 cunctis
1583 430 1675 457 diebus
1700 429 1769 456 male

980 477 1097 512 perpeti.

1015 522 1038 550 Ο
1058 528 1086 550 tu
1106 521 1151 556 qui
1167 520 1401 556 perspicacissimo
1417 527 1448 548 ea
1463 528 1524 555 qua:
1537 521 1603 547 iiunt
1620 520 1697 548 oculo
1705 528 1769 548 con-

980 569 1081 604 spicisl
1099 566 1120 594 0
1139 567 1338 601 sapientissime
1354 573 1461 598 eorum,
1474 573 1534 600 quae
1555 567 1606 594 sub
1628 566 1684 593 sole
1709 569 1772 593 sunt

980 619 1007 642 et
1022 621 1106 649 super
1119 613 1219 646 solem,
1242 612 1428 647 dispensator,
1448 613 1480 650 ad
1501 612 1565 646 quid
1585 611 1772 646 splendidissi-

980 667 1052 687 mam
1080 658 1153 686 orbis
1174 657 1258 685 facem
1289 656 1464 684 exstinxisti?
1491 656 1540 683 Vel
1569 656 1658 691 potius
1687 663 1772 690 quare

982 705 1059 732 illutn
1089 704 1146 731 sole
1173 703 1363 738 fulgentiorem
1396 702 1505 729 oculttm
1531 701 1648 729 eruisti?
1676 700 1771 729 Nonne

982 750 1091 785 pictatis
1118 749 1207 777 cultor
1237 748 1316 777 erat?
1342 747 1437 775 Nonne
1468 747 1594 775 Ecclesiae
1625 746 1771 775 defensor?

980 793 1075 822 Nonne
1090 794 1221 821 malorum
1229 794 1311 821 osor?
1331 794 1425 821 Nonne
1434 792 1547 827 iustitiae
1558 799 1651 820 amans
1660 791 1772 819 ?Nonne

982 839 1222 873 sapientissimus?
1252 838 1346 866 Nonne
1360 840 1419 866 suis
1433 839 1575 866 virtutibus
1587 838 1680 866 orbem
1710 838 1770 865 uni.

983 892 1090 913 versum
1107 884 1269 912 decorabat?
1283 883 1378 912 Nonne
1407 885 1499 918 egenis
1521 883 1641 918 quotidie
1653 883 1771 918 opitula-

982 931 1084 959 hatur?
1097 931 1192 958 Nonne
1209 931 1362 962 incruenta.
1377 934 1510 965 quotquot
1525 933 1590 957 eunt
1604 930 1672 962 dies,
1686 929 1771 957 sacri—

985 975 1046 1002 licia
1071 975 1259 1004 indesinenter
1277 974 1417 1001 faciebat?
1444 973 1539 1001 Nonne
1561 973 1692 1008 quidquid
1719 973 1772 1000 diei

985 1024 1074 1055 potest
1085 1024 1112 1048 et
1136 1019 1211 1053 boni,
1229 1024 1256 1047 et
1275 1019 1353 1054 justi,
1371 1023 1398 1048 et
1418 1018 1563 1053 religiosi?
1581 1018 1603 1046 0
1627 1018 1771 1052 sapientia,

984 1066 1125 1101 virtusque
1141 1071 1169 1094 et
1194 1065 1351 1100 disciplina,
1374 1064 1435 1100 quis
1451 1069 1570 1092 vestrum
1587 1065 1708 1092 dissolvit
1723 1064 1772 1092 do-

985 1111 1115 1139 micilium
1130 1111 1165 1138 ita
1179 1112 1278 1146 Optime
1303 1111 1474 1146 perpolitum,
1497 1115 1528 1138 ut
1542 1110 1620 1138 aliter
1637 1118 1690 1139 non
1706 1111 1771 1137 lice-

988 1156 1048 1184 ret?
1063 1155 1148 1191 Hujus
1162 1157 1233 1184 enim
1248 1155 1296 1183 viri
1308 1156 1466 1190 sapientiam
1482 1161 1510 1183 et
1521 1162 1627 1183 omnem
1637 1155 1770 1190 reliquunt

985 1202 1114 1230 decorem
1130 1208 1184 1229 non
1202 1201 1282 1229 modo
1298 1200 1385 1229 Graeci
1398 1205 1425 1228 et
1438 1201 1553 1228 Romani
1569 1205 1596 1229 et
1618 1201 1772 1235 quicunque

984 1255 1079 1275 eorum
1091 1248 1185 1283 iugum
1203 1252 1294 1275 amant
1317 1248 1351 1275 ab
1361 1247 1450 1282 iisque
1469 1251 1599 1282 reguntur
1613 1247 1640 1275 in
1653 1247 1772 1275 admira-

987 1295 1058 1322 tione
1082 1294 1191 1327 habent,
1214 1294 1261 1322 sed
1285 1298 1312 1321 et
1327 1293 1451 1321 Britanni
1471 1298 1500 1320 et
1523 1292 1627 1320 Cimbri
1653 1297 1682 1320 et
1706 1292 1773 1319 Ger-

986 1341 1070 1374 mani,
1092 1340 1230 1375 Celtzeque
1239 1345 1267 1367 et
1282 1339 1351 1367 Galli
1369 1343 1452 1374 atque
1468 1338 1593 1374 Hispani,
1609 1338 1774 1373 Paeonesque

987 1391 1015 1414 et.
1029 1386 1123 1414 lberes
1137 1393 1167 1413 ac
1182 1385 1342 1417 Celtiberes,
1358 1389 1450 1419 atque,
1465 1389 1494 1411 ut
1511 1392 1565 1412 uno
1580 1384 1662 1412 verbo
1673 1384 1772 1416 dicant.

993 1431 1176 1459 Graecanicum
1187 1437 1271 1466 genus
1286 1437 1366 1457 omne
1384 1433 1411 1457 et
1425 1429 1605 1462 barbaricum,
1620 1430 1692 1465 apud
1705 1438 1773 1465 quos

992 1477 1104 1513 gloriam
1119 1477 1234 1511 adeptus
1249 1480 1289 1504 est
1304 1483 1365 1511 quas
1385 1476 1482 1503 ccelum
1497 1483 1584 1511 usque
1600 1476 1733 1511 pertingat
1747 1480 1774 1503 et

994 1522 1150 1551 memoriam
1181 1522 1288 1554 exinde.
1315 1526 1344 1549 ut
1367 1528 1442 1554 reor,
1466 1521 1576 1549 habebit
1601 1528 1662 1556 qua
1685 1521 1773 1549 onmis

994 1566 1122 1601 temporis
1137 1570 1264 1594 naturam
1281 1565 1386 1593 abunde
1400 1566 1435 1594 sit
1450 1570 1622 1601 superatura.

1032 1612 1125 1640 Elteul
1143 1612 1204 1647 quis
1223 1612 1289 1640 mihi
1312 1611 1445 1640 bonorum
1463 1619 1538 1647 spem
1553 1612 1582 1640 in
1603 1611 1709 1640 cineres
1729 1619 1773 1639 re-

994 1660 1101 1687 dactam
1127 1658 1268 1687 confudit?
1291 1659 1358 1692 Quis
1381 1657 1449 1686 mihi
1466 1665 1611 1693 puerorum
1633 1659 1774 1686 nutritinm

993 1704 1124 1731 abstulit?
1140 1705 1201 1738 quis
1214 1704 1281 1731 mihi
1295 1704 1389 1732 senilis
1403 1703 1490 1732 artatis
1503 1708 1531 1732 et
1551 1704 1686 1732 consociat
1700 1705 1776 1732 senio

994 1750 1159 1785 paupertatis
1176 1750 1264 1784 rapuit
1278 1749 1482 1777 consolatorem
1496 1749 1589 1777 iNibil
1602 1749 1666 1777 mihi
1678 1750 1711 1778 ad
1725 1750 1776 1778 hoc

995 1798 1122 1828 reputatae
1138 1798 1203 1821 sunt
1220 1801 1262 1822 res
1285 1794 1379 1828 patriae
1398 1793 1527 1826 civitatis,
1547 1793 1614 1821 nihil
1631 1793 1776 1823 liberorum

994 1841 1113 1872 allllSSiO,
1133 1841 1200 1868 nihil
1219 1847 1324 1874 patrum
1352 1840 1471 1873 orbitas,
1495 1840 1561 1869 nihil
1588 1842 1730 1869 domorum
1751 1845 1777 1869 et

995 1887 1169 1920 pecuniarum
1180 1887 1287 1920 jactura
1300 1908 1307 1919 ,
1324 1895 1411 1922 neque
1430 1887 1575 1922 quidquam
1591 1887 1663 1915 aliud
1674 1887 1776 1922 Qltorum

994 1940 1164 1968 quaecunque
1189 1934 1308 1961 dolorem
1324 1940 1351 1961 et
1367 1935 1487 1962 morbum
1511 1940 1538 1962 et
1553 1935 1594 1962 his
1611 1934 1702 1962 aliinia
1728 1936 1777 1962 mi-

994 1979 1063 2005 seris
1071 1978 1224 2006 hominibns
1242 1980 1392 2013 ingruendo
1401 1979 1528 2007 all'ernnt.
1547 1979 1570 2006 Ο
1578 1980 1778 2014 sapientissime

995 2024 1151 2056 Bessarion.
1175 2026 1356 2052 venerandum
1372 2030 1445 2053 certe
1470 2026 1534 2053 mihi
1558 2029 1584 2053 et
1597 2025 1677 2053 dulce
1695 2027 1778 2054 decus

992 2076 1018 2098 et
1031 2078 1073 2098 res
1087 2075 1114 2098 et
1126 2078 1233 2102 nomen.
1252 2070 1340 2104 qualis
1355 2070 1429 2098 fuisti
1451 2071 1527 2098 nobis
1553 2075 1581 2098 et
1607 2071 1715 2105 deinde,
1734 2072 1776 2098 ltei

992 2117 1073 2143 mibil
1095 2121 1217 2144 mortuus
1230 2117 1277 2143 esi
1302 2117 1348 2151 qui
1366 2123 1469 2144 mecum
1488 2124 1540 2144 non
1564 2117 1640 2151 quasi
1653 2117 1778 2144 dominus

989 2163 1145 2191 conversari
1169 2163 1366 2197 perseverasti,
1384 2170 1438 2190 non
1463 2163 1540 2198 qtfasi
1564 2163 1720 2191 benefactor
1733 2171 1779 2191 aut

991 2210 1214 2244 sapientissimus,
1239 2210 1286 2237 sed
1309 2211 1386 2245 quasi
1415 2211 1461 2245 qui
1491 2210 1597 2238 fortuna
1624 2212 1734 2246 aequalis
1751 2217 1779 2239 et.

993 2256 1058 2283 milii
1079 2256 1183 2283 debitor
1206 2262 1298 2289 esses,
1321 2256 1363 2284 vel
1384 2257 1466 2284 etiam
1490 2257 1567 2292 quasi
1587 2265 1647 2284 cum
1676 2257 1778 2285 sciente

994 2301 1114 2328 nonnihil
1128 2300 1308 2335 philosophiae
1324 2308 1428 2328 morum
1444 2306 1471 2328 et
1484 2301 1651 2336 dogmatum.

1032 2345 1137 2373 Utinam
1149 2346 1214 2373 tnihi
1229 2347 1286 2373 lnee
1297 2346 1396 2374 dicenti
1414 2354 1483 2374 nunc
1493 2354 1553 2374 ossa
1571 2353 1597 2373 et
1609 2346 1684 2373 nervi
1700 2351 1778 2380 atque

994 2400 1059 2420 caro
1074 2393 1243 2427 musculique
1257 2397 1286 2420 et
1307 2393 1400 2428 adipes
1421 2398 1521 2421 etcum
1538 2392 1652 2420 medulla
1672 2392 1780 2419 cartila-

991 2438 1067 2473 ginos
1095 2443 1122 2465 et
1153 2439 1242 2466 omnis
1268 2438 1295 2465 in
1318 2446 1362 2466 me
1378 2445 1519 2466 succorum
1546 2439 1682 2466 concretio
1709 2438 1779 2464 divi-

992 2484 1064 2511 nitus
1075 2487 1256 2511 transmutata
1271 2483 1297 2510 in
1312 2483 1490 2519 lacrymarum
1501 2483 1588 2511 fontes
1602 2482 1773 2510 dililuerent!

992 2530 1077 2556 Aliter
1097 2529 1168 2555 enint
1205 2536 1258 2555 non
1279 2530 1346 2555 satis
1357 2529 1436 2563 digne
1447 2527 1544 2555 deﬂere
1559 2527 1658 2562 possim
1677 2527 1778 2553 littera-

995 2582 1051 2600 rnm
1071 2574 1209 2608 ipsiusque
1224 2573 1362 2606 sapientiae
1386 2573 1534 2608 principem
1565 2572 1650 2604 illum,
1668 2572 1780 2600 Plutone

996 2620 1178 2650 disertiorem,
1204 2619 1433 2646 vrltcmentiorem
1459 2619 1649 2651 Demosthene,
1678 2626 1726 2646 sua
1754 2619 1781 2645 in

999 2711 1058 2738 pg.
1171 2703 1301 2738 Μαχαιρα
1326 2710 1410 2737 genus
1441 2703 1691 2738 armorumrl’ersis
1716 2704 1782 2731 olim

999 2737 1214 2773 usitatissimum
1237 2737 1358 2773 Xenoplt.
1373 2738 1407 2765 de
1433 2738 1472 2766 lie
1497 2738 1565 2773 Equ.
1580 2737 1634 2771 ΧΗ,
1663 2747 1693 2772 ιι,
1721 2740 1737 2766 i.
1753 2746 1780 2773 ᾳ.

997 2775 1074 2804 κοπὶς
1090 2772 1187 2807 Cyrop.
1207 2772 1227 2803 Ι,
1240 2773 1267 2805 2,
1282 2772 1309 2799 9.

1032 2809 1070 2843 tit)
1089 2809 1188 2842 ὐγκος
1201 2807 1362 2836 sublimitas.
1386 2808 1463 2843 Παρά
1476 2817 1506 2844 γε
1527 2808 1580 2844 μὴν
1597 2811 1652 2841 τοῖς
1665 2809 1778 2845 ῥήτορσι
