1912 3054
143 128 261 149 CXXXVII

144 181 181 209 δὲ
198 181 246 209 νῦν
270 182 299 209 οὐ
326 182 392 218 περὶ
406 182 520 215 τούτων,
532 183 593 210 οὐδὲ
616 183 681 218 περὶ
698 183 753 210 τῶν
767 183 908 214 τοιούτων,
925 180 939 206 ὁ

146 228 241 263 λόγος.
263 229 333 256 Ἀλλ’
344 229 369 256 οι
382 229 437 256 τῶν
449 230 512 264 τῇδε
524 230 634 256 τάκεῖσε
653 230 819 264 προείλοντο,
837 227 878 261 οἷς
895 237 939 263 γε,

149 275 180 301 ει
200 274 238 310 μὴ
256 275 304 301 καὶ
332 275 429 310 βλάϐος
445 275 502 311 (l7)
529 273 563 311 ἦν
592 275 712 310 μάλιστα
736 277 764 303 ἐν
789 275 828 311 τῷ
849 275 940 302 αὐτῶν

149 320 301 355 κρείττονι,
313 321 443 356 μυριάκις
460 322 493 348 ἂν
507 322 553 348 τοῦ
570 322 695 357 σώματος
712 321 899 357 ἀπελύθησαν,
913 322 940 353 ἐς

151 366 213 401 βίον
228 367 276 394 καὶ
291 367 379 403 χῶρον
394 368 532 396 Θειότατον
546 368 717 404 βιωσόμενοι.
743 367 830 396 Τοῦτο
851 368 874 395 δ’
891 368 942 395 οὐκ

149 414 187 440 ἄν
204 422 245 445 τις
263 414 380 449 ἐζήτησε
398 415 448 445 τὴν
463 415 563 450 ἀρχὴν,
581 416 605 442 τί
622 416 658 451 μὴ
678 415 708 441 τὸ
723 415 752 441 ὲν
771 416 837 450 ἡμῖν
851 415 941 450 κρεῖτ-

150 467 200 485 ¹ιιον
216 459 349 487 ἀθάνατον
367 460 571 494 ὑπελάμϐανεν.

191 516 254 542 Ὀτι
273 517 301 542 δὲ
317 517 348 543 τὺ
361 517 389 543 ὲν
402 518 468 552 ἡμῖν
483 517 607 553 κρεῖττόν
622 525 650 544 τε
664 517 711 543 καὶ
722 517 860 552 θειότερον
873 516 942 552 μετὰ

151 563 205 598 τὴν
224 563 270 590 τοῦ
288 563 347 598 βίου
375 563 450 590 τοῦδε
468 563 629 599 ἀπαλλαγὴν
657 564 793 592 ἀθάνατον
806 563 941 598 διαμένει,

155 609 263 640 πολλοῖς
280 618 309 636 τε
322 609 413 642 ἄλλοις
427 610 472 636 διὰ
489 610 602 645 μακρῶν
615 610 763 645 δεδήλωται
777 609 875 645 λόγων,
896 609 944 635 καὶ

154 655 234 689 ἡμῶν
256 656 344 681 τοῖσδε
367 656 460 690 οἴομαι
477 656 514 686 ὼς
530 656 580 681 οὐκ
605 655 705 690 ἄδηλον
723 655 811 688 ἔσται,
836 655 892 686 τοῖς
911 663 942 689 γε

154 701 270 736 βραχέσι
280 702 326 728 καὶ
342 702 450 736 πένησι.
467 701 578 738 Πρῶτον
596 702 645 736 μὲν
665 702 697 736 δὴ
711 722 717 734 ,
736 702 777 728 ὅτι
796 701 945 736 ἀρχαιότα-

153 756 202 774 τον
215 748 244 774 τὸ
264 748 352 783 δόγμα
367 747 445 775 τοῦτο
459 749 506 775 καὶ
522 747 755 784 πολυθρύλλητον,
773 748 821 783 οὐχ
836 749 876 774 ὅτι
889 748 944 779 τοῖς

156 794 264 825 πολλοῖς
276 794 323 822 καὶ
339 795 478 829 ἀδοκίμοις
491 795 544 821 τῶν
565 803 593 820 τε
624 795 815 830 παλαιοτέρων
836 794 890 820 τῶν
916 802 944 820 τε

154 841 297 875 νεωτέρων
312 839 409 873 γενῶν,
422 839 490 866 ἀλλὰ
503 840 549 866 καὶ
562 840 617 871 τοῖς
635 841 769 872 πλείσταις
781 840 827 866 καὶ
840 839 945 865 εὐδοκι-

157 885 293 920 μωτάτοις
303 886 356 912 τῶν
370 885 423 913 ὑπὸ
442 885 526 921 ἥλιον.
539 885 595 918 Οἷς,
610 887 634 913 εἰ
651 888 688 921 μὴ
705 886 782 913 τοῦτό
795 895 825 919 γε
850 885 945 912 δοκοῦν

155 931 202 966 ἦν,
219 933 316 960 οὕτ“ἂν
331 933 394 964 τοὺς
407 933 520 963 δικαίως
532 934 593 968 τῇδε
611 934 657 959 καὶ
671 933 752 964 ὁσίως
767 933 944 967 βεόιωχὸτας,

155 979 270 1005 ἐπειδὰν
305 979 490 1011 ἀποθάνωσιν.
511 977 541 1010 ἐξ
566 980 690 1006 Ἠλύσιον
708 979 798 1005 πεδίον
815 980 943 1010 ἀπιόντας

154 1025 244 1051 οίκείν
270 1026 300 1052 ἐν
315 1026 389 1061 πάσῃ
406 1025 566 1061 εὐδαιμονίᾳ
582 1025 669 1060 λύπης
689 1026 765 1057 tm;
784 1025 829 1052 καὶ
853 1025 944 1052 κακῶν

156 1071 287 1098 ἁπάντων
304 1071 444 1104 ἐδόξαζον,
456 1071 517 1098 οὔτε
540 1072 597 1103 τοῖς
611 1072 764 1106 οίχομένοις
795 1071 945 1104 θεραπείας

159 1117 342 1152 προσέφερον,
363 1117 420 1144 οὔτ’
437 1117 502 1144 ἄλλο
522 1125 554 1151 γε
568 1118 658 1144 ὁτιοῦν
674 1117 761 1151 ἔδρων
776 1118 809 1144 ἂν
822 1117 876 1144 τῶν
895 1118 946 1144 ὅσα

157 1164 215 1194 τοῖς
231 1165 444 1198 ἀπογενομένοις
459 1162 607 1199 ξυμφέρειν
625 1163 804 1198 νομίζουσινη

195 1255 311 1282 Ἔπειτα
326 1255 350 1282 εί
365 1255 402 1290 μὴ
415 1254 493 1281 τοῦτὰ
505 1263 535 1289 γε
549 1252 583 1290 ἦν
593 1254 679 1286 οὕτως
696 1255 768 1289 ἕχον,
785 1253 840 1281 οὔτ’
856 1255 888 1282 ἄν
903 1263 946 1286 τις

159 1300 207 1328 τοῦ
226 1299 297 1326 θείου
315 1309 341 1326 τι
357 1299 506 1335 νενομίκοι,
527 1299 583 1325 οὔτ’
614 1300 647 1325 ἂν
663 1299 754 1331 αἰτίας
773 1298 879 1334 ξυνείη,
898 1299 946 1325 καὶ

162 1346 254 1382 μέντοι
279 1346 334 1374 οὔτ’
355 1346 484 1382 ἀπειρίας
510 1345 566 1372 οὒτ’
581 1346 685 1379 solane
713 1345 764 1378 τῆς
780 1345 944 1380 ἀϊδιότητος.

161 1393 247 1420 Τοῦτο
261 1393 289 1420 δὲ
306 1393 385 1429 δῆλον
403 1394 457 1425 τοῖς
480 1393 511 1418 ἐκ
525 1391 571 1419 τοῦ
585 1390 685 1422 παντὸς
700 1391 947 1425 αίῶνος.τεννωμέ-

161 1449 216 1472 νοις
228 1449 256 1467 τε
272 1441 331 1476 ἅμα
342 1441 390 1467 καὶ
404 1439 557 1475 οίχομένοις
573 1436 737 1474 ἀνθρώποις.
757 1437 790 1464 'H
804 1438 879 1473 ψυχὴ
892 1438 947 1472 ἄρα

162 1486 299 1514 ἀθάνατον
313 1487 361 1513 καὶ
374 1486 470 1514 ἀΐδιον.

201 1544 272 1575 Ἐτι,
288 1543 364 1570 οὐδὲν
393 1542 447 1570 τῶν
462 1543 547 1570 ὄντων
562 1543 629 1570 αὑτδ
650 1543 731 1569 tauri.
749 1542 876 1578 φαίνεται
889 1543 948 1569 δια-

164 1589 273 1624 φθεῖρον
283 1589 456 1623 αὐθαίρετον.
471 1589 531 1615 Τῶν
546 1589 567 1615 δ’
584 1589 738 1624 ἀνθρώπων
756 1589 825 1616 εἰσὶν
842 1589 866 1615 οἳ
886 1589 949 1615 ἐαυ-

163 1636 226 1666 τοὺς
240 1634 452 1662 ἀποκτιννύουσι
463 1644 493 1662 τε
509 1635 557 1662 καὶ
573 1635 776 1671 διαφθείρουσι.
800 1635 896 1669 Δῆλον,
907 1635 948 1661 ὅτι

164 1681 296 1708 ἀθάνατον
323 1682 340 1717 ἡ
365 1682 450 1716 ψυχή.
479 1681 510 1708 Εί
522 1681 577 1716 γὰρ
594 1681 642 1716 μὴ,
660 1681 710 1707 οὐκ
724 1681 757 1708 ἂν
774 1681 788 1708 ὁ
804 1680 947 1716 ἄνθρωπος

164 1727 233 1754 ἑκὼν
245 1725 315 1754 εἶναι
325 1727 406 1762 ὥρμα
418 1728 465 1754 ἐπὶ
478 1728 526 1754 τὴν
542 1727 606 1754 ἴδιον
618 1727 740 1763 ὄλεθρον.
755 1727 810 1755 Νῦν
825 1727 854 1754 δὲ
868 1728 948 1754 τοῦτο

162 1774 224 1810 δρᾷ,
241 1773 330 1805 εἰδὼς,
341 1774 381 1800 ὅτι
400 1775 431 1800 τὸ
445 1774 616 1809 κυριώτατον
630 1774 713 1800 αὐτοῦ
726 1774 773 1801 καὶ
788 1774 802 1800 ὃ
818 1774 850 1808 δὴ
866 1773 948 1805 αὑτός

165 1821 247 1853 ἐστιν,
264 1821 313 1855 οὐχ
326 1821 398 1852 ὅπως
410 1820 450 1847 ὄτι
466 1820 629 1853 ξυνίσταταί
644 1829 673 1846 τε
699 1821 747 1846 καὶ
773 1819 946 1852 διασώζεται,

165 1866 230 1893 ἀλλὰ
245 1867 293 1893 καὶ
311 1866 378 1901 πρὸς
391 1866 516 1900 ἀμείνοσι
530 1866 589 1893 τῶν
603 1866 668 1901 τῇδε
691 1866 845 1900 διατρισαῖς
861 1866 948 1902 ἁποῤ-

166 1911 248 1947 {tam
263 1911 314 1946 ἤδη
334 1910 454 1944 γίνεται.

202 1968 261 1995 Ἔτι
278 1968 332 1994 πᾶν
349 1968 379 1994 τὸ
395 1967 432 2003 μὴ
446 1967 557 2002 ὑπὸτῆς
572 1968 640 2000 ιδίας
656 1967 754 1999 κακίας
769 1968 948 2004 φθειρόμενον

165 2012 303 2048 ἄφθαρτόν
319 2013 405 2040 ἔστιν.
430 2014 463 2039 'H
478 2013 507 2040 δὲ
530 2013 605 2048 ψυχὴ
621 2012 674 2039 ὑπὸ
688 2013 739 2047 τῆς
763 2013 831 2045 ιδίας
850 2014 948 2045 κακίας

164 2059 194 2084 οὐ
210 2058 350 2092 φθείρεται
362 2066 369 2074 ⁸
386 2058 475 2093 ψυχῆς
490 2058 518 2084 δὲ
537 2058 621 2084 κακία
641 2057 739 2090 δειλία,
761 2058 868 2092 φθόνος,
883 2059 948 2084 ἀκο-

167 2102 255 2133 λασία,
289 2103 336 2130 καὶ
367 2102 435 2129 ἄλλα
454 2102 504 2128 ὅσα
533 2102 701 2137 τυγχάνουσι
729 2102 841 2130 τοιαῦτα
871 2103 946 2131 δντα.

168 2148 323 2184 ’Δφθαρτον
335 2149 358 2183 (l
365 2149 391 2184 8)
408 2149 462 2185 ἄρα
475 2149 492 2184 ἠ
510 2148 585 2184 ψυχὴ
602 2150 649 2176 καὶ
660 2149 804 2177 ἀθάνατον.

203 2249 264 2276 Ἔτι
282 2250 336 2276 πᾶν
359 2249 390 2275 τὸ
420 2248 600 2283 αὐτοκίνητον
624 2249 668 2275 ἀεὶ
682 2249 802 2284 κινητὸν,
817 2249 847 2276 τδ
863 2250 892 2277 δὲ
906 2250 950 2276 ἀεὶ

167 2296 274 2330 κινητὸν
288 2297 439 2328 ἄπαυστον,
455 2295 484 2322 τὸ
499 2295 527 2322 δὲ
539 2295 679 2323 ἄπαυστον
705 2296 898 2330 ἀτελεύτητον,
920 2297 950 2323 τδ

168 2343 195 2368 δὲ
223 2342 404 2376 ἀτελεύτητον
433 2341 578 2369 ἀθάνατον.
611 2342 646 2368 'H
671 2341 700 2368 δὲ
724 2342 950 2378 ψυχὴκτοιοῦτον.

174 2387 320 2414 ’Δθέινατον
336 2387 391 2422 ἄρα
416 2387 464 2414 καὶ
493 2387 684 2422 ἀτελεύτητον,
697 2387 745 2414 καὶ
768 2389 801 2414 ὲκ
816 2387 912 2414 τούτου
922 2388 950 2414 δὲ

168 2433 245 2466 δῆλον
260 2433 310 2460 ἑτι.
325 2433 420 2459 Πολλοὶ
434 2433 487 2468 γὰρ
503 2432 557 2459 τῶν
572 2433 810 2468 ὑπεκχωρούντων
821 2433 868 2460 τοῦ
884 2434 948 2469 τῇδε

169 2478 225 2512 βίου
244 2480 273 2505 ἐν
284 2479 373 2505 αὐτῶν
390 2479 459 2513 αὐτῇ
474 2487 506 2512 γε
523 2480 555 2516 τῇ
569 2478 683 2514 τελευτῇ
695 2479 803 2505 πολλῶν
818 2478 952 2511 θανὰτους

169 2525 325 2559 ὼριτμένως
352 2525 542 2560 προλέγουσιν,
567 2525 596 2552 οὗ
612 2524 666 2552 τῶν
684 2526 712 2552 ὲν
729 2526 762 2561 τῇ
779 2525 847 2561 αὐτῇ
877 2526 953 2553 πόλει

171 2570 261 2604 μόνον,
279 2571 346 2597 ἀλλὰ
359 2570 407 2596 καὶ
421 2571 476 2597 τῶν
493 2570 588 2606 πόρρω
604 2579 640 2605 πη
662 2570 826 2606 οίχομὲνων.
842 2572 953 2606 Ἔγωγε

170 2617 240 2643 τοῦτ’
254 2615 323 2643 εἶδον
353 2618 446 2644 αὑτοῖν
471 2617 622 2652 ὀφθαλμοῖν
651 2618 700 2644 καὶ
715 2617 804 2646 ἄλλων
819 2619 954 2653 λεγόντων

171 2662 274 2697 ηκουσα
301 2663 423 2697 γεγονός.
449 2663 507 2689 Οὐκ
524 2662 558 2689 ἂν
583 2663 630 2690 οὖν
648 2663 765 2691 θάνατον
780 2664 870 2692 ἄλλων
890 2665 953 2692 οὒτε

170 2708 372 2743 προύγίνωσκον
389 2707 451 2735 οὗτε
468 2706 628 2744 προῦλεγον,
642 2709 665 2735 εί
679 2710 716 2745 μὴ
736 2711 769 2746 τῇ
789 2711 905 2746 προόψει
920 2720 952 2745 γε

171 2755 218 2790 τῆς
230 2754 319 2789 ψυχῆς
335 2755 470 2782 ἀθανάτου
486 2764 515 2782 τε
531 2756 614 2791 οὔσης
642 2758 688 2784 καὶ
719 2757 773 2784 αἰεὶ
802 2758 878 2784 τοῦτο
894 2759 954 2784 επι-

206 2847 261 2882 (17)
275 2847 311 2874 Τὸ
332 2847 426 2883 βῗιὲἰοέ
445 2853 468 2874 et
487 2849 502 2882 ἡ
521 2848 615 2884 βλάϐη.
633 2848 735 2883 Ροίῖυκ,
748 2850 778 2883 ν,
805 2851 848 2878 30.

612 126 810 156 LAUDATIO
825 122 1022 155 FUNEBRIS
1044 125 1316 160 BESSARIONIS.

1656 137 1777 159 CXXXVIII

996 182 1028 212 de
1045 186 1143 215 talibus
1157 192 1198 216 est
1220 196 1319 217 sermo.
1336 189 1388 220 Sed
1404 189 1450 224 qui
1461 196 1516 224 pra
1527 191 1642 219 terrenis
1657 193 1777 220 coelestia

990 234 1198 269 praeelegerunl,
1230 236 1281 263 nisi
1308 235 1335 263 id
1357 237 1438 264 etiam
1464 237 1491 264 in
1507 243 1537 265 ea
1553 238 1596 265 sui
1622 243 1698 272 parte
1718 247 1776 274 qua:

990 281 1079 315 potior
1093 286 1136 308 est
1153 282 1271 309 maximo
1284 287 1356 310 esset
1367 282 1542 316 detrimento,
1555 286 1706 312 sexcenties
1717 292 1777 313 sese

990 332 1082 353 errore
1101 326 1249 359 exuissent.
1263 327 1459 355 divinissimam
1475 329 1557 356 vitam
1571 335 1599 357 et
1613 330 1704 358 sedem
1719 337 1778 359 sor-

991 371 1077 399 tituri.
1097 370 1154 399 Hoc
1173 375 1262 399 autem
1284 379 1297 398 a
1317 372 1450 408 principio
1466 373 1557 402 nullus
1577 372 1782 409 inquisivisset,

992 417 1042 444 nisi
1054 424 1114 445 esse
1129 417 1280 445 immortale
1295 418 1320 446 id
1333 419 1406 454 quod
1419 419 1446 447 in
1462 420 1541 447 nobis
1554 423 1596 447 est
1610 420 1776 455 prmcipuum

991 463 1170 492 existimaret.

1029 520 1114 548 Porro
1130 521 1267 550 meliorem
1280 522 1495 558 divinioremque
1511 524 1595 552 nostri
1611 529 1713 560 partem
1726 519 1785 556 ἱππ-ἶ

993 566 1135 593 mortalem
1150 574 1320 602 permanere,
1347 573 1374 596 et
1399 576 1413 596 a
1439 569 1532 597 multis
1548 570 1606 598 aliis
1622 577 1669 605 per
1686 562 1785 606 longas

994 612 1214 641 ratiocinationes
1228 614 1443 642 demonstratum
1459 620 1511 648 est,
1527 620 1555 644 et
1571 623 1618 650 per
1636 617 1719 643 hasce
1732 610 1785 643 no-‘

994 662 1075 690 stras,
1093 659 1187 685 breves
1214 658 1277 686 licet
1299 663 1326 687 et
1343 667 1440 694 egenas
1467 661 1537 688 haud
1567 661 1708 689 inevidens
1721 661 1780 689 fore

995 703 1122 731 arbitror.
1141 704 1259 732 Primum
1274 706 1396 740 quidem.
1414 707 1477 742 quia
1494 707 1710 742 antiquissimum
1726 712 1779 740 est,

995 750 1046 776 hoc
1063 749 1159 784 dogma
1172 755 1198 777 et
1218 750 1365 778 multorum
1382 758 1429 778 ore
1448 751 1691 779 celebratissimum
1703 773 1710 784 ,
1726 760 1780 779 non

995 797 1082 823 solum
1097 796 1167 830 apud
1191 796 1310 832 vulgaria
1329 801 1356 825 et,
1380 796 1519 832 ignobilia,
1546 797 1604 825 sive
1619 798 1780 828 vetustiora.

995 841 1052 868 sive
1065 841 1216 868 recentiora
1235 841 1374 869 hominum
1393 849 1503 877 genera.
1529 842 1575 869 sed
1594 846 1621 869 et
1636 843 1706 876 apud
1735 849 1782 870 eas

994 893 1088 923 gentes
1102 895 1161 922 qua:
1174 888 1224 915 sub
1239 888 1297 916 sole
1311 893 1372 916 sunt
1389 888 1520 923 plurimas
1528 893 1555 916 et
1568 889 1780 916 Iaudatissimas.

995 932 1097 965 Quibus
1113 933 1162 960 nisi
1178 933 1204 961 id
1221 937 1292 961 esset
1316 933 1561 969 persuasissimum,
1572 940 1657 968 neque
1672 940 1719 960 e05
1735 933 1782 966 qui

993 978 1065 1012 juste
1086 982 1113 1005 et
1135 983 1229 1006 sancte
1253 978 1388 1012 vixerunt,
1415 982 1475 1014 post
1498 978 1601 1006 obitum
1623 978 1648 1005 in
1677 977 1782 1013 Elysios

994 1020 1105 1059 campos
1133 1024 1275 1058 abeuntes,
1305 1024 1332 1052 in
1358 1024 1502 1052 onnimoda
1525 1024 1653 1052 felicitate
1679 1024 1781 1051 doloris

994 1070 1181 1105 malorumque
1193 1071 1312 1097 omnium
1326 1077 1437 1098 securos
1450 1069 1575 1097 habitare
1591 1069 1778 1103 opinarentur,

993 1124 1082 1150 neque
1110 1116 1245 1144 defunctis
1269 1115 1430 1144 adhiberent
1455 1114 1596 1150 obsequia,
1626 1122 1676 1142 nec
1702 1114 1781 1149 quid.

994 1170 1073 1197 quam
1102 1162 1174 1189 aliud
1202 1169 1295 1190 eorum
1321 1169 1381 1197 quae
1416 1161 1533 1190 mortuis
1560 1160 1684 1188 conferre
1707 1159 1780 1187 arbi—

995 1213 1141 1236 trarentur.

1031 1254 1140 1285 Deinde.
1157 1253 1208 1281 nisi
1230 1254 1266 1281 ita
1282 1261 1311 1281 se
1324 1261 1366 1281 res
1381 1253 1509 1287 haberet,
1527 1253 1618 1280 nullus
1632 1252 1780 1286 quidquam

994 1301 1076 1328 divini
1087 1301 1263 1334 existimaret,
1273 1307 1359 1335 neque
1369 1307 1477 1327 causam
1487 1299 1657 1334 intelligeret,
1668 1298 1782 1332 ideoque

995 1354 1045 1374 nec
1059 1347 1200 1374 infinitatis
1213 1354 1262 1374 nec
1281 1346 1440 1374 aeternitatis
1461 1346 1597 1373 desiderio
1613 1345 1779 1372 afﬁceretur.

995 1391 1051 1420 Hoc
1067 1397 1158 1419 autem
1183 1392 1294 1419 evidens
1316 1390 1443 1419 omnibus
1455 1391 1500 1425 qui
1516 1397 1633 1425 unquam
1649 1397 1683 1416 ex
1706 1390 1782 1416 omni

995 1445 1052 1466 aevo
1069 1438 1123 1464 nati
1139 1441 1203 1464 sunt
1215 1441 1243 1463 et
1259 1436 1422 1464 interierunt
1435 1435 1601 1462 hominibus.
1617 1433 1780 1461 Immortalis

996 1491 1059 1520 ergo
1070 1489 1098 1511 et
1115 1483 1278 1517 sempiterna
1292 1486 1333 1510 est
1347 1481 1446 1509 anima.

1030 1542 1165 1570 Praeterea
1178 1542 1278 1569 nullum
1288 1541 1379 1568 videas
1392 1546 1485 1568 eorum
1507 1546 1566 1574 quae
1581 1541 1644 1566 sunt
1661 1537 1780 1573 seipsum

997 1590 1067 1617 ultro
1084 1588 1249 1617 interimere.
1261 1586 1347 1615 Porro
1362 1594 1394 1614 ex
1412 1586 1566 1613 hominibus
1582 1588 1645 1612 sunt
1668 1584 1712 1618 qui
1729 1583 1781 1610 sibi

996 1636 1046 1671 ipsi
1062 1643 1158 1662 manus
1176 1634 1296 1662 inferunt
1308 1637 1335 1661 et
1355 1638 1468 1660 mortem
1482 1634 1621 1667 oppetunt.
1639 1629 1714 1657 Patet
1728 1628 1781 1656 im-

997 1682 1137 1710 mortalem
1155 1689 1213 1709 esse
1227 1680 1342 1708 animam
1355 1688 1364 1713 ;
1378 1679 1420 1708 sin
1432 1679 1532 1711 minus,
1548 1678 1628 1706 homo
1642 1684 1780 1712 nunquam

997 1729 1135 1764 proprium
1149 1727 1176 1754 in
1190 1726 1328 1754 interitum
1343 1725 1431 1753 libens
1457 1725 1582 1752 irrueret.
1593 1723 1670 1751 Nunc
1690 1726 1779 1749 autem

996 1776 1047 1802 hoc
1066 1774 1140 1808 facit,
1152 1775 1241 1802 sciens
1256 1773 1283 1801 id
1298 1773 1368 1808 quod
1396 1772 1423 1799 in
1441 1778 1470 1799 se
1481 1771 1644 1806 praecipuum
1662 1773 1714 1798 est.
1725 1769 1780 1795 imo

995 1822 1022 1849 id
1038 1821 1108 1857 quod
1125 1825 1165 1849 est
1180 1822 1247 1855 ipse,
1264 1828 1317 1847 non
1332 1819 1418 1847 solum
1435 1821 1562 1845 constare
1575 1820 1601 1843 et
1610 1822 1779 1850 permanere.

995 1868 1041 1896 sed
1057 1868 1090 1894 ad
1108 1867 1234 1894 meliores
1246 1873 1327 1902 quant
1344 1872 1405 1900 qua:
1429 1863 1472 1892 hic
1489 1867 1551 1891 sunt
1564 1862 1653 1894 sedes,
1667 1860 1780 1894 abrupto

996 1912 1176 1948 vinculo,jam
1194 1918 1370 1939 transmeare.

1032 1970 1146 2005 Insuper
1170 1970 1196 1996 id
1212 1976 1292 1997 omne
1309 1968 1379 2003 quod
1396 1975 1443 2003 per
1462 1966 1599 2002 proprium
1616 1964 1709 1995 vitium
1726 1971 1778 1990 non

997 2017 1153 2044 dissolvitur
1181 2013 1385 2048 incorruptibilo
1417 2017 1476 2045 est;
1512 2011 1586 2045 atqui
1617 2010 1705 2036 anima
1733 2015 1780 2042 per

998 2063 1135 2098 proprium
1154 2061 1247 2088 vitium
1266 2068 1316 2086 non
1340 2059 1496 2086 dissolvitur
1511 2066 1518 2085 τ
1535 2065 1614 2093 porro
1629 2056 1722 2083 vitium
1739 2059 1780 2082 est

997 2111 1094 2137 anima:
1111 2109 1252 2139 timiditas,
1265 2105 1376 2138 invidia,
1387 2105 1496 2132 lascivia
1507 2110 1532 2130 et
1545 2109 1639 2130 caetera
1656 2101 1781 2136 quaelibet

998 2155 1171 2190 huiusmodi;
1203 2151 1415 2187 incorruptibilis
1430 2158 1493 2184 ergo
1512 2149 1601 2176 anima
1615 2154 1640 2175 et
1667 2148 1780 2176 immor-

999 2202 1069 2228 talis.

1035 2256 1130 2284 Adhuc
1145 2261 1236 2282 autem
1252 2263 1332 2281 otnno
1345 2254 1416 2287 quod
1432 2255 1550 2287 seipsum
1569 2256 1657 2277 tnovt-t
1676 2256 1782 2284 semper

999 2302 1143 2336 moveturl;
1157 2301 1228 2336 quod
1246 2308 1310 2328 vero
1331 2307 1437 2335 semper
1459 2302 1582 2325 movetur
1607 2296 1781 2331 irrcquietum

999 2354 1056 2382 est;
1083 2357 1164 2383 porro
1189 2347 1364 2382 irrequietnm
1394 2345 1454 2372 linis
1471 2352 1586 2379 expers;
1601 2343 1669 2377 quod
1692 2347 1781 2368 autent

1001 2395 1061 2422 linis
1073 2400 1177 2429 expers,
1194 2392 1356 2420 immortale.
1372 2390 1457 2418 Porro
1475 2390 1535 2417 talis
1560 2394 1599 2416 est
1615 2389 1715 2415 auium.
1734 2387 1784 2413 lm-

1002 2441 1142 2468 mortalem
1157 2440 1240 2474 igitur
1254 2444 1279 2466 et
1299 2438 1360 2465 linis
1372 2442 1509 2473 expertem
1522 2443 1583 2464 esse
1594 2436 1673 2462 etiam
1690 2443 1720 2460 ex
1733 2435 1784 2460 hoc

1001 2492 1082 2522 patet,
1097 2488 1167 2522 quod
1186 2486 1262 2513 mttlti
1276 2493 1370 2513 eorum
1391 2484 1436 2519 qui
1461 2484 1488 2510 in
1515 2490 1548 2509 eo
1565 2485 1668 2508 suntut
1686 2487 1719 2507 ex
1735 2479 1784 2506 hac

1003 2535 1055 2561 vita
1078 2533 1219 2566 decedant,
1252 2532 1311 2566 ipso
1340 2531 1366 2557 in
1391 2531 1482 2561 exitu,
1499 2527 1622 2555 definitas
1640 2527 1784 2554 multorum

1003 2583 1104 2604 mortes
1113 2577 1262 2612 prmdicunt
1273 2583 1325 2603 non
1337 2582 1429 2602 eorum
1445 2573 1627 2600 tantummodo
1635 2573 1680 2606 qui
1692 2572 1784 2598 cadent

1004 2625 1030 2652 itt
1048 2624 1114 2651 urbe
1129 2624 1176 2650 sed
1190 2627 1217 2650 el
1232 2623 1278 2657 qui
1295 2621 1390 2657 procul
1405 2620 1459 2648 fato
1479 2620 1635 2655 funguntur.
1646 2619 1700 2654 Ego
1712 2623 1786 2646 certe

1003 2715 1074 2740 uisse
1099 2713 1200 2740 audivi.
1218 2711 1317 2739 Verum
1347 2717 1459 2738 mortem
1474 2711 1588 2737 aliorum
1612 2718 1700 2745 neque
1719 2718 1787 2745 pra:-

1003 2765 1146 2787 ttoict‘t'uul
1167 2767 1251 2793 neque
1270 2759 1446 2793 praedicerent
1469 2757 1517 2783 nisi
1541 2765 1589 2791 per
1601 2757 1785 2790 prmvisioncm

1039 2850 1094 2885 (18)
1109 2849 1187 2877 (iuni.
1206 2849 1309 2877 Platon.
1323 2849 1429 2882 Plncdu,
1441 2854 1467 2877 ct
1489 2849 1584 2877 Cicero
1600 2848 1683 2875 Tusc.
1703 2845 1722 2879 Ι,
1737 2846 1783 2873 ‘23.
