1912 3054
131 128 199 150 CXLV
685 117 761 148 NOT
767 118 845 148 [ΤΙΛ
868 117 906 147 1N
930 115 1213 147 BESSARIONEM.
1683 124 1761 145 CXLVI

135 186 197 215 rat;
210 195 247 201 ——
266 185 335 208 orat.
359 180 387 207 in
407 172 607 214 caputAndréa:
638 177 761 212 apostoli,
783 184 797 203 e.
815 175 998 209 Peloponneso
1026 175 1139 203 Romam
1167 176 1277 203 allatum
1296 181 1349 204 etc.
1363 191 1398 197 -—
1415 177 1501 204 oratio
1522 177 1556 203 ad
1583 176 1697 204 Paulum
1714 177 1762 206 Ill

133 226 229 262 pontif.
246 230 268 252 et
282 229 400 252 oratores
428 222 515 252 Italia:
530 223 565 252 de
581 223 707 257 periculis
725 222 773 247 toti
789 220 870 247 Italia:
886 219 1090 246 imminentibus
1102 228 1109 251 ;
1122 235 1156 241 —
1172 227 1212 246 or.
1229 220 1261 246 ad
1277 220 1385 247 eosdem
1407 221 1440 248 de
1456 221 1600 248 discordiis
1616 222 1754 256 sedandis,

134 274 163 297 et
180 270 251 297 bello
270 269 296 296 in
311 268 414 296 Turcas
431 268 621 300 decernendo;
640 282 674 288 ——
691 263 808 299 Epistula
824 263 857 290 ad
870 262 979 289 Paulum
1001 261 1044 288 IlI.
1078 262 1109 289 de
1123 263 1209 294 prima
1236 263 1384 297 Philippica
1401 263 1601 297 Demosthenis;
1615 279 1649 284 —
1665 264 1761 290 Demo—

134 314 242 342 stlieuis
258 321 297 340 or.
314 312 358 339 illa
373 322 386 339 a
403 312 565 339 Bessarione
581 312 701 338 traducta
714 318 723 342 ι
736 323 771 329 -—
782 309 856 343 epist.
878 307 910 333 ad
937 307 1060 333 eumdem
1077 307 1231 341 pontiﬁcem
1257 307 1290 335 de
1318 306 1414 333 eadem
1431 307 1575 341 oratione;
1593 323 1627 327 —
1640 308 1762 342 Epistolis

136 359 171 384 ad
188 358 219 385 P.
237 357 265 383 1).
283 356 469 383 Bessarionem
486 355 545 382 ord.
569 356 598 382 S.
619 353 758 381 Bcneilict.
780 352 903 380 sorietat.
930 349 961 377 S.
975 348 1099 381 Ju~tiu:e,
1119 355 1146 376 et
1176 350 1301 377 abbatem
1320 350 1350 377 S.
1368 351 1490 377 Severini
1502 350 1640 385 Neapolis,
1656 352 1758 386 Scripta

135 400 230 427 Ruina:
249 406 274 432 ι’,
294 400 362 433 Aug.
386 398 464 425 I470.
479 398 586 426 Gratias
599 398 664 431 agit,
681 396 752 431 quod
777 402 873 430 pret-ex
908 392 1103 426 Neapolitanus
1114 400 1143 420 se
1161 400 1222 419 cum
1250 393 1335 427 copiis
1355 393 1413 421 suis
1447 394 1578 421 adversus
1594 393 1697 421 Turcas
1714 402 1761 428 pa-

134 444 302 470 ratissimum
322 443 378 470 fore
394 447 545 477 spondeat;
561 456 595 462 -—
609 441 675 468 Acta
690 439 824 474 generalis
839 442 941 464 uttava:
955 437 1059 471 synodi,
1077 437 1127 462 sub
1146 436 1263 470 Eugenio
1282 436 1315 463 IV
1332 436 1464 464 Fert-aria
1479 437 1602 472 inceptas,
1621 436 1762 464 Florentiae

135 494 201 513 vero
216 490 342 520 peractte,
357 493 371 512 e
386 485 479 513 Graeco
494 485 520 512 in
538 485 627 512 Latin.
643 490 728 518 nuper
747 482 882 510 traducta.
901 480 1048 514 interprete
1067 479 1188 507 BJI‘lltOl.
1201 480 1356 508 Abrahamo
1371 481 1492 509 Cretensi
1507 489 1514 515 ;
1532 495 1566 501 -—-
1586 482 1650 508 item
1665 481 1760 508 Bessa-

134 530 221 557 rionis
241 543 274 548 —
291 528 382 556 Oratio
398 529 430 556 ad
446 529 554 556 Graecos
570 528 658 555 habita
673 534 730 562 qua!
746 524 899 552 inscribitur
916 523 1066 557 dogmatica
1082 537 1117 543 —
1134 524 1195 551 eod.
1224 523 1385 552 Bessarione
1403 525 1568 560 interprete;
1585 524 1672 559 ejusd.
1694 523 1762 551 Bes-

133 581 190 601 sar.
201 582 244 608 ep.
260 574 292 600 de
306 580 426 600 suecessu
440 573 520 607 ipsius
537 572 630 607 synodi
646 579 676 598 ac
692 572 723 597 de
737 570 808 603 Spir.
823 568 850 595 S.
869 568 1042 602 processione.
1059 568 1093 594 ad
1112 568 1233 595 Alesiam
1247 568 1397 601 Larcarim,
1411 569 1472 596 eod.
1489 569 1654 602 interprete;
1670 568 1763 595 Romze

134 625 181 652 ap.
200 618 261 644 Ant.
280 617 390 644 Bladum
407 618 439 644 de
453 617 547 649 Asula,
564 615 642 643 1526.
659 616 685 642 in
702 614 800 642 l'ol.~V.
816 612 904 640 Catal.
923 611 968 638 des
983 610 1072 638 Linrcs
1089 611 1126 638 du
1150 611 1250 638 cabinet
1266 613 1296 638 de
1316 627 1348 632 ——
1360 611 1487 646 Gaignat,
1506 620 1555 646 par
1571 611 1644 639 Guil.
1660 611 1762 638 Franc.

133 663 166 688 de
184 662 263 693 lintre,
278 665 342 688 tom.
358 660 379 691 l,
396 668 422 696 p.
438 661 482 693 61,
499 664 526 688 et
537 659 595 688 Cat.
613 659 678 696 bibl.
695 658 783 690 LeiJ.,
802 665 829 692 p.
844 657 888 684 27.

1007 659 1071 684 tom.
1101 654 1122 682 11
1155 656 1268 690 operis:
1300 655 1333 683 'll
1365 656 1431 690 ἁγία
1453 656 1502 683 καὶ
1530 657 1708 691 οἰκουμενικὴ
1733 657 1762 682 ὲν

134 705 290 740 Φλωρεντίᾳ
310 694 428 737 σύνοδᾷς,
445 703 465 732 f.
480 712 505 731 a.
522 712 548 738 p.
565 694 695 736 187-?175,
714 708 756 730 est
769 707 839 729 orat.
856 702 889 727 do

1001 707 1016 728 e
1035 699 1125 728 versio
1146 699 1206 727 Lat.
1225 700 1259 727 ab
1277 701 1337 734 ipso
1350 699 1509 728 Bessarioue
1527 700 1611 733 facta,
1628 705 1654 727 et
1670 699 1756 727 multo

133 748 242 784 longior
258 755 336 782 quam
354 755 384 774 ea
402 754 461 782 quae
476 746 570 774 Graece
595 746 694 780 scripta
725 745 775 773 fuit
789 746 823 772 ab
835 746 896 779 illo;
922 749 948 773 et
971 744 1056 779 ipsius
1078 743 1186 771 Bessar.
1202 742 1291 771 versio
1304 742 1365 770 Lat.
1381 750 1440 771 suae
1457 744 1651 771 Declarationis
1670 744 1758 778 (post-

133 793 192 819 haec
207 800 233 819 ιι.
248 791 278 818 21
297 794 473 826 memoratas).
489 791 520 818 ν.
539 790 692 825 Baumgart.
708 790 864 817 Nachricht.
881 798 930 817 non
945 788 1097 816 merkwitrd.
1114 786 1244 819 Bttcher-ti,
1263 791 1328 814 tom.
1343 787 1390 821 IX,
1411 795 1437 822 p.
1451 788 1500 815 45I
1518 795 1559 822 sq.
1575 787 1661 815 lianc.

168 836 195 862 5.
215 835 334 869 Physica:
346 835 580 862 demonstrationes
602 834 634 861 de
649 833 714 867 Deo,
731 834 764 860 de
784 833 987 861 immortalitate
1012 832 1108 859 animat
1123 835 1150 858 et
1172 831 1207 858 de
1236 831 1422 858 incarnatione
1438 829 1550 863 Christi,
1566 838 1631 858 mss.
1648 831 1675 858 in
1693 830 1759 859 bibl.

132 879 296 908 Bodleiano.

169 925 197 952 4.
211 923 310 950 Contra
323 922 444 950 Marcum
460 921 612 956 Ephesium,
632 929 694 948 cum
708 921 741 948 ad
759 921 849 956 priora
869 920 927 954 ejus
953 919 1042 954 capita
1060 926 1116 945 xvtt
1141 917 1246 946 Latinis
1267 919 1392 952 opposita
1410 919 1595 953 respondisset
1612 919 1762 952 Gregorius

133 967 360 1003 protosyncellus,
380 971 406 994 et
423 972 522 994 caetera
537 966 678 993 absolvere
693 973 740 1000 per
753 965 806 992 l'ata
825 964 922 991 fuisset.
948 962 1110 997 prohibitus.
1127 961 1196 989 Vide
1221 962 1367 989 Arcudium
1395 962 1442 989 lib.
1461 962 1484 988 ll
1510 961 1545 988 De
1565 962 1716 994 concordia,
1731 969 1759 996 p.

134 1013 197 1039 115.
228 1011 366 1038 Allatium.
398 1018 460 1046 pag.
489 1010 552 1042 952,
571 1009 783 1037 etLambecium
807 1009 855 1036 lib.
872 1015 887 1034 ν

1005 1006 1055 1038 74,
1071 1005 1177 1041 (Filiam)
1194 1012 1217 1032 s.
1232 1013 1294 1039 pag.
1309 1005 1362 1032 566
1375 1005 1489 1038 Kollar.,
1504 1014 1533 1033 η.
1547 1005 1574 1032 6.
1589 1005 1656 1032 Cod.
1673 1005 1760 1032 257-—

133 1055 240 1083 Mouac.
257 1055 283 1082 in
296 1054 357 1082 cod.
375 1054 470 1081 Bavar.
488 1054 532 1080 ad.
551 1061 578 1080 η.
596 1052 624 1080 2.
641 1053 700 1084 cit.,
712 1053 782 1087 apud
812 1051 916 1084 Ilardt.,
932 1059 994 1086 pag.
1013 1050 1055 1083 I2,
1073 1054 1136 1077 sunt
1161 1049 1208 1077 l'ol.
1228 1050 1300 1077 18οι
1315 1049 1397 1076 Marci
1413 1049 1519 1083 Ephesii
1542 1049 1668 1084 Engenici
1683 1056 1762 1084 capp.

133 1099 299 1134 syllogistica
317 1099 349 1125 ad
370 1097 498 1129 Latinos;
516 1096 638 1132 sequitur
655 1095 702 1123 l'ol.
722 1096 787 1126 2'24.
804 1095 970 1122 Bessarionis
998 1095 1137 1129 responsio
1162 1095 1195 1121 ad
1222 1099 1305 1129 caput
1335 1102 1415 1128 xvttt,
1432 1103 1482 1127 per
1499 1094 1608 1123 modum
1629 1094 1760 1128 epistola‘.

134 1157 171 1166 —-
194 1143 306 1170 l’enetiis
328 1143 355 1169 in
370 1141 436 1169 bibl.
453 1141 535 1168 Marci
555 1141 615 1168 cod.
639 1140 702 1172 527,
721 1141 754 1168 ad
783 1148 810 1167 n.
833 1140 851 1166 2
877 1139 925 1166 cit.
941 1152 977 1158 —
991 1138 1110 1166 l‘lorent.
1134 1138 1160 1165 in
1183 1139 1248 1166 bibl.
1270 1137 1401 1166 Laurent.
1432 1138 1493 1166 cod.
1527 1138 1569 1171 t4,
1587 1146 1615 1165 n.
1629 1137 1672 1170 l4,
1693 1137 1760 1172 plut.

137 1188 181 1220 10,
196 1187 288 1214 Marcii
308 1185 418 1222 Ephesii
433 1192 509 1220 capp.
524 1184 647 1219 sequitur
662 1184 767 1218 Georgii
784 1184 916 1211 Scholarii
941 1183 1080 1216 responsio
1100 1182 1132 1208 ad
1153 1189 1234 1216 capp.
1262 1189 1344 1208 t-xvu
1369 1182 1519 1215 inclusive;
1548 1186 1604 1208 tum
1619 1181 1761 1209 Bessario-

135 1233 178 1259 nis
193 1230 333 1265 responsio
362 1229 395 1256 ad
412 1236 490 1264 capp.
508 1228 611 1263 reliqua
636 1235 690 1255 ut.
709 1226 741 1253 V.
754 1227 865 1254 Bandini
888 1227 949 1255 αιι.
965 1227 1011 1254 cit.
1027 1225 1049 1258 I,
1079 1234 1139 1261 pag.
1156 1226 1220 1253 4S4.
1235 1241 1269 1247 —
1287 1225 1432 1254 Mediolani
1461 1227 1489 1254 in
1509 1226 1574 1253 bibl.
1586 1226 1711 1253 Ambros.
1727 1226 1761 1253 de

134 1274 340 1311 process.Spir.
356 1272 411 1300 Scti
437 1276 531 1299 contra
545 1271 663 1299 Marcum
678 1271 861 1306 Ephesinmn;
885 1275 966 1306 cp:st.
985 1272 1016 1298 ad
1037 1271 1169 1306 Ephesios
1193 1271 1224 1298 de
1247 1271 1297 1305 ﬁde
1311 1271 1441 1298 catholica
1455 1276 1478 1298 et
1497 1270 1609 1297 Romani
1628 1270 1761 1305 pontiﬁcis

135 1319 263 1352 primatu.
283 1316 314 1344 V.
331 1315 478 1343 Monti‘auc.
494 1314 564 1343 Bibl.
583 1314 702 1341 biblioth.
721 1323 796 1346 mss.,
812 1323 837 1349 p.
859 1315 911 1342 5I0
928 1315 956 1343 (ἰ.
972 1332 1004 1336 —
1021 1315 1141 1344 chcliis
1159 1317 1184 1343 in
1211 1316 1277 1346 bibl.
1303 1316 1385 1344 Marc.
1404 1317 1430 1344 itt
1446 1315 1526 1343 codd.
1540 1315 1644 1342 Latinis
1663 1314 1715 1342 155
1731 1318 1761 1342 et

135 1363 238 1389 duobus
251 1369 327 1395 seqq.
343 1360 449 1387 Bessar.
468 1359 597 1386 adversus
608 1362 807 1393 arguttientum,
823 1366 875 1393 quo
892 1359 918 1385 in
938 1360 1032 1394 primis
1047 1361 1095 1387 uiti
1121 1360 1223 1387 solebat
1248 1360 1353 1388 advers.
1369 1360 1529 1387 catholicam
1557 1359 1636 1386 Iidem
1652 1358 1761 1386 Marcus

137 1405 315 1440 Ephesiorum
330 1403 444 1431 antistes
461 1412 467 1430 :
483 1403 542 1430 init.
560 1401 658 1436 Magna
675 1402 723 1428 illa
736 1403 805 1428 inter
828 1402 932 1429 ercos
957 1409 980 1429 ct
993 1401 1112 1430 Latinos.
1137 1403 1267 1438 Sequitur
1293 1403 1402 1431 Bessar.
1419 1402 1578 1437 opusculum
1594 1402 1628 1429 ab
1642 1401 1714 1432 aliis,
1730 1404 1760 1427 ut

136 1450 174 1475 ait
190 1453 284 1476 auctor
304 1452 357 1475 cat.
378 1447 456 1478 codd.
472 1446 550 1473 latin.
569 1446 633 1473 bibl.
650 1445 732 1473 Marc.
747 1453 807 1480 pag.
825 1446 870 1478 78,
889 1447 960 1473 haud
979 1452 1156 1474 memoratum
1175 1455 1183 1474 :
1202 1446 1401 1482 Confutationes
1414 1448 1574 1482 reliquorum
1589 1450 1760 1480 argumento-

138 1501 197 1519 rum
213 1493 294 1527 ipsius
312 1491 416 1526 Ephesii
431 1489 556 1524 confech
570 1494 647 1524 atque
661 1490 748 1517 adiice.
765 1490 804 1516 An
823 1490 899 1524 prius
914 1498 1009 1525 opusc.
1027 1491 1149 1519 continet
1165 1493 1368 1526 responsionem
1391 1492 1424 1519 ad
1442 1499 1502 1526 cap.
1515 1498 1590 1523 xvttt,
1625 1489 1761 1524 posterius

142 1542 231 1563 autem
250 1536 282 1561 ad
298 1534 399 1569 reliqua
413 1541 491 1568 capp.
510 1534 712 1567 responsionem
729 1533 766 1569 (Ι)
778 1534 788 1560 '3
801 1533 885 1561 "ARL.

175 1580 201 1607 5.
216 1579 335 1614 Epistola
348 1579 382 1605 ad
398 1578 504 1604 Thomas
524 1576 672 1612 Palwologi
684 1577 801 1611 ﬁliorum
825 1578 1007 1613 pwdngogum,
1035 1579 1175 1607 Anconam
1201 1579 1281 1607 missa
1297 1580 1380 1607 Roma
1396 1579 1412 1607 9
1440 1581 1508 1614 Aug.
1526 1578 1605 1610 1465,
1621 1582 1726 1605 servata
1743 1584 1760 1604 a

135 1625 256 1652 Phi-anza
267 1631 308 1655 ttt,
324 1622 370 1655 27,
385 1627 412 1651 et
432 1630 446 1649 a
472 1621 532 1649 Jac.
546 1621 667 1648 Pontano
686 1621 758 1648 notis
773 1621 807 1648 ad
823 1622 890 1648 Phra

1006 1643 1012 1649 .
1028 1622 1093 1650 509.
1126 1623 1229 1656 Grtece,
1255 1624 1351 1650 deinde
1363 1631 1378 1651 a
1392 1623 1507 1650 Meursio
1522 1623 1613 1650 Gratcc
1623 1626 1650 1649 et
1663 1620 1759 1648 Latine

134 1669 217 1700 edita,
233 1675 282 1695 nec
298 1674 351 1694 non
368 1674 401 1694 ex
417 1665 527 1693 Meursii
547 1664 665 1692 editione
680 1673 694 1691 a
710 1663 828 1697 Labbeo,
846 1669 874 1692 ut
889 1664 944 1692 dixi
978 1666 1076 1694 votum.
1094 1665 1138 1699 VI,
1200 1667 1249 1694 211
1268 1667 1303 1703 [θ.
1316 1675 1342 1702 p.
1361 1667 1412 1695 545
1426 1667 1478 1695 vol.
1494 1667 1538 1694 VII
1556 1675 1583 1693 n.
1600 1665 1670 1701 θη.
1688 1664 1760 1692 luci-

138 1713 178 1746 pit
194 1719 201 1738 ε
218 1711 399 1742 Εὐγενέστατε
416 1711 482 1744 ἆνερ
497 1710 545 1736 καὶ
564 1707 642 1743 ὴμῶν
657 1708 767 1742 φίλτατε
787 1708 882 1742 φίλων,
911 1708 1044 1744 ἐδεξάμην
1061 1710 1108 1736 καὶ
1126 1711 1270 1745 πρότερον.
1674 1715 1683 1722 "

172 1755 199 1782 6.
217 1755 341 1790 Epistola
366 1754 400 1781 ad
419 1752 542 1780 Alexium
567 1750 704 1778 Lascan’m
719 1750 973 1787 Philanthropenum
991 1754 1062 1781 dicta
1076 1753 1218 1781 Antidotus
1247 1756 1279 1783 de
1293 1762 1419 1783 successu
1440 1752 1533 1791 synodi
1550 1755 1713 1784 Florentinis
1728 1759 1755 1784 ct

135 1800 167 1826 de
180 1800 345 1834 proccssione
358 1797 388 1826 S.
405 1797 435 1825 S.
452 1796 549 1831 Incipit
563 1804 571 1823 :
587 1795 623 1821 Σὺ
637 1794 686 1828 μὲν
699 1794 729 1820 οὐ
756 1795 789 1821 τὰ
804 1795 890 1831 ὰνθρά

1001 1798 1087 1825 .όνον..
1106 1798 1200 1826 Graece
1217 1803 1244 1826 et
1265 1798 1359 1826 Latine
1371 1806 1406 1826 ex
1422 1799 1522 1834 duplici
1539 1800 1674 1832 versione,
1689 1801 1756 1828 Bes-

136 1843 254 1870 sarionis
278 1842 364 1875 ipsius
394 1842 490 1874 altera,
519 1839 603 1867 altera
626 1839 748 1872 Arcadii,
773 1839 844 1866 edita
867 1841 900 1867 ab
929 1841 987 1876 ipso
1011 1842 1127 1870 Areudio
1144 1843 1169 1869 iu
1187 1841 1327 1877 Opusculis
1354 1844 1442 1870 aureis
1459 1843 1621 1879 theologicis,
1638 1845 1757 1879 vulgatis

137 1888 228 1914 Itonia:
250 1886 330 1918 1650,
347 1886 373 1919 4,
385 1889 412 1912 et
426 1884 530 1912 rccusis
542 1883 621 1914 1671,
636 1883 662 1910 4.
682 1882 778 1909 Latine
794 1887 882 1910 exstat
902 1883 928 1911 in
940 1885 1068 1914 Conciliis
1091 1886 1193 1914 Labbei
1222 1891 1288 1914 tom.
1300 1886 1372 1920 XIII,
1390 1895 1450 1922 pag.
1469 1888 1636 1920 4228-1262,
1650 1894 1677 1916 et
1689 1889 1758 1916 llar-

136 1930 209 1957 duiui
238 1934 303 1957 toni.
329 1928 376 1961 lx,
400 1936 461 1963 pag.
492 1925 658 1955 4045-4077.
672 1925 754 1953 FABR.
767 1926 862 1954 ——Ms.
877 1926 891 1953 \

1001 1937 1028 1957 n.
1054 1930 1080 1957 in
1106 1930 1168 1958 cod.
1201 1931 1270 1958 Caes.
1286 1930 1349 1964 257,
1366 1940 1392 1958 n.
1406 1931 1432 1958 8.
1452 1930 1482 1959 V.
1501 1931 1627 1959 Lambec.
1645 1932 1677 1965 V,
1693 1941 1755 1969 pag.

134 1973 200 2005 567,
216 1973 307 2008 ibique
324 1977 380 1999 not.
400 1972 505 1999 Kollar.
519 1971 582 1998 add.
599 1969 727 1998 Lambec.
746 1969 777 2003 V,
795 1978 855 2005 mg.
871 1971 934 2005 516,
948 1973 974 2000 in
989 1978 1054 2000 nota
1076 1974 1103 2006 1,
1121 1979 1148 2001 et
1163 1974 1264 2001 Kollar.
1277 1975 1434 2003 adnitnadv.
1451 1976 1478 2003 iu
1500 1980 1557 2003 not.
1573 1976 1604 2002 Β.
1622 1991 1658 1997 —
1670 1976 1759 2005 Vene-

134 2018 179 2045 tiis
196 2018 221 2043 iu
237 2017 300 2044 bibl.
316 2016 400 2042 Marc.
419 2015 480 2042 cod.
497 2015 560 2047 589,
573 2019 600 2041 et
614 2014 708 2040 Latine
726 2014 797 2041 inter
814 2015 893 2042 codd.
906 2014 965 2043 Lat.
980 2016 1010 2043 V.
1029 2018 1088 2045 Cat.
1103 2018 1176 2046 illius
1187 2019 1311 2046 biblioth.
1331 2019 1410 2046 codd.
1437 2020 1485 2047 Gr.
1502 2027 1563 2054 pag.
1577 2020 1640 2053 509,
1657 2027 1688 2047 ac
1706 2021 1759 2048 La-

135 2061 216 2087 tiuor.
235 2067 295 2094 pag.
314 2060 356 2086 78.
373 2074 407 2079 —-
421 2059 539 2086 Florent.
556 2060 581 2085 in
598 2057 658 2084 cod.
686 2056 814 2084 Laurent.
832 2058 883 2092 14,
906 2067 933 2087 n.
949 2060 975 2094 5,
993 2062 1058 2096 plut.
1075 2061 1118 2089 10.
1132 2062 1163 2089 V.
1182 2062 1296 2090 Bandin.
1312 2063 1331 2090 l.
1345 2071 1370 2090 c.
1383 2063 1403 2096 1,
1417 2071 1479 2099 pag.
1497 2063 1559 2096 485,
1573 2064 1755 2098 quiaduotat,

100 2113 106 2119 ‘
135 2108 161 2136 id
174 2113 268 2140 opusc.
286 2104 380 2132 Latine
395 2108 502 2131 exstare
518 2103 543 2130 in
558 2102 622 2129 edit.
650 2101 797 2129 Cuncilior.
817 2102 912 2131 Venet.
929 2113 954 2132 tt.
981 2106 1060 2138 1732,
1088 2111 1154 2133 tom.
1169 2106 1264 2139 XVII],
1286 2115 1311 2140 p.
1342 2107 1411 2135 1211
1427 2115 1489 2143 sqq.
1505 2123 1540 2129 ——-
1553 2107 1632 2136 Coni.
1659 2109 1756 2136 Baum-

134 2157 227 2187 garten
258 2149 414 2177 Nachricht.
441 2158 491 2176 vun
519 2147 676 2176 merkwiird.
700 2148 835 2182 Bito/tarn,
867 2155 934 2178 tom.
951 2150 995 2183 VI,
1011 2158 1070 2186 pag.
1088 2150 1150 2185 427,
1178 2151 1228 2179 454
1246 2159 1319 2187 sqq.,
1347 2153 1396 2180 451
1413 2161 1484 2188 sqq.,
1502 2157 1530 2181 et
1544 2161 1620 2188 supr.
1636 2154 1670 2181 ad
1683 2161 1710 2181 u.
1727 2153 1756 2182 2.

135 2196 220 2223 11Ακι.

169 2239 197 2266 7.
209 2238 338 2272 Apologia
352 2238 475 2265 adversus
489 2237 644 2271 Gregorium
658 2237 796 2265 Palamam
809 2246 857 2273 pro
869 2237 980 2266 Joannis
995 2237 1069 2265 Vacci
1083 2239 1242 2273 patriarchae
1256 2240 1330 2276 Cpol.
1346 2241 1414 2269 libro
1425 2242 1555 2269 adversus
1568 2242 1757 2276 responsiones

133 2285 289 2312 Grecorum
305 2283 340 2310 de
363 2282 533 2316 processione
555 2281 672 2316 Spiritus
688 2283 717 2310 ὃ.
732 2291 746 2310 a
761 2283 839 2310 Filio.
865 2283 958 2310 Graece
971 2287 998 2309 et
1008 2281 1067 2309 Lat.
1079 2282 1104 2309 in
1123 2282 1218 2311 iisdem
1238 2285 1385 2319 opusculis.
1399 2284 1518 2312 Fann.—
1526 2285 1577 2314 Ms.
1594 2285 1711 2313 Venetiis
1728 2286 1756 2312 in

133 2327 215 2354 codd.
239 2326 320 2354 Marc.
345 2325 396 2352 527
412 2329 503 2352 contra
530 2333 605 2361 capp.
625 2325 738 2353 Maximi
752 2326 881 2354 Planudis
897 2327 928 2353 de
940 2327 1105 2360 processione
1127 2326 1198 2362 Spir.
1229 2327 1258 2355 S.
1274 2332 1302 2356 et
1315 2328 1375 2356 589.
1390 2334 1481 2356 contra
1496 2329 1632 2357 Palamam
1652 2337 1698 2364 pro
1710 2329 1754 2356 J0.

140 2370 230 2399 Vecco.
247 2370 279 2398 γ.
295 2374 349 2397 cat.
363 2370 422 2401 cit.,
437 2377 463 2404 p.
482 2369 536 2397 285
547 2375 573 2396 et
588 2370 653 2403 510,
670 2375 696 2397 et
714 2369 811 2396 Latina
831 2369 995 2397 Bessarionis
1011 2372 1093 2398 ncrsio
1109 2371 1135 2398 in
1160 2376 1275 2406 quatuor
1289 2372 1368 2400 codd.
1388 2371 1421 2400 V.
1438 2377 1491 2400 cat.
1507 2374 1584 2400 codd.
1605 2372 1666 2400 Lat.
1688 2372 1754 2399 bibl.

134 2415 229 2446 Marci,
245 2421 271 2448 p.
287 2414 320 2441 78
330 2421 390 2448 sqq.
405 2429 438 2434 —
450 2413 535 2441 Paris.
564 2414 590 2441 in
617 2414 676 2442 cod.
702 2413 768 2442 bibl.
790 2414 864 2449 pubi.
888 2414 966 2447 I270,
989 2415 1015 2449 5,
1031 2420 1058 2442 et
1075 2415 1195 2443 Florcut.
1210 2416 1236 2442 in
1249 2416 1309 2443 cod.
1326 2415 1457 2444 Laurent.
1474 2417 1517 2450 14,
1535 2425 1563 2443 n.
1579 2417 1606 2449 4,
1620 2416 1661 2443 Jo.
1683 2411 1755 2443 νεεεὶ

133 2458 314 2491 inscriptiones
326 2456 398 2489 ΧΗ,
423 2458 449 2484 in
465 2457 609 2484 sententias
624 2456 676 2485 SS.
689 2457 813 2489 Patrum,
829 2466 895 2493 quas
916 2458 1019 2494 collegit
1044 2459 1076 2486 de
1092 2467 1204 2493 process.
1225 2458 1298 2494 Spir.
1316 2459 1346 2487 S.
1360 2469 1419 2487 cum
1440 2460 1549 2488 totidem
1564 2459 1682 2495 Gregorii
1700 2459 1754 2486 Pa-

134 2503 211 2529 lamar
227 2501 453 2535 confutationibus
476 2506 499 2528 et
512 2500 680 2528 Bcuarionis
695 2502 823 2537 apolagiis
835 2510 845 2529 .'
859 2503 909 2530 sub
928 2503 973 2530 lin.
997 2503 1103 2530 illorum
1120 2511 1216 2538 opusc.
1243 2504 1398 2539 iterumque
1412 2512 1438 2531 rt.
1458 2505 1484 2537 6,
1498 2503 1610 2531 Maximi
1624 2503 1754 2530 Planudaz

133 2547 166 2573 de
180 2553 296 2580 process.
312 2545 358 2579 Sp.
375 2544 404 2572 S.
420 2549 510 2572 contra
522 2544 632 2572 Latinos
646 2545 791 2581 syllogismi
810 2553 847 2577 tv,
861 2554 922 2573 cum
939 2545 1104 2574 Bessarionis
1120 2548 1343 2581 responsionibus.
1360 2547 1391 2575 ν.
1406 2547 1521 2575 Bandin.
1537 2547 1556 2580 1,
1568 2555 1594 2575 c.
1610 2548 1630 2580 1,
1646 2555 1671 2581 p.
1688 2546 1752 2574 485.

133 2605 168 2610 --
184 2588 335 2616 Vindobou.
348 2587 374 2615 in
391 2589 452 2615 cod.
469 2587 544 2621 CCL,
561 2597 590 2616 n.
605 2589 650 2621 15,
667 2589 768 2617 varior.
784 2588 895 2618 Patrqu
912 2590 1002 2618 Latin.
1020 2591 1175 2620 testimonia
1188 2592 1221 2620 de
1234 2599 1355 2627 process.
1373 2591 1445 2627 Spir.
1463 2591 1505 2625 5.,
1522 2597 1549 2619 et
1567 2601 1593 2618 u.
1609 2591 1653 2618 I4.
1670 2591 1751 2622 Becci

133 2642 158 2662 s.
174 2634 255 2662 Vecci
279 2635 441 2670 epigraphte,
464 2634 588 2671 Gregorii
611 2636 729 2664 Patamae
740 2637 884 2664 c0nlutatt.
910 2640 937 2663 et
958 2636 1128 2665 Bessarionis
1139 2640 1331 2672 responsiones
1343 2645 1391 2672 pro
1411 2636 1507 2665 Vecco.
1529 2636 1561 2664 V.
1577 2636 1704 2664 anbec.
1721 2637 1752 2670 V,

134 2687 195 2714 pag.
208 2679 271 2712 516,
289 2679 378 2713 ibique
390 2684 448 2708 not.
461 2679 577 2713 Kollar.,
594 2684 620 2708 et
635 2688 696 2715 pag.
712 2680 763 2707 517
777 2687 848 2714 sqq.,
867 2680 913 2714 qui
928 2688 962 2707 ex
976 2679 1073 2706 Allatio
1089 2679 1128 2706 De
1145 2678 1269 2706 Ecclesia:
1289 2679 1380 2707 Occid.
1397 2684 1420 2707 et
1438 2678 1538 2707 Orient.
1554 2682 1677 2713 perpetua
1690 2686 1754 2706 con-

133 2724 263 2757 sensione,
281 2732 306 2759 p.
323 2724 384 2757 766,
403 2723 511 2759 longum
527 2725 613 2752 locum
623 2724 656 2751 de
671 2724 724 2751 illis
749 2724 894 2758 excerpsit,
911 2723 1078 2758 notavitquc,
1103 2723 1168 2750 ibid.
1197 2722 1259 2751 libr.
1274 2723 1319 2756 lll,
1333 2730 1392 2758 cap.
1405 2723 1432 2756 5,
1450 2722 1464 2758 §
1490 2731 1508 2757 t,
1527 2731 1586 2759 pag.
1611 2723 1675 2756 950,
1694 2729 1754 2756 Spu-

134 2834 139 2838 η
162 2804 201 2858 lt't)
216 2803 284 2834 Opus
295 2806 380 2858 εοὲιη
395 2802 499 2828 Marcum
511 2801 644 2834 Ephesium
655 2800 779 2827 inchoavit
790 2799 941 2831 Scholarius,
953 2799 1054 2825 absolvit
1069 2798 1206 2826 Bcssarion.
1224 2799 1357 2831 Utriusque
1369 2804 1513 2833 argumenta
1529 2799 1634 2830 jnnctim
1647 2800 1752 2826 edemus

134 2841 158 2858 111
170 2841 194 2858 fit
209 2841 239 2858 CX
251 2840 309 2858 IllSS.
345 2840 393 2858 DIT.

133 2840 194 2859 Intra
209 2841 239 2859 CX
251 2840 309 2858 IlISS.
325 2840 393 2859 Ii.an.
