  <div class='ocr_page' id='page_1' title='image "/cluster/home/n/w/nwhite01/storage/ocr_20150623/161/njp.32101077773255/112.png"; bbox 0 0 1913 3060; ppageno 0'>
   <div class='ocr_carea' id='block_1_1' title="bbox 122 141 1743 190">
    <p class='ocr_par' dir='ltr' id='par_1_1' title="bbox 122 141 1743 190">
     <span class='ocr_line' id='line_1_1' title="bbox 122 141 1743 190; baseline -0.012 0"><span class='ocrx_word' id='word_1_1' title='bbox 122 159 158 190; x_wconf 84' lang='lat'><strong>33</strong></span> <span class='ocrx_word' id='word_1_2' title='bbox 601 153 820 185; x_wconf 82' lang='lat' dir='ltr'><strong>REFUTATlO</strong></span> <span class='ocrx_word' id='word_1_3' title='bbox 841 152 962 183; x_wconf 80' lang='lat' dir='ltr'><strong>MARCl</strong></span> <span class='ocrx_word' id='word_1_4' title='bbox 984 148 1183 180; x_wconf 76' lang='lat' dir='ltr'><strong>El’liESlNl.</strong></span> <span class='ocrx_word' id='word_1_5' title='bbox 1707 141 1743 171; x_wconf 62' lang='grc'>34</span> 
     </span>
    </p>
   </div>
   <div class='ocr_carea' id='block_1_2' title="bbox 126 200 918 250">
    <p class='ocr_par' dir='ltr' id='par_1_2' title="bbox 126 211 907 250">
     <span class='ocr_line' id='line_1_2' title="bbox 126 211 907 250; baseline -0.012 -7"><span class='ocrx_word' id='word_1_6' title='bbox 126 217 207 244; x_wconf 70' lang='grc' dir='ltr'>Ἀλλὰ</span> <span class='ocrx_word' id='word_1_7' title='bbox 220 215 299 242; x_wconf 76' lang='grc' dir='ltr'>τοῦτο</span> <span class='ocrx_word' id='word_1_8' title='bbox 316 214 366 250; x_wconf 77' lang='grc' dir='ltr'><strong>μὲν</strong></span> <span class='ocrx_word' id='word_1_9' title='bbox 390 214 504 249; x_wconf 76' lang='grc' dir='ltr'>ὕστερον</span> <span class='ocrx_word' id='word_1_10' title='bbox 516 221 522 229; x_wconf 91' lang='grc'>·</span> <span class='ocrx_word' id='word_1_11' title='bbox 540 214 588 240; x_wconf 86' lang='grc' dir='ltr'>νῦν</span> <span class='ocrx_word' id='word_1_12' title='bbox 612 213 641 240; x_wconf 84' lang='grc' dir='ltr'><strong>δὲ</strong></span> <span class='ocrx_word' id='word_1_13' title='bbox 666 213 746 247; x_wconf 80' lang='grc' dir='ltr'>ἀρκεῖ</span> <span class='ocrx_word' id='word_1_14' title='bbox 763 212 838 247; x_wconf 82' lang='grc' dir='ltr'>ἡμῖν,</span> <span class='ocrx_word' id='word_1_15' title='bbox 865 211 907 237; x_wconf 77' lang='grc' dir='ltr'>ὅτι</span> 
     </span>
    </p>
   </div>
   <div class='ocr_carea' id='block_1_3' title="bbox 970 200 1742 250">
    <p class='ocr_par' dir='ltr' id='par_1_3' title="bbox 970 200 1742 241">
     <span class='ocr_line' id='line_1_3' title="bbox 970 200 1742 241; baseline -0.013 -6"><span class='ocrx_word' id='word_1_16' title='bbox 970 215 1010 235; x_wconf 73' lang='lat' dir='ltr'><strong>nec</strong></span> <span class='ocrx_word' id='word_1_17' title='bbox 1035 214 1096 234; x_wconf 81' lang='lat' dir='ltr'><strong>esse</strong></span> <span class='ocrx_word' id='word_1_18' title='bbox 1114 203 1278 241; x_wconf 73' lang='lat' dir='ltr'><strong>principium</strong></span> <span class='ocrx_word' id='word_1_19' title='bbox 1309 202 1437 230; x_wconf 72' lang='lat' dir='ltr'><strong>court-nit</strong></span> <span class='ocrx_word' id='word_1_20' title='bbox 1462 200 1487 228; x_wconf 91' lang='lat' dir='ltr'><strong>ei</strong></span> <span class='ocrx_word' id='word_1_21' title='bbox 1509 201 1577 232; x_wconf 76' lang='lat' dir='ltr'><strong>sali;</strong></span> <span class='ocrx_word' id='word_1_22' title='bbox 1605 201 1742 234; x_wconf 84' lang='lat' dir='ltr'><strong>quomodo</strong></span> 
     </span>
    </p>
   </div>
   <div class='ocr_carea' id='block_1_4' title="bbox 119 256 906 297">
    <p class='ocr_par' dir='ltr' id='par_1_4' title="bbox 119 256 906 297">
     <span class='ocr_line' id='line_1_4' title="bbox 119 256 906 297; baseline -0.009 -8"><span class='ocrx_word' id='word_1_23' title='bbox 119 262 182 290; x_wconf 79' lang='grc' dir='ltr'>οὔτε</span> <span class='ocrx_word' id='word_1_24' title='bbox 199 263 216 297; x_wconf 82' lang='grc' dir='ltr'><strong>ἡ</strong></span> <span class='ocrx_word' id='word_1_25' title='bbox 231 261 363 296; x_wconf 77' lang='grc' dir='ltr'>πρότασίς</span> <span class='ocrx_word' id='word_1_26' title='bbox 384 261 457 287; x_wconf 78' lang='grc' dir='ltr'>ἐστιν</span> <span class='ocrx_word' id='word_1_27' title='bbox 472 260 518 294; x_wconf 76' lang='grc' dir='ltr'>ἀφ’</span> <span class='ocrx_word' id='word_1_28' title='bbox 535 259 636 294; x_wconf 76' lang='grc' dir='ltr'>ἑαυτῆς</span> <span class='ocrx_word' id='word_1_29' title='bbox 651 257 768 293; x_wconf 73' lang='grc' dir='ltr'>ῳανερὰ,</span> <span class='ocrx_word' id='word_1_30' title='bbox 781 256 845 283; x_wconf 75' lang='grc' dir='ltr'>οὔτε</span> <span class='ocrx_word' id='word_1_31' title='bbox 859 257 906 283; x_wconf 70' lang='grc' dir='ltr'><strong>αὔ-</strong></span> 
     </span>
    </p>
   </div>
   <div class='ocr_carea' id='block_1_5' title="bbox 119 301 906 342">
    <p class='ocr_par' dir='ltr' id='par_1_5' title="bbox 119 301 906 342">
     <span class='ocr_line' id='line_1_5' title="bbox 119 301 906 342; baseline -0.009 -8"><span class='ocrx_word' id='word_1_32' title='bbox 119 308 165 339; x_wconf 70' lang='grc' dir='ltr'>τδς</span> <span class='ocrx_word' id='word_1_33' title='bbox 179 307 228 342; x_wconf 80' lang='grc' dir='ltr'><strong>τὴν</strong></span> <span class='ocrx_word' id='word_1_34' title='bbox 240 307 364 341; x_wconf 73' lang='grc' dir='ltr'>ἀνάγκην</span> <span class='ocrx_word' id='word_1_35' title='bbox 379 306 460 341; x_wconf 71' lang='grc' dir='ltr'>ἔθηκε</span> <span class='ocrx_word' id='word_1_36' title='bbox 483 306 533 340; x_wconf 86' lang='grc' dir='ltr'>τῆς</span> <span class='ocrx_word' id='word_1_37' title='bbox 547 305 715 340; x_wconf 78' lang='grc' dir='ltr'><strong>προτάσεως,</strong></span> <span class='ocrx_word' id='word_1_38' title='bbox 728 302 795 329; x_wconf 83' lang='grc' dir='ltr'><strong>ἀλλά</strong></span> <span class='ocrx_word' id='word_1_39' title='bbox 807 301 906 336; x_wconf 82' lang='grc' dir='ltr'>μᾶλλον</span> 
     </span>
    </p>
   </div>
   <div class='ocr_carea' id='block_1_6' title="bbox 121 346 908 387">
    <p class='ocr_par' dir='ltr' id='par_1_6' title="bbox 121 346 908 387">
     <span class='ocr_line' id='line_1_6' title="bbox 121 346 908 387; baseline -0.01 -8"><span class='ocrx_word' id='word_1_40' title='bbox 121 354 170 379; x_wconf 78' lang='grc' dir='ltr'>καὶ</span> <span class='ocrx_word' id='word_1_41' title='bbox 178 353 264 387; x_wconf 81' lang='grc' dir='ltr'>αὐτῆς</span> <span class='ocrx_word' id='word_1_42' title='bbox 277 352 421 386; x_wconf 77' lang='grc' dir='ltr'><strong>τιθεμένης</strong></span> <span class='ocrx_word' id='word_1_43' title='bbox 435 351 520 377; x_wconf 80' lang='grc' dir='ltr'>πολλὰ</span> <span class='ocrx_word' id='word_1_44' title='bbox 536 351 698 383; x_wconf 72' lang='grc' dir='ltr'>συνάγονται</span> <span class='ocrx_word' id='word_1_45' title='bbox 716 348 800 383; x_wconf 77' lang='grc' dir='ltr'>ψεύδη</span> <span class='ocrx_word' id='word_1_46' title='bbox 818 347 862 373; x_wconf 79' lang='grc' dir='ltr'><strong>διὰ</strong></span> <span class='ocrx_word' id='word_1_47' title='bbox 877 346 908 372; x_wconf 67' lang='grc' dir='ltr'>τί)</span> 
     </span>
    </p>
   </div>
   <div class='ocr_carea' id='block_1_7' title="bbox 121 390 907 433">
    <p class='ocr_par' dir='ltr' id='par_1_7' title="bbox 121 390 907 433">
     <span class='ocr_line' id='line_1_7' title="bbox 121 390 907 433; baseline -0.009 -8"><span class='ocrx_word' id='word_1_48' title='bbox 121 399 237 430; x_wconf 59' lang='grc' dir='ltr'>πολλοῦς</span> <span class='ocrx_word' id='word_1_49' title='bbox 256 398 342 433; x_wconf 75' lang='grc' dir='ltr'>αὐτὴν</span> <span class='ocrx_word' id='word_1_50' title='bbox 359 397 498 432; x_wconf 75' lang='grc' dir='ltr'><strong>περιέχειν</strong></span> <span class='ocrx_word' id='word_1_51' title='bbox 514 395 753 430; x_wconf 79' lang='grc' dir='ltr'>προσδιορισμοῡς,</span> <span class='ocrx_word' id='word_1_52' title='bbox 764 394 811 428; x_wconf 73' lang='grc' dir='ltr'>ἀφ’</span> <span class='ocrx_word' id='word_1_53' title='bbox 822 390 861 420; x_wconf 79' lang='grc' dir='ltr'>ὧν</span> <span class='ocrx_word' id='word_1_54' title='bbox 878 393 907 418; x_wconf 78' lang='grc' dir='ltr'>ἐν</span> 
     </span>
    </p>
   </div>
   <div class='ocr_carea' id='block_1_8' title="bbox 121 439 907 481">
    <p class='ocr_par' dir='ltr' id='par_1_8' title="bbox 121 439 907 481">
     <span class='ocr_line' id='line_1_8' title="bbox 121 439 907 481; baseline -0.009 -9"><span class='ocrx_word' id='word_1_55' title='bbox 121 447 231 481; x_wconf 73' lang='grc' dir='ltr'>ἑκάστῳ</span> <span class='ocrx_word' id='word_1_56' title='bbox 252 445 468 480; x_wconf 84' lang='grc' dir='ltr'>συμπεράσματι</span> <span class='ocrx_word' id='word_1_57' title='bbox 485 443 620 478; x_wconf 80' lang='grc' dir='ltr'>λαμῦάνει</span> <span class='ocrx_word' id='word_1_58' title='bbox 645 442 706 469; x_wconf 73' lang='grc' dir='ltr'>κατ’</span> <span class='ocrx_word' id='word_1_59' title='bbox 719 440 844 473; x_wconf 70' lang='grc' dir='ltr'>ἐξουσίαν</span> <span class='ocrx_word' id='word_1_60' title='bbox 862 439 907 465; x_wconf 78' lang='grc' dir='ltr'>τὸν</span> 
     </span>
    </p>
   </div>
   <div class='ocr_carea' id='block_1_9' title="bbox 121 486 907 527">
    <p class='ocr_par' dir='ltr' id='par_1_9' title="bbox 121 486 907 527">
     <span class='ocr_line' id='line_1_9' title="bbox 121 486 907 527; baseline -0.009 -9"><span class='ocrx_word' id='word_1_61' title='bbox 121 492 197 527; x_wconf 77' lang='grc' dir='ltr'>αὐτῷ</span> <span class='ocrx_word' id='word_1_62' title='bbox 212 490 425 526; x_wconf 82' lang='grc' dir='ltr'>χρησιμεύοντα.</span> <span class='ocrx_word' id='word_1_63' title='bbox 463 489 563 524; x_wconf 81' lang='grc' dir='ltr'>Ἐχρῆν</span> <span class='ocrx_word' id='word_1_64' title='bbox 578 489 606 515; x_wconf 78' lang='grc' dir='ltr'><strong>δὲ</strong></span> <span class='ocrx_word' id='word_1_65' title='bbox 626 487 731 518; x_wconf 82' lang='grc' dir='ltr'><strong>πάντας</strong></span> <span class='ocrx_word' id='word_1_66' title='bbox 746 486 907 520; x_wconf 80' lang='grc' dir='ltr'>λαμϐάνειν,</span> 
     </span>
    </p>
   </div>
   <div class='ocr_carea' id='block_1_10' title="bbox 121 532 909 571">
    <p class='ocr_par' dir='ltr' id='par_1_10' title="bbox 121 532 909 571">
     <span class='ocr_line' id='line_1_10' title="bbox 121 532 909 571; baseline -0.009 -7"><span class='ocrx_word' id='word_1_67' title='bbox 121 539 168 564; x_wconf 62' lang='grc' dir='ltr'>καὶ</span> <span class='ocrx_word' id='word_1_68' title='bbox 176 537 248 564; x_wconf 75' lang='grc' dir='ltr'>οὕτω</span> <span class='ocrx_word' id='word_1_69' title='bbox 263 536 440 571; x_wconf 80' lang='grc' dir='ltr'>κατεφαίνετο</span> <span class='ocrx_word' id='word_1_70' title='bbox 451 535 484 562; x_wconf 81' lang='grc' dir='ltr'>ἂν</span> <span class='ocrx_word' id='word_1_71' title='bbox 493 535 525 561; x_wconf 80' lang='grc' dir='ltr'>τὸ</span> <span class='ocrx_word' id='word_1_72' title='bbox 536 535 634 569; x_wconf 70' lang='grc' dir='ltr'>ψεῦδος</span> <span class='ocrx_word' id='word_1_73' title='bbox 643 534 692 568; x_wconf 76' lang='grc' dir='ltr'>τῆς</span> <span class='ocrx_word' id='word_1_74' title='bbox 705 532 865 568; x_wconf 78' lang='grc' dir='ltr'><strong>προτάσεως</strong></span> <span class='ocrx_word' id='word_1_75' title='bbox 879 532 909 557; x_wconf 77' lang='grc' dir='ltr'>ὲν</span> 
     </span>
    </p>
   </div>
   <div class='ocr_carea' id='block_1_11' title="bbox 120 576 909 618">
    <p class='ocr_par' dir='ltr' id='par_1_11' title="bbox 120 576 909 618">
     <span class='ocr_line' id='line_1_11' title="bbox 120 576 909 618; baseline -0.009 -8"><span class='ocrx_word' id='word_1_76' title='bbox 120 584 161 618; x_wconf 81' lang='grc' dir='ltr'>τῷ</span> <span class='ocrx_word' id='word_1_77' title='bbox 178 583 270 617; x_wconf 80' lang='grc' dir='ltr'>ψεύδει</span> <span class='ocrx_word' id='word_1_78' title='bbox 287 583 343 609; x_wconf 88' lang='grc' dir='ltr'><strong>τῶν</strong></span> <span class='ocrx_word' id='word_1_79' title='bbox 371 582 644 617; x_wconf 77' lang='grc' dir='ltr'>συμπεραινομένων.</span> <span class='ocrx_word' id='word_1_80' title='bbox 661 578 782 614; x_wconf 74' lang='grc' dir='ltr'>Ἀιρελῶς</span> <span class='ocrx_word' id='word_1_81' title='bbox 808 578 836 604; x_wconf 84' lang='grc' dir='ltr'><strong>δὲ</strong></span> <span class='ocrx_word' id='word_1_82' title='bbox 847 576 909 604; x_wconf 77' lang='grc' dir='ltr'>εἷπε</span> 
     </span>
    </p>
   </div>
   <div class='ocr_carea' id='block_1_12' title="bbox 121 624 907 662">
    <p class='ocr_par' dir='ltr' id='par_1_12' title="bbox 121 624 907 662">
     <span class='ocr_line' id='line_1_12' title="bbox 121 624 907 662; baseline -0.009 -6"><span class='ocrx_word' id='word_1_83' title='bbox 121 630 172 656; x_wconf 74' lang='grc' dir='ltr'><strong>καὶ</strong></span> <span class='ocrx_word' id='word_1_84' title='bbox 186 630 226 655; x_wconf 80' lang='grc' dir='ltr'>ὅτι</span> <span class='ocrx_word' id='word_1_85' title='bbox 243 629 273 655; x_wconf 78' lang='grc' dir='ltr'><strong>τὺ</strong></span> <span class='ocrx_word' id='word_1_86' title='bbox 285 629 382 662; x_wconf 80' lang='grc' dir='ltr'>μόνον</span> <span class='ocrx_word' id='word_1_87' title='bbox 396 629 440 654; x_wconf 74' lang='grc' dir='ltr'>ἀεὶ</span> <span class='ocrx_word' id='word_1_88' title='bbox 452 627 519 662; x_wconf 83' lang='grc' dir='ltr'>πρὸς</span> <span class='ocrx_word' id='word_1_89' title='bbox 533 627 564 654; x_wconf 79' lang='grc' dir='ltr'>τὸ</span> <span class='ocrx_word' id='word_1_90' title='bbox 578 626 768 660; x_wconf 69' lang='grc' dir='ltr'><strong>ἀντικείμενον</strong></span> <span class='ocrx_word' id='word_1_91' title='bbox 779 624 890 658; x_wconf 81' lang='grc' dir='ltr'>λέγεται</span> <span class='ocrx_word' id='word_1_92' title='bbox 900 631 907 638; x_wconf 85' lang='grc'><strong><em>“</em></strong></span> 
     </span>
    </p>
   </div>
   <div class='ocr_carea' id='block_1_13' title="bbox 121 669 909 709">
    <p class='ocr_par' dir='ltr' id='par_1_13' title="bbox 121 669 909 709">
     <span class='ocr_line' id='line_1_13' title="bbox 121 669 909 709; baseline -0.009 -8"><span class='ocrx_word' id='word_1_93' title='bbox 121 675 152 701; x_wconf 71' lang='grc' dir='ltr'>τὸ</span> <span class='ocrx_word' id='word_1_94' title='bbox 169 677 224 708; x_wconf 66' lang='grc' dir='ltr'>γὰρ</span> <span class='ocrx_word' id='word_1_95' title='bbox 239 675 306 709; x_wconf 64' lang='grc' dir='ltr'>προς</span> <span class='ocrx_word' id='word_1_96' title='bbox 318 674 348 700; x_wconf 84' lang='grc' dir='ltr'>τὸ</span> <span class='ocrx_word' id='word_1_97' title='bbox 362 673 550 707; x_wconf 72' lang='grc' dir='ltr'><strong>ἀντικείμενον</strong></span> <span class='ocrx_word' id='word_1_98' title='bbox 564 671 710 706; x_wconf 70' lang='grc' dir='ltr'>λεγόμενον</span> <span class='ocrx_word' id='word_1_99' title='bbox 725 669 791 705; x_wconf 88' lang='grc' dir='ltr'>πρός</span> <span class='ocrx_word' id='word_1_100' title='bbox 802 670 829 695; x_wconf 87' lang='grc' dir='ltr'><strong>τί</strong></span> <span class='ocrx_word' id='word_1_101' title='bbox 841 669 909 700; x_wconf 77' lang='grc' dir='ltr'>ἐστι,</span> 
     </span>
    </p>
   </div>
   <div class='ocr_carea' id='block_1_14' title="bbox 121 713 911 753">
    <p class='ocr_par' dir='ltr' id='par_1_14' title="bbox 121 713 911 753">
     <span class='ocr_line' id='line_1_14' title="bbox 121 713 911 753; baseline -0.01 -6"><span class='ocrx_word' id='word_1_102' title='bbox 121 720 194 746; x_wconf 74' lang='grc' dir='ltr'>ὥστε</span> <span class='ocrx_word' id='word_1_103' title='bbox 207 720 254 746; x_wconf 78' lang='grc' dir='ltr'>καὶ</span> <span class='ocrx_word' id='word_1_104' title='bbox 268 719 298 746; x_wconf 79' lang='grc' dir='ltr'>τὸ</span> <span class='ocrx_word' id='word_1_105' title='bbox 311 719 408 753; x_wconf 81' lang='grc' dir='ltr'>μόνον</span> <span class='ocrx_word' id='word_1_106' title='bbox 425 718 493 752; x_wconf 85' lang='grc' dir='ltr'>πρός</span> <span class='ocrx_word' id='word_1_107' title='bbox 504 717 529 743; x_wconf 88' lang='grc' dir='ltr'><strong>τί</strong></span> <span class='ocrx_word' id='word_1_108' title='bbox 546 718 621 743; x_wconf 67' lang='grc' dir='ltr'>ἐστι’</span> <span class='ocrx_word' id='word_1_109' title='bbox 635 716 715 743; x_wconf 72' lang='grc' dir='ltr'>τοῦτο</span> <span class='ocrx_word' id='word_1_110' title='bbox 731 714 759 741; x_wconf 82' lang='grc' dir='ltr'>δὲ</span> <span class='ocrx_word' id='word_1_111' title='bbox 771 714 822 741; x_wconf 84' lang='grc' dir='ltr'>οὐκ</span> <span class='ocrx_word' id='word_1_112' title='bbox 845 713 911 747; x_wconf 80' lang='grc' dir='ltr'>ἀλη-</span> 
     </span>
    </p>
   </div>
   <div class='ocr_carea' id='block_1_15' title="bbox 122 759 911 800">
    <p class='ocr_par' dir='ltr' id='par_1_15' title="bbox 122 759 911 800">
     <span class='ocr_line' id='line_1_15' title="bbox 122 759 911 800; baseline -0.01 -8"><span class='ocrx_word' id='word_1_113' title='bbox 122 767 187 797; x_wconf 66' lang='grc' dir='ltr'>θέςε</span> <span class='ocrx_word' id='word_1_114' title='bbox 203 766 234 791; x_wconf 77' lang='grc' dir='ltr'>τὸ</span> <span class='ocrx_word' id='word_1_115' title='bbox 257 765 311 800; x_wconf 76' lang='grc' dir='ltr'><strong>γὰρ</strong></span> <span class='ocrx_word' id='word_1_116' title='bbox 321 765 418 798; x_wconf 75' lang='grc' dir='ltr'>μόνον</span> <span class='ocrx_word' id='word_1_117' title='bbox 446 763 512 797; x_wconf 74' lang='grc' dir='ltr'>πρὸς</span> <span class='ocrx_word' id='word_1_118' title='bbox 529 762 607 789; x_wconf 74' lang='grc' dir='ltr'>οὐδὲν</span> <span class='ocrx_word' id='word_1_119' title='bbox 625 763 695 794; x_wconf 72' lang='grc' dir='ltr'>ἐστι,</span> <span class='ocrx_word' id='word_1_120' title='bbox 723 761 791 787; x_wconf 65' lang='grc' dir='ltr'>ἀλλὰ</span> <span class='ocrx_word' id='word_1_121' title='bbox 810 759 911 794; x_wconf 59' lang='lat' dir='ltr'><strong>pdle</strong></span> 
     </span>
    </p>
   </div>
   <div class='ocr_carea' id='block_1_16' title="bbox 123 807 910 846">
    <p class='ocr_par' dir='ltr' id='par_1_16' title="bbox 123 807 910 846">
     <span class='ocr_line' id='line_1_16' title="bbox 123 807 910 846; baseline -0.009 -7"><span class='ocrx_word' id='word_1_122' title='bbox 123 813 198 839; x_wconf 78' lang='grc' dir='ltr'>ἐστιν</span> <span class='ocrx_word' id='word_1_123' title='bbox 211 811 446 846; x_wconf 82' lang='grc' dir='ltr'>ἀποκληρωτικὺν,</span> <span class='ocrx_word' id='word_1_124' title='bbox 463 810 494 837; x_wconf 78' lang='grc' dir='ltr'>ἄν</span> <span class='ocrx_word' id='word_1_125' title='bbox 506 818 534 836; x_wconf 86' lang='grc' dir='ltr'><strong>τε</strong></span> <span class='ocrx_word' id='word_1_126' title='bbox 549 809 610 844; x_wconf 68' lang='grc' dir='ltr'>περὶ</span> <span class='ocrx_word' id='word_1_127' title='bbox 623 809 777 843; x_wconf 81' lang='grc' dir='ltr'><strong>προσώπων</strong></span> <span class='ocrx_word' id='word_1_128' title='bbox 788 807 910 842; x_wconf 78' lang='grc' dir='ltr'>λέγηται,</span> 
     </span>
    </p>
   </div>
   <div class='ocr_carea' id='block_1_17' title="bbox 123 852 911 892">
    <p class='ocr_par' dir='ltr' id='par_1_17' title="bbox 123 852 911 892">
     <span class='ocr_line' id='line_1_17' title="bbox 123 852 911 892; baseline -0.008 -8"><span class='ocrx_word' id='word_1_129' title='bbox 123 859 158 885; x_wconf 78' lang='grc' dir='ltr'><strong>ἀν</strong></span> <span class='ocrx_word' id='word_1_130' title='bbox 171 866 201 884; x_wconf 84' lang='grc' dir='ltr'><strong>τε</strong></span> <span class='ocrx_word' id='word_1_131' title='bbox 219 858 283 892; x_wconf 75' lang='grc' dir='ltr'>περὶ</span> <span class='ocrx_word' id='word_1_132' title='bbox 298 857 450 892; x_wconf 72' lang='grc' dir='ltr'>ἐνεργείας,</span> <span class='ocrx_word' id='word_1_133' title='bbox 465 857 497 883; x_wconf 78' lang='grc' dir='ltr'>ἄν</span> <span class='ocrx_word' id='word_1_134' title='bbox 509 864 538 882; x_wconf 83' lang='grc' dir='ltr'><strong>τε</strong></span> <span class='ocrx_word' id='word_1_135' title='bbox 557 855 621 890; x_wconf 83' lang='grc' dir='ltr'>περὶ</span> <span class='ocrx_word' id='word_1_136' title='bbox 635 854 757 881; x_wconf 73' lang='grc' dir='ltr'>ὁτουοῦν.</span> <span class='ocrx_word' id='word_1_137' title='bbox 781 852 861 885; x_wconf 74' lang='grc' dir='ltr'>Ἀλλ’,</span> <span class='ocrx_word' id='word_1_138' title='bbox 873 852 911 884; x_wconf 80' lang='grc' dir='ltr'>ὡς</span> 
     </span>
    </p>
   </div>
   <div class='ocr_carea' id='block_1_18' title="bbox 125 898 913 938">
    <p class='ocr_par' dir='ltr' id='par_1_18' title="bbox 125 898 913 938">
     <span class='ocr_line' id='line_1_18' title="bbox 125 898 913 938; baseline -0.009 -8"><span class='ocrx_word' id='word_1_139' title='bbox 125 904 226 936; x_wconf 75' lang='grc' dir='ltr'>ἔοικεν,</span> <span class='ocrx_word' id='word_1_140' title='bbox 243 903 371 938; x_wconf 79' lang='grc' dir='ltr'>οὐδεμίαν</span> <span class='ocrx_word' id='word_1_141' title='bbox 384 901 454 929; x_wconf 85' lang='grc' dir='ltr'>οῐδεν</span> <span class='ocrx_word' id='word_1_142' title='bbox 469 901 636 936; x_wconf 85' lang='grc' dir='ltr'>ἀναφορικοῦ</span> <span class='ocrx_word' id='word_1_143' title='bbox 661 901 708 927; x_wconf 78' lang='grc' dir='ltr'>καὶ</span> <span class='ocrx_word' id='word_1_144' title='bbox 722 898 913 933; x_wconf 83' lang='grc' dir='ltr'>ἀποκληρωτι-</span> 
     </span>
    </p>
   </div>
   <div class='ocr_carea' id='block_1_19' title="bbox 125 945 913 984">
    <p class='ocr_par' dir='ltr' id='par_1_19' title="bbox 125 945 913 984">
     <span class='ocr_line' id='line_1_19' title="bbox 125 945 913 984; baseline -0.009 -8"><span class='ocrx_word' id='word_1_145' title='bbox 125 950 175 976; x_wconf 76' lang='grc' dir='ltr'>κοῦ</span> <span class='ocrx_word' id='word_1_146' title='bbox 183 950 315 984; x_wconf 72' lang='grc' dir='ltr'>διαφορὰν</span> <span class='ocrx_word' id='word_1_147' title='bbox 327 949 470 981; x_wconf 79' lang='grc' dir='ltr'>ὀνόματος.</span> <span class='ocrx_word' id='word_1_148' title='bbox 488 948 598 979; x_wconf 75' lang='grc' dir='ltr'>Ἔξεστι</span> <span class='ocrx_word' id='word_1_149' title='bbox 612 947 639 972; x_wconf 77' lang='grc' dir='ltr'><strong>δὲ</strong></span> <span class='ocrx_word' id='word_1_150' title='bbox 656 946 767 972; x_wconf 78' lang='grc' dir='ltr'>σκοπεῖν</span> <span class='ocrx_word' id='word_1_151' title='bbox 778 945 825 971; x_wconf 71' lang='grc' dir='ltr'>καὶ</span> <span class='ocrx_word' id='word_1_152' title='bbox 839 945 913 975; x_wconf 78' lang='grc' dir='ltr'>ὃπως</span> 
     </span>
    </p>
   </div>
   <div class='ocr_carea' id='block_1_20' title="bbox 126 990 914 1030">
    <p class='ocr_par' dir='ltr' id='par_1_20' title="bbox 126 990 914 1030">
     <span class='ocr_line' id='line_1_20' title="bbox 126 990 914 1030; baseline -0.008 -8"><span class='ocrx_word' id='word_1_153' title='bbox 126 996 172 1028; x_wconf 60' lang='grc' dir='ltr'><strong>ὑφ’</strong></span> <span class='ocrx_word' id='word_1_154' title='bbox 187 995 283 1022; x_wconf 76' lang='grc' dir='ltr'>ἑαυτοῦ</span> <span class='ocrx_word' id='word_1_155' title='bbox 302 995 501 1030; x_wconf 82' lang='grc' dir='ltr'>συγκρούεται.</span> <span class='ocrx_word' id='word_1_156' title='bbox 530 993 622 1020; x_wconf 78' lang='grc' dir='ltr'>Εἰπὼν</span> <span class='ocrx_word' id='word_1_157' title='bbox 637 993 691 1027; x_wconf 74' lang='grc' dir='ltr'><strong>γὰρ</strong></span> <span class='ocrx_word' id='word_1_158' title='bbox 706 992 747 1018; x_wconf 84' lang='grc' dir='ltr'>ὃτι</span> <span class='ocrx_word' id='word_1_159' title='bbox 766 991 795 1017; x_wconf 79' lang='grc' dir='ltr'><strong>τὸ</strong></span> <span class='ocrx_word' id='word_1_160' title='bbox 817 990 914 1024; x_wconf 81' lang='grc' dir='ltr'>μόνον</span> 
     </span>
    </p>
   </div>
   <div class='ocr_carea' id='block_1_21' title="bbox 127 1035 913 1076">
    <p class='ocr_par' dir='ltr' id='par_1_21' title="bbox 127 1035 913 1076">
     <span class='ocr_line' id='line_1_21' title="bbox 127 1035 913 1076; baseline -0.009 -8"><span class='ocrx_word' id='word_1_161' title='bbox 127 1041 197 1076; x_wconf 69' lang='grc' dir='ltr'>πρὸς</span> <span class='ocrx_word' id='word_1_162' title='bbox 208 1042 238 1068; x_wconf 82' lang='grc' dir='ltr'><strong>τὺ</strong></span> <span class='ocrx_word' id='word_1_163' title='bbox 251 1042 440 1076; x_wconf 75' lang='grc' dir='ltr'>ἀντικείμενον</span> <span class='ocrx_word' id='word_1_164' title='bbox 453 1041 571 1073; x_wconf 80' lang='grc' dir='ltr'>λέγεται,</span> <span class='ocrx_word' id='word_1_165' title='bbox 585 1039 708 1072; x_wconf 77' lang='grc' dir='ltr'><strong>ἐπήγαγε</strong></span> <span class='ocrx_word' id='word_1_166' title='bbox 719 1045 726 1052; x_wconf 88' lang='grc'>·</span> <span class='ocrx_word' id='word_1_167' title='bbox 742 1037 843 1064; x_wconf 83' lang='grc' dir='ltr'>Μόνον</span> <span class='ocrx_word' id='word_1_168' title='bbox 856 1035 913 1070; x_wconf 76' lang='grc' dir='ltr'><strong>γὰρ</strong></span> 
     </span>
    </p>
   </div>
   <div class='ocr_carea' id='block_1_22' title="bbox 127 1083 915 1121">
    <p class='ocr_par' dir='ltr' id='par_1_22' title="bbox 127 1083 915 1121">
     <span class='ocr_line' id='line_1_22' title="bbox 127 1083 915 1121; baseline -0.009 -7"><span class='ocrx_word' id='word_1_169' title='bbox 127 1087 230 1121; x_wconf 83' lang='grc' dir='ltr'>Πατὴρ</span> <span class='ocrx_word' id='word_1_170' title='bbox 247 1087 263 1114; x_wconf 80' lang='grc' dir='ltr'><em>ὁ</em></span> <span class='ocrx_word' id='word_1_171' title='bbox 284 1087 396 1120; x_wconf 79' lang='grc' dir='ltr'>Πατὴρ,</span> <span class='ocrx_word' id='word_1_172' title='bbox 419 1085 489 1113; x_wconf 64' lang='grc' dir='ltr'><strong>ἀλλ*</strong></span> <span class='ocrx_word' id='word_1_173' title='bbox 513 1084 580 1119; x_wconf 80' lang='grc' dir='ltr'>οὐχί</span> <span class='ocrx_word' id='word_1_174' title='bbox 598 1085 647 1110; x_wconf 80' lang='grc' dir='ltr'><strong>καί</strong></span> <span class='ocrx_word' id='word_1_175' title='bbox 671 1084 750 1116; x_wconf 75' lang='grc' dir='ltr'>Υἱὸς,</span> <span class='ocrx_word' id='word_1_176' title='bbox 780 1083 851 1109; x_wconf 75' lang='grc' dir='ltr'>ὥστε</span> <span class='ocrx_word' id='word_1_177' title='bbox 873 1084 915 1108; x_wconf 80' lang='grc' dir='ltr'><strong>ἐν·</strong></span> 
     </span>
    </p>
   </div>
   <div class='ocr_carea' id='block_1_23' title="bbox 127 1128 912 1166">
    <p class='ocr_par' dir='ltr' id='par_1_23' title="bbox 127 1128 912 1166">
     <span class='ocr_line' id='line_1_23' title="bbox 127 1128 912 1166; baseline -0.009 -6"><span class='ocrx_word' id='word_1_178' title='bbox 127 1134 214 1160; x_wconf 69' lang='grc' dir='ltr'>ταῦοα</span> <span class='ocrx_word' id='word_1_179' title='bbox 229 1133 258 1160; x_wconf 79' lang='grc' dir='ltr'><strong>τὸ</strong></span> <span class='ocrx_word' id='word_1_180' title='bbox 272 1132 373 1166; x_wconf 74' lang='grc' dir='ltr'>Πατήρ</span> <span class='ocrx_word' id='word_1_181' title='bbox 385 1133 421 1163; x_wconf 72' lang='grc' dir='ltr'>ὡς</span> <span class='ocrx_word' id='word_1_182' title='bbox 434 1132 621 1166; x_wconf 73' lang='grc' dir='ltr'>ἀντικείμενον</span> <span class='ocrx_word' id='word_1_183' title='bbox 638 1129 772 1163; x_wconf 73' lang='grc' dir='ltr'>λαμίὶάνει</span> <span class='ocrx_word' id='word_1_184' title='bbox 788 1128 826 1163; x_wconf 80' lang='grc' dir='ltr'>τῷ</span> <span class='ocrx_word' id='word_1_185' title='bbox 838 1128 912 1160; x_wconf 66' lang='grc' dir='ltr'><strong>Υἱός·</strong></span> 
     </span>
    </p>
   </div>
   <div class='ocr_carea' id='block_1_24' title="bbox 129 1175 915 1213">
    <p class='ocr_par' dir='ltr' id='par_1_24' title="bbox 129 1175 915 1213">
     <span class='ocr_line' id='line_1_24' title="bbox 129 1175 915 1213; baseline -0.009 -7"><span class='ocrx_word' id='word_1_186' title='bbox 129 1181 177 1206; x_wconf 70' lang='grc' dir='ltr'>καὶ</span> <span class='ocrx_word' id='word_1_187' title='bbox 190 1180 247 1206; x_wconf 75' lang='grc' dir='ltr'>ἔστι</span> <span class='ocrx_word' id='word_1_188' title='bbox 273 1178 380 1213; x_wconf 71' lang='grc' dir='ltr'>ψεῦδος,</span> <span class='ocrx_word' id='word_1_189' title='bbox 406 1179 448 1204; x_wconf 78' lang='grc' dir='ltr'>ὅτι</span> <span class='ocrx_word' id='word_1_190' title='bbox 478 1178 558 1212; x_wconf 73' lang='grc' dir='ltr'>μόνον</span> <span class='ocrx_word' id='word_1_191' title='bbox 580 1177 675 1210; x_wconf 80' lang='grc' dir='ltr'>Πατήρ</span> <span class='ocrx_word' id='word_1_192' title='bbox 691 1176 764 1201; x_wconf 77' lang='grc' dir='ltr'>ἐστιν</span> <span class='ocrx_word' id='word_1_193' title='bbox 779 1181 786 1189; x_wconf 83' lang='grc'><strong><em>⁸</em></strong></span> <span class='ocrx_word' id='word_1_194' title='bbox 817 1175 846 1200; x_wconf 89' lang='grc' dir='ltr'>οὺ</span> <span class='ocrx_word' id='word_1_195' title='bbox 861 1175 915 1208; x_wconf 84' lang='grc' dir='ltr'><strong>γάρ</strong></span> 
     </span>
    </p>
   </div>
   <div class='ocr_carea' id='block_1_25' title="bbox 129 1220 916 1259">
    <p class='ocr_par' dir='ltr' id='par_1_25' title="bbox 129 1220 916 1259">
     <span class='ocr_line' id='line_1_25' title="bbox 129 1220 916 1259; baseline -0.009 -7"><span class='ocrx_word' id='word_1_196' title='bbox 129 1228 204 1251; x_wconf 80' lang='grc' dir='ltr'>ἐστιν</span> <span class='ocrx_word' id='word_1_197' title='bbox 221 1226 236 1251; x_wconf 83' lang='grc' dir='ltr'><strong>ὸ</strong></span> <span class='ocrx_word' id='word_1_198' title='bbox 258 1224 351 1259; x_wconf 68' lang='grc' dir='ltr'>Πατὴρ</span> <span class='ocrx_word' id='word_1_199' title='bbox 367 1225 456 1251; x_wconf 74' lang='grc' dir='ltr'>ἐκεῖνο</span> <span class='ocrx_word' id='word_1_200' title='bbox 488 1223 579 1258; x_wconf 78' lang='grc' dir='ltr'>μόνον,</span> <span class='ocrx_word' id='word_1_201' title='bbox 595 1221 655 1247; x_wconf 72' lang='grc' dir='ltr'>καθ’</span> <span class='ocrx_word' id='word_1_202' title='bbox 669 1221 683 1247; x_wconf 85' lang='grc' dir='ltr'><strong>ὃ</strong></span> <span class='ocrx_word' id='word_1_203' title='bbox 709 1220 862 1247; x_wconf 78' lang='grc' dir='ltr'>ἀντίκειται</span> <span class='ocrx_word' id='word_1_204' title='bbox 877 1220 916 1254; x_wconf 77' lang='grc' dir='ltr'>τῲ</span> 
     </span>
    </p>
   </div>
   <div class='ocr_carea' id='block_1_26' title="bbox 129 1265 916 1308">
    <p class='ocr_par' dir='ltr' id='par_1_26' title="bbox 129 1265 916 1308">
     <span class='ocr_line' id='line_1_26' title="bbox 129 1265 916 1308; baseline -0.009 -10"><span class='ocrx_word' id='word_1_205' title='bbox 129 1272 199 1308; x_wconf 82' lang='grc' dir='ltr'><strong>Υίῷ,</strong></span> <span class='ocrx_word' id='word_1_206' title='bbox 214 1271 281 1298; x_wconf 70' lang='grc' dir='ltr'>ἀλλὰ</span> <span class='ocrx_word' id='word_1_207' title='bbox 297 1271 342 1298; x_wconf 82' lang='grc' dir='ltr'><strong>καί</strong></span> <span class='ocrx_word' id='word_1_208' title='bbox 352 1279 377 1297; x_wconf 84' lang='grc' dir='ltr'><strong>τι</strong></span> <span class='ocrx_word' id='word_1_209' title='bbox 391 1270 494 1305; x_wconf 73' lang='grc' dir='ltr'>ἕτερον,</span> <span class='ocrx_word' id='word_1_210' title='bbox 511 1268 571 1294; x_wconf 77' lang='grc' dir='ltr'>καθ’</span> <span class='ocrx_word' id='word_1_211' title='bbox 587 1268 600 1294; x_wconf 77' lang='grc' dir='ltr'><strong>ὃ</strong></span> <span class='ocrx_word' id='word_1_212' title='bbox 616 1266 672 1302; x_wconf 72' lang='grc' dir='ltr'>ἔχει</span> <span class='ocrx_word' id='word_1_213' title='bbox 688 1267 824 1293; x_wconf 72' lang='grc' dir='ltr'>ἀντίθεσιν</span> <span class='ocrx_word' id='word_1_214' title='bbox 848 1265 916 1300; x_wconf 74' lang='grc' dir='ltr'>πρὸς</span> 
     </span>
    </p>
   </div>
   <div class='ocr_carea' id='block_1_27' title="bbox 129 1310 915 1352">
    <p class='ocr_par' dir='ltr' id='par_1_27' title="bbox 129 1310 915 1352">
     <span class='ocr_line' id='line_1_27' title="bbox 129 1310 915 1352; baseline -0.009 -8"><span class='ocrx_word' id='word_1_215' title='bbox 129 1318 160 1344; x_wconf 75' lang='grc' dir='ltr'>τὸ</span> <span class='ocrx_word' id='word_1_216' title='bbox 182 1317 258 1352; x_wconf 77' lang='grc' dir='ltr'>ἅγιον</span> <span class='ocrx_word' id='word_1_217' title='bbox 275 1317 398 1351; x_wconf 78' lang='grc' dir='ltr'>Πνεῦμα,</span> <span class='ocrx_word' id='word_1_218' title='bbox 415 1317 500 1350; x_wconf 76' lang='grc' dir='ltr'>ἤγουν</span> <span class='ocrx_word' id='word_1_219' title='bbox 526 1313 685 1349; x_wconf 71' lang='grc' dir='ltr'>προϐολεὺς.</span> <span class='ocrx_word' id='word_1_220' title='bbox 703 1310 770 1340; x_wconf 72' lang='grc' dir='ltr'>Εἶτα</span> <span class='ocrx_word' id='word_1_221' title='bbox 796 1312 896 1345; x_wconf 76' lang='grc' dir='ltr'>ἐπάγει</span> <span class='ocrx_word' id='word_1_222' title='bbox 908 1320 915 1327; x_wconf 82' lang='grc'><strong>’</strong></span> 
     </span>
    </p>
   </div>
   <div class='ocr_carea' id='block_1_28' title="bbox 132 1359 917 1398">
    <p class='ocr_par' dir='ltr' id='par_1_28' title="bbox 132 1359 917 1398">
     <span class='ocr_line' id='line_1_28' title="bbox 132 1359 917 1398; baseline -0.009 -7"><span class='ocrx_word' id='word_1_223' title='bbox 132 1365 184 1392; x_wconf 80' lang='lat' dir='ltr'><strong>It’al</strong></span> <span class='ocrx_word' id='word_1_224' title='bbox 202 1365 296 1398; x_wconf 81' lang='grc' dir='ltr'>μόνον</span> <span class='ocrx_word' id='word_1_225' title='bbox 310 1363 386 1396; x_wconf 73' lang='grc' dir='ltr'><strong>Υἱὸς.</strong></span> <span class='ocrx_word' id='word_1_226' title='bbox 409 1361 480 1390; x_wconf 78' lang='grc' dir='ltr'><strong>ἀλλ’</strong></span> <span class='ocrx_word' id='word_1_227' title='bbox 495 1362 532 1388; x_wconf 84' lang='grc' dir='ltr'>οὐ</span> <span class='ocrx_word' id='word_1_228' title='bbox 561 1361 611 1387; x_wconf 74' lang='grc' dir='ltr'>καὶ</span> <span class='ocrx_word' id='word_1_229' title='bbox 625 1359 727 1393; x_wconf 78' lang='grc' dir='ltr'>Πατὴρ</span> <span class='ocrx_word' id='word_1_230' title='bbox 737 1380 745 1392; x_wconf 87' lang='grc'><strong>,</strong></span> <span class='ocrx_word' id='word_1_231' title='bbox 760 1359 829 1385; x_wconf 82' lang='grc' dir='ltr'>ὥστε</span> <span class='ocrx_word' id='word_1_232' title='bbox 848 1360 873 1385; x_wconf 88' lang='grc' dir='ltr'>εἰ</span> <span class='ocrx_word' id='word_1_233' title='bbox 887 1359 917 1385; x_wconf 65' lang='grc' dir='ltr'>τι.</span> 
     </span>
    </p>
   </div>
   <div class='ocr_carea' id='block_1_29' title="bbox 128 1404 919 1446">
    <p class='ocr_par' dir='ltr' id='par_1_29' title="bbox 128 1404 919 1446">
     <span class='ocr_line' id='line_1_29' title="bbox 128 1404 919 1446; baseline -0.01 -8"><span class='ocrx_word' id='word_1_234' title='bbox 128 1412 226 1446; x_wconf 78' lang='grc' dir='ltr'>μόνον</span> <span class='ocrx_word' id='word_1_235' title='bbox 241 1410 307 1446; x_wconf 61' lang='grc' dir='ltr'>πρὸς</span> <span class='ocrx_word' id='word_1_236' title='bbox 323 1410 353 1436; x_wconf 78' lang='grc' dir='ltr'>τὸ</span> <span class='ocrx_word' id='word_1_237' title='bbox 372 1409 562 1441; x_wconf 79' lang='grc' dir='ltr'>ἀντικείμενον</span> <span class='ocrx_word' id='word_1_238' title='bbox 578 1407 698 1441; x_wconf 74' lang='grc' dir='ltr'>λέγεται,</span> <span class='ocrx_word' id='word_1_239' title='bbox 720 1406 758 1437; x_wconf 82' lang='grc' dir='ltr'>ὡς</span> <span class='ocrx_word' id='word_1_240' title='bbox 777 1405 858 1436; x_wconf 76' lang='grc' dir='ltr'>αὐτὸς</span> <span class='ocrx_word' id='word_1_241' title='bbox 874 1404 919 1430; x_wconf 69' lang='grc' dir='ltr'><strong>(δῦ-</strong></span> 
     </span>
    </p>
   </div>
   <div class='ocr_carea' id='block_1_30' title="bbox 132 1452 916 1492">
    <p class='ocr_par' dir='ltr' id='par_1_30' title="bbox 132 1452 916 1492">
     <span class='ocr_line' id='line_1_30' title="bbox 132 1452 916 1492; baseline -0.009 -8"><span class='ocrx_word' id='word_1_242' title='bbox 132 1468 171 1485; x_wconf 85' lang='grc' dir='ltr'>-ιω</span> <span class='ocrx_word' id='word_1_243' title='bbox 189 1458 281 1492; x_wconf 75' lang='grc' dir='ltr'>φησὶν,</span> <span class='ocrx_word' id='word_1_244' title='bbox 297 1457 396 1483; x_wconf 77' lang='grc' dir='ltr'>ὁπόταν</span> <span class='ocrx_word' id='word_1_245' title='bbox 419 1456 484 1491; x_wconf 76' lang='grc' dir='ltr'><strong>λέγῃ</strong></span> <span class='ocrx_word' id='word_1_246' title='bbox 509 1455 556 1482; x_wconf 74' lang='grc' dir='ltr'>τὸν</span> <span class='ocrx_word' id='word_1_247' title='bbox 570 1453 634 1480; x_wconf 78' lang='grc' dir='ltr'>Υἱὺν</span> <span class='ocrx_word' id='word_1_248' title='bbox 649 1452 717 1479; x_wconf 81' lang='grc' dir='ltr'>εἶναι</span> <span class='ocrx_word' id='word_1_249' title='bbox 737 1453 817 1487; x_wconf 86' lang='grc' dir='ltr'>μόνον</span> <span class='ocrx_word' id='word_1_250' title='bbox 843 1452 916 1485; x_wconf 71' lang='grc' dir='ltr'>Υῑον,</span> 
     </span>
    </p>
   </div>
   <div class='ocr_carea' id='block_1_31' title="bbox 133 1498 919 1537">
    <p class='ocr_par' dir='ltr' id='par_1_31' title="bbox 133 1498 919 1537">
     <span class='ocr_line' id='line_1_31' title="bbox 133 1498 919 1537; baseline -0.01 -6"><span class='ocrx_word' id='word_1_251' title='bbox 133 1506 190 1532; x_wconf 76' lang='grc' dir='ltr'>ἀλλ’</span> <span class='ocrx_word' id='word_1_252' title='bbox 204 1505 234 1531; x_wconf 83' lang='grc' dir='ltr'>οὐ</span> <span class='ocrx_word' id='word_1_253' title='bbox 247 1505 293 1530; x_wconf 71' lang='grc' dir='ltr'>καὶ</span> <span class='ocrx_word' id='word_1_254' title='bbox 305 1503 423 1537; x_wconf 77' lang='grc' dir='ltr'>Πατέρα,</span> <span class='ocrx_word' id='word_1_255' title='bbox 437 1503 487 1528; x_wconf 73' lang='grc' dir='ltr'>οὐκ</span> <span class='ocrx_word' id='word_1_256' title='bbox 499 1501 586 1535; x_wconf 78' lang='grc' dir='ltr'><strong>εἴργει</strong></span> <span class='ocrx_word' id='word_1_257' title='bbox 605 1500 652 1526; x_wconf 77' lang='grc' dir='ltr'>τὸν</span> <span class='ocrx_word' id='word_1_258' title='bbox 666 1499 729 1526; x_wconf 67' lang='grc' dir='ltr'>Υἱζν</span> <span class='ocrx_word' id='word_1_259' title='bbox 741 1498 788 1524; x_wconf 78' lang='grc' dir='ltr'>τοῦ</span> <span class='ocrx_word' id='word_1_260' title='bbox 801 1498 919 1534; x_wconf 78' lang='grc' dir='ltr'>προὸάλ-</span> 
     </span>
    </p>
   </div>
   <div class='ocr_carea' id='block_1_32' title="bbox 956 246 1742 286">
    <p class='ocr_par' dir='ltr' id='par_1_32' title="bbox 956 246 1742 286">
     <span class='ocr_line' id='line_1_32' title="bbox 956 246 1742 286; baseline -0.011 -5"><span class='ocrx_word' id='word_1_261' title='bbox 956 253 1029 281; x_wconf 81' lang='lat' dir='ltr'><strong>enim</strong></span> <span class='ocrx_word' id='word_1_262' title='bbox 1046 258 1119 280; x_wconf 85' lang='lat' dir='ltr'><strong>esset</strong></span> <span class='ocrx_word' id='word_1_263' title='bbox 1141 252 1291 286; x_wconf 81' lang='lat' dir='ltr'><strong>productor</strong></span> <span class='ocrx_word' id='word_1_264' title='bbox 1306 249 1397 281; x_wconf 80' lang='lat' dir='ltr'><strong>Pater,</strong></span> <span class='ocrx_word' id='word_1_265' title='bbox 1423 248 1446 275; x_wconf 86' lang='lat' dir='ltr'><strong>si</strong></span> <span class='ocrx_word' id='word_1_266' title='bbox 1473 255 1527 274; x_wconf 92' lang='lat' dir='ltr'><strong>non</strong></span> <span class='ocrx_word' id='word_1_267' title='bbox 1545 255 1593 281; x_wconf 82' lang='lat' dir='ltr'><strong>per</strong></span> <span class='ocrx_word' id='word_1_268' title='bbox 1622 246 1742 273; x_wconf 81' lang='lat' dir='ltr'><strong>F.1ium?</strong></span> 
     </span>
    </p>
   </div>
   <div class='ocr_carea' id='block_1_33' title="bbox 958 292 1743 332">
    <p class='ocr_par' dir='ltr' id='par_1_33' title="bbox 958 292 1743 332">
     <span class='ocr_line' id='line_1_33' title="bbox 958 292 1743 332; baseline -0.013 -4"><span class='ocrx_word' id='word_1_269' title='bbox 958 300 1011 328; x_wconf 80' lang='lat' dir='ltr'><strong>Sed</strong></span> <span class='ocrx_word' id='word_1_270' title='bbox 1021 299 1055 327; x_wconf 84' lang='lat' dir='ltr'><strong>de</strong></span> <span class='ocrx_word' id='word_1_271' title='bbox 1070 299 1121 326; x_wconf 83' lang='lat' dir='ltr'><strong>hoc</strong></span> <span class='ocrx_word' id='word_1_272' title='bbox 1131 296 1280 332; x_wconf 74' lang='lat' dir='ltr'><strong>posterius;</strong></span> <span class='ocrx_word' id='word_1_273' title='bbox 1292 303 1366 323; x_wconf 91' lang='lat' dir='ltr'><strong>ttunc</strong></span> <span class='ocrx_word' id='word_1_274' title='bbox 1377 303 1441 322; x_wconf 81' lang='lat' dir='ltr'><strong>vero</strong></span> <span class='ocrx_word' id='word_1_275' title='bbox 1454 294 1552 322; x_wconf 79' lang='lat' dir='ltr'><strong>sufﬁcit</strong></span> <span class='ocrx_word' id='word_1_276' title='bbox 1565 293 1656 324; x_wconf 85' lang='lat' dir='ltr'><strong>nobis,</strong></span> <span class='ocrx_word' id='word_1_277' title='bbox 1668 292 1743 327; x_wconf 83' lang='lat' dir='ltr'><strong>quod</strong></span> 
     </span>
    </p>
   </div>
   <div class='ocr_carea' id='block_1_34' title="bbox 958 339 1743 379">
    <p class='ocr_par' dir='ltr' id='par_1_34' title="bbox 958 339 1743 379">
     <span class='ocr_line' id='line_1_34' title="bbox 958 339 1743 379; baseline -0.011 -8"><span class='ocrx_word' id='word_1_278' title='bbox 958 352 1048 379; x_wconf 87' lang='lat' dir='ltr'><strong>neque</strong></span> <span class='ocrx_word' id='word_1_279' title='bbox 1066 342 1218 378; x_wconf 73' lang='lat' dir='ltr'><strong>propositio</strong></span> <span class='ocrx_word' id='word_1_280' title='bbox 1239 341 1284 368; x_wconf 80' lang='lat' dir='ltr'><strong>illa</strong></span> <span class='ocrx_word' id='word_1_281' title='bbox 1302 347 1344 369; x_wconf 76' lang='lat' dir='ltr'><strong>est</strong></span> <span class='ocrx_word' id='word_1_282' title='bbox 1372 349 1421 376; x_wconf 88' lang='lat' dir='ltr'><strong>per</strong></span> <span class='ocrx_word' id='word_1_283' title='bbox 1447 347 1477 367; x_wconf 84' lang='lat' dir='ltr'><strong>se</strong></span> <span class='ocrx_word' id='word_1_284' title='bbox 1502 339 1626 369; x_wconf 84' lang='lat' dir='ltr'><strong>evidens,</strong></span> <span class='ocrx_word' id='word_1_285' title='bbox 1653 345 1743 371; x_wconf 69' lang='lat' dir='ltr'><strong>ne;ch</strong></span> 
     </span>
    </p>
   </div>
   <div class='ocr_carea' id='block_1_35' title="bbox 958 385 1745 425">
    <p class='ocr_par' dir='ltr' id='par_1_35' title="bbox 958 385 1745 425">
     <span class='ocr_line' id='line_1_35' title="bbox 958 385 1745 425; baseline -0.009 -9"><span class='ocrx_word' id='word_1_286' title='bbox 958 390 1017 425; x_wconf 85' lang='lat' dir='ltr'><strong>ipse</strong></span> <span class='ocrx_word' id='word_1_287' title='bbox 1029 389 1153 425; x_wconf 80' lang='lat' dir='ltr'><strong>ejusdem</strong></span> <span class='ocrx_word' id='word_1_288' title='bbox 1181 387 1372 415; x_wconf 70' lang='lat' dir='ltr'><strong>necessitatem</strong></span> <span class='ocrx_word' id='word_1_289' title='bbox 1392 386 1495 420; x_wconf 82' lang='lat' dir='ltr'><strong>intulit,</strong></span> <span class='ocrx_word' id='word_1_290' title='bbox 1523 387 1579 413; x_wconf 86' lang='lat' dir='ltr'><strong>into</strong></span> <span class='ocrx_word' id='word_1_291' title='bbox 1605 385 1698 421; x_wconf 81' lang='lat' dir='ltr'><strong>potius</strong></span> <span class='ocrx_word' id='word_1_292' title='bbox 1718 387 1745 409; x_wconf 86' lang='lat' dir='ltr'><strong>et</strong></span> 
     </span>
    </p>
   </div>
   <div class='ocr_carea' id='block_1_36' title="bbox 958 431 1745 468">
    <p class='ocr_par' dir='ltr' id='par_1_36' title="bbox 958 431 1745 468">
     <span class='ocr_line' id='line_1_36' title="bbox 958 431 1745 468; baseline -0.008 -4"><span class='ocrx_word' id='word_1_293' title='bbox 958 444 990 464; x_wconf 90' lang='lat' dir='ltr'><strong>ea</strong></span> <span class='ocrx_word' id='word_1_294' title='bbox 1005 436 1124 463; x_wconf 82' lang='lat' dir='ltr'><strong>admissa</strong></span> <span class='ocrx_word' id='word_1_295' title='bbox 1140 434 1224 462; x_wconf 84' lang='lat' dir='ltr'><strong>multa</strong></span> <span class='ocrx_word' id='word_1_296' title='bbox 1237 433 1404 468; x_wconf 70' lang='lat' dir='ltr'><strong>colliguntur</strong></span> <span class='ocrx_word' id='word_1_297' title='bbox 1419 433 1498 464; x_wconf 82' lang='lat' dir='ltr'><strong>falsa,</strong></span> <span class='ocrx_word' id='word_1_298' title='bbox 1511 437 1656 467; x_wconf 77' lang='lat' dir='ltr'><strong>propterea</strong></span> <span class='ocrx_word' id='word_1_299' title='bbox 1672 431 1745 466; x_wconf 83' lang='lat' dir='ltr'><strong>quod</strong></span> 
     </span>
    </p>
   </div>
   <div class='ocr_carea' id='block_1_37' title="bbox 959 476 1745 512">
    <p class='ocr_par' dir='ltr' id='par_1_37' title="bbox 959 476 1745 512">
     <span class='ocr_line' id='line_1_37' title="bbox 959 476 1745 512; baseline -0.009 -3"><span class='ocrx_word' id='word_1_300' title='bbox 959 489 991 510; x_wconf 85' lang='lat' dir='ltr'><strong>ea</strong></span> <span class='ocrx_word' id='word_1_301' title='bbox 1016 481 1118 509; x_wconf 90' lang='lat' dir='ltr'><strong>ntultas</strong></span> <span class='ocrx_word' id='word_1_302' title='bbox 1133 480 1379 508; x_wconf 85' lang='lat' dir='ltr'><strong>determinationes</strong></span> <span class='ocrx_word' id='word_1_303' title='bbox 1403 479 1539 511; x_wconf 83' lang='lat' dir='ltr'><strong>continet,</strong></span> <span class='ocrx_word' id='word_1_304' title='bbox 1556 486 1571 505; x_wconf 87' lang='lat' dir='ltr'><strong>e</strong></span> <span class='ocrx_word' id='word_1_305' title='bbox 1597 477 1699 512; x_wconf 85' lang='lat' dir='ltr'><strong>quibus</strong></span> <span class='ocrx_word' id='word_1_306' title='bbox 1718 476 1745 502; x_wconf 91' lang='lat' dir='ltr'><strong>in</strong></span> 
     </span>
    </p>
   </div>
   <div class='ocr_carea' id='block_1_38' title="bbox 960 522 1747 562">
    <p class='ocr_par' dir='ltr' id='par_1_38' title="bbox 960 522 1747 562">
     <span class='ocr_line' id='line_1_38' title="bbox 960 522 1747 562; baseline -0.009 -7"><span class='ocrx_word' id='word_1_307' title='bbox 960 527 1079 562; x_wconf 86' lang='lat' dir='ltr'><strong>qualibet</strong></span> <span class='ocrx_word' id='word_1_308' title='bbox 1097 527 1275 556; x_wconf 85' lang='lat' dir='ltr'><strong>conclusione</strong></span> <span class='ocrx_word' id='word_1_309' title='bbox 1291 525 1442 554; x_wconf 84' lang='lat' dir='ltr'><strong>secundum</strong></span> <span class='ocrx_word' id='word_1_310' title='bbox 1456 524 1604 552; x_wconf 79' lang='lat' dir='ltr'><strong>arbitrium</strong></span> <span class='ocrx_word' id='word_1_311' title='bbox 1623 523 1675 551; x_wconf 87' lang='lat' dir='ltr'><strong>sibi</strong></span> <span class='ocrx_word' id='word_1_312' title='bbox 1692 522 1747 562; x_wconf 83' lang='lat' dir='ltr'><strong>uti-</strong></span> 
     </span>
    </p>
   </div>
   <div class='ocr_carea' id='block_1_39' title="bbox 959 560 1744 608">
    <p class='ocr_par' dir='ltr' id='par_1_39' title="bbox 959 560 1744 608">
     <span class='ocr_line' id='line_1_39' title="bbox 959 560 1744 608; baseline -0.008 -7"><span class='ocrx_word' id='word_1_313' title='bbox 959 574 1000 602; x_wconf 87' lang='lat' dir='ltr'><strong>lcs</strong></span> <span class='ocrx_word' id='word_1_314' title='bbox 1015 574 1073 608; x_wconf 87' lang='lat' dir='ltr'><strong>ipse</strong></span> <span class='ocrx_word' id='word_1_315' title='bbox 1088 574 1213 601; x_wconf 77' lang='lat' dir='ltr'><strong>assumit.</strong></span> <span class='ocrx_word' id='word_1_316' title='bbox 1230 572 1379 608; x_wconf 83' lang='lat' dir='ltr'><strong>Oportebat</strong></span> <span class='ocrx_word' id='word_1_317' title='bbox 1399 577 1491 599; x_wconf 88' lang='lat' dir='ltr'><strong>autem</strong></span> <span class='ocrx_word' id='word_1_318' title='bbox 1509 577 1606 598; x_wconf 88' lang='lat' dir='ltr'><strong>omnes</strong></span> <span class='ocrx_word' id='word_1_319' title='bbox 1621 560 1744 602; x_wconf 58' lang='lat' dir='ltr'><strong>sumere,</strong></span> 
     </span>
    </p>
   </div>
   <div class='ocr_carea' id='block_1_40' title="bbox 961 617 1748 655">
    <p class='ocr_par' dir='ltr' id='par_1_40' title="bbox 961 617 1748 655">
     <span class='ocr_line' id='line_1_40' title="bbox 961 617 1748 655; baseline -0.008 -8"><span class='ocrx_word' id='word_1_320' title='bbox 961 626 989 648; x_wconf 88' lang='lat' dir='ltr'><strong>et</strong></span> <span class='ocrx_word' id='word_1_321' title='bbox 1004 620 1044 647; x_wconf 87' lang='lat' dir='ltr'><strong>sic</strong></span> <span class='ocrx_word' id='word_1_322' title='bbox 1059 620 1233 655; x_wconf 81' lang='lat' dir='ltr'><strong>apparuisset</strong></span> <span class='ocrx_word' id='word_1_323' title='bbox 1261 619 1434 647; x_wconf 89' lang='lat' dir='ltr'><strong>mendaciutn</strong></span> <span class='ocrx_word' id='word_1_324' title='bbox 1459 619 1541 653; x_wconf 83' lang='lat' dir='ltr'><strong>hujus</strong></span> <span class='ocrx_word' id='word_1_325' title='bbox 1558 617 1668 652; x_wconf 82' lang='lat' dir='ltr'><strong>majoris</strong></span> <span class='ocrx_word' id='word_1_326' title='bbox 1684 623 1748 650; x_wconf 89' lang='lat' dir='ltr'><strong>pro—</strong></span> 
     </span>
    </p>
   </div>
   <div class='ocr_carea' id='block_1_41' title="bbox 962 662 1745 700">
    <p class='ocr_par' dir='ltr' id='par_1_41' title="bbox 962 662 1745 700">
     <span class='ocr_line' id='line_1_41' title="bbox 962 662 1745 700; baseline -0.006 -7"><span class='ocrx_word' id='word_1_327' title='bbox 962 666 1108 700; x_wconf 84' lang='lat' dir='ltr'><strong>positionis</strong></span> <span class='ocrx_word' id='word_1_328' title='bbox 1126 666 1152 692; x_wconf 94' lang='lat' dir='ltr'><strong>in</strong></span> <span class='ocrx_word' id='word_1_329' title='bbox 1170 665 1322 694; x_wconf 74' lang='lat' dir='ltr'><strong>mendaciis</strong></span> <span class='ocrx_word' id='word_1_330' title='bbox 1352 665 1416 692; x_wconf 89' lang='lat' dir='ltr'><strong>inde</strong></span> <span class='ocrx_word' id='word_1_331' title='bbox 1435 663 1587 699; x_wconf 85' lang='lat' dir='ltr'><strong>conclusis.</strong></span> <span class='ocrx_word' id='word_1_332' title='bbox 1609 662 1745 696; x_wconf 84' lang='lat' dir='ltr'><strong>insipien-</strong></span> 
     </span>
    </p>
   </div>
   <div class='ocr_carea' id='block_1_42' title="bbox 962 705 1745 746">
    <p class='ocr_par' dir='ltr' id='par_1_42' title="bbox 962 705 1745 746">
     <span class='ocr_line' id='line_1_42' title="bbox 962 705 1745 746; baseline -0.005 -7"><span class='ocrx_word' id='word_1_333' title='bbox 962 716 1004 739; x_wconf 88' lang='lat' dir='ltr'><strong>ter</strong></span> <span class='ocrx_word' id='word_1_334' title='bbox 1017 719 1082 739; x_wconf 80' lang='lat' dir='ltr'><strong>vero</strong></span> <span class='ocrx_word' id='word_1_335' title='bbox 1097 711 1177 744; x_wconf 77' lang='lat' dir='ltr'><strong>dixit,</strong></span> <span class='ocrx_word' id='word_1_336' title='bbox 1201 705 1287 746; x_wconf 66' lang='lat' dir='ltr'><strong>totum</strong></span> <span class='ocrx_word' id='word_1_337' title='bbox 1311 719 1421 746; x_wconf 85' lang='lat' dir='ltr'><strong>semper</strong></span> <span class='ocrx_word' id='word_1_338' title='bbox 1438 711 1471 738; x_wconf 85' lang='lat' dir='ltr'><strong>ad</strong></span> <span class='ocrx_word' id='word_1_339' title='bbox 1490 711 1647 745; x_wconf 88' lang='lat' dir='ltr'><strong>oppositunt</strong></span> <span class='ocrx_word' id='word_1_340' title='bbox 1671 708 1724 736; x_wconf 80' lang='lat' dir='ltr'><strong>diei</strong></span> <span class='ocrx_word' id='word_1_341' title='bbox 1739 717 1745 739; x_wconf 73' lang='grc' dir='ltr'><strong>ς</strong></span> 
     </span>
    </p>
   </div>
   <div class='ocr_carea' id='block_1_43' title="bbox 962 751 1748 792">
    <p class='ocr_par' dir='ltr' id='par_1_43' title="bbox 962 751 1748 792">
     <span class='ocr_line' id='line_1_43' title="bbox 962 751 1748 792; baseline -0.003 -8"><span class='ocrx_word' id='word_1_342' title='bbox 962 765 1025 785; x_wconf 84' lang='lat' dir='ltr'><strong>nam</strong></span> <span class='ocrx_word' id='word_1_343' title='bbox 1042 757 1116 792; x_wconf 89' lang='lat' dir='ltr'><strong>quod</strong></span> <span class='ocrx_word' id='word_1_344' title='bbox 1133 758 1167 784; x_wconf 90' lang='lat' dir='ltr'><strong>ad</strong></span> <span class='ocrx_word' id='word_1_345' title='bbox 1185 751 1342 792; x_wconf 81' lang='lat' dir='ltr'><strong>oppositum</strong></span> <span class='ocrx_word' id='word_1_346' title='bbox 1371 757 1473 784; x_wconf 86' lang='lat' dir='ltr'><strong>dicitur</strong></span> <span class='ocrx_word' id='word_1_347' title='bbox 1490 757 1603 784; x_wconf 87' lang='lat' dir='ltr'><strong>relatum</strong></span> <span class='ocrx_word' id='word_1_348' title='bbox 1631 760 1673 783; x_wconf 88' lang='lat' dir='ltr'><strong>est</strong></span> <span class='ocrx_word' id='word_1_349' title='bbox 1698 756 1748 789; x_wconf 86' lang='lat' dir='ltr'><strong>(a),</strong></span> 
     </span>
    </p>
   </div>
   <div class='ocr_carea' id='block_1_44' title="bbox 963 804 1750 836">
    <p class='ocr_par' dir='ltr' id='par_1_44' title="bbox 963 804 1750 836">
     <span class='ocr_line' id='line_1_44' title="bbox 963 804 1750 836; baseline -0.004 -4"><span class='ocrx_word' id='word_1_350' title='bbox 963 805 1036 832; x_wconf 87' lang='lat' dir='ltr'><strong>unde</strong></span> <span class='ocrx_word' id='word_1_351' title='bbox 1051 810 1078 832; x_wconf 84' lang='lat' dir='ltr'><strong>et</strong></span> <span class='ocrx_word' id='word_1_352' title='bbox 1090 804 1176 834; x_wconf 73' lang='lat' dir='ltr'><strong>solum</strong></span> <span class='ocrx_word' id='word_1_353' title='bbox 1192 806 1308 832; x_wconf 86' lang='lat' dir='ltr'><strong>relatum</strong></span> <span class='ocrx_word' id='word_1_354' title='bbox 1328 806 1419 836; x_wconf 79' lang='lat' dir='ltr'><strong>foret;</strong></span> <span class='ocrx_word' id='word_1_355' title='bbox 1438 805 1491 832; x_wconf 86' lang='lat' dir='ltr'><strong>hoc</strong></span> <span class='ocrx_word' id='word_1_356' title='bbox 1508 809 1600 831; x_wconf 87' lang='lat' dir='ltr'><strong>autem</strong></span> <span class='ocrx_word' id='word_1_357' title='bbox 1626 810 1681 830; x_wconf 89' lang='lat' dir='ltr'><strong>tton</strong></span> <span class='ocrx_word' id='word_1_358' title='bbox 1707 808 1750 830; x_wconf 80' lang='lat' dir='ltr'><strong>est</strong></span> 
     </span>
    </p>
   </div>
   <div class='ocr_carea' id='block_1_45' title="bbox 963 849 1749 885">
    <p class='ocr_par' dir='ltr' id='par_1_45' title="bbox 963 849 1749 885">
     <span class='ocr_line' id='line_1_45' title="bbox 963 849 1749 885; baseline -0.005 -6"><span class='ocrx_word' id='word_1_359' title='bbox 963 859 1079 884; x_wconf 83' lang='lat' dir='ltr'><strong>verum;</strong></span> <span class='ocrx_word' id='word_1_360' title='bbox 1094 859 1158 879; x_wconf 90' lang='lat' dir='ltr'><strong>nam</strong></span> <span class='ocrx_word' id='word_1_361' title='bbox 1184 851 1267 878; x_wconf 73' lang='lat' dir='ltr'><strong>solum</strong></span> <span class='ocrx_word' id='word_1_362' title='bbox 1285 859 1338 879; x_wconf 82' lang='lat' dir='ltr'><strong>non</strong></span> <span class='ocrx_word' id='word_1_363' title='bbox 1353 852 1385 878; x_wconf 82' lang='lat' dir='ltr'><strong>ad</strong></span> <span class='ocrx_word' id='word_1_364' title='bbox 1410 850 1526 885; x_wconf 86' lang='lat' dir='ltr'><strong>aliquid,</strong></span> <span class='ocrx_word' id='word_1_365' title='bbox 1555 849 1603 877; x_wconf 75' lang='lat' dir='ltr'><strong>sed</strong></span> <span class='ocrx_word' id='word_1_366' title='bbox 1619 849 1653 876; x_wconf 88' lang='lat' dir='ltr'><strong>ad</strong></span> <span class='ocrx_word' id='word_1_367' title='bbox 1682 849 1749 876; x_wconf 85' lang='lat' dir='ltr'><strong>nihil</strong></span> 
     </span>
    </p>
   </div>
   <div class='ocr_carea' id='block_1_46' title="bbox 963 895 1751 933">
    <p class='ocr_par' dir='ltr' id='par_1_46' title="bbox 963 895 1751 933">
     <span class='ocr_line' id='line_1_46' title="bbox 963 895 1751 933; baseline -0.004 -8"><span class='ocrx_word' id='word_1_368' title='bbox 963 902 1017 928; x_wconf 82' lang='lat' dir='ltr'><strong>est.</strong></span> <span class='ocrx_word' id='word_1_369' title='bbox 1033 898 1089 925; x_wconf 90' lang='lat' dir='ltr'><strong>imo</strong></span> <span class='ocrx_word' id='word_1_370' title='bbox 1105 898 1199 933; x_wconf 92' lang='lat' dir='ltr'><strong>potius</strong></span> <span class='ocrx_word' id='word_1_371' title='bbox 1214 901 1257 925; x_wconf 87' lang='lat' dir='ltr'><strong>est</strong></span> <span class='ocrx_word' id='word_1_372' title='bbox 1273 898 1457 928; x_wconf 76' lang='lat' dir='ltr'><strong>exclusivum,</strong></span> <span class='ocrx_word' id='word_1_373' title='bbox 1484 897 1543 925; x_wconf 75' lang='lat' dir='ltr'><strong>sive</strong></span> <span class='ocrx_word' id='word_1_374' title='bbox 1561 896 1595 923; x_wconf 90' lang='lat' dir='ltr'><strong>de</strong></span> <span class='ocrx_word' id='word_1_375' title='bbox 1622 895 1751 930; x_wconf 78' lang='lat' dir='ltr'><strong>personis</strong></span> 
     </span>
    </p>
   </div>
   <div class='ocr_carea' id='block_1_47' title="bbox 965 943 1750 978">
    <p class='ocr_par' dir='ltr' id='par_1_47' title="bbox 965 943 1750 978">
     <span class='ocr_line' id='line_1_47' title="bbox 965 943 1750 978; baseline -0.004 -8"><span class='ocrx_word' id='word_1_376' title='bbox 965 943 1083 976; x_wconf 84' lang='lat' dir='ltr'><strong>dicatur,</strong></span> <span class='ocrx_word' id='word_1_377' title='bbox 1100 944 1158 971; x_wconf 78' lang='lat' dir='ltr'><strong>sive</strong></span> <span class='ocrx_word' id='word_1_378' title='bbox 1174 945 1208 971; x_wconf 90' lang='lat' dir='ltr'><strong>de</strong></span> <span class='ocrx_word' id='word_1_379' title='bbox 1221 945 1381 978; x_wconf 79' lang='lat' dir='ltr'><strong>operatione</strong></span> <span class='ocrx_word' id='word_1_380' title='bbox 1397 943 1454 970; x_wconf 75' lang='lat' dir='ltr'><strong>sive</strong></span> <span class='ocrx_word' id='word_1_381' title='bbox 1469 943 1501 970; x_wconf 85' lang='lat' dir='ltr'><strong>de</strong></span> <span class='ocrx_word' id='word_1_382' title='bbox 1517 951 1546 970; x_wconf 89' lang='lat' dir='ltr'><strong>re</strong></span> <span class='ocrx_word' id='word_1_383' title='bbox 1570 949 1750 977; x_wconf 82' lang='lat' dir='ltr'><strong>quacunque.</strong></span> 
     </span>
    </p>
   </div>
   <div class='ocr_carea' id='block_1_48' title="bbox 965 988 1753 1021">
    <p class='ocr_par' dir='ltr' id='par_1_48' title="bbox 965 988 1753 1021">
     <span class='ocr_line' id='line_1_48' title="bbox 965 988 1753 1021; baseline -0.005 -4"><span class='ocrx_word' id='word_1_384' title='bbox 965 989 1029 1021; x_wconf 85' lang='lat' dir='ltr'><strong>Sed,</strong></span> <span class='ocrx_word' id='word_1_385' title='bbox 1049 993 1078 1016; x_wconf 92' lang='lat' dir='ltr'><strong>ut</strong></span> <span class='ocrx_word' id='word_1_386' title='bbox 1094 989 1212 1021; x_wconf 82' lang='lat' dir='ltr'><strong>videtur,</strong></span> <span class='ocrx_word' id='word_1_387' title='bbox 1234 990 1339 1016; x_wconf 82' lang='lat' dir='ltr'><strong>nullam</strong></span> <span class='ocrx_word' id='word_1_388' title='bbox 1356 989 1408 1016; x_wconf 89' lang='lat' dir='ltr'><strong>iste</strong></span> <span class='ocrx_word' id='word_1_389' title='bbox 1425 989 1501 1015; x_wconf 91' lang='lat' dir='ltr'><strong>novit</strong></span> <span class='ocrx_word' id='word_1_390' title='bbox 1518 988 1625 1015; x_wconf 85' lang='lat' dir='ltr'><strong>relativi</strong></span> <span class='ocrx_word' id='word_1_391' title='bbox 1651 992 1678 1014; x_wconf 88' lang='lat' dir='ltr'><strong>et</strong></span> <span class='ocrx_word' id='word_1_392' title='bbox 1705 994 1753 1014; x_wconf 82' lang='lat' dir='ltr'><strong>ex-</strong></span> 
     </span>
    </p>
   </div>
   <div class='ocr_carea' id='block_1_49' title="bbox 965 1033 1752 1062">
    <p class='ocr_par' dir='ltr' id='par_1_49' title="bbox 965 1033 1752 1062">
     <span class='ocr_line' id='line_1_49' title="bbox 965 1033 1752 1062; baseline -0.004 0"><span class='ocrx_word' id='word_1_393' title='bbox 965 1034 1065 1062; x_wconf 78' lang='lat' dir='ltr'><strong>clusivi</strong></span> <span class='ocrx_word' id='word_1_394' title='bbox 1099 1035 1226 1062; x_wconf 86' lang='lat' dir='ltr'><strong>vocabuli</strong></span> <span class='ocrx_word' id='word_1_395' title='bbox 1249 1035 1445 1062; x_wconf 72' lang='lat' dir='ltr'><strong>dilfercntiam.</strong></span> <span class='ocrx_word' id='word_1_396' title='bbox 1474 1033 1657 1062; x_wconf 84' lang='lat' dir='ltr'><strong>Considerare</strong></span> <span class='ocrx_word' id='word_1_397' title='bbox 1687 1041 1752 1060; x_wconf 75' lang='lat' dir='ltr'><strong>vero</strong></span> 
     </span>
    </p>
   </div>
   <div class='ocr_carea' id='block_1_50' title="bbox 967 1079 1753 1116">
    <p class='ocr_par' dir='ltr' id='par_1_50' title="bbox 967 1079 1753 1116">
     <span class='ocr_line' id='line_1_50' title="bbox 967 1079 1753 1116; baseline -0.001 -9"><span class='ocrx_word' id='word_1_398' title='bbox 967 1081 1048 1108; x_wconf 84' lang='lat' dir='ltr'><strong>etiam</strong></span> <span class='ocrx_word' id='word_1_399' title='bbox 1065 1081 1139 1113; x_wconf 88' lang='lat' dir='ltr'><strong>licet.</strong></span> <span class='ocrx_word' id='word_1_400' title='bbox 1156 1081 1294 1116; x_wconf 88' lang='lat' dir='ltr'><strong>quomodo</strong></span> <span class='ocrx_word' id='word_1_401' title='bbox 1307 1081 1352 1108; x_wconf 94' lang='lat' dir='ltr'><strong>ille</strong></span> <span class='ocrx_word' id='word_1_402' title='bbox 1367 1089 1382 1108; x_wconf 88' lang='lat' dir='ltr'><strong>a</strong></span> <span class='ocrx_word' id='word_1_403' title='bbox 1396 1089 1425 1108; x_wconf 88' lang='lat' dir='ltr'><strong>se</strong></span> <span class='ocrx_word' id='word_1_404' title='bbox 1442 1082 1502 1115; x_wconf 86' lang='lat' dir='ltr'><strong>ipso</strong></span> <span class='ocrx_word' id='word_1_405' title='bbox 1515 1080 1662 1114; x_wconf 77' lang='lat' dir='ltr'><strong>plectatur.</strong></span> <span class='ocrx_word' id='word_1_406' title='bbox 1675 1079 1753 1106; x_wconf 77' lang='lat' dir='ltr'><strong>Post-</strong></span> 
     </span>
    </p>
   </div>
   <div class='ocr_carea' id='block_1_51' title="bbox 966 1126 1751 1163">
    <p class='ocr_par' dir='ltr' id='par_1_51' title="bbox 966 1126 1751 1163">
     <span class='ocr_line' id='line_1_51' title="bbox 966 1126 1751 1163; baseline 0 -9"><span class='ocrx_word' id='word_1_407' title='bbox 966 1137 1047 1162; x_wconf 83' lang='lat' dir='ltr'><strong>quam</strong></span> <span class='ocrx_word' id='word_1_408' title='bbox 1064 1129 1136 1156; x_wconf 89' lang='lat' dir='ltr'><strong>enim</strong></span> <span class='ocrx_word' id='word_1_409' title='bbox 1154 1129 1232 1161; x_wconf 84' lang='lat' dir='ltr'><strong>dixit,</strong></span> <span class='ocrx_word' id='word_1_410' title='bbox 1245 1128 1329 1156; x_wconf 76' lang='lat' dir='ltr'><strong>solum</strong></span> <span class='ocrx_word' id='word_1_411' title='bbox 1342 1129 1374 1156; x_wconf 88' lang='lat' dir='ltr'><strong>ad</strong></span> <span class='ocrx_word' id='word_1_412' title='bbox 1387 1129 1543 1163; x_wconf 87' lang='lat' dir='ltr'><strong>oppositum</strong></span> <span class='ocrx_word' id='word_1_413' title='bbox 1559 1127 1624 1159; x_wconf 83' lang='lat' dir='ltr'><strong>dici,</strong></span> <span class='ocrx_word' id='word_1_414' title='bbox 1638 1126 1751 1154; x_wconf 85' lang='lat' dir='ltr'><strong>intulit.</strong></span> 
     </span>
    </p>
   </div>
   <div class='ocr_carea' id='block_1_52' title="bbox 967 1172 1753 1210">
    <p class='ocr_par' dir='ltr' id='par_1_52' title="bbox 967 1172 1753 1210">
     <span class='ocr_line' id='line_1_52' title="bbox 967 1172 1753 1210; baseline -0.003 -9"><span class='ocrx_word' id='word_1_415' title='bbox 967 1173 1058 1201; x_wconf 86' lang='lat' dir='ltr'><strong>Solum</strong></span> <span class='ocrx_word' id='word_1_416' title='bbox 1076 1183 1188 1210; x_wconf 81' lang='lat' dir='ltr'><strong>namque</strong></span> <span class='ocrx_word' id='word_1_417' title='bbox 1207 1175 1286 1201; x_wconf 81' lang='lat' dir='ltr'><strong>Pater</strong></span> <span class='ocrx_word' id='word_1_418' title='bbox 1302 1179 1340 1202; x_wconf 82' lang='lat' dir='ltr'><strong>est</strong></span> <span class='ocrx_word' id='word_1_419' title='bbox 1357 1174 1448 1206; x_wconf 76' lang='lat' dir='ltr'><strong>Pater,</strong></span> <span class='ocrx_word' id='word_1_420' title='bbox 1464 1174 1509 1201; x_wconf 77' lang='lat' dir='ltr'><strong>sed</strong></span> <span class='ocrx_word' id='word_1_421' title='bbox 1525 1182 1578 1200; x_wconf 83' lang='lat' dir='ltr'><strong>non</strong></span> <span class='ocrx_word' id='word_1_422' title='bbox 1598 1178 1622 1200; x_wconf 83' lang='lat' dir='ltr'><strong>et</strong></span> <span class='ocrx_word' id='word_1_423' title='bbox 1642 1172 1753 1205; x_wconf 70' lang='lat' dir='ltr'><strong>Filius;</strong></span> 
     </span>
    </p>
   </div>
   <div class='ocr_carea' id='block_1_53' title="bbox 967 1219 1752 1255">
    <p class='ocr_par' dir='ltr' id='par_1_53' title="bbox 967 1219 1752 1255">
     <span class='ocr_line' id='line_1_53' title="bbox 967 1219 1752 1255; baseline -0.001 -8"><span class='ocrx_word' id='word_1_424' title='bbox 967 1220 1040 1247; x_wconf 89' lang='lat' dir='ltr'><strong>uttde</strong></span> <span class='ocrx_word' id='word_1_425' title='bbox 1059 1221 1110 1249; x_wconf 85' lang='lat' dir='ltr'><strong>hoc</strong></span> <span class='ocrx_word' id='word_1_426' title='bbox 1131 1221 1192 1248; x_wconf 92' lang='lat' dir='ltr'><strong>loco</strong></span> <span class='ocrx_word' id='word_1_427' title='bbox 1215 1221 1324 1249; x_wconf 82' lang='lat' dir='ltr'><strong>Patrem</strong></span> <span class='ocrx_word' id='word_1_428' title='bbox 1340 1225 1369 1247; x_wconf 90' lang='lat' dir='ltr'><strong>ut</strong></span> <span class='ocrx_word' id='word_1_429' title='bbox 1385 1221 1542 1255; x_wconf 87' lang='lat' dir='ltr'><strong>oppositum</strong></span> <span class='ocrx_word' id='word_1_430' title='bbox 1562 1220 1632 1247; x_wconf 88' lang='lat' dir='ltr'><strong>Filio</strong></span> <span class='ocrx_word' id='word_1_431' title='bbox 1647 1219 1730 1247; x_wconf 89' lang='lat' dir='ltr'><strong>sumit</strong></span> <span class='ocrx_word' id='word_1_432' title='bbox 1744 1228 1752 1251; x_wconf 83' lang='lat'><strong>;</strong></span> 
     </span>
    </p>
   </div>
   <div class='ocr_carea' id='block_1_54' title="bbox 966 1265 1753 1298">
    <p class='ocr_par' dir='ltr' id='par_1_54' title="bbox 966 1265 1753 1298">
     <span class='ocr_line' id='line_1_54' title="bbox 966 1265 1753 1298; baseline -0.003 -5"><span class='ocrx_word' id='word_1_433' title='bbox 966 1271 995 1294; x_wconf 90' lang='lat' dir='ltr'><strong>et</strong></span> <span class='ocrx_word' id='word_1_434' title='bbox 1013 1271 1055 1294; x_wconf 89' lang='lat' dir='ltr'><strong>est</strong></span> <span class='ocrx_word' id='word_1_435' title='bbox 1072 1265 1180 1298; x_wconf 80' lang='lat' dir='ltr'><strong>falsum,</strong></span> <span class='ocrx_word' id='word_1_436' title='bbox 1205 1275 1267 1294; x_wconf 88' lang='lat' dir='ltr'><strong>eum</strong></span> <span class='ocrx_word' id='word_1_437' title='bbox 1297 1266 1385 1293; x_wconf 83' lang='lat' dir='ltr'><strong>solum</strong></span> <span class='ocrx_word' id='word_1_438' title='bbox 1406 1274 1467 1293; x_wconf 88' lang='lat' dir='ltr'><strong>esse</strong></span> <span class='ocrx_word' id='word_1_439' title='bbox 1490 1265 1616 1298; x_wconf 81' lang='lat' dir='ltr'><strong>Patrem;</strong></span> <span class='ocrx_word' id='word_1_440' title='bbox 1650 1265 1753 1292; x_wconf 88' lang='lat' dir='ltr'><strong>etenint</strong></span> 
     </span>
    </p>
   </div>
   <div class='ocr_carea' id='block_1_55' title="bbox 968 1309 1753 1345">
    <p class='ocr_par' dir='ltr' id='par_1_55' title="bbox 968 1309 1753 1345">
     <span class='ocr_line' id='line_1_55' title="bbox 968 1309 1753 1345; baseline -0.005 -6"><span class='ocrx_word' id='word_1_441' title='bbox 968 1311 1048 1339; x_wconf 84' lang='lat' dir='ltr'><strong>Pater</strong></span> <span class='ocrx_word' id='word_1_442' title='bbox 1066 1319 1120 1339; x_wconf 90' lang='lat' dir='ltr'><strong>tton</strong></span> <span class='ocrx_word' id='word_1_443' title='bbox 1138 1311 1165 1339; x_wconf 86' lang='lat' dir='ltr'><strong>id</strong></span> <span class='ocrx_word' id='word_1_444' title='bbox 1181 1312 1268 1339; x_wconf 86' lang='lat' dir='ltr'><strong>solum</strong></span> <span class='ocrx_word' id='word_1_445' title='bbox 1284 1316 1327 1339; x_wconf 88' lang='lat' dir='ltr'><strong>est</strong></span> <span class='ocrx_word' id='word_1_446' title='bbox 1342 1311 1497 1339; x_wconf 86' lang='lat' dir='ltr'><strong>secundum</strong></span> <span class='ocrx_word' id='word_1_447' title='bbox 1514 1309 1587 1345; x_wconf 88' lang='lat' dir='ltr'><strong>quod</strong></span> <span class='ocrx_word' id='word_1_448' title='bbox 1603 1310 1753 1344; x_wconf 87' lang='lat' dir='ltr'><strong>opponitur</strong></span> 
     </span>
    </p>
   </div>
   <div class='ocr_carea' id='block_1_56' title="bbox 969 1355 1754 1391">
    <p class='ocr_par' dir='ltr' id='par_1_56' title="bbox 969 1355 1754 1391">
     <span class='ocr_line' id='line_1_56' title="bbox 969 1355 1754 1391; baseline -0.001 -8"><span class='ocrx_word' id='word_1_449' title='bbox 969 1356 1050 1388; x_wconf 82' lang='lat' dir='ltr'><strong>Filio,</strong></span> <span class='ocrx_word' id='word_1_450' title='bbox 1063 1357 1111 1384; x_wconf 90' lang='lat' dir='ltr'><strong>sed</strong></span> <span class='ocrx_word' id='word_1_451' title='bbox 1129 1362 1156 1384; x_wconf 86' lang='lat' dir='ltr'><strong>et</strong></span> <span class='ocrx_word' id='word_1_452' title='bbox 1170 1357 1243 1384; x_wconf 86' lang='lat' dir='ltr'><strong>aliud</strong></span> <span class='ocrx_word' id='word_1_453' title='bbox 1261 1357 1337 1391; x_wconf 87' lang='lat' dir='ltr'><strong>quid.</strong></span> <span class='ocrx_word' id='word_1_454' title='bbox 1351 1356 1503 1384; x_wconf 83' lang='lat' dir='ltr'><strong>secundum</strong></span> <span class='ocrx_word' id='word_1_455' title='bbox 1515 1355 1589 1391; x_wconf 90' lang='lat' dir='ltr'><strong>quod</strong></span> <span class='ocrx_word' id='word_1_456' title='bbox 1605 1355 1687 1382; x_wconf 82' lang='lat' dir='ltr'><strong>habet</strong></span> <span class='ocrx_word' id='word_1_457' title='bbox 1703 1362 1754 1389; x_wconf 80' lang='lat' dir='ltr'><strong>op—</strong></span> 
     </span>
    </p>
   </div>
   <div class='ocr_carea' id='block_1_57' title="bbox 969 1402 1755 1438">
    <p class='ocr_par' dir='ltr' id='par_1_57' title="bbox 969 1402 1755 1438">
     <span class='ocr_line' id='line_1_57' title="bbox 969 1402 1755 1438; baseline -0.004 -7"><span class='ocrx_word' id='word_1_458' title='bbox 969 1404 1134 1438; x_wconf 89' lang='lat' dir='ltr'><strong>positionem</strong></span> <span class='ocrx_word' id='word_1_459' title='bbox 1151 1404 1184 1431; x_wconf 86' lang='lat' dir='ltr'><strong>ad</strong></span> <span class='ocrx_word' id='word_1_460' title='bbox 1201 1404 1334 1438; x_wconf 89' lang='lat' dir='ltr'><strong>Spiritum</strong></span> <span class='ocrx_word' id='word_1_461' title='bbox 1367 1408 1504 1434; x_wconf 89' lang='lat' dir='ltr'><strong>sanctum.</strong></span> <span class='ocrx_word' id='word_1_462' title='bbox 1521 1402 1579 1429; x_wconf 72' lang='lat' dir='ltr'><strong>sive</strong></span> <span class='ocrx_word' id='word_1_463' title='bbox 1594 1407 1637 1438; x_wconf 66' lang='lat' dir='ltr'><strong>est</strong></span> <span class='ocrx_word' id='word_1_464' title='bbox 1651 1405 1678 1428; x_wconf 93' lang='lat' dir='ltr'><strong>et</strong></span> <span class='ocrx_word' id='word_1_465' title='bbox 1692 1409 1755 1436; x_wconf 49' lang='lat' dir='ltr'><strong>pro.</strong></span> 
     </span>
    </p>
   </div>
   <div class='ocr_carea' id='block_1_58' title="bbox 970 1447 1754 1482">
    <p class='ocr_par' dir='ltr' id='par_1_58' title="bbox 970 1447 1754 1482">
     <span class='ocr_line' id='line_1_58' title="bbox 970 1447 1754 1482; baseline -0.003 -6"><span class='ocrx_word' id='word_1_466' title='bbox 970 1449 1089 1482; x_wconf 86' lang='lat' dir='ltr'><strong>ductor;</strong></span> <span class='ocrx_word' id='word_1_467' title='bbox 1108 1449 1210 1476; x_wconf 83' lang='lat' dir='ltr'><strong>deinde</strong></span> <span class='ocrx_word' id='word_1_468' title='bbox 1225 1449 1308 1476; x_wconf 84' lang='lat' dir='ltr'><strong>infert</strong></span> <span class='ocrx_word' id='word_1_469' title='bbox 1333 1454 1358 1476; x_wconf 84' lang='lat' dir='ltr'><strong>et</strong></span> <span class='ocrx_word' id='word_1_470' title='bbox 1375 1449 1460 1476; x_wconf 75' lang='lat' dir='ltr'><strong>solum</strong></span> <span class='ocrx_word' id='word_1_471' title='bbox 1481 1447 1576 1479; x_wconf 80' lang='lat' dir='ltr'><strong>Filius,</strong></span> <span class='ocrx_word' id='word_1_472' title='bbox 1601 1456 1653 1475; x_wconf 82' lang='lat' dir='ltr'><strong>non</strong></span> <span class='ocrx_word' id='word_1_473' title='bbox 1672 1448 1754 1474; x_wconf 82' lang='lat' dir='ltr'><strong>etiam</strong></span> 
     </span>
    </p>
   </div>
   <div class='ocr_carea' id='block_1_59' title="bbox 970 1493 1753 1528">
    <p class='ocr_par' dir='ltr' id='par_1_59' title="bbox 970 1493 1753 1528">
     <span class='ocr_line' id='line_1_59' title="bbox 970 1493 1753 1528; baseline -0.004 -6"><span class='ocrx_word' id='word_1_474' title='bbox 970 1495 1061 1527; x_wconf 79' lang='lat' dir='ltr'><strong>Pater,</strong></span> <span class='ocrx_word' id='word_1_475' title='bbox 1076 1495 1151 1522; x_wconf 90' lang='lat' dir='ltr'><strong>unde</strong></span> <span class='ocrx_word' id='word_1_476' title='bbox 1165 1494 1187 1521; x_wconf 89' lang='lat' dir='ltr'><strong>si</strong></span> <span class='ocrx_word' id='word_1_477' title='bbox 1207 1494 1273 1521; x_wconf 90' lang='lat' dir='ltr'><strong>illud</strong></span> <span class='ocrx_word' id='word_1_478' title='bbox 1299 1494 1386 1521; x_wconf 84' lang='lat' dir='ltr'><strong>solum</strong></span> <span class='ocrx_word' id='word_1_479' title='bbox 1404 1493 1438 1520; x_wconf 88' lang='lat' dir='ltr'><strong>ad</strong></span> <span class='ocrx_word' id='word_1_480' title='bbox 1453 1494 1611 1528; x_wconf 88' lang='lat' dir='ltr'><strong>oppositum</strong></span> <span class='ocrx_word' id='word_1_481' title='bbox 1640 1493 1753 1525; x_wconf 90' lang='lat' dir='ltr'><strong>dieitttr,</strong></span> 
     </span>
    </p>
   </div>
   <div class='ocr_carea' id='block_1_60' title="bbox 133 1537 918 1587">
    <p class='ocr_par' dir='ltr' id='par_1_60' title="bbox 133 1543 918 1584">
     <span class='ocr_line' id='line_1_60' title="bbox 133 1543 918 1584; baseline -0.011 -7"><span class='ocrx_word' id='word_1_482' title='bbox 133 1552 201 1577; x_wconf 78' lang='grc' dir='ltr'>λειν.</span> <span class='ocrx_word' id='word_1_483' title='bbox 220 1551 256 1576; x_wconf 76' lang='grc' dir='ltr'>Τὸ</span> <span class='ocrx_word' id='word_1_484' title='bbox 279 1549 334 1584; x_wconf 71' lang='grc' dir='ltr'><strong>γὰρ</strong></span> <span class='ocrx_word' id='word_1_485' title='bbox 358 1547 459 1581; x_wconf 69' lang='grc' dir='ltr'>Πατήρ</span> <span class='ocrx_word' id='word_1_486' title='bbox 486 1546 554 1572; x_wconf 83' lang='grc' dir='ltr'>καϐό</span> <span class='ocrx_word' id='word_1_487' title='bbox 579 1546 654 1571; x_wconf 74' lang='grc' dir='ltr'>ἐστιν</span> <span class='ocrx_word' id='word_1_488' title='bbox 681 1543 866 1578; x_wconf 77' lang='grc' dir='ltr'>ἀντικείμενον</span> <span class='ocrx_word' id='word_1_489' title='bbox 881 1543 918 1578; x_wconf 84' lang='grc' dir='ltr'>τῷ</span> 
     </span>
    </p>
   </div>
   <div class='ocr_carea' id='block_1_61' title="bbox 970 1537 1756 1587">
    <p class='ocr_par' dir='ltr' id='par_1_61' title="bbox 973 1537 1756 1574">
     <span class='ocr_line' id='line_1_61' title="bbox 973 1537 1756 1574; baseline -0.001 -9"><span class='ocrx_word' id='word_1_490' title='bbox 973 1545 1002 1565; x_wconf 83' lang='grc' dir='ltr'><strong>ιιι</strong></span> <span class='ocrx_word' id='word_1_491' title='bbox 1017 1539 1073 1574; x_wconf 87' lang='lat' dir='ltr'><strong>ipse</strong></span> <span class='ocrx_word' id='word_1_492' title='bbox 1084 1539 1133 1570; x_wconf 88' lang='lat' dir='ltr'><strong>ait,</strong></span> <span class='ocrx_word' id='word_1_493' title='bbox 1146 1538 1256 1573; x_wconf 83' lang='lat' dir='ltr'><strong>quando</strong></span> <span class='ocrx_word' id='word_1_494' title='bbox 1268 1538 1335 1565; x_wconf 87' lang='lat' dir='ltr'><strong>dicit</strong></span> <span class='ocrx_word' id='word_1_495' title='bbox 1349 1537 1447 1564; x_wconf 81' lang='lat' dir='ltr'><strong>Filium</strong></span> <span class='ocrx_word' id='word_1_496' title='bbox 1465 1546 1525 1565; x_wconf 83' lang='lat' dir='ltr'><strong>esse</strong></span> <span class='ocrx_word' id='word_1_497' title='bbox 1538 1538 1627 1565; x_wconf 86' lang='lat' dir='ltr'><strong>solum</strong></span> <span class='ocrx_word' id='word_1_498' title='bbox 1644 1537 1756 1569; x_wconf 83' lang='lat' dir='ltr'><strong>Filium.</strong></span> 
     </span>
    </p>
   </div>
   <div class='ocr_carea' id='block_1_62' title="bbox 135 1590 920 1632">
    <p class='ocr_par' dir='ltr' id='par_1_62' title="bbox 135 1590 920 1632">
     <span class='ocr_line' id='line_1_62' title="bbox 135 1590 920 1632; baseline -0.01 -9"><span class='ocrx_word' id='word_1_499' title='bbox 135 1597 202 1632; x_wconf 79' lang='grc' dir='ltr'>Υίῷ,</span> <span class='ocrx_word' id='word_1_500' title='bbox 216 1596 246 1622; x_wconf 78' lang='grc' dir='ltr'>οὐ</span> <span class='ocrx_word' id='word_1_501' title='bbox 263 1596 392 1630; x_wconf 76' lang='grc' dir='ltr'>σημαίνει</span> <span class='ocrx_word' id='word_1_502' title='bbox 409 1594 454 1620; x_wconf 72' lang='grc' dir='ltr'>τὶν</span> <span class='ocrx_word' id='word_1_503' title='bbox 476 1592 625 1628; x_wconf 80' lang='grc' dir='ltr'>προσολέα.</span> <span class='ocrx_word' id='word_1_504' title='bbox 646 1590 727 1617; x_wconf 81' lang='grc' dir='ltr'>’Δλλὰ</span> <span class='ocrx_word' id='word_1_505' title='bbox 743 1590 767 1617; x_wconf 90' lang='grc' dir='ltr'><strong>τί</strong></span> <span class='ocrx_word' id='word_1_506' title='bbox 780 1590 821 1615; x_wconf 85' lang='grc' dir='ltr'><strong>δεῖ</strong></span> <span class='ocrx_word' id='word_1_507' title='bbox 836 1590 920 1616; x_wconf 82' lang='grc' dir='ltr'>πᾶσιν</span> 
     </span>
    </p>
   </div>
   <div class='ocr_carea' id='block_1_63' title="bbox 135 1635 920 1675">
    <p class='ocr_par' dir='ltr' id='par_1_63' title="bbox 135 1635 920 1675">
     <span class='ocr_line' id='line_1_63' title="bbox 135 1635 920 1675; baseline -0.011 -5"><span class='ocrx_word' id='word_1_508' title='bbox 135 1643 282 1675; x_wconf 73' lang='grc' dir='ltr'>ὶπεξιέναι,</span> <span class='ocrx_word' id='word_1_509' title='bbox 295 1642 367 1675; x_wconf 72' lang='grc' dir='ltr'>Ξπερ</span> <span class='ocrx_word' id='word_1_510' title='bbox 391 1641 420 1666; x_wconf 75' lang='grc' dir='ltr'>ἐν</span> <span class='ocrx_word' id='word_1_511' title='bbox 436 1639 474 1674; x_wconf 82' lang='grc' dir='ltr'>τῷ</span> <span class='ocrx_word' id='word_1_512' title='bbox 485 1639 600 1672; x_wconf 73' lang='grc' dir='ltr'>παρόντι</span> <span class='ocrx_word' id='word_1_513' title='bbox 614 1638 813 1672; x_wconf 73' lang='grc' dir='ltr'>ἐπιχειρήματι</span> <span class='ocrx_word' id='word_1_514' title='bbox 827 1635 920 1668; x_wconf 81' lang='grc' dir='ltr'>κακῶς</span> 
     </span>
    </p>
   </div>
   <div class='ocr_carea' id='block_1_64' title="bbox 135 1683 919 1724">
    <p class='ocr_par' dir='ltr' id='par_1_64' title="bbox 135 1683 919 1724">
     <span class='ocr_line' id='line_1_64' title="bbox 135 1683 919 1724; baseline -0.013 -6"><span class='ocrx_word' id='word_1_515' title='bbox 135 1693 254 1724; x_wconf 79' lang='grc' dir='ltr'>λέγεται,</span> <span class='ocrx_word' id='word_1_516' title='bbox 266 1689 310 1714; x_wconf 75' lang='grc' dir='ltr'><strong>διὰ</strong></span> <span class='ocrx_word' id='word_1_517' title='bbox 321 1687 351 1713; x_wconf 84' lang='grc' dir='ltr'>τὸ</span> <span class='ocrx_word' id='word_1_518' title='bbox 368 1686 466 1719; x_wconf 69' lang='grc' dir='ltr'>σαθρδν</span> <span class='ocrx_word' id='word_1_519' title='bbox 482 1683 672 1711; x_wconf 75' lang='grc' dir='ltr'>ὑποτεθεῖσθαι</span> <span class='ocrx_word' id='word_1_520' title='bbox 689 1683 814 1718; x_wconf 78' lang='grc' dir='ltr'>θεμέλιον</span> <span class='ocrx_word' id='word_1_521' title='bbox 832 1683 919 1716; x_wconf 80' lang='grc' dir='ltr'>τούτῳ</span> 
     </span>
    </p>
   </div>
   <div class='ocr_carea' id='block_1_65' title="bbox 134 1731 921 1770">
    <p class='ocr_par' dir='ltr' id='par_1_65' title="bbox 134 1731 921 1770">
     <span class='ocr_line' id='line_1_65' title="bbox 134 1731 921 1770; baseline -0.014 -5"><span class='ocrx_word' id='word_1_522' title='bbox 134 1738 198 1770; x_wconf 77' lang='grc' dir='ltr'>τοὺς</span> <span class='ocrx_word' id='word_1_523' title='bbox 213 1735 424 1764; x_wconf 79' lang='grc' dir='ltr'>ἀναποδείκτους</span> <span class='ocrx_word' id='word_1_524' title='bbox 444 1732 566 1762; x_wconf 66' lang='grc' dir='ltr'>ἐκείνους</span> <span class='ocrx_word' id='word_1_525' title='bbox 581 1731 630 1764; x_wconf 83' lang='grc' dir='ltr'>τῆς</span> <span class='ocrx_word' id='word_1_526' title='bbox 645 1731 804 1765; x_wconf 69' lang='grc' dir='ltr'>προτάσεως</span> <span class='ocrx_word' id='word_1_527' title='bbox 834 1736 921 1763; x_wconf 85' lang='grc' dir='ltr'>προσ-</span> 
     </span>
    </p>
   </div>
   <div class='ocr_carea' id='block_1_66' title="bbox 135 1775 922 1819">
    <p class='ocr_par' dir='ltr' id='par_1_66' title="bbox 135 1775 922 1819">
     <span class='ocr_line' id='line_1_66' title="bbox 135 1775 922 1819; baseline -0.015 -8"><span class='ocrx_word' id='word_1_528' title='bbox 135 1783 303 1819; x_wconf 76' lang='grc' dir='ltr'>διορισμοὺς,</span> <span class='ocrx_word' id='word_1_529' title='bbox 330 1781 378 1808; x_wconf 79' lang='grc' dir='ltr'>καὶ</span> <span class='ocrx_word' id='word_1_530' title='bbox 408 1780 445 1814; x_wconf 84' lang='grc' dir='ltr'>μὴ</span> <span class='ocrx_word' id='word_1_531' title='bbox 471 1778 575 1808; x_wconf 78' lang='grc' dir='ltr'>πάντας</span> <span class='ocrx_word' id='word_1_532' title='bbox 592 1776 799 1811; x_wconf 81' lang='grc' dir='ltr'>ὲφαρμόζοντας</span> <span class='ocrx_word' id='word_1_533' title='bbox 820 1775 922 1810; x_wconf 84' lang='grc' dir='ltr'>ὁμοίως</span> 
     </span>
    </p>
   </div>
   <div class='ocr_carea' id='block_1_67' title="bbox 141 1821 921 1862">
    <p class='ocr_par' dir='ltr' id='par_1_67' title="bbox 141 1821 921 1862">
     <span class='ocr_line' id='line_1_67' title="bbox 141 1821 921 1862; baseline -0.014 -5"><span class='ocrx_word' id='word_1_534' title='bbox 141 1832 204 1857; x_wconf 76' lang='grc' dir='ltr'>πᾶσι</span> <span class='ocrx_word' id='word_1_535' title='bbox 222 1831 280 1861; x_wconf 85' lang='grc' dir='ltr'>τοῖς</span> <span class='ocrx_word' id='word_1_536' title='bbox 303 1828 368 1862; x_wconf 62' lang='grc' dir='ltr'>περὶ</span> <span class='ocrx_word' id='word_1_537' title='bbox 394 1825 463 1854; x_wconf 78' lang='grc' dir='ltr'><strong>Θεοῦ</strong></span> <span class='ocrx_word' id='word_1_538' title='bbox 482 1825 652 1859; x_wconf 73' lang='grc' dir='ltr'>λεγομένοις,</span> <span class='ocrx_word' id='word_1_539' title='bbox 680 1822 718 1853; x_wconf 84' lang='grc' dir='ltr'>ὡς</span> <span class='ocrx_word' id='word_1_540' title='bbox 732 1822 812 1852; x_wconf 82' lang='grc' dir='ltr'>αὐτὸς</span> <span class='ocrx_word' id='word_1_541' title='bbox 833 1821 921 1852; x_wconf 67' lang='lat' dir='ltr'><strong>ditat;</strong></span> 
     </span>
    </p>
   </div>
   <div class='ocr_carea' id='block_1_68' title="bbox 137 1866 921 1905">
    <p class='ocr_par' dir='ltr' id='par_1_68' title="bbox 137 1866 921 1905">
     <span class='ocr_line' id='line_1_68' title="bbox 137 1866 921 1905; baseline -0.015 -2"><span class='ocrx_word' id='word_1_542' title='bbox 137 1877 248 1903; x_wconf 63' lang='grc' dir='ltr'>Βισαιοί</span> <span class='ocrx_word' id='word_1_543' title='bbox 273 1875 300 1900; x_wconf 81' lang='grc' dir='ltr'><strong>δὲ</strong></span> <span class='ocrx_word' id='word_1_544' title='bbox 321 1873 355 1900; x_wconf 83' lang='grc' dir='ltr'>τὰ</span> <span class='ocrx_word' id='word_1_545' title='bbox 374 1872 420 1898; x_wconf 80' lang='grc' dir='ltr'>τοῦ</span> <span class='ocrx_word' id='word_1_546' title='bbox 449 1870 667 1905; x_wconf 74' lang='grc' dir='ltr'>ἐπιχειρήματος</span> <span class='ocrx_word' id='word_1_547' title='bbox 686 1866 921 1901; x_wconf 76' lang='grc' dir='ltr'>συμπεράσματα,</span> 
     </span>
    </p>
   </div>
   <div class='ocr_carea' id='block_1_69' title="bbox 140 1910 923 1955">
    <p class='ocr_par' dir='ltr' id='par_1_69' title="bbox 140 1910 923 1955">
     <span class='ocr_line' id='line_1_69' title="bbox 140 1910 923 1955; baseline -0.017 -6"><span class='ocrx_word' id='word_1_548' title='bbox 140 1924 170 1949; x_wconf 75' lang='grc' dir='ltr'><strong>το</strong></span> <span class='ocrx_word' id='word_1_549' title='bbox 184 1931 213 1948; x_wconf 81' lang='grc' dir='ltr'><strong>τε</strong></span> <span class='ocrx_word' id='word_1_550' title='bbox 233 1921 355 1955; x_wconf 79' lang='grc' dir='ltr'>δηλονότι</span> <span class='ocrx_word' id='word_1_551' title='bbox 372 1920 450 1954; x_wconf 83' lang='grc' dir='ltr'>μόνον</span> <span class='ocrx_word' id='word_1_552' title='bbox 467 1917 512 1942; x_wconf 70' lang='grc' dir='ltr'><strong>τὸν</strong></span> <span class='ocrx_word' id='word_1_553' title='bbox 537 1914 644 1949; x_wconf 77' lang='grc' dir='ltr'>Πατέρα</span> <span class='ocrx_word' id='word_1_554' title='bbox 659 1913 746 1939; x_wconf 85' lang='grc' dir='ltr'>αῐτιον</span> <span class='ocrx_word' id='word_1_555' title='bbox 766 1910 848 1943; x_wconf 76' lang='grc' dir='ltr'>εἶναι,</span> <span class='ocrx_word' id='word_1_556' title='bbox 876 1911 923 1937; x_wconf 76' lang='grc' dir='ltr'><strong>καὶ</strong></span> 
     </span>
    </p>
   </div>
   <div class='ocr_carea' id='block_1_70' title="bbox 139 1956 924 2003">
    <p class='ocr_par' dir='ltr' id='par_1_70' title="bbox 139 1956 924 2003">
     <span class='ocr_line' id='line_1_70' title="bbox 139 1956 924 2003; baseline -0.017 -8"><span class='ocrx_word' id='word_1_557' title='bbox 139 1967 280 2003; x_wconf 68' lang='grc' dir='ltr'>ἑπομένως</span> <span class='ocrx_word' id='word_1_558' title='bbox 293 1967 323 1992; x_wconf 68' lang='grc' dir='ltr'>τὸ</span> <span class='ocrx_word' id='word_1_559' title='bbox 340 1967 386 1992; x_wconf 59' lang='grc' dir='ltr'>τὴν</span> <span class='ocrx_word' id='word_1_560' title='bbox 409 1964 474 1990; x_wconf 70' lang='grc' dir='ltr'>Υἱὸν</span> <span class='ocrx_word' id='word_1_561' title='bbox 490 1960 612 1988; x_wconf 83' lang='grc' dir='ltr'>αίτιατὸν</span> <span class='ocrx_word' id='word_1_562' title='bbox 626 1958 696 1986; x_wconf 78' lang='grc' dir='ltr'>εἶναι</span> <span class='ocrx_word' id='word_1_563' title='bbox 712 1958 803 1993; x_wconf 83' lang='grc' dir='ltr'>μόνον,</span> <span class='ocrx_word' id='word_1_564' title='bbox 820 1957 880 1991; x_wconf 73' lang='grc' dir='ltr'>οὐχὶ</span> <span class='ocrx_word' id='word_1_565' title='bbox 896 1956 924 1983; x_wconf 83' lang='grc' dir='ltr'><strong>δὲ</strong></span> 
     </span>
    </p>
   </div>
   <div class='ocr_carea' id='block_1_71' title="bbox 141 2003 924 2046">
    <p class='ocr_par' dir='ltr' id='par_1_71' title="bbox 141 2003 924 2046">
     <span class='ocr_line' id='line_1_71' title="bbox 141 2003 924 2046; baseline -0.017 -5"><span class='ocrx_word' id='word_1_566' title='bbox 141 2015 189 2041; x_wconf 83' lang='grc' dir='ltr'><strong>καὶ</strong></span> <span class='ocrx_word' id='word_1_567' title='bbox 208 2013 304 2044; x_wconf 71' lang='grc' dir='ltr'>αἴτιον,</span> <span class='ocrx_word' id='word_1_568' title='bbox 322 2012 412 2046; x_wconf 72' lang='grc' dir='ltr'>ῥητοῖς</span> <span class='ocrx_word' id='word_1_569' title='bbox 430 2009 477 2036; x_wconf 81' lang='grc' dir='ltr'>τοῦ</span> <span class='ocrx_word' id='word_1_570' title='bbox 498 2008 571 2035; x_wconf 80' lang='grc' dir='ltr'>Θείου</span> <span class='ocrx_word' id='word_1_571' title='bbox 587 2003 768 2040; x_wconf 76' lang='grc' dir='ltr'>Δαμασκηνοῦ</span> <span class='ocrx_word' id='word_1_572' title='bbox 799 2005 846 2030; x_wconf 79' lang='grc' dir='ltr'>καὶ</span> <span class='ocrx_word' id='word_1_573' title='bbox 859 2004 924 2029; x_wconf 77' lang='grc' dir='ltr'>Θεο-</span> 
     </span>
    </p>
   </div>
   <div class='ocr_carea' id='block_1_72' title="bbox 139 2049 926 2095">
    <p class='ocr_par' dir='ltr' id='par_1_72' title="bbox 139 2049 926 2095">
     <span class='ocr_line' id='line_1_72' title="bbox 139 2049 926 2095; baseline -0.015 -8"><span class='ocrx_word' id='word_1_574' title='bbox 139 2060 226 2095; x_wconf 83' lang='grc' dir='ltr'>δώρου</span> <span class='ocrx_word' id='word_1_575' title='bbox 245 2059 292 2086; x_wconf 81' lang='grc' dir='ltr'>τοῦ</span> <span class='ocrx_word' id='word_1_576' title='bbox 320 2056 477 2089; x_wconf 83' lang='grc' dir='ltr'>Στουδιτου,</span> <span class='ocrx_word' id='word_1_577' title='bbox 500 2055 547 2086; x_wconf 79' lang='grc' dir='ltr'><strong>οὒς</strong></span> <span class='ocrx_word' id='word_1_578' title='bbox 569 2051 646 2087; x_wconf 79' lang='grc' dir='ltr'>οἶμαι</span> <span class='ocrx_word' id='word_1_579' title='bbox 673 2052 759 2077; x_wconf 83' lang='grc' dir='ltr'>πλείω</span> <span class='ocrx_word' id='word_1_580' title='bbox 786 2049 867 2085; x_wconf 82' lang='grc' dir='ltr'>χάριν</span> <span class='ocrx_word' id='word_1_581' title='bbox 893 2049 926 2076; x_wconf 80' lang='grc' dir='ltr'>ἂν</span> 
     </span>
    </p>
   </div>
   <div class='ocr_carea' id='block_1_73' title="bbox 141 2095 928 2142">
    <p class='ocr_par' dir='ltr' id='par_1_73' title="bbox 141 2095 928 2142">
     <span class='ocr_line' id='line_1_73' title="bbox 141 2095 928 2142; baseline -0.014 -10"><span class='ocrx_word' id='word_1_582' title='bbox 141 2107 213 2142; x_wconf 77' lang='grc' dir='ltr'>ἔχειν</span> <span class='ocrx_word' id='word_1_583' title='bbox 242 2104 328 2138; x_wconf 78' lang='grc' dir='ltr'>αὐτῷ,</span> <span class='ocrx_word' id='word_1_584' title='bbox 349 2104 430 2138; x_wconf 84' lang='grc' dir='ltr'>εῐπερ</span> <span class='ocrx_word' id='word_1_585' title='bbox 450 2102 580 2136; x_wconf 70' lang='grc' dir='ltr'>ἐπειρᾶτο</span> <span class='ocrx_word' id='word_1_586' title='bbox 605 2100 662 2129; x_wconf 86' lang='grc' dir='ltr'>τοῖς</span> <span class='ocrx_word' id='word_1_587' title='bbox 677 2097 732 2124; x_wconf 80' lang='grc' dir='ltr'><strong>τῶν</strong></span> <span class='ocrx_word' id='word_1_588' title='bbox 758 2095 928 2123; x_wconf 74' lang='grc' dir='ltr'>διδασκάλων</span> 
     </span>
    </p>
   </div>
   <div class='ocr_carea' id='block_1_74' title="bbox 140 2142 928 2188">
    <p class='ocr_par' dir='ltr' id='par_1_74' title="bbox 140 2142 928 2188">
     <span class='ocr_line' id='line_1_74' title="bbox 140 2142 928 2188; baseline -0.016 -9"><span class='ocrx_word' id='word_1_589' title='bbox 140 2152 257 2188; x_wconf 69' lang='grc' dir='ltr'>πλήθεσι</span> <span class='ocrx_word' id='word_1_590' title='bbox 275 2148 437 2185; x_wconf 62' lang='grc' dir='ltr'>συμφώνους</span> <span class='ocrx_word' id='word_1_591' title='bbox 461 2146 610 2178; x_wconf 79' lang='grc' dir='ltr'>δεικνύναι,</span> <span class='ocrx_word' id='word_1_592' title='bbox 638 2145 654 2179; x_wconf 81' lang='grc' dir='ltr'><strong>ἢ</strong></span> <span class='ocrx_word' id='word_1_593' title='bbox 670 2145 694 2170; x_wconf 79' lang='grc' dir='ltr'>εἰ</span> <span class='ocrx_word' id='word_1_594' title='bbox 716 2143 815 2178; x_wconf 80' lang='grc' dir='ltr'>μόνους</span> <span class='ocrx_word' id='word_1_595' title='bbox 830 2142 928 2172; x_wconf 71' lang='grc' dir='ltr'>αὐτοὺς</span> 
     </span>
    </p>
   </div>
   <div class='ocr_carea' id='block_1_75' title="bbox 141 2189 927 2234">
    <p class='ocr_par' dir='ltr' id='par_1_75' title="bbox 141 2189 927 2234">
     <span class='ocr_line' id='line_1_75' title="bbox 141 2189 927 2234; baseline -0.018 -7"><span class='ocrx_word' id='word_1_596' title='bbox 141 2200 231 2234; x_wconf 75' lang='grc' dir='ltr'>ἀξιοίη</span> <span class='ocrx_word' id='word_1_597' title='bbox 247 2198 286 2232; x_wconf 82' lang='grc' dir='ltr'>τῷ</span> <span class='ocrx_word' id='word_1_598' title='bbox 302 2197 455 2231; x_wconf 73' lang='grc' dir='ltr'>βουλήματι</span> <span class='ocrx_word' id='word_1_599' title='bbox 472 2191 690 2228; x_wconf 80' lang='grc' dir='ltr'>συνηγοροῦντας</span> <span class='ocrx_word' id='word_1_600' title='bbox 711 2189 792 2216; x_wconf 79' lang='grc' dir='ltr'>αὐτοῦ</span> <span class='ocrx_word' id='word_1_601' title='bbox 808 2189 862 2215; x_wconf 84' lang='grc' dir='ltr'>τῶν</span> <span class='ocrx_word' id='word_1_602' title='bbox 880 2189 927 2214; x_wconf 77' lang='grc' dir='ltr'><strong>ἄλ-</strong></span> 
     </span>
    </p>
   </div>
   <div class='ocr_carea' id='block_1_76' title="bbox 972 1581 1758 1620">
    <p class='ocr_par' dir='ltr' id='par_1_76' title="bbox 972 1581 1758 1620">
     <span class='ocr_line' id='line_1_76' title="bbox 972 1581 1758 1620; baseline -0.003 -6"><span class='ocrx_word' id='word_1_603' title='bbox 972 1593 1026 1614; x_wconf 91' lang='lat' dir='ltr'><strong>non</strong></span> <span class='ocrx_word' id='word_1_604' title='bbox 1045 1585 1127 1613; x_wconf 86' lang='lat' dir='ltr'><strong>etiam</strong></span> <span class='ocrx_word' id='word_1_605' title='bbox 1143 1585 1264 1617; x_wconf 85' lang='lat' dir='ltr'><strong>Patrem,</strong></span> <span class='ocrx_word' id='word_1_606' title='bbox 1282 1593 1336 1612; x_wconf 90' lang='lat' dir='ltr'><strong>non</strong></span> <span class='ocrx_word' id='word_1_607' title='bbox 1358 1591 1433 1612; x_wconf 81' lang='lat' dir='ltr'><strong>arcet</strong></span> <span class='ocrx_word' id='word_1_608' title='bbox 1460 1581 1559 1612; x_wconf 83' lang='lat' dir='ltr'><strong>Filium</strong></span> <span class='ocrx_word' id='word_1_609' title='bbox 1591 1594 1605 1612; x_wconf 85' lang='lat' dir='ltr'><strong>a</strong></span> <span class='ocrx_word' id='word_1_610' title='bbox 1638 1585 1758 1620; x_wconf 84' lang='lat' dir='ltr'><strong>Spiritus</strong></span> 
     </span>
    </p>
   </div>
   <div class='ocr_carea' id='block_1_77' title="bbox 972 1631 1758 1666">
    <p class='ocr_par' dir='ltr' id='par_1_77' title="bbox 972 1631 1758 1666">
     <span class='ocr_line' id='line_1_77' title="bbox 972 1631 1758 1666; baseline -0.001 -7"><span class='ocrx_word' id='word_1_611' title='bbox 972 1633 1164 1666; x_wconf 81' lang='lat' dir='ltr'><strong>productione.</strong></span> <span class='ocrx_word' id='word_1_612' title='bbox 1185 1632 1252 1658; x_wconf 88' lang='lat' dir='ltr'><strong>Nam</strong></span> <span class='ocrx_word' id='word_1_613' title='bbox 1270 1632 1352 1659; x_wconf 84' lang='lat' dir='ltr'><strong>Pater</strong></span> <span class='ocrx_word' id='word_1_614' title='bbox 1369 1631 1521 1659; x_wconf 85' lang='lat' dir='ltr'><strong>secundum</strong></span> <span class='ocrx_word' id='word_1_615' title='bbox 1536 1632 1610 1666; x_wconf 80' lang='lat' dir='ltr'><strong>quod</strong></span> <span class='ocrx_word' id='word_1_616' title='bbox 1635 1637 1678 1658; x_wconf 75' lang='lat' dir='ltr'><strong>est</strong></span> <span class='ocrx_word' id='word_1_617' title='bbox 1708 1639 1758 1666; x_wconf 85' lang='lat' dir='ltr'><strong>op-</strong></span> 
     </span>
    </p>
   </div>
   <div class='ocr_carea' id='block_1_78' title="bbox 972 1677 1757 1713">
    <p class='ocr_par' dir='ltr' id='par_1_78' title="bbox 972 1677 1757 1713">
     <span class='ocr_line' id='line_1_78' title="bbox 972 1677 1757 1713; baseline 0 -9"><span class='ocrx_word' id='word_1_618' title='bbox 972 1678 1077 1713; x_wconf 87' lang='lat' dir='ltr'><strong>positus</strong></span> <span class='ocrx_word' id='word_1_619' title='bbox 1095 1677 1174 1710; x_wconf 82' lang='lat' dir='ltr'><strong>Filio,</strong></span> <span class='ocrx_word' id='word_1_620' title='bbox 1191 1685 1246 1704; x_wconf 91' lang='lat' dir='ltr'><strong>non</strong></span> <span class='ocrx_word' id='word_1_621' title='bbox 1266 1677 1331 1705; x_wconf 86' lang='lat' dir='ltr'><strong>dicit</strong></span> <span class='ocrx_word' id='word_1_622' title='bbox 1343 1677 1461 1712; x_wconf 88' lang='lat' dir='ltr'><strong>Spiritus</strong></span> <span class='ocrx_word' id='word_1_623' title='bbox 1476 1678 1684 1712; x_wconf 85' lang='lat' dir='ltr'><strong>productorcm.</strong></span> <span class='ocrx_word' id='word_1_624' title='bbox 1706 1678 1757 1704; x_wconf 71' lang='lat' dir='ltr'><strong>\‘e-</strong></span> 
     </span>
    </p>
   </div>
   <div class='ocr_carea' id='block_1_79' title="bbox 972 1723 1759 1759">
    <p class='ocr_par' dir='ltr' id='par_1_79' title="bbox 972 1723 1759 1759">
     <span class='ocr_line' id='line_1_79' title="bbox 972 1723 1759 1759; baseline -0.003 -8"><span class='ocrx_word' id='word_1_625' title='bbox 972 1732 1032 1751; x_wconf 89' lang='lat' dir='ltr'><strong>rum</strong></span> <span class='ocrx_word' id='word_1_626' title='bbox 1047 1723 1113 1759; x_wconf 86' lang='lat' dir='ltr'><strong>quid</strong></span> <span class='ocrx_word' id='word_1_627' title='bbox 1130 1732 1200 1759; x_wconf 91' lang='lat' dir='ltr'><strong>opus</strong></span> <span class='ocrx_word' id='word_1_628' title='bbox 1218 1729 1261 1751; x_wconf 86' lang='lat' dir='ltr'><strong>cst</strong></span> <span class='ocrx_word' id='word_1_629' title='bbox 1279 1724 1372 1751; x_wconf 88' lang='lat' dir='ltr'><strong>omnia</strong></span> <span class='ocrx_word' id='word_1_630' title='bbox 1396 1723 1537 1758; x_wconf 87' lang='lat' dir='ltr'><strong>prosequi.</strong></span> <span class='ocrx_word' id='word_1_631' title='bbox 1555 1731 1617 1758; x_wconf 70' lang='lat' dir='ltr'><strong>quae</strong></span> <span class='ocrx_word' id='word_1_632' title='bbox 1647 1724 1673 1750; x_wconf 89' lang='lat' dir='ltr'><strong>in</strong></span> <span class='ocrx_word' id='word_1_633' title='bbox 1691 1731 1759 1758; x_wconf 83' lang='lat' dir='ltr'><strong>pra:-</strong></span> 
     </span>
    </p>
   </div>
   <div class='ocr_carea' id='block_1_80' title="bbox 974 1770 1759 1806">
    <p class='ocr_par' dir='ltr' id='par_1_80' title="bbox 974 1770 1759 1806">
     <span class='ocr_line' id='line_1_80' title="bbox 974 1770 1759 1806; baseline -0.004 -7"><span class='ocrx_word' id='word_1_634' title='bbox 974 1772 1044 1799; x_wconf 86' lang='lat' dir='ltr'><strong>scnti</strong></span> <span class='ocrx_word' id='word_1_635' title='bbox 1066 1771 1304 1806; x_wconf 77' lang='lat' dir='ltr'><strong>argumentatione</strong></span> <span class='ocrx_word' id='word_1_636' title='bbox 1343 1771 1474 1798; x_wconf 88' lang='lat' dir='ltr'><strong>dicuntur</strong></span> <span class='ocrx_word' id='word_1_637' title='bbox 1498 1770 1582 1801; x_wconf 74' lang='lat' dir='ltr'><strong>male.</strong></span> <span class='ocrx_word' id='word_1_638' title='bbox 1612 1774 1759 1804; x_wconf 73' lang='lat' dir='ltr'><strong>propterea</strong></span> 
     </span>
    </p>
   </div>
   <div class='ocr_carea' id='block_1_81' title="bbox 973 1816 1760 1853">
    <p class='ocr_par' dir='ltr' id='par_1_81' title="bbox 973 1816 1760 1853">
     <span class='ocr_line' id='line_1_81' title="bbox 973 1816 1760 1853; baseline -0.004 -7"><span class='ocrx_word' id='word_1_639' title='bbox 973 1818 1047 1853; x_wconf 87' lang='lat' dir='ltr'><strong>quod</strong></span> <span class='ocrx_word' id='word_1_640' title='bbox 1061 1818 1088 1845; x_wconf 89' lang='lat' dir='ltr'><strong>ei</strong></span> <span class='ocrx_word' id='word_1_641' title='bbox 1110 1817 1251 1844; x_wconf 85' lang='lat' dir='ltr'><strong>infirmum</strong></span> <span class='ocrx_word' id='word_1_642' title='bbox 1271 1816 1480 1843; x_wconf 82' lang='lat' dir='ltr'><strong>fundamentum</strong></span> <span class='ocrx_word' id='word_1_643' title='bbox 1513 1817 1685 1850; x_wconf 82' lang='lat' dir='ltr'><strong>suppositum</strong></span> <span class='ocrx_word' id='word_1_644' title='bbox 1718 1822 1760 1843; x_wconf 78' lang='lat' dir='ltr'><strong>cst</strong></span> 
     </span>
    </p>
   </div>
   <div class='ocr_carea' id='block_1_82' title="bbox 974 1861 1757 1898">
    <p class='ocr_par' dir='ltr' id='par_1_82' title="bbox 974 1861 1757 1898">
     <span class='ocr_line' id='line_1_82' title="bbox 974 1861 1757 1898; baseline -0.003 -8"><span class='ocrx_word' id='word_1_645' title='bbox 974 1863 1002 1890; x_wconf 91' lang='lat' dir='ltr'><strong>in</strong></span> <span class='ocrx_word' id='word_1_646' title='bbox 1018 1863 1072 1891; x_wconf 85' lang='lat' dir='ltr'><strong>illis</strong></span> <span class='ocrx_word' id='word_1_647' title='bbox 1087 1862 1284 1898; x_wconf 82' lang='lat' dir='ltr'><strong>propositionis</strong></span> <span class='ocrx_word' id='word_1_648' title='bbox 1299 1861 1579 1897; x_wconf 72' lang='lat' dir='ltr'><strong>determinationibus</strong></span> <span class='ocrx_word' id='word_1_649' title='bbox 1592 1862 1757 1897; x_wconf 68' lang='lat' dir='ltr'><strong>probatione</strong></span> 
     </span>
    </p>
   </div>
   <div class='ocr_carea' id='block_1_83' title="bbox 974 1908 1761 1942">
    <p class='ocr_par' dir='ltr' id='par_1_83' title="bbox 974 1908 1761 1942">
     <span class='ocr_line' id='line_1_83' title="bbox 974 1908 1761 1942; baseline -0.004 -5"><span class='ocrx_word' id='word_1_650' title='bbox 974 1910 1134 1937; x_wconf 80' lang='lat' dir='ltr'><strong>carentibus</strong></span> <span class='ocrx_word' id='word_1_651' title='bbox 1148 1917 1199 1936; x_wconf 89' lang='lat' dir='ltr'><strong>nec</strong></span> <span class='ocrx_word' id='word_1_652' title='bbox 1214 1909 1322 1936; x_wconf 90' lang='lat' dir='ltr'><strong>cunctis</strong></span> <span class='ocrx_word' id='word_1_653' title='bbox 1337 1908 1467 1935; x_wconf 85' lang='lat' dir='ltr'><strong>similiter</strong></span> <span class='ocrx_word' id='word_1_654' title='bbox 1483 1908 1518 1934; x_wconf 87' lang='lat' dir='ltr'><strong>ad</strong></span> <span class='ocrx_word' id='word_1_655' title='bbox 1536 1914 1635 1935; x_wconf 90' lang='lat' dir='ltr'><strong>ettncta</strong></span> <span class='ocrx_word' id='word_1_656' title='bbox 1651 1916 1712 1942; x_wconf 73' lang='lat' dir='ltr'><strong>qua:</strong></span> <span class='ocrx_word' id='word_1_657' title='bbox 1726 1910 1761 1934; x_wconf 88' lang='lat' dir='ltr'><strong>de</strong></span> 
     </span>
    </p>
   </div>
   <div class='ocr_carea' id='block_1_84' title="bbox 975 1952 1762 1987">
    <p class='ocr_par' dir='ltr' id='par_1_84' title="bbox 975 1952 1762 1987">
     <span class='ocr_line' id='line_1_84' title="bbox 975 1952 1762 1987; baseline -0.003 -6"><span class='ocrx_word' id='word_1_658' title='bbox 975 1955 1030 1985; x_wconf 84' lang='lat' dir='ltr'><strong>Deo</strong></span> <span class='ocrx_word' id='word_1_659' title='bbox 1047 1954 1188 1984; x_wconf 83' lang='lat' dir='ltr'><strong>dicuntur.</strong></span> <span class='ocrx_word' id='word_1_660' title='bbox 1204 1957 1232 1980; x_wconf 91' lang='lat' dir='ltr'><strong>ut</strong></span> <span class='ocrx_word' id='word_1_661' title='bbox 1245 1953 1303 1987; x_wconf 74' lang='lat' dir='ltr'><strong>ipse</strong></span> <span class='ocrx_word' id='word_1_662' title='bbox 1318 1957 1422 1984; x_wconf 83' lang='lat' dir='ltr'><strong>censet,</strong></span> <span class='ocrx_word' id='word_1_663' title='bbox 1439 1952 1676 1980; x_wconf 83' lang='lat' dir='ltr'><strong>accommodatis?</strong></span> <span class='ocrx_word' id='word_1_664' title='bbox 1691 1952 1762 1979; x_wconf 86' lang='lat' dir='ltr'><strong>Con-</strong></span> 
     </span>
    </p>
   </div>
   <div class='ocr_carea' id='block_1_85' title="bbox 977 1997 1760 2034">
    <p class='ocr_par' dir='ltr' id='par_1_85' title="bbox 977 1997 1760 2034">
     <span class='ocr_line' id='line_1_85' title="bbox 977 1997 1760 2034; baseline -0.003 -9"><span class='ocrx_word' id='word_1_665' title='bbox 977 2000 1067 2026; x_wconf 86' lang='lat' dir='ltr'><strong>tinuat</strong></span> <span class='ocrx_word' id='word_1_666' title='bbox 1081 2003 1173 2026; x_wconf 86' lang='lat' dir='ltr'><strong>autem</strong></span> <span class='ocrx_word' id='word_1_667' title='bbox 1187 1998 1379 2026; x_wconf 79' lang='lat' dir='ltr'><strong>conclusiones</strong></span> <span class='ocrx_word' id='word_1_668' title='bbox 1392 1997 1616 2032; x_wconf 83' lang='lat' dir='ltr'><strong>epiclterematis,</strong></span> <span class='ocrx_word' id='word_1_669' title='bbox 1627 1997 1760 2034; x_wconf 87' lang='lat' dir='ltr'><strong>nimirum</strong></span> 
     </span>
    </p>
   </div>
   <div class='ocr_carea' id='block_1_86' title="bbox 977 2045 1762 2079">
    <p class='ocr_par' dir='ltr' id='par_1_86' title="bbox 977 2045 1762 2079">
     <span class='ocr_line' id='line_1_86' title="bbox 977 2045 1762 2079; baseline -0.004 -6"><span class='ocrx_word' id='word_1_670' title='bbox 977 2046 1065 2073; x_wconf 88' lang='lat' dir='ltr'><strong>solum</strong></span> <span class='ocrx_word' id='word_1_671' title='bbox 1084 2045 1193 2072; x_wconf 84' lang='lat' dir='ltr'><strong>Patrem</strong></span> <span class='ocrx_word' id='word_1_672' title='bbox 1217 2045 1384 2079; x_wconf 88' lang='lat' dir='ltr'><strong>principium</strong></span> <span class='ocrx_word' id='word_1_673' title='bbox 1407 2052 1480 2076; x_wconf 86' lang='lat' dir='ltr'><strong>esse,</strong></span> <span class='ocrx_word' id='word_1_674' title='bbox 1512 2049 1540 2071; x_wconf 86' lang='lat' dir='ltr'><strong>et</strong></span> <span class='ocrx_word' id='word_1_675' title='bbox 1556 2048 1762 2078; x_wconf 76' lang='lat' dir='ltr'><strong>consequenter</strong></span> 
     </span>
    </p>
   </div>
   <div class='ocr_carea' id='block_1_87' title="bbox 978 2089 1760 2125">
    <p class='ocr_par' dir='ltr' id='par_1_87' title="bbox 978 2089 1760 2125">
     <span class='ocr_line' id='line_1_87' title="bbox 978 2089 1760 2125; baseline -0.005 -6"><span class='ocrx_word' id='word_1_676' title='bbox 978 2092 1078 2119; x_wconf 62' lang='lat' dir='ltr'><strong>Filium</strong></span> <span class='ocrx_word' id='word_1_677' title='bbox 1098 2091 1186 2119; x_wconf 87' lang='lat' dir='ltr'><strong>solum</strong></span> <span class='ocrx_word' id='word_1_678' title='bbox 1207 2089 1416 2125; x_wconf 84' lang='lat' dir='ltr'><strong>principiatutn,</strong></span> <span class='ocrx_word' id='word_1_679' title='bbox 1434 2097 1489 2118; x_wconf 89' lang='lat' dir='ltr'><strong>tton</strong></span> <span class='ocrx_word' id='word_1_680' title='bbox 1503 2097 1568 2116; x_wconf 79' lang='lat' dir='ltr'><strong>vero</strong></span> <span class='ocrx_word' id='word_1_681' title='bbox 1581 2090 1760 2124; x_wconf 78' lang='lat' dir='ltr'><strong>principium,</strong></span> 
     </span>
    </p>
   </div>
   <div class='ocr_carea' id='block_1_88' title="bbox 977 2135 1762 2166">
    <p class='ocr_par' dir='ltr' id='par_1_88' title="bbox 977 2135 1762 2166">
     <span class='ocr_line' id='line_1_88' title="bbox 977 2135 1762 2166; baseline -0.005 -1"><span class='ocrx_word' id='word_1_682' title='bbox 977 2138 1091 2166; x_wconf 78' lang='lat' dir='ltr'><strong>Joannis</strong></span> <span class='ocrx_word' id='word_1_683' title='bbox 1124 2136 1284 2164; x_wconf 77' lang='lat' dir='ltr'><strong>Damaseeni</strong></span> <span class='ocrx_word' id='word_1_684' title='bbox 1305 2140 1332 2163; x_wconf 89' lang='lat' dir='ltr'><strong>et</strong></span> <span class='ocrx_word' id='word_1_685' title='bbox 1360 2135 1497 2163; x_wconf 87' lang='lat' dir='ltr'><strong>Theodori</strong></span> <span class='ocrx_word' id='word_1_686' title='bbox 1514 2136 1631 2162; x_wconf 74' lang='lat' dir='ltr'><strong>Studita:</strong></span> <span class='ocrx_word' id='word_1_687' title='bbox 1668 2135 1762 2166; x_wconf 80' lang='lat' dir='ltr'><strong>dictis,</strong></span> 
     </span>
    </p>
   </div>
   <div class='ocr_carea' id='block_1_89' title="bbox 978 2182 1764 2220">
    <p class='ocr_par' dir='ltr' id='par_1_89' title="bbox 978 2182 1764 2220">
     <span class='ocr_line' id='line_1_89' title="bbox 978 2182 1764 2220; baseline -0.004 -9"><span class='ocrx_word' id='word_1_688' title='bbox 978 2185 1038 2220; x_wconf 88' lang='lat' dir='ltr'><strong>qui,</strong></span> <span class='ocrx_word' id='word_1_689' title='bbox 1054 2189 1085 2212; x_wconf 85' lang='lat' dir='ltr'><strong>ut</strong></span> <span class='ocrx_word' id='word_1_690' title='bbox 1099 2190 1176 2219; x_wconf 88' lang='lat' dir='ltr'><strong>puto.</strong></span> <span class='ocrx_word' id='word_1_691' title='bbox 1193 2183 1310 2218; x_wconf 84' lang='lat' dir='ltr'><strong>majores</strong></span> <span class='ocrx_word' id='word_1_692' title='bbox 1337 2183 1388 2218; x_wconf 90' lang='lat' dir='ltr'><strong>ipsi</strong></span> <span class='ocrx_word' id='word_1_693' title='bbox 1403 2184 1508 2217; x_wconf 74' lang='lat' dir='ltr'><strong>gratias</strong></span> <span class='ocrx_word' id='word_1_694' title='bbox 1535 2182 1708 2212; x_wconf 82' lang='lat' dir='ltr'><strong>habuissent.</strong></span> <span class='ocrx_word' id='word_1_695' title='bbox 1739 2182 1764 2208; x_wconf 85' lang='lat' dir='ltr'><strong>si</strong></span> 
     </span>
    </p>
   </div>
   <div class='ocr_carea' id='block_1_90' title="bbox 141 2228 918 2273">
    <p class='ocr_par' dir='ltr' id='par_1_90' title="bbox 141 2235 918 2273">
     <span class='ocr_line' id='line_1_90' title="bbox 141 2235 918 2273; baseline -0.018 0"><span class='ocrx_word' id='word_1_696' title='bbox 141 2248 194 2273; x_wconf 80' lang='grc' dir='ltr'><strong>λων</strong></span> <span class='ocrx_word' id='word_1_697' title='bbox 216 2243 384 2272; x_wconf 76' lang='grc' dir='ltr'>διδασκάλων</span> <span class='ocrx_word' id='word_1_698' title='bbox 404 2241 515 2267; x_wconf 78' lang='grc' dir='ltr'>πάντων</span> <span class='ocrx_word' id='word_1_699' title='bbox 542 2236 798 2269; x_wconf 73' lang='grc' dir='ltr'>κατεξανίστασθαι.</span> <span class='ocrx_word' id='word_1_700' title='bbox 824 2235 918 2268; x_wconf 62' lang='grc' dir='ltr'>Χάριεν</span> 
     </span>
    </p>
   </div>
   <div class='ocr_carea' id='block_1_91' title="bbox 970 2228 1766 2273">
    <p class='ocr_par' dir='ltr' id='par_1_91' title="bbox 981 2228 1766 2267">
     <span class='ocr_line' id='line_1_91' title="bbox 981 2228 1766 2267; baseline -0.005 -9"><span class='ocrx_word' id='word_1_701' title='bbox 981 2239 1028 2258; x_wconf 87' lang='lat' dir='ltr'><strong>eos</strong></span> <span class='ocrx_word' id='word_1_702' title='bbox 1045 2232 1189 2258; x_wconf 86' lang='lat' dir='ltr'><strong>doctorum</strong></span> <span class='ocrx_word' id='word_1_703' title='bbox 1207 2229 1376 2257; x_wconf 88' lang='lat' dir='ltr'><strong>multitudini</strong></span> <span class='ocrx_word' id='word_1_704' title='bbox 1391 2229 1540 2267; x_wconf 82' lang='lat' dir='ltr'><strong>concordes</strong></span> <span class='ocrx_word' id='word_1_705' title='bbox 1556 2228 1702 2262; x_wconf 78' lang='lat' dir='ltr'><strong>ostendere</strong></span> <span class='ocrx_word' id='word_1_706' title='bbox 1720 2236 1766 2255; x_wconf 50' lang='lat'><strong>(0‘</strong></span> 
     </span>
    </p>
   </div>
   <div class='ocr_carea' id='block_1_92' title="bbox 141 2283 926 2328">
    <p class='ocr_par' dir='ltr' id='par_1_92' title="bbox 141 2283 926 2328">
     <span class='ocr_line' id='line_1_92' title="bbox 141 2283 926 2328; baseline -0.017 -8"><span class='ocrx_word' id='word_1_707' title='bbox 141 2294 196 2328; x_wconf 82' lang='grc' dir='ltr'><strong>γὰρ</strong></span> <span class='ocrx_word' id='word_1_708' title='bbox 210 2293 250 2318; x_wconf 83' lang='grc' dir='ltr'>ὅτι</span> <span class='ocrx_word' id='word_1_709' title='bbox 272 2292 320 2318; x_wconf 74' lang='grc' dir='ltr'>καὶ</span> <span class='ocrx_word' id='word_1_710' title='bbox 339 2289 393 2315; x_wconf 77' lang='grc' dir='ltr'>ἀπὸ</span> <span class='ocrx_word' id='word_1_711' title='bbox 408 2288 461 2314; x_wconf 86' lang='grc' dir='ltr'>τῶν</span> <span class='ocrx_word' id='word_1_712' title='bbox 477 2286 608 2322; x_wconf 80' lang='grc' dir='ltr'>ᾀσμάτων</span> <span class='ocrx_word' id='word_1_713' title='bbox 623 2284 765 2318; x_wconf 73' lang='grc' dir='ltr'>πορίζεται</span> <span class='ocrx_word' id='word_1_714' title='bbox 786 2283 836 2317; x_wconf 73' lang='grc' dir='ltr'>τῆς</span> <span class='ocrx_word' id='word_1_715' title='bbox 854 2283 926 2309; x_wconf 81' lang='grc' dir='ltr'>διδα-</span> 
     </span>
    </p>
   </div>
   <div class='ocr_carea' id='block_1_93' title="bbox 143 2328 925 2370">
    <p class='ocr_par' dir='ltr' id='par_1_93' title="bbox 143 2328 925 2370">
     <span class='ocr_line' id='line_1_93' title="bbox 143 2328 925 2370; baseline -0.018 -3"><span class='ocrx_word' id='word_1_716' title='bbox 143 2339 255 2370; x_wconf 85' lang='grc' dir='ltr'>σκαλίας</span> <span class='ocrx_word' id='word_1_717' title='bbox 272 2336 360 2370; x_wconf 79' lang='grc' dir='ltr'>ἑαυτῴ</span> <span class='ocrx_word' id='word_1_718' title='bbox 376 2335 425 2369; x_wconf 83' lang='grc' dir='ltr'>τὴν</span> <span class='ocrx_word' id='word_1_719' title='bbox 442 2333 586 2369; x_wconf 82' lang='grc' dir='ltr'>βεϐαίωσιν</span> <span class='ocrx_word' id='word_1_720' title='bbox 603 2329 760 2365; x_wconf 75' lang='grc' dir='ltr'>ἀλλαχόθεν,</span> <span class='ocrx_word' id='word_1_721' title='bbox 776 2331 812 2360; x_wconf 84' lang='grc' dir='ltr'>ὠς</span> <span class='ocrx_word' id='word_1_722' title='bbox 826 2328 925 2360; x_wconf 83' lang='grc' dir='ltr'>Εοικεν,</span> 
     </span>
    </p>
   </div>
   <div class='ocr_carea' id='block_1_94' title="bbox 142 2375 927 2420">
    <p class='ocr_par' dir='ltr' id='par_1_94' title="bbox 142 2375 927 2420">
     <span class='ocr_line' id='line_1_94' title="bbox 142 2375 927 2420; baseline -0.018 -6"><span class='ocrx_word' id='word_1_723' title='bbox 142 2388 172 2414; x_wconf 85' lang='grc' dir='ltr'>οὺ</span> <span class='ocrx_word' id='word_1_724' title='bbox 191 2385 351 2420; x_wconf 79' lang='grc' dir='ltr'>δυνάμενος.</span> <span class='ocrx_word' id='word_1_725' title='bbox 370 2382 453 2410; x_wconf 82' lang='grc' dir='ltr'>Ἀλλὰ</span> <span class='ocrx_word' id='word_1_726' title='bbox 466 2382 520 2411; x_wconf 82' lang='grc' dir='ltr'>τοῖς</span> <span class='ocrx_word' id='word_1_727' title='bbox 534 2378 800 2414; x_wconf 80' lang='grc' dir='ltr'>φιλανθρωποτέροις</span> <span class='ocrx_word' id='word_1_728' title='bbox 814 2376 868 2402; x_wconf 79' lang='grc' dir='ltr'>τῶν</span> <span class='ocrx_word' id='word_1_729' title='bbox 891 2375 927 2401; x_wconf 60' lang='lat' dir='ltr'><strong>at.</strong></span> 
     </span>
    </p>
   </div>
   <div class='ocr_carea' id='block_1_95' title="bbox 143 2421 928 2462">
    <p class='ocr_par' dir='ltr' id='par_1_95' title="bbox 143 2421 928 2462">
     <span class='ocr_line' id='line_1_95' title="bbox 143 2421 928 2462; baseline -0.018 -2"><span class='ocrx_word' id='word_1_730' title='bbox 143 2432 285 2460; x_wconf 76' lang='grc' dir='ltr'>δασκὰλων</span> <span class='ocrx_word' id='word_1_731' title='bbox 302 2430 349 2457; x_wconf 82' lang='grc' dir='ltr'>καὶ</span> <span class='ocrx_word' id='word_1_732' title='bbox 377 2427 544 2462; x_wconf 77' lang='grc' dir='ltr'>σοφωτέροις</span> <span class='ocrx_word' id='word_1_733' title='bbox 565 2424 711 2459; x_wconf 79' lang='grc' dir='ltr'>ἀκροαταῖς</span> <span class='ocrx_word' id='word_1_734' title='bbox 739 2422 816 2449; x_wconf 82' lang='grc' dir='ltr'>οὐδὲν</span> <span class='ocrx_word' id='word_1_735' title='bbox 838 2423 870 2453; x_wconf 70' lang='grc' dir='ltr'>ἂν</span> <span class='ocrx_word' id='word_1_736' title='bbox 885 2421 928 2456; x_wconf 73' lang='grc' dir='ltr'><strong>ἐρ-</strong></span> 
     </span>
    </p>
   </div>
   <div class='ocr_carea' id='block_1_96' title="bbox 144 2466 929 2513">
    <p class='ocr_par' dir='ltr' id='par_1_96' title="bbox 144 2466 929 2513">
     <span class='ocr_line' id='line_1_96' title="bbox 144 2466 929 2513; baseline -0.019 -7"><span class='ocrx_word' id='word_1_737' title='bbox 144 2488 192 2513; x_wconf 87' lang='grc' dir='ltr'>γον</span> <span class='ocrx_word' id='word_1_738' title='bbox 208 2478 314 2512; x_wconf 78' lang='grc' dir='ltr'>γένοιτο</span> <span class='ocrx_word' id='word_1_739' title='bbox 336 2475 383 2502; x_wconf 75' lang='grc' dir='ltr'>καὶ</span> <span class='ocrx_word' id='word_1_740' title='bbox 400 2473 512 2502; x_wconf 85' lang='grc' dir='ltr'>τούτους</span> <span class='ocrx_word' id='word_1_741' title='bbox 528 2470 700 2505; x_wconf 75' lang='grc' dir='ltr'>ἀμφοτέρους</span> <span class='ocrx_word' id='word_1_742' title='bbox 727 2469 784 2499; x_wconf 80' lang='grc' dir='ltr'>τοῖς</span> <span class='ocrx_word' id='word_1_743' title='bbox 810 2466 929 2501; x_wconf 81' lang='grc' dir='ltr'>πρώτοις</span> 
     </span>
    </p>
   </div>
   <div class='ocr_carea' id='block_1_97' title="bbox 145 2512 930 2555">
    <p class='ocr_par' dir='ltr' id='par_1_97' title="bbox 145 2512 930 2555">
     <span class='ocr_line' id='line_1_97' title="bbox 145 2512 930 2555; baseline -0.018 -4"><span class='ocrx_word' id='word_1_744' title='bbox 145 2525 259 2554; x_wconf 67' lang='grc' dir='ltr'>ἐκείνοις</span> <span class='ocrx_word' id='word_1_745' title='bbox 294 2522 342 2548; x_wconf 71' lang='grc' dir='ltr'>καὶ</span> <span class='ocrx_word' id='word_1_746' title='bbox 373 2519 499 2555; x_wconf 77' lang='grc' dir='ltr'>μεγάλοις</span> <span class='ocrx_word' id='word_1_747' title='bbox 517 2515 689 2546; x_wconf 81' lang='grc' dir='ltr'>διδασκάλοις</span> <span class='ocrx_word' id='word_1_748' title='bbox 715 2514 871 2540; x_wconf 82' lang='grc' dir='ltr'>συνάπτειν.</span> <span class='ocrx_word' id='word_1_749' title='bbox 900 2512 930 2537; x_wconf 82' lang='grc' dir='ltr'><strong>Ὀ</strong></span> 
     </span>
    </p>
   </div>
   <div class='ocr_carea' id='block_1_98' title="bbox 147 2558 930 2606">
    <p class='ocr_par' dir='ltr' id='par_1_98' title="bbox 147 2558 930 2606">
     <span class='ocr_line' id='line_1_98' title="bbox 147 2558 930 2606; baseline -0.017 -9"><span class='ocrx_word' id='word_1_750' title='bbox 147 2571 195 2606; x_wconf 79' lang='grc' dir='ltr'>μὲν</span> <span class='ocrx_word' id='word_1_751' title='bbox 208 2570 262 2604; x_wconf 79' lang='grc' dir='ltr'>γαρ</span> <span class='ocrx_word' id='word_1_752' title='bbox 277 2567 324 2594; x_wconf 80' lang='grc' dir='ltr'>τοῦ</span> <span class='ocrx_word' id='word_1_753' title='bbox 339 2566 406 2592; x_wconf 85' lang='grc' dir='ltr'>Θεοῦ</span> <span class='ocrx_word' id='word_1_754' title='bbox 419 2565 499 2600; x_wconf 74' lang='grc' dir='ltr'>μόνον</span> <span class='ocrx_word' id='word_1_755' title='bbox 515 2563 597 2598; x_wconf 81' lang='grc' dir='ltr'>φησὶν</span> <span class='ocrx_word' id='word_1_756' title='bbox 612 2560 683 2588; x_wconf 76' lang='grc' dir='ltr'>εἶναι</span> <span class='ocrx_word' id='word_1_757' title='bbox 699 2561 729 2587; x_wconf 70' lang='grc' dir='ltr'><strong>τ),</strong></span> <span class='ocrx_word' id='word_1_758' title='bbox 748 2560 871 2594; x_wconf 81' lang='grc' dir='ltr'>Πνεῦμα,</span> <span class='ocrx_word' id='word_1_759' title='bbox 883 2558 930 2585; x_wconf 77' lang='grc' dir='ltr'>τοῦ</span> 
     </span>
    </p>
   </div>
   <div class='ocr_carea' id='block_1_99' title="bbox 145 2603 932 2649">
    <p class='ocr_par' dir='ltr' id='par_1_99' title="bbox 145 2603 932 2649">
     <span class='ocr_line' id='line_1_99' title="bbox 145 2603 932 2649; baseline -0.018 -7"><span class='ocrx_word' id='word_1_760' title='bbox 145 2603 251 2649; x_wconf 71' lang='grc' dir='ltr'>ίιλτρος</span> <span class='ocrx_word' id='word_1_761' title='bbox 265 2612 385 2648; x_wconf 76' lang='grc' dir='ltr'>δηλονότι</span> <span class='ocrx_word' id='word_1_762' title='bbox 400 2613 447 2638; x_wconf 66' lang='grc' dir='ltr'>καὶ</span> <span class='ocrx_word' id='word_1_763' title='bbox 461 2609 508 2636; x_wconf 83' lang='grc' dir='ltr'>τοῦ</span> <span class='ocrx_word' id='word_1_764' title='bbox 521 2608 597 2640; x_wconf 85' lang='grc' dir='ltr'>Υἱοῦ,</span> <span class='ocrx_word' id='word_1_765' title='bbox 620 2604 658 2634; x_wconf 82' lang='grc' dir='ltr'>ὦν</span> <span class='ocrx_word' id='word_1_766' title='bbox 675 2604 747 2633; x_wconf 70' lang='grc' dir='ltr'>εἶναι</span> <span class='ocrx_word' id='word_1_767' title='bbox 764 2604 876 2638; x_wconf 81' lang='grc' dir='ltr'>Πνεῦμα</span> <span class='ocrx_word' id='word_1_768' title='bbox 889 2603 932 2629; x_wconf 85' lang='grc' dir='ltr'><strong>λέ-</strong></span> 
     </span>
    </p>
   </div>
   <div class='ocr_carea' id='block_1_100' title="bbox 145 2648 929 2697">
    <p class='ocr_par' dir='ltr' id='par_1_100' title="bbox 145 2648 929 2697">
     <span class='ocr_line' id='line_1_100' title="bbox 145 2648 929 2697; baseline -0.015 -9"><span class='ocrx_word' id='word_1_769' title='bbox 145 2648 223 2697; x_wconf 77' lang='grc' dir='ltr'>γεται</span> <span class='ocrx_word' id='word_1_770' title='bbox 235 2668 241 2675; x_wconf 91' lang='grc'><strong>·</strong></span> <span class='ocrx_word' id='word_1_771' title='bbox 258 2660 287 2687; x_wconf 80' lang='grc' dir='ltr'>οὺ</span> <span class='ocrx_word' id='word_1_772' title='bbox 300 2659 354 2693; x_wconf 85' lang='grc' dir='ltr'>γὰρ</span> <span class='ocrx_word' id='word_1_773' title='bbox 369 2659 402 2684; x_wconf 79' lang='grc' dir='ltr'>ἐκ</span> <span class='ocrx_word' id='word_1_774' title='bbox 415 2657 494 2692; x_wconf 73' lang='grc' dir='ltr'>μόνον</span> <span class='ocrx_word' id='word_1_775' title='bbox 507 2656 574 2690; x_wconf 75' lang='grc' dir='ltr'>φησὶ</span> <span class='ocrx_word' id='word_1_776' title='bbox 583 2655 630 2682; x_wconf 86' lang='grc' dir='ltr'>τοῦ</span> <span class='ocrx_word' id='word_1_777' title='bbox 647 2653 753 2688; x_wconf 63' lang='lat' dir='ltr'><strong>Harpe;</strong></span> <span class='ocrx_word' id='word_1_778' title='bbox 766 2651 832 2678; x_wconf 74' lang='grc' dir='ltr'>αὐτὸ</span> <span class='ocrx_word' id='word_1_779' title='bbox 849 2648 929 2682; x_wconf 76' lang='grc' dir='ltr'>εἶναι,</span> 
     </span>
    </p>
   </div>
   <div class='ocr_carea' id='block_1_101' title="bbox 145 2696 930 2741">
    <p class='ocr_par' dir='ltr' id='par_1_101' title="bbox 145 2696 930 2741">
     <span class='ocr_line' id='line_1_101' title="bbox 145 2696 930 2741; baseline -0.015 -7"><span class='ocrx_word' id='word_1_780' title='bbox 145 2696 214 2734; x_wconf 71' lang='grc' dir='ltr'>ἀλλὰ</span> <span class='ocrx_word' id='word_1_781' title='bbox 231 2706 313 2741; x_wconf 80' lang='grc' dir='ltr'>μόνου</span> <span class='ocrx_word' id='word_1_782' title='bbox 324 2704 370 2730; x_wconf 81' lang='grc' dir='ltr'>τοῦ</span> <span class='ocrx_word' id='word_1_783' title='bbox 387 2703 455 2729; x_wconf 73' lang='grc' dir='ltr'>Θεοῦ</span> <span class='ocrx_word' id='word_1_784' title='bbox 472 2699 553 2734; x_wconf 78' lang='grc' dir='ltr'>εἶναι,</span> <span class='ocrx_word' id='word_1_785' title='bbox 570 2701 583 2727; x_wconf 74' lang='grc' dir='ltr'><strong>ὃ</strong></span> <span class='ocrx_word' id='word_1_786' title='bbox 598 2699 730 2735; x_wconf 79' lang='grc' dir='ltr'>πάμπολυ</span> <span class='ocrx_word' id='word_1_787' title='bbox 745 2698 881 2732; x_wconf 75' lang='grc' dir='ltr'>διαφέρει.</span> <span class='ocrx_word' id='word_1_788' title='bbox 901 2696 930 2722; x_wconf 89' lang='lat'><strong>&#39;0</strong></span> 
     </span>
    </p>
   </div>
   <div class='ocr_carea' id='block_1_102' title="bbox 145 2742 929 2787">
    <p class='ocr_par' dir='ltr' id='par_1_102' title="bbox 145 2742 929 2787">
     <span class='ocr_line' id='line_1_102' title="bbox 145 2742 929 2787; baseline -0.015 -7"><span class='ocrx_word' id='word_1_789' title='bbox 145 2754 185 2787; x_wconf 76' lang='grc' dir='ltr'><strong>δὲ,</strong></span> <span class='ocrx_word' id='word_1_790' title='bbox 218 2755 243 2780; x_wconf 86' lang='grc' dir='ltr'><strong>εί</strong></span> <span class='ocrx_word' id='word_1_791' title='bbox 271 2752 318 2778; x_wconf 78' lang='grc' dir='ltr'>καὶ</span> <span class='ocrx_word' id='word_1_792' title='bbox 350 2750 457 2785; x_wconf 78' lang='grc' dir='ltr'>ἀληϋῶς</span> <span class='ocrx_word' id='word_1_793' title='bbox 484 2748 563 2775; x_wconf 80' lang='grc' dir='ltr'>τοῦτο</span> <span class='ocrx_word' id='word_1_794' title='bbox 593 2748 641 2783; x_wconf 78' lang='grc' dir='ltr'>τῆς</span> <span class='ocrx_word' id='word_1_795' title='bbox 659 2746 765 2773; x_wconf 69' lang='grc' dir='ltr'>ἐκείνου</span> <span class='ocrx_word' id='word_1_796' title='bbox 791 2742 929 2777; x_wconf 69' lang='grc' dir='ltr'>θεολογίας</span> 
     </span>
    </p>
   </div>
   <div class='ocr_carea' id='block_1_103' title="bbox 980 2274 1765 2311">
    <p class='ocr_par' dir='ltr' id='par_1_103' title="bbox 980 2274 1765 2311">
     <span class='ocr_line' id='line_1_103' title="bbox 980 2274 1765 2311; baseline -0.006 -6"><span class='ocrx_word' id='word_1_797' title='bbox 980 2282 1061 2305; x_wconf 79' lang='lat' dir='ltr'><strong>italus</strong></span> <span class='ocrx_word' id='word_1_798' title='bbox 1074 2281 1158 2310; x_wconf 83' lang='lat' dir='ltr'><strong>esset,</strong></span> <span class='ocrx_word' id='word_1_799' title='bbox 1179 2284 1260 2311; x_wconf 84' lang='lat' dir='ltr'><strong>quam</strong></span> <span class='ocrx_word' id='word_1_800' title='bbox 1276 2276 1299 2303; x_wconf 88' lang='lat' dir='ltr'><strong>si</strong></span> <span class='ocrx_word' id='word_1_801' title='bbox 1319 2275 1392 2303; x_wconf 85' lang='lat' dir='ltr'><strong>solos</strong></span> <span class='ocrx_word' id='word_1_802' title='bbox 1408 2275 1481 2309; x_wconf 86' lang='lat' dir='ltr'><strong>ipsos</strong></span> <span class='ocrx_word' id='word_1_803' title='bbox 1496 2282 1552 2303; x_wconf 63' lang='lat' dir='ltr'><strong>sine</strong></span> <span class='ocrx_word' id='word_1_804' title='bbox 1567 2274 1700 2301; x_wconf 73' lang='lat' dir='ltr'><strong>voluntati</strong></span> <span class='ocrx_word' id='word_1_805' title='bbox 1715 2276 1765 2301; x_wconf 82' lang='lat' dir='ltr'><strong>ob-</strong></span> 
     </span>
    </p>
   </div>
   <div class='ocr_carea' id='block_1_104' title="bbox 981 2320 1766 2351">
    <p class='ocr_par' dir='ltr' id='par_1_104' title="bbox 981 2320 1766 2351">
     <span class='ocr_line' id='line_1_104' title="bbox 981 2320 1766 2351; baseline -0.005 0"><span class='ocrx_word' id='word_1_806' title='bbox 981 2323 1164 2351; x_wconf 83' lang='lat' dir='ltr'><strong>secundantes</strong></span> <span class='ocrx_word' id='word_1_807' title='bbox 1191 2322 1226 2350; x_wconf 87' lang='lat' dir='ltr'><strong>ab</strong></span> <span class='ocrx_word' id='word_1_808' title='bbox 1241 2322 1302 2349; x_wconf 84' lang='lat' dir='ltr'><strong>aliis</strong></span> <span class='ocrx_word' id='word_1_809' title='bbox 1322 2321 1483 2348; x_wconf 84' lang='lat' dir='ltr'><strong>doctoribus</strong></span> <span class='ocrx_word' id='word_1_810' title='bbox 1513 2320 1651 2348; x_wconf 75' lang='lat' dir='ltr'><strong>universis</strong></span> <span class='ocrx_word' id='word_1_811' title='bbox 1677 2320 1766 2347; x_wconf 80' lang='lat' dir='ltr'><strong>disce-</strong></span> 
     </span>
    </p>
   </div>
   <div class='ocr_carea' id='block_1_105' title="bbox 981 2366 1768 2402">
    <p class='ocr_par' dir='ltr' id='par_1_105' title="bbox 981 2366 1768 2402">
     <span class='ocr_line' id='line_1_105' title="bbox 981 2366 1768 2402; baseline -0.006 -6"><span class='ocrx_word' id='word_1_812' title='bbox 981 2370 1047 2397; x_wconf 85' lang='lat' dir='ltr'><strong>dere</strong></span> <span class='ocrx_word' id='word_1_813' title='bbox 1063 2369 1131 2396; x_wconf 89' lang='lat' dir='ltr'><strong>etin</strong></span> <span class='ocrx_word' id='word_1_814' title='bbox 1146 2368 1345 2402; x_wconf 67' lang='lat' dir='ltr'><strong>eosinsurgere</strong></span> <span class='ocrx_word' id='word_1_815' title='bbox 1361 2371 1475 2394; x_wconf 79' lang='lat' dir='ltr'><strong>statuat.</strong></span> <span class='ocrx_word' id='word_1_816' title='bbox 1492 2366 1626 2401; x_wconf 82' lang='lat' dir='ltr'><strong>Lepidum</strong></span> <span class='ocrx_word' id='word_1_817' title='bbox 1648 2373 1768 2399; x_wconf 81' lang='lat' dir='ltr'><strong>namque</strong></span> 
     </span>
    </p>
   </div>
   <div class='ocr_carea' id='block_1_106' title="bbox 980 2411 1769 2450">
    <p class='ocr_par' dir='ltr' id='par_1_106' title="bbox 980 2411 1769 2450">
     <span class='ocr_line' id='line_1_106' title="bbox 980 2411 1769 2450; baseline -0.008 -7"><span class='ocrx_word' id='word_1_818' title='bbox 980 2421 1033 2448; x_wconf 83' lang='lat' dir='ltr'><strong>est,</strong></span> <span class='ocrx_word' id='word_1_819' title='bbox 1050 2416 1123 2450; x_wconf 87' lang='lat' dir='ltr'><strong>quod</strong></span> <span class='ocrx_word' id='word_1_820' title='bbox 1139 2415 1221 2442; x_wconf 83' lang='lat' dir='ltr'><strong>etiam</strong></span> <span class='ocrx_word' id='word_1_821' title='bbox 1237 2421 1271 2441; x_wconf 75' lang='lat' dir='ltr'><strong>ex</strong></span> <span class='ocrx_word' id='word_1_822' title='bbox 1286 2413 1400 2441; x_wconf 86' lang='lat' dir='ltr'><strong>canticis</strong></span> <span class='ocrx_word' id='word_1_823' title='bbox 1414 2413 1467 2440; x_wconf 78' lang='lat' dir='ltr'><strong>sibi</strong></span> <span class='ocrx_word' id='word_1_824' title='bbox 1481 2417 1622 2446; x_wconf 83' lang='lat' dir='ltr'><strong>comparat</strong></span> <span class='ocrx_word' id='word_1_825' title='bbox 1637 2418 1695 2438; x_wconf 70' lang='lat' dir='ltr'><strong>sua)</strong></span> <span class='ocrx_word' id='word_1_826' title='bbox 1719 2411 1769 2437; x_wconf 88' lang='lat' dir='ltr'><strong>do-</strong></span> 
     </span>
    </p>
   </div>
   <div class='ocr_carea' id='block_1_107' title="bbox 982 2459 1768 2492">
    <p class='ocr_par' dir='ltr' id='par_1_107' title="bbox 982 2459 1768 2492">
     <span class='ocr_line' id='line_1_107' title="bbox 982 2459 1768 2492; baseline -0.009 -3"><span class='ocrx_word' id='word_1_827' title='bbox 982 2464 1077 2491; x_wconf 76' lang='lat' dir='ltr'><strong>ctrina:</strong></span> <span class='ocrx_word' id='word_1_828' title='bbox 1093 2462 1343 2492; x_wconf 82' lang='lat' dir='ltr'><strong>continuationem.</strong></span> <span class='ocrx_word' id='word_1_829' title='bbox 1367 2460 1490 2490; x_wconf 85' lang='lat' dir='ltr'><strong>aliunde.</strong></span> <span class='ocrx_word' id='word_1_830' title='bbox 1509 2462 1539 2486; x_wconf 87' lang='lat' dir='ltr'><strong>ut</strong></span> <span class='ocrx_word' id='word_1_831' title='bbox 1557 2459 1678 2488; x_wconf 85' lang='lat' dir='ltr'><strong>videtur,</strong></span> <span class='ocrx_word' id='word_1_832' title='bbox 1705 2464 1768 2483; x_wconf 82' lang='lat' dir='ltr'><strong>eam</strong></span> 
     </span>
    </p>
   </div>
   <div class='ocr_carea' id='block_1_108' title="bbox 982 2502 1769 2544">
    <p class='ocr_par' dir='ltr' id='par_1_108' title="bbox 982 2502 1769 2544">
     <span class='ocr_line' id='line_1_108' title="bbox 982 2502 1769 2544; baseline -0.013 -7"><span class='ocrx_word' id='word_1_833' title='bbox 982 2514 1078 2544; x_wconf 85' lang='lat' dir='ltr'><strong>petere</strong></span> <span class='ocrx_word' id='word_1_834' title='bbox 1102 2508 1173 2536; x_wconf 82' lang='lat' dir='ltr'><strong>haud</strong></span> <span class='ocrx_word' id='word_1_835' title='bbox 1191 2507 1295 2535; x_wconf 87' lang='lat' dir='ltr'><strong>valens.</strong></span> <span class='ocrx_word' id='word_1_836' title='bbox 1325 2507 1452 2533; x_wconf 80' lang='lat' dir='ltr'><strong>Attamen</strong></span> <span class='ocrx_word' id='word_1_837' title='bbox 1485 2505 1518 2532; x_wconf 86' lang='lat' dir='ltr'><strong>iis</strong></span> <span class='ocrx_word' id='word_1_838' title='bbox 1544 2503 1592 2539; x_wconf 84' lang='lat' dir='ltr'><strong>qui</strong></span> <span class='ocrx_word' id='word_1_839' title='bbox 1621 2502 1769 2529; x_wconf 83' lang='lat' dir='ltr'><strong>humanius</strong></span> 
     </span>
    </p>
   </div>
   <div class='ocr_carea' id='block_1_109' title="bbox 983 2548 1767 2590">
    <p class='ocr_par' dir='ltr' id='par_1_109' title="bbox 983 2548 1767 2590">
     <span class='ocr_line' id='line_1_109' title="bbox 983 2548 1767 2590; baseline -0.01 -8"><span class='ocrx_word' id='word_1_840' title='bbox 983 2560 1068 2590; x_wconf 72' lang='lat' dir='ltr'><strong>agunt</strong></span> <span class='ocrx_word' id='word_1_841' title='bbox 1083 2554 1110 2582; x_wconf 94' lang='lat' dir='ltr'><strong>in</strong></span> <span class='ocrx_word' id='word_1_842' title='bbox 1127 2555 1254 2581; x_wconf 85' lang='lat' dir='ltr'><strong>doctores</strong></span> <span class='ocrx_word' id='word_1_843' title='bbox 1272 2553 1425 2588; x_wconf 85' lang='lat' dir='ltr'><strong>majorique</strong></span> <span class='ocrx_word' id='word_1_844' title='bbox 1442 2551 1545 2586; x_wconf 85' lang='lat' dir='ltr'><strong>pollent</strong></span> <span class='ocrx_word' id='word_1_845' title='bbox 1568 2548 1702 2584; x_wconf 81' lang='lat' dir='ltr'><strong>sapientia</strong></span> <span class='ocrx_word' id='word_1_846' title='bbox 1715 2555 1767 2575; x_wconf 87' lang='lat' dir='ltr'><strong>au-</strong></span> 
     </span>
    </p>
   </div>
   <div class='ocr_carea' id='block_1_110' title="bbox 984 2594 1770 2633">
    <p class='ocr_par' dir='ltr' id='par_1_110' title="bbox 984 2594 1770 2633">
     <span class='ocr_line' id='line_1_110' title="bbox 984 2594 1770 2633; baseline -0.009 -5"><span class='ocrx_word' id='word_1_847' title='bbox 984 2601 1122 2629; x_wconf 84' lang='lat' dir='ltr'><strong>ditoribus</strong></span> <span class='ocrx_word' id='word_1_848' title='bbox 1135 2601 1242 2629; x_wconf 87' lang='lat' dir='ltr'><strong>nullum</strong></span> <span class='ocrx_word' id='word_1_849' title='bbox 1256 2608 1322 2627; x_wconf 76' lang='lat' dir='ltr'><strong>sane</strong></span> <span class='ocrx_word' id='word_1_850' title='bbox 1340 2598 1479 2633; x_wconf 79' lang='lat' dir='ltr'><strong>negotium</strong></span> <span class='ocrx_word' id='word_1_851' title='bbox 1507 2596 1630 2628; x_wconf 82' lang='lat' dir='ltr'><strong>facessit,</strong></span> <span class='ocrx_word' id='word_1_852' title='bbox 1658 2600 1686 2622; x_wconf 88' lang='lat' dir='ltr'><strong>et</strong></span> <span class='ocrx_word' id='word_1_853' title='bbox 1718 2594 1770 2622; x_wconf 83' lang='lat' dir='ltr'><strong>hos</strong></span> 
     </span>
    </p>
   </div>
   <div class='ocr_carea' id='block_1_111' title="bbox 985 2640 1769 2684">
    <p class='ocr_par' dir='ltr' id='par_1_111' title="bbox 985 2640 1769 2684">
     <span class='ocr_line' id='line_1_111' title="bbox 985 2640 1769 2684; baseline -0.014 -7"><span class='ocrx_word' id='word_1_854' title='bbox 985 2650 1056 2677; x_wconf 82' lang='lat' dir='ltr'><strong>duos</strong></span> <span class='ocrx_word' id='word_1_855' title='bbox 1072 2648 1168 2684; x_wconf 85' lang='lat' dir='ltr'><strong>primis</strong></span> <span class='ocrx_word' id='word_1_856' title='bbox 1185 2647 1239 2674; x_wconf 85' lang='lat' dir='ltr'><strong>illis</strong></span> <span class='ocrx_word' id='word_1_857' title='bbox 1255 2652 1284 2673; x_wconf 91' lang='lat' dir='ltr'><strong>et</strong></span> <span class='ocrx_word' id='word_1_858' title='bbox 1300 2645 1404 2679; x_wconf 78' lang='lat' dir='ltr'><strong>magnis</strong></span> <span class='ocrx_word' id='word_1_859' title='bbox 1419 2643 1581 2670; x_wconf 74' lang='lat' dir='ltr'><strong>doctoribus</strong></span> <span class='ocrx_word' id='word_1_860' title='bbox 1597 2640 1769 2669; x_wconf 86' lang='lat' dir='ltr'><strong>consociare.</strong></span> 
     </span>
    </p>
   </div>
   <div class='ocr_carea' id='block_1_112' title="bbox 985 2687 1770 2724">
    <p class='ocr_par' dir='ltr' id='par_1_112' title="bbox 985 2687 1770 2724">
     <span class='ocr_line' id='line_1_112' title="bbox 985 2687 1770 2724; baseline -0.014 0"><span class='ocrx_word' id='word_1_861' title='bbox 985 2697 1062 2724; x_wconf 79' lang='lat' dir='ltr'><strong>Alter</strong></span> <span class='ocrx_word' id='word_1_862' title='bbox 1079 2696 1152 2724; x_wconf 90' lang='lat' dir='ltr'><strong>enim</strong></span> <span class='ocrx_word' id='word_1_863' title='bbox 1169 2694 1216 2721; x_wconf 88' lang='lat' dir='ltr'><strong>Dei</strong></span> <span class='ocrx_word' id='word_1_864' title='bbox 1233 2693 1322 2721; x_wconf 84' lang='lat' dir='ltr'><strong>solum</strong></span> <span class='ocrx_word' id='word_1_865' title='bbox 1337 2691 1405 2718; x_wconf 86' lang='lat' dir='ltr'><strong>dicit</strong></span> <span class='ocrx_word' id='word_1_866' title='bbox 1423 2697 1484 2718; x_wconf 80' lang='lat' dir='ltr'><strong>esse</strong></span> <span class='ocrx_word' id='word_1_867' title='bbox 1511 2689 1654 2724; x_wconf 86' lang='lat' dir='ltr'><strong>Spiritum,</strong></span> <span class='ocrx_word' id='word_1_868' title='bbox 1680 2687 1770 2715; x_wconf 78' lang='lat' dir='ltr'><strong>Patris</strong></span> 
     </span>
    </p>
   </div>
   <div class='ocr_carea' id='block_1_113' title="bbox 986 2735 1768 2774">
    <p class='ocr_par' dir='ltr' id='par_1_113' title="bbox 986 2735 1768 2774">
     <span class='ocr_line' id='line_1_113' title="bbox 986 2735 1768 2774; baseline -0.013 -3"><span class='ocrx_word' id='word_1_869' title='bbox 986 2743 1116 2771; x_wconf 81' lang='lat' dir='ltr'><strong>videlicet</strong></span> <span class='ocrx_word' id='word_1_870' title='bbox 1136 2740 1253 2772; x_wconf 81' lang='lat' dir='ltr'><strong>ctFtlii.</strong></span> <span class='ocrx_word' id='word_1_871' title='bbox 1273 2746 1389 2774; x_wconf 86' lang='lat' dir='ltr'><strong>quorum</strong></span> <span class='ocrx_word' id='word_1_872' title='bbox 1414 2745 1475 2765; x_wconf 82' lang='lat' dir='ltr'><strong>esse</strong></span> <span class='ocrx_word' id='word_1_873' title='bbox 1501 2736 1621 2771; x_wconf 74' lang='lat' dir='ltr'><strong>Spiritus</strong></span> <span class='ocrx_word' id='word_1_874' title='bbox 1649 2735 1768 2766; x_wconf 82' lang='lat' dir='ltr'><strong>dicitur;</strong></span> 
     </span>
    </p>
   </div>
   <div class='ocr_carea' id='block_1_114' title="bbox 185 2838 1737 2895">
    <p class='ocr_par' dir='ltr' id='par_1_114' title="bbox 185 2838 1737 2895">
     <span class='ocr_line' id='line_1_114' title="bbox 185 2838 1737 2895; baseline -0.012 -12"><span class='ocrx_word' id='word_1_875' title='bbox 185 2858 221 2895; x_wconf 81' lang='grc' dir='ltr'>(ιι)</span> <span class='ocrx_word' id='word_1_876' title='bbox 245 2856 310 2883; x_wconf 80' lang='lat' dir='ltr'><strong>Vide</strong></span> <span class='ocrx_word' id='word_1_877' title='bbox 338 2855 452 2882; x_wconf 79' lang='lat' dir='ltr'><strong>Aristot.</strong></span> <span class='ocrx_word' id='word_1_878' title='bbox 481 2851 607 2887; x_wconf 80' lang='lat' dir='ltr'><strong>Categor.</strong></span> <span class='ocrx_word' id='word_1_879' title='bbox 629 2856 648 2878; x_wconf 85' lang='lat' dir='ltr'><strong>t.</strong></span> <span class='ocrx_word' id='word_1_880' title='bbox 670 2851 690 2883; x_wconf 91' lang='grc' dir='ltr'>Ι,</span> <span class='ocrx_word' id='word_1_881' title='bbox 715 2859 741 2886; x_wconf 87' lang='lat' dir='ltr'><strong>p.</strong></span> <span class='ocrx_word' id='word_1_882' title='bbox 775 2850 800 2877; x_wconf 92' lang='lat' dir='ltr'><strong>ll</strong></span> <span class='ocrx_word' id='word_1_883' title='bbox 825 2858 882 2883; x_wconf 80' lang='lat' dir='ltr'><strong>seq.</strong></span> <span class='ocrx_word' id='word_1_884' title='bbox 903 2854 928 2877; x_wconf 81' lang='lat' dir='ltr'><strong>rt</strong></span> <span class='ocrx_word' id='word_1_885' title='bbox 948 2846 1098 2880; x_wconf 66' lang='lat' dir='ltr'><strong>)letapltys.</strong></span> <span class='ocrx_word' id='word_1_886' title='bbox 1113 2845 1131 2872; x_wconf 94' lang='lat' dir='ltr'><strong>l.</strong></span> <span class='ocrx_word' id='word_1_887' title='bbox 1148 2851 1185 2879; x_wconf 84' lang='lat' dir='ltr'><strong>tv,</strong></span> <span class='ocrx_word' id='word_1_888' title='bbox 1202 2848 1220 2871; x_wconf 92' lang='lat' dir='ltr'><strong>t.</strong></span> <span class='ocrx_word' id='word_1_889' title='bbox 1234 2842 1266 2878; x_wconf 78' lang='lat' dir='ltr'><strong>ll,</strong></span> <span class='ocrx_word' id='word_1_890' title='bbox 1285 2851 1310 2878; x_wconf 86' lang='lat' dir='ltr'><strong>p.</strong></span> <span class='ocrx_word' id='word_1_891' title='bbox 1324 2840 1445 2876; x_wconf 67' lang='lat' dir='ltr'><strong>5:2,ed.</strong></span> <span class='ocrx_word' id='word_1_892' title='bbox 1462 2839 1550 2872; x_wconf 72' lang='lat' dir='ltr'><strong>Paris.</strong></span> <span class='ocrx_word' id='word_1_893' title='bbox 1571 2838 1737 2867; x_wconf 62' lang='lat' dir='ltr'><strong>t8l8«l850.</strong></span> 
     </span>
    </p>
   </div>
   <div class='ocr_carea' id='block_1_115' title="bbox 271 2900 622 2939">
    <p class='ocr_par' dir='ltr' id='par_1_115' title="bbox 271 2900 622 2939">
     <span class='ocr_line' id='line_1_115' title="bbox 271 2900 622 2939; baseline -0.011 -5"><span class='ocrx_word' id='word_1_894' title='bbox 271 2905 405 2934; x_wconf 69' lang='grc' dir='ltr'>ΡΑτιιοι..</span> <span class='ocrx_word' id='word_1_895' title='bbox 430 2903 450 2932; x_wconf 62' lang='lat' dir='ltr'><strong>L‘</strong></span> <span class='ocrx_word' id='word_1_896' title='bbox 459 2912 487 2932; x_wconf 82' lang='lat' dir='ltr'><strong>tt.</strong></span> <span class='ocrx_word' id='word_1_897' title='bbox 511 2900 622 2939; x_wconf 67' lang='lat' dir='ltr'><strong>CLXl._</strong></span> 
     </span>
    </p>
   </div>
   <div class='ocr_carea' id='block_1_116' title="bbox 1509 2888 1529 2918">
    <p class='ocr_par' dir='ltr' id='par_1_116' title="bbox 1509 2888 1529 2918">
     <span class='ocr_line' id='line_1_116' title="bbox 1509 2888 1529 2918; baseline 0 0"><span class='ocrx_word' id='word_1_898' title='bbox 1509 2888 1529 2918; x_wconf 75' lang='lat'><strong><em>2</em></strong></span> 
     </span>
    </p>
   </div>
  </div>
