1913 3060
167 143 202 176 35
248 150 250 152 '
780 141 946 172 GEtZ‘RGll
979 141 1122 172 SCHOLA
1130 143 1185 173 RH
1762 142 1800 175 36

169 208 258 237 neque
275 200 349 227 enim
368 206 402 226 ex
415 198 474 226 solo
489 198 570 225 Patre
585 197 662 225 illiilli
677 205 738 225 esse
758 198 836 231 dicit,
853 197 900 225 scd
911 205 953 225 so-

1010 198 1083 224 ἐστὶν
1097 199 1147 234 (1),
1165 198 1253 225 αἴτιον
1279 196 1347 224 εἶναι
1364 197 1488 232 βούλεται
1515 197 1561 223 τὸν
1578 197 1687 232 Πατέρα
1706 198 1797 232 μόνον,

165 247 221 274 lius
240 245 286 273 Dei
302 251 374 277 esse,
391 243 465 278 quod
478 243 645 278 permultum
664 242 767 270 (litl‘ert.
785 242 862 270 Alter
875 251 952 275 vero,

166 292 188 319 si
210 290 321 326 quidem
339 297 403 317 vere
417 289 444 316 id
456 289 489 317 ad
502 289 561 324 ejus
575 288 741 323 theologiam
757 289 889 323 pertinet,
903 288 954 315 Pa-

167 343 236 364 trem
251 337 338 364 solum
356 335 414 363 vult
428 343 488 363 esse
516 334 694 370 principium,
724 335 789 369 quia
818 334 894 362 solus
912 339 955 361 est

166 384 334 420 principium
349 383 409 411 sine
429 383 578 418 principio,
597 381 750 409 secundum
766 388 849 415 quem
871 381 955 414 signi-

167 431 277 458 ticatum
294 433 322 457 et
339 436 428 456 causae
440 427 591 463 (principii)
605 427 729 459 nomine,
741 431 769 454 et
784 427 956 461 praepositio-

168 484 201 502 ne
214 484 245 502 ex
259 475 413 503 Orientales
424 482 520 502 omnes
533 475 658 502 videmus
672 475 722 507 uti,
737 482 771 502 ex
787 482 842 509 quo
856 479 884 502 et
895 483 956 502 om-

167 523 210 550 nis
223 522 303 548 nobis
322 528 384 549 cuin
401 521 507 548 Latinis
524 520 678 558 diﬂ‘erentia
696 521 813 553 tollitur.
834 520 882 548 sed
899 528 954 547 non

166 568 234 595 dicit
246 567 345 595 Filium
363 567 476 595 omnino
489 567 578 602 quoad
598 566 717 602 Spiritus
734 565 822 594 sancti
844 573 957 601 proces~

168 615 275 642 sionem
291 619 319 642 et
334 614 522 642 exsistentiam
536 621 589 640 non
608 613 812 640 communicare
824 620 887 640 cum
904 612 955 639 Pa-

169 665 225 693 tre;
240 661 378 695 quomodo
392 659 466 686 enitn
489 659 516 686 id
531 659 646 692 diceret,
664 659 711 693 qui
733 666 766 685 ex
793 659 873 685 Patre
908 666 955 692 per

167 706 267 734 Filiqu
288 705 399 740 prodire
415 709 443 732 et
463 713 497 732 ex
522 705 603 732 Patre
628 712 676 740 per
704 704 805 732 Filium
839 703 954 738 produci

166 751 299 785 Spiritum
315 750 459 786 praedicat?
472 749 530 777 Tali
547 753 627 784 pacto
637 753 778 777 ostensum
796 752 848 780 est.
864 748 956 783 Ephe-

168 796 202 823 sii
222 796 426 823 conclusionem
443 795 600 822 nullatenus
623 793 783 830 procedere,
802 800 863 820 cum
879 793 955 820 intir-

1008 245 1050 271 ὅτι
1067 245 1147 278 μόνος
1166 245 1287 276 ἀναίτιος
1306 243 1403 276 αἴτιος,
1429 243 1491 270 καθ’
1507 243 1521 270 ὅ
1534 243 1735 278 σημαινόμενον
1748 246 1798 271 καὶ

1007 291 1046 326 τῷ
1061 291 1112 325 τῆς
1135 290 1224 322 αἰτίας
1254 291 1366 325 ὀνόματι
1396 291 1444 317 καὶ
1466 291 1498 325 τῇ
1518 291 1552 317 ἐκ
1580 290 1710 325 προθέσει
1732 291 1798 322 τοὺς

1014 337 1206 368 Ἀνατολικοὺς
1233 337 1342 372 ὁρῶμεν
1361 336 1466 368 πάντας
1493 337 1662 371 χρωμένους,
1677 337 1707 368 ἐξ
1721 336 1750 362 οὗ
1765 337 1800 370 δὴ

1008 384 1055 410 καὶ
1073 384 1147 409 πᾶσα
1165 384 1230 418 ἡμῖν
1254 383 1269 416 ἠ
1288 382 1356 416 πρὸς
1384 382 1517 414 Λατίνους
1536 382 1642 417 ἀνίσχει
1659 383 1777 417 διαφορά
1789 391 1796 398 ·

1008 429 1066 456 ἀλλ’
1094 430 1124 455 οὺ
1142 430 1218 462 λέγει
1235 429 1281 455 τὸν
1298 428 1362 454 Υἱδν
1394 429 1553 455 παντάπασι
1584 428 1653 462 πρὸς
1680 429 1729 462 τὴν
1750 429 1798 455 τοῦ

1009 475 1086 508 ἁγίου
1104 476 1263 510 Πνεύματος
1283 475 1397 509 πρόοδόν
1407 482 1436 500 τε
1453 476 1499 500 καὶ
1513 474 1631 510 ὕπαρξιν
1646 474 1683 509 μὴ
1698 483 1797 501 κοινω-

1009 521 1065 546 νεῖν
1088 519 1126 554 τῷ
1151 520 1246 554 Πατρί.
1265 519 1325 550 Πῶς
1339 519 1394 553 γὰρ
1412 518 1439 550 ὃς
1457 519 1489 545 ὲκ
1503 518 1549 544 τοῦ
1569 519 1674 554 [ἰατρὸς
1693 519 1736 545 διὰ
1750 519 1797 545 τοῦ

1009 566 1074 592 Υἰοῦ
1087 566 1209 600 προϊέναι
1225 565 1273 591 καὶ
1289 566 1321 591 ὲκ
1335 565 1383 591 τοῦ
1400 565 1507 600 Πατρδς
1526 564 1570 591 διὰ
1581 565 1628 591 τοῦ
1648 564 1714 591 Υἰοῦ
1731 573 1800 599 προ-

1009 610 1155 637 mmo“
1178 610 1257 636 τοῦτο
1272 609 1423 644 κηρύττεις
1442 609 1536 641 Οῦτως
1555 609 1629 644 αὺτῷ
1649 611 1679 637 τὸ
1695 612 1801 644 συμπέ-

1008 664 1100 692 ρασμα
1117 656 1178 683 οὔτε
1202 656 1317 691 βεϐηκὸς
1343 655 1462 690 οὐδαμοῦ
1488 655 1622 682 δέδεικται
1653 656 1705 690 τῆς
1734 665 1802 693 προ-

1007 704 1112 733 τάσεως
1130 703 1204 737 αὐτῷ
1221 702 1409 737 σαλευθείοης,
1436 702 1485 728 καὶ
1510 703 1538 735 ἐξ
1563 699 1601 729 ὥν
1615 702 1728 738 ὕστερον
1755 703 1801 737 βε-

1008 748 1103 775 ϐαιοῦν
1114 749 1178 775 αὐτὸ
1204 749 1343 784 βούλεται,
1358 747 1435 774 οὐδὲν
1448 748 1529 775 πλέον
1559 748 1670 784 εἴληφεν
1691 750 1730 781 εἰς
1756 750 1801 784 βε-

1010 794 1137 822 δαίωσιν.

167 847 239 870 mata
256 841 365 876 penitus
398 843 435 869 sit
455 842 516 876 ejus
540 840 629 876 major
652 840 816 876 propositio,
833 844 860 867 et
895 847 929 867 ex
946 839 990 874 iis,
1011 840 1111 875 quibus
1130 847 1224 877 postea
1238 843 1403 872 conﬁrmare
1421 844 1494 872 illam
1507 845 1576 878 vult,
1600 843 1668 871 nihil
1682 843 1799 870 ulterius

169 891 197 918 in
218 888 454 917 enutlrmationem
488 887 605 922 accepit.

415 946 540 975 EPIIES.
559 945 635 974 CAP.
652 945 695 973 IV.

202 1005 258 1033 Nos
274 1003 385 1039 quidem
413 1002 477 1030 dum
503 1002 601 1029 Filium
633 1008 808 1028 removemus
833 1008 848 1028 a
874 1007 956 1028 causa

166 1050 298 1086 Spiritus,
315 1049 383 1076 nihil
400 1056 463 1076 eum
481 1047 663 1082 deprimimus
677 1055 692 1074 a
713 1047 847 1082 dignitate
864 1047 911 1074 Dei
930 1051 958 1074 et

169 1096 278 1130 Patris;
293 1102 382 1130 neque
397 1094 470 1122 enim
488 1101 601 1129 prorsus
618 1093 877 1121 communicabilem
900 1093 957 1120 dei-

172 1143 236 1170 tatis
260 1150 370 1169 causam
388 1141 517 1172 dicimus,
534 1140 607 1167 sicut
634 1147 684 1167 nec
705 1139 834 1174 principii
861 1146 957 1166 caren-

167 1190 236 1217 tiam
253 1197 300 1216 seu
315 1187 553 1216 innascibilitatem
573 1186 673 1219 Patris,
689 1193 738 1213 nec
756 1185 844 1220 ipsam
866 1189 957 1220 pater-

168 1236 294 1264 nitatem.
310 1234 398 1262 Latini
419 1238 521 1266 autem,
536 1233 582 1268 qni
596 1232 855 1260 communicabilem
870 1232 957 1259 deita-

169 1282 204 1309 tis
235 1289 345 1309 causam
373 1284 479 1312 tenent,
497 1279 597 1306 deinde
632 1278 747 1313 Spiritui
773 1286 833 1306 eam
860 1277 957 1305 deesse

170 1325 412 1358 atlirniant,.omni
431 1325 593 1352 necessitate
609 1331 672 1351 eum
703 1323 860 1350 inferiorem
895 1324 957 1351 red-

171 1375 239 1402 dunt
256 1373 356 1400 deitate
373 1377 400 1400 et
417 1371 549 1407 dignitate
574 1370 661 1398 Panis
679 1374 706 1398 et
730 1370 800 1404 Filii,
818 1375 845 1397 et
860 1378 957 1398 secun-

164 1424 234 1450 dum
247 1423 299 1449 hoc
310 1421 500 1455 blasphemare
519 1419 545 1445 in
561 1418 694 1453 Spiritum
721 1423 859 1450 sanctum,
886 1417 957 1445 sicut

168 1473 196 1497 et
212 1467 364 1496 secundum
390 1466 442 1493 alia
459 1465 604 1500 multiplici
620 1465 701 1491 modo
720 1468 867 1499 coguntur.

447 1520 677 1549 :SCIIOLARlUS.

205 1583 296 1612 Latini
313 1582 395 1610 etiam
404 1581 458 1609 'hic
481 1584 576 1608 contra
594 1567 792 1615 blasphemiam
821 1580 888 1615 ipsis
917 1580 958 1607 in-

1236 945 1368 973 ΕψεΣοΥ
1387 946 1466 974 κει».
1488 948 1513 972 Δι
1530 946 1578 982 (2).

1049 1003 1146 1037 Ἡμεῖς
1162 1002 1211 1037 μὲν
1230 1002 1276 1029 τὸν
1294 1003 1358 1029 Υἰδν
1377 1003 1559 1037 ἁφαιροῦντες
1574 1002 1623 1037 τῆς
1640 1002 1730 1034 αἰτίας
1747 1002 1796 1029 τοῦ

1009 1050 1178 1084 Πνεύματος.
1207 1049 1283 1076 οὐδὲν
1299 1050 1383 1076 αὐτὸν
1411 1050 1577 1085 ὲλαττοῦμεν
1594 1050 1644 1084 τῆς
1664 1049 1712 1075 τοῦ
1728 1049 1796 1076 Θεοῦ

1009 1097 1055 1122 καὶ
1075 1095 1180 1130 Πατρὶς
1198 1095 1291 1127 ἁξίας¹
1311 1095 1370 1121 οὐδὲ
1384 1095 1440 1130 γὰρ
1459 1095 1526 1126 ὃλως
1542 1094 1687 1130 μεταδοτὺν
1704 1094 1734 1121 τὸ
1747 1095 1798 1129 τῆς

1008 1140 1134 1175 θεότητος
1161 1140 1246 1167 αἴτιον
1272 1140 1400 1173 λέγομεν,
1428 1139 1523 1174 ὥσπερ
1552 1139 1658 1166 οὐδὲτὸ
1676 1139 1797 1166 ἀναίτιον

1007 1186 1054 1213 τοῦ
1074 1186 1191 1221 Πατρὺς,
1207 1185 1263 1211 οὐδ’
1288 1185 1374 1219 αὐτὴν
1390 1185 1438 1220 τὴν
1453 1185 1621 1220 πατρότητα.
1640 1185 1751 1211 Λατῖνοι
1767 1183 1797 1210 δὲ

1010 1232 1153 1267 μεταδοτὺν
1170 1231 1248 1257 τοῦτο
1267 1231 1438 1266 φρονοῦντες,
1457 1229 1516 1257 εἶτα
1530 1231 1561 1256 τὸ
1574 1230 1687 1264 Πνεῦμα
1699 1230 1796 1257 τούτου

1009 1279 1149 1305 λείπεσθαι
1165 1279 1301 1313 λέγοντες,
1328 1279 1426 1310 πάσαις
1442 1279 1578 1313 ἀνάγκαις
1600 1278 1710 1304 ἔλαττον
1730 1277 1796 1303 αὐτὸ

1008 1325 1116 1351 ποιοῦσι
1128 1326 1177 1359 τῆς
1189 1325 1236 1351 τοῦ
1251 1324 1356 1360 lla-:90;
1365 1325 1411 1351 καὶ
1427 1324 1492 1351 Υἰοῦ
1504 1325 1631 1358 θεότητος
1644 1324 1692 1351 καὶ
1705 1323 1795 1355 ἀξίας,

1008 1371 1056 1397 καὶ
1069 1371 1142 1397 κατὰ
1157 1371 1236 1397 τοῦτο
1252 1371 1423 1405 βλασφημεῖν
1436 1371 1476 1402 εἰς
1496 1372 1524 1396 τὸ
1536 1370 1692 1407 Πνεῦμαρδ
1709 1370 1796 1404 ἅγιον,

1008 1415 1102 1450 ὥσπερ
1117 1416 1163 1442 καὶ
1179 1417 1240 1443 κατ’
1253 1415 1322 1444 ἄλλα
1336 1415 1479 1451 πολλαχῶς
1491 1415 1704 1449 ἀναγκάζονται.

1295 1519 1315 1544 0
1347 1517 1548 1545 ΣΧΟΛᾹΡῘΟΣ.

1044 1576 1076 1602 Oi
1096 1575 1205 1602 Λατῖνοι
1223 1573 1362 1601 κάνταῦθα
1377 1574 1447 1609 πρὸς
1461 1575 1511 1609 τὴν
1533 1574 1593 1601 κατ’
1608 1573 1698 1601 αὐτῶν
1716 1574 1797 1609 βλασ-

169 1635 300 1659 tematatn
319 1629 412 1656 eadem
429 1626 586 1654 defensione
604 1632 728 1659 utentur,
747 1634 800 1661 qua
817 1631 845 1653 et
861 1626 895 1652 ad
914 1633 956 1665 se-

1010 1622 1116 1656 φημίαν
1132 1620 1348 1656 ἀπολογήσονται
1361 1621 1395 1646 τὰ
1410 1618 1542 1652 αὑτὰ,οἴα
1557 1622 1604 1647 καὶ
1618 1621 1684 1656 πρὸς
1700 1621 1729 1647 τὸ
1742 1621 1796 1648 τῶν

168 1676 289 1704 cundum
308 1678 499 1709 argumentum
516 1673 558 1699 usi
577 1676 651 1704 sunt,
670 1680 732 1699 cum
754 1672 809 1700 hoc
835 1672 906 1698 idem
921 1671 957 1698 sit

169 1730 232 1750 cum
257 1722 314 1753 illo,
335 1720 427 1748 nescio
442 1727 497 1755 quo
512 1719 592 1746 modo
620 1724 647 1746 ct
665 1727 719 1753 qua
735 1719 871 1753 sapientia
901 1718 958 1745 dis-

171 1768 298 1797 tinctum.
316 1765 457 1793 ct-solutio
469 1763 504 1791 ad
522 1764 589 1791 illud
606 1763 668 1791 data
682 1763 764 1790 etiam
780 1770 829 1798 pro
839 1763 894 1789 hoc
903 1763 958 1789 erit

170 1812 317 1841 sulliciens.
345 1811 373 1839 Id
401 1815 507 1838 tantum
537 1811 564 1836 in
592 1810 737 1844 prmsentia
769 1812 956 1843 opportunum

169 1858 255 1885 fuerit
269 1857 373 1889 dicere,
396 1856 419 1883 si
437 1856 507 1882 bene
524 1853 745 1889 sapientissimus
760 1853 805 1880 ille
818 1853 860 1880 vir
884 1852 958 1880 ordi-

169 1906 213 1932 nis
228 1904 330 1931 bonum
350 1902 480 1933 novisset,
494 1901 568 1936 quod
584 1900 695 1935 quidem
716 1900 813 1927 attinet
828 1899 861 1926 ad
874 1907 958 1934 argu-

169 1953 263 1977 menta
277 1955 304 1976 et
321 1948 451 1980 rationes,
467 1954 532 1974 eum
561 1945 635 1973 haud
652 1951 780 1980 tanquam
798 1945 852 1972 duo
875 1952 956 1979 sepa-

170 1993 250 2021 ratim
265 1993 420 2028 positurum
439 1992 524 2018 fuisse
549 1998 582 2018 ea
599 1999 658 2025 qua:
695 1990 808 2018 omnino
832 1990 957 2017 eamdem

170 2039 225 2066 vim
243 2039 355 2071 habent,
374 2037 447 2072 quod
467 2044 535 2064 vero
549 2036 583 2064 ad
603 2043 646 2063 res
664 2035 771 2063 divinas
784 2039 899 2069 spectat,
923 2035 957 2062 de

170 2085 271 2120 quibus
283 2091 384 2117 sermo,
396 2090 485 2118 neque
499 2087 565 2110 tunc
581 2082 733 2109 secundum
749 2085 956 2114 argumentum,

170 2137 260 2165 neque
272 2137 346 2156 nunc
362 2134 491 2163 quartum
512 2127 585 2154 istud
609 2134 722 2162 prorsus
739 2127 822 2154 fuisse
837 2126 959 2160 prolatu-

171 2183 244 2203 rum.
268 2176 308 2202 El
322 2182 356 2202 ee
368 2175 454 2206 enim,
471 2174 544 2209 quod
560 2174 662 2201 bonum
683 2172 789 2199 ordinis
804 2171 914 2206 ignorat
931 2175 959 2197 et

171 2222 230 2256 ipse
244 2228 374 2255 magnum
394 2221 460 2254 quid
477 2219 630 2247 concedere
653 2226 683 2245 se
698 2216 788 2245 credit
815 2216 889 2243 Patri
905 2216 956 2243 soli

171 2274 280 2295 causam
293 2267 413 2302 Spiritus
429 2267 564 2298 tribuens,
577 2266 678 2293 Filium
705 2272 770 2292 vero
797 2264 831 2291 ab
848 2272 881 2291 eo
908 2271 958 2290 ex-

171 2312 297 2344 cludens,
313 2317 342 2339 ct
370 2312 482 2339 Latinos
499 2311 690 2345 blasphemare
720 2309 879 2341 arbitratur,
908 2308 956 2343 qui
972 2304 995 2331 Ι)

172 2366 227 2386 non
242 2358 337 2386 eadem
353 2365 385 2385 ac
397 2358 454 2393 ipse
466 2357 578 2384 audent.
593 2357 695 2384 Verum
711 2356 735 2383 si
752 2356 832 2390 plane
843 2355 869 2381 id
883 2355 956 2390 quod

172 2405 207 2432 de
224 2404 332 2431 ratione
342 2411 440 2436 causae,
455 2410 516 2438 quae.
530 2407 573 2430 est
587 2403 614 2429 in
631 2403 722 2435 Patre,
735 2408 789 2428 non
800 2400 956 2436 participat,

173 2449 294 2476 inferius
309 2453 352 2476 est
368 2450 428 2484 ejus
445 2447 547 2475 deitate
561 2452 589 2474 et
606 2448 720 2479 honore,
737 2451 767 2473 ut
782 2446 839 2481 ipse
855 2450 959 2478 censet,

173 2495 262 2522 Latini
282 2502 347 2523 vero
364 2495 391 2521 in
407 2494 538 2529 Spiritum
563 2498 687 2521 sancttnn
714 2491 915 2527 blasphemant,
933 2494 961 2518 et

173 2540 232 2575 ipse
247 2541 374 2568 similiter
394 2539 565 2574 blasphemat
585 2539 612 2566 in
629 2538 739 2571 Filium,
760 2541 789 2564 et
806 2541 881 2564 tanto
897 2535 959 2571 qui-

173 2585 235 2614 dem
266 2587 324 2621 ipse
339 2586 472 2619 deterius,
492 2586 520 2613 in
548 2589 682 2620 quantum
713 2584 752 2611 illi
784 2583 896 2618 quidem
924 2589 960 2609 ex

173 2632 275 2667 quibus
302 2632 401 2659 Filium
423 2631 562 2659 honorant
588 2639 622 2658 ex
649 2631 745 2658 iisdem
765 2630 796 2657 in
825 2629 959 2664 Spiritum

173 2684 289 2712 peccare
304 2677 496 2708 traducuntur.
525 2678 577 2704 iste
593 2684 656 2704 vero
673 2677 737 2704 dum
765 2676 865 2704 Filium
893 2682 961 2702 con-

174 2723 304 2750 tentionis
318 2724 402 2757 gratia
421 2731 436 2750 a
465 2724 639 2757 convenienti
661 2724 763 2750 honore
784 2726 860 2750 arcet
876 2721 958 2749 simul

172 2773 200 2796 et
215 2768 347 2804 Spiritum
363 2769 396 2796 de
411 2777 445 2797 eo
467 2770 551 2805 ejicit.
573 2770 688 2802 Quando
702 2766 767 2797 vero
788 2768 853 2796 dato
870 2775 959 2796 causa

208 2860 248 2897 (ι)
266 2859 337 2890 Moti.
352 2860 398 2896 27,
417 2859 513 2895 Eatur;
528 2859 608 2889 Marc.
627 2861 696 2889 ἐστι.

1009 1667 1234 1702 ἐπιχειρημάτων
1253 1666 1459 1702 ἀπελογήσαντο
1482 1667 1621 1702 δεύτερον,
1636 1667 1728 1702 ἐπειδὴ
1746 1669 1794 1694 καὶ

1008 1713 1087 1739 τοῦτο
1109 1713 1193 1739 ταυτό
1220 1714 1292 1740 ἔστιν
1314 1714 1420 1748 ἐκείνῳ,
1447 1714 1498 1740 οὐκ
1523 1711 1572 1739 οἷδ’
1591 1714 1665 1745 ὅπως
1681 1715 1728 1740 καὶ
1743 1714 1796 1741 τίνι

1009 1762 1090 1795 σοψίᾳ
1104 1760 1251 1796 διαιρεθὲν,
1267 1761 1315 1787 καὶ
1329 1761 1345 1795 ἡ
1361 1761 1430 1795 πρὸς
1443 1761 1530 1786 ἐκεῖνο
1541 1760 1569 1787 δὲ
1584 1760 1660 1791 λύσις
1673 1760 1796 1795 καὶπρὸς

1008 1806 1087 1833 τοῦτο
1097 1807 1205 1836 πάντως
1217 1806 1340 1840 ἀρκέσει.
1358 1805 1492 1831 Τοσοῦτον
1510 1806 1592 1840 μόνον
1604 1804 1720 1831 ἐνταῦθα
1736 1813 1797 1830 και-

1010 1851 1055 1886 ρδν
1075 1850 1108 1878 ἂν
1127 1851 1183 1886 ἔχοι
1201 1851 1299 1884 λέγειν,
1313 1850 1351 1881 ὡς
1363 1850 1388 1876 εἰ
1403 1849 1433 1876 τὸ
1447 1849 1613 1885 τῆς-τάξεως
1623 1850 1725 1883 ἀγαθὸν
1738 1849 1796 1884 ᾔδει

1008 1897 1099 1929 καλῶς
1125 1898 1139 1924 ό
1167 1897 1321 1932 σοφώτατος
1340 1897 1441 1927 ἐκεῖνος
1468 1897 1549 1931 ἀνὴρ,
1570 1897 1595 1923 εἰ
1621 1896 1670 1931 μὲν
1688 1896 1749 1922 ὅσον
1762 1894 1795 1931 ἦν

1008 1944 1206 1979 ἐπιχειρήμασι
1224 1944 1271 1969 καὶ
1286 1943 1387 1977 λόγοις.
1404 1943 1454 1969 οὒκ
1469 1943 1502 1968 ἂν
1520 1943 1618 1977 ἔθηκεν
1630 1942 1667 1973 ὡς
1681 1943 1728 1969 δύο
1738 1943 1796 1978 δμη-

1010 1990 1134 2025 ρημένως
1148 1990 1181 2015 τὰ
1197 1989 1353 2015 παντάπασι
1376 1989 1425 2024 τὴν
1442 1988 1526 2022 αὐτὴν
1549 1988 1647 2023 ἔχοντα
1660 1988 1775 2023 δύναμιι
1787 1997 1795 2004 ·

1008 2038 1032 2062 εἰ
1049 2036 1076 2062 δὲ
1091 2036 1152 2062 ὅσον
1168 2035 1197 2061 ἐν
1214 2035 1271 2065 τοῖς
1296 2034 1389 2066 θείοις,
1415 2035 1479 2069 περί
1495 2031 1533 2060 ὧν
1556 2035 1571 2060 6
1586 2034 1677 2068 λόγος,
1697 2035 1747 2061 οὐκ
1763 2034 1795 2061 ἂν

1008 2081 1071 2108 οὔτε
1091 2082 1121 2108 τὸ
1134 2081 1261 2115 δεύτερον
1276 2081 1447 2116 ἐπιχείρημα
1464 2081 1535 2112 τότε,
1550 2080 1612 2106 οὕτε
1627 2080 1656 2106 τὸ
1666 2080 1796 2115 τέταρτον

1005 2128 1089 2162 δῆθεν
1103 2127 1172 2157 ὅλως
1189 2126 1273 2156 ἔθηκε
1297 2125 1355 2152 νῦν.
1373 2126 1441 2153 ’Δπὺ
1464 2126 1519 2161 γὰρ
1538 2126 1583 2153 τοῦ
1604 2125 1721 2159 τάγαθὸν
1746 2127 1796 2161 τῆς

1008 2173 1110 2206 τάξεως
1126 2174 1245 2206 ἀγνοεῖν,
1261 2173 1308 2199 καὶ
1320 2173 1402 2204 αὐτὸς
1417 2173 1489 2206 μέγα
1503 2182 1530 2199 τι
1546 2173 1707 2208 χαρίζεσθαι
1723 2174 1797 2201 δοκεῖ

1007 2219 1047 2254 τῷ
1058 2219 1144 2254 Πατρὶ
1158 2219 1232 2254 μόνῳ
1245 2219 1292 2254 τὴν
1305 2220 1394 2246 αἰτίαν
1409 2220 1454 2246 τοῦ
1467 2219 1626 2255 Πνεύματος
1640 2220 1795 2253 ἀποδιδοὺς,

1009 2266 1054 2292 τὶν
1068 2265 1096 2292 δὲ
1115 2265 1180 2292 Υἱὸν
1202 2265 1287 2300 αὐτῆς
1303 2265 1441 2299 ἀφαιρῶν,
1457 2266 1504 2292 καὶ
1519 2267 1581 2297 τοὺς
1596 2266 1728 2297 Λατίνους
1744 2265 1796 2291 οἴε-

1010 2321 1055 2340 ται
1071 2313 1243 2348 βλασφημεῖν
1258 2313 1288 2338 οὐ
1306 2313 1340 2339 τὰ
1360 2313 1431 2339 αὐτὰ
1443 2312 1531 2347 τούτῳ
1544 2313 1713 2348 τολμῶντας.
1724 2312 1797 2338 ’Λλλ“

1010 2360 1034 2384 εἰ
1051 2358 1100 2393 μὲν
1115 2359 1183 2389 ὅλως
1207 2357 1237 2384 τὸ
1257 2357 1296 2392 μὴ
1317 2359 1433 2393 μετέχον
1458 2358 1507 2391 τῆς
1525 2359 1616 2388 αἰτίας
1644 2358 1693 2393 τῆς
1717 2359 1745 2384 ὲν
1758 2358 1797 2392 τῷ

1010 2404 1099 2439 Πατρὶ
1114 2403 1222 2430 ἔλαττόν
1245 2405 1304 2430 ἐστι
1333 2404 1381 2438 τῆς
1398 2404 1445 2429 τοῦ
1472 2404 1579 2438 Πατρὸς
1605 2403 1734 2438 θεότητος
1748 2403 1796 2429 καὶ

1009 2450 1097 2482 ἀξίας,
1111 2449 1148 2480 ὡς
1161 2449 1242 2480 αὐτὸς
1264 2449 1344 2482 ἀξιοῖ,
1362 2449 1471 2475 Λατῖνοί
1487 2458 1516 2475 τε
1530 2449 1738 2483 βλασφημοῦσιν
1757 2450 1795 2480 εἰς

1008 2495 1039 2521 τὸ
1056 2495 1180 2530 Πνεῦμα,
1208 2496 1255 2522 καὶ
1280 2495 1362 2526 αὐτὸς
1386 2495 1488 2529 ὁμοίως
1517 2495 1557 2525 εἰς
1581 2494 1627 2520 τὸν
1644 2494 1722 2526 Υἰὸν,
1747 2496 1793 2521 καὶ

1008 2540 1134 2568 τοσοῦτον
1162 2540 1242 2572 αὐτὸς
1269 2542 1371 2575 χεῖρον,
1387 2541 1450 2568 ὅσον
1474 2542 1573 2568 ἐκεῖνοι
1591 2541 1640 2576 μὲν
1657 2540 1687 2573 ἐξ
1703 2538 1740 2568 ὧν
1755 2550 1795 2567 τι-

1011 2586 1083 2621 μῶσι
1099 2587 1145 2612 τὸν
1160 2586 1225 2613 Υἰδν
1238 2585 1408 2622 ἁμαρτάνειν
1421 2587 1463 2618 εἰς
1479 2587 1510 2613 τὺ
1523 2587 1635 2622 Πνεῦμα
1657 2589 1795 2622 προάγονο

1007 2641 1065 2664 ται,
1080 2632 1132 2659 ὁδὲ
1152 2632 1198 2658 τὸν
1212 2633 1276 2659 Υἰὸν
1293 2632 1344 2667 τῆς
1366 2632 1558 2668 προσηκούσης
1569 2633 1612 2660 διὰ
1626 2633 1796 2668 φιλοιεικίαν

1008 2678 1109 2713 εἵργων
1129 2680 1210 2714 τιμῆς
1226 2678 1285 2712 ἅμα
1301 2678 1348 2704 καὶ
1372 2678 1403 2704 τὺ
1419 2677 1534 2712 Πνεῦμα
1553 2678 1729 2705 συνεκδάλλει
1741 2685 1747 2692 ·
1771 2677 1795 2703 εἰ

1006 2723 1035 2750 δὲ
1047 2724 1168 2754 δοθέντος
1181 2722 1228 2750 τοῦ
1242 2723 1291 2758 τὴν
1306 2722 1395 2750 αἰτίαν
1407 2722 1477 2749 εἰναι
1492 2723 1658 2758 κοινωνητὴν
1672 2722 1709 2757 τῷ
1724 2722 1796 2756 Υἰῴ,

1008 2769 1118 2796 ἔλαττον
1133 2769 1244 2796 ἔσεσθαί
1255 2778 1322 2804 φησι
1336 2769 1366 2795 τὸ
1378 2769 1492 2803 Πνεῦμα
1507 2769 1608 2803 ταύτης
1619 2768 1792 2803 λειπόμενον,

1046 2859 1085 2895 (2)
1103 2860 1131 2887 In
1148 2859 1208 2887 cod.
1231 2859 1315 2906 Mori,
1331 2859 1384 2888 256
1401 2859 1420 2887 t‘.
1435 2859 1488 2887 '296
1509 2867 1534 2893 a,
1550 2863 1591 2887 est
1606 2865 1665 2894 cap.
1680 2858 1724 2886 l6.
