1913 3060
188 211 222 242 43
795 215 958 246 GEORGII
991 217 1197 250 SCHOLARII
1767 226 1799 255 Η

192 273 244 301 rat,
253 267 279 296 id
289 268 428 303 amp-lecti.
438 270 608 305 suspiciones
617 270 709 299 fovere
718 277 813 300 contra
821 273 939 308 perfecta
946 279 966 300 et

1025 277 1127 310 μᾶλλον
1141 278 1190 305 ἐάν
1203 287 1244 311 τις
1256 279 1340 315 μηδὲν
1356 279 1434 312 εἰδὼς
1457 280 1557 306 ειδέναι
1586 281 1683 316 νομίσῃ
1703 290 1731 308 τε
1757 282 1801 308 καὶ

188 314 222 341 ab
236 316 309 342 omni
326 316 484 350 suspicione
499 317 599 350 libera,
614 325 629 345 e
641 322 737 345 contra
753 319 924 346 conlideuter
936 327 969 347 ea

189 369 248 394 (μην
259 368 382 395 magnam
396 362 556 397 religionem
566 370 597 390 ac
611 365 792 391 reverentiam
806 371 968 400 exposcunt,

189 406 280 441 eloqui
295 411 422 441 possum,
435 413 463 434 et
473 408 558 435 multo
571 409 656 443 magis
666 410 776 444 quando
788 410 912 445 quis.qui
925 411 969 438 ni-

190 452 227 479 hil
242 453 384 480 uovitrem
406 462 435 481 se
446 463 525 481 noss»
534 463 695 490 persuasum
709 456 807 484 habeat
818 461 846 484 et
860 457 894 484 ab
908 457 970 485 aliis

188 500 248 533 ejus
276 507 379 534 gnarus
407 500 591 528 existimetur.
621 501 691 535 Quid
722 503 806 537 igitur
835 503 889 530 tale
922 504 970 531 ha-

189 545 246 576 bet,
263 546 341 579 cujus
353 545 466 573 Latinos
482 547 588 575 incuset
601 548 642 575 vcl
667 549 746 584 cujus
761 557 794 576 ex
807 549 860 577 illis
873 551 965 582 rebus,

187 598 248 625 quae
260 591 331 619 bene
347 592 540 627 sapienterque
555 593 718 627 theologiam
733 596 891 622 tractaturis
904 603 970 623 con-

187 638 313 668 veniunt,
329 637 467 665 defectum
495 638 521 665 in
546 639 599 666 illis
623 640 835 674 animadvertit,
854 645 882 668 ut
899 641 968 668 adeo

187 683 266 711 facile
286 683 311 710 id
327 683 388 711 illos
405 685 459 718 pati
483 685 621 719 opinetur,
640 686 711 720 quod
739 690 818 721 turpe
840 691 882 714 est
903 695 969 722 geo-

186 734 301 757 metram
318 730 372 764 pati
397 730 425 756 in
451 729 545 765 figuris
558 734 585 758 et
609 731 753 767 physicum
771 732 797 759 in
814 733 968 760 rationibus

186 775 220 802 de
237 775 396 809 mobilibus,
415 776 441 803 id
454 781 496 804 cst
508 777 675 812 principium
689 778 721 805 de
736 779 827 806 medio
840 779 968 807 auferre?

186 821 329 853 Quomodo
344 823 406 856 quis
420 829 543 857 prompte
558 828 585 850 et
601 828 676 851 recte
694 825 797 858 credat,
809 825 896 852 bonos
909 826 968 861 qni-

185 865 248 893 dem
266 872 420 900 geometras
437 872 465 895 et
479 869 605 904 physicos
625 877 685 896 esse
707 870 821 897 Latinos
837 872 967 906 omnique

185 911 301 939 scientia
317 913 447 948 repletos,
473 914 613 949 theologos
627 923 694 942 vero
713 923 772 943 esse
787 924 849 943 cum
868 917 894 944 in
911 924 968 944 mo-

1020 322 1174 359 ὑποληφηῇ.
1193 324 1224 351 Τί
1239 326 1328 352 τοίνυν
1342 326 1462 353 τοιοῦτον
1473 327 1544 362 ἔχων
1555 326 1731 360 καταγνῶναι
1746 327 1801 353 Λα-

1019 369 1138 404 τίνων,ἢ
1153 370 1225 401 τίνος
1242 371 1296 397 τῶν
1323 371 1515 406 ἁρμοττόντων
1541 373 1598 403 τοῖς
1618 372 1709 404 καλῶς
1737 373 1801 408 μέλι

1019 412 1093 439 λουσι
1107 412 1280 448 θεολογήσειν
1296 415 1376 446 εἰδὼς
1390 415 1490 447 αὐτοὺς
1505 416 1601 446 ἐνδεῶς
1615 416 1729 451 ἔχοντας
1744 416 1800 442 οἴε-

1018 464 1064 483 ται
1082 457 1178 484 παθεῖν
1192 458 1225 484 ἂν
1242 460 1352 494 ῥᾳδίως,
1364 460 1433 494 ὅπερ
1449 461 1564 495 αἰσχρόν
1585 463 1643 487 ἐστι
1672 463 1720 488 καὶ
1732 470 1802 495 γεω-

1021 502 1124 537 μέτρην
1137 505 1234 530 παθεῖν
1250 505 1279 531 ἑν
1291 506 1347 536 τοῖς
1362 505 1566 541 διαγράμμασι,
1581 507 1629 533 καὶ
1643 506 1759 540 φυσικὸν
1775 507 1803 532 ἐν

1019 549 1074 579 τοῖς
1087 549 1150 583 περὶ
1161 550 1215 577 τῶν
1225 551 1343 586 κινητῶν
1351 552 1450 586 λόγοις,
1463 552 1603 579 τουτέστιν
1616 553 1742 587 ἀναιρεῖν
1753 552 1803 587 τὴν

1019 594 1118 629 ἀρχὴν,
1137 596 1198 626 Πῶς
1214 597 1237 623 δ’
1254 597 1286 624 ἄν
1308 605 1349 629 τις
1370 598 1488 629 εὐκόλως
1508 599 1678 628 πιστεύσειε,
1696 599 1803 633 γεωμέ-

1020 648 1086 675 τρας
1100 641 1148 675 μὲν
1164 641 1284 675 ἀγαθοὺς
1299 639 1369 669 εἶναι
1383 643 1430 669 καὶ
1444 643 1575 677 φυσικοὺς
1587 645 1648 675 τοὺς
1661 644 1802 675 Λατίνους,

1021 686 1069 712 καὶ
1082 686 1171 721 πάσης
1183 688 1337 722 ἐπιστήμης
1348 688 1604 723 ἐμπεπλησμένους,
1621 688 1764 722 θεολόγους
1775 689 1804 715 δὲ

1020 730 1090 758 εἶναι
1105 731 1176 758 οὕτω
1190 732 1406 767 ἀμαθεστάτους,
1435 733 1504 760 ὥστε
1529 734 1563 761 δι’
1579 731 1615 761 ὧν
1647 734 1804 766 δοξάζουσιν

1020 778 1143 812 ἀναιρεῖν
1156 786 1217 804 τινα
1230 779 1284 805 τῶν
1302 779 1352 814 τῆς
1383 779 1522 814 θεολογίας
1551 780 1654 815 ἀρχῶν,
1679 780 1712 815 ῆν
1738 781 1803 815 περὶ

1021 823 1118 850 πολλοῦ
1141 824 1277 851 ποιοῦνται
1297 826 1442 860 φυλάττειν
1466 826 1514 852 καὶ
1536 826 1597 861 περὶ
1615 824 1649 862 ἧς
1665 826 1724 853 καθ’
1741 826 1804 852 ἐκά-

1021 879 1087 905 στην
1102 872 1130 898 ἐν
1141 873 1201 904 ταῖς
1215 873 1330 903 κοιναῖς,
1345 872 1373 898 ὲν
1385 874 1445 904 ταῖς
1462 873 1542 904 ίδίαις
1558 873 1678 907 ὁμιλίαις
1698 872 1805 906 φιλοσο-

1021 919 1112 951 φοῦσι,
1128 921 1175 945 καὶ
1197 919 1273 946 ταῦθ’
1286 919 1364 954 ἡμῶν
1391 920 1517 955 βοώντων
1543 921 1634 952 αὐτοῖς
1658 921 1804 956 προσέχειν

183 957 250 984 dum
276 958 510 993 imperitissimos,
527 965 557 987 ut
581 968 628 994 per
650 969 712 988 suas
739 961 880 990 doctrinas
893 963 966 990 aufe-

1021 949 1050 992 τε
1065 949 1112 991 καί
1130 949 1324 999 φυλάττεσθαί,
1340 949 1397 993 καὶ.
1417 967 1464 993 τοῦ
1487 949 1650 1002 πράγματος
1681 949 1734 993 οὐκ
1746 949 1804 992 ηαξ-

185 1005 246 1027 rant
269 1009 352 1029 unum
371 1011 404 1030 ex
429 1004 572 1039 theologia:
597 1006 752 1040 principiis,
777 1007 855 1042 cujus
877 1013 970 1036 custo-

183 1049 256 1077 diam
271 1050 381 1085 plurimi
398 1050 502 1077 faciunt.
517 1056 544 1078 et
559 1051 656 1086 dequo
668 1052 791 1086 quotidie
809 1054 834 1079 in
851 1053 968 1087 publicis

184 1100 213 1123 et
230 1095 256 1123 in
272 1097 385 1131 privatis
408 1097 553 1132 colloquiis
567 1105 600 1124 ac
624 1098 858 1132 disputationibus
878 1101 966 1134 philo-

186 1142 349 1176 suphattlur.
368 1143 450 1177 idque
471 1143 535 1170 dum
552 1151 602 1171 nos
617 1144 760 1172 clamando
784 1145 816 1172 ad
834 1146 899 1174 illud
917 1149 966 1174 ad-

185 1187 346 1214 vertendum
356 1188 615 1224 observandumque
632 1190 789 1223 hortamur,
801 1196 829 1219 et
842 1192 907 1219 dum
924 1201 967 1220 res

184 1243 238 1261 non
258 1235 346 1262 solum
367 1237 467 1270 turpis,
485 1244 580 1263 verum
597 1238 680 1265 etiam
709 1239 788 1266 valde
812 1240 965 1273 periculosa

182 1280 245 1307 est?
269 1280 339 1313 Quid
367 1282 440 1308 enim
468 1283 575 1316 turpius
601 1288 628 1310 et
654 1283 735 1310 simul
766 1285 964 1319 periculosius,

184 1333 264 1360 quam
286 1326 429 1361 theologim
449 1327 593 1354 scientiam
611 1327 783 1362 profitentem
808 1331 965 1366 quempiam

184 1380 233 1406 per
258 1373 401 1406 opiniones
425 1381 488 1400 suas
514 1373 658 1408 theologia.-
680 1375 814 1410 principia
843 1383 966 1406 evertere

181 1422 210 1444 et
229 1425 317 1452 neque
342 1419 507 1454 intelligere,
532 1424 559 1447 et
577 1420 694 1447 salutem
710 1429 739 1449 se
755 1421 881 1456 perdere,
905 1432 966 1458 qua:

181 1465 225 1491 Vel
247 1465 364 1492 maxime
382 1465 408 1492 in
427 1466 487 1493 lidei
502 1467 617 1494 veritate
635 1467 797 1496 obtinetur?
814 1470 882 1502 Quid
900 1479 966 1498 vero

183 1512 292 1545 turpius
309 1511 415 1543 adhuc,
442 1520 527 1546 quam
554 1517 593 1539 tot
620 1513 747 1541 homines
769 1515 794 1542 id
817 1516 892 1550 pati?
909 1517 965 1551 Ego

181 1557 254 1584 enim
269 1558 360 1592 potius
375 1557 565 1590 credidissem,
593 1558 706 1587 Latinos
723 1562 912 1589 Inonarcltiam
937 1563 964 1590 in

181 1603 284 1631 divinis
296 1604 370 1631 haud
388 1605 572 1631 necessariam
589 1613 650 1633 esse
666 1606 779 1634 eductos
794 1607 885 1636 dicere
900 1611 965 1644 quid
978 1620 1000 1651 ρ

181 1655 210 1678 et
224 1651 342 1685 opinari,
354 1658 408 1685 quo
423 1651 467 1677 illa
479 1651 672 1685 pessundetur,
683 1661 764 1687 quam
774 1655 962 1683 monarchiam

184 1701 350 1724 venerantes
378 1701 405 1723 et
431 1697 572 1724 custodire
599 1697 740 1730 volentes,
768 1698 790 1725 si
818 1699 903 1726 ullum
929 1709 962 1728 ex

183 1742 245 1770 tidei
263 1743 416 1777 principiis,
433 1749 522 1769 tamen
541 1743 610 1771 hanc
625 1751 674 1778 per
689 1752 720 1771 ca
734 1753 795 1779 qua:
817 1746 897 1773 aliter
919 1747 962 1774 di-

182 1794 260 1821 cunt,
278 1797 326 1816 eos
345 1794 470 1816 evertere
496 1789 651 1818 nescientes
677 1798 799 1825 prorsus,
825 1793 899 1819 omni
916 1801 963 1820 ne-

182 1835 312 1863 cessitate
334 1843 380 1863 eos
393 1855 400 1866 .
427 1835 474 1870 qui
493 1835 536 1862 illa
555 1841 692 1869 asserunt,
713 1836 812 1872 duplex
831 1838 963 1866 inducere

182 1881 361 1916 principium.
383 1881 451 1908 illud
468 1882 541 1908 enim
558 1882 636 1916 prius
654 1883 786 1918 negativae
802 1883 963 1918 ignorantia:

183 1927 291 1960 fuisset,
305 1927 360 1959 cui,
375 1935 436 1954 cum
459 1927 586 1955 homines
600 1929 665 1962 sint,
682 1928 761 1956 facile
783 1931 963 1958 succumbere

183 1977 318 2008 possunt;
337 1973 388 2000 hoc
406 1981 473 2000 vero
489 1973 650 2008 ignorantia!
661 1975 784 2002 studiose
800 1977 921 2010 quazsitae
936 1982 965 2004 et

183 2020 345 2054 privativae,
373 2027 454 2054 quam
481 2027 568 2054 neque
586 2020 613 2047 in
634 2021 795 2056 theologicis
821 2030 909 2057 neque
937 2023 963 2050 in

182 2067 235 2094 alia
249 2066 345 2101 quavis
371 2066 486 2093 materia
509 2067 565 2100 pati
592 2073 708 2101 possunt
724 2068 741 2094 ii
760 2069 805 2103 qui
823 2069 964 2097 dialectica

182 2118 210 2140 et
225 2113 340 2148 reliquis
356 2112 556 2148 philosoplticis
577 2114 730 2148 disciplinis
747 2120 800 2141 tam
826 2115 896 2142 bene
912 2116 964 2142 im—

183 2159 242 2186 buti
260 2164 334 2186 sunt.
362 2159 419 2185 Etsi
445 2166 510 2185 vero
533 2159 635 2186 multos
656 2159 726 2186 alios
744 2161 872 2186 novimus
889 2161 965 2194 prius

184 2212 247 2232 cum
260 2205 305 2231 tali
335 2204 469 2238 sapientia
486 2204 512 2230 in
530 2204 672 2232 haereseou
683 2205 796 2239 abyssos
809 2206 965 2240 praecipites

184 2256 270 2284 actos,
293 2255 413 2278 attamen
433 2258 523 2284 neque
544 2254 616 2277 tanta
643 2251 791 2278 multitudo
812 2259 900 2286 neque
928 2252 964 2279 si-

1021 1011 1103 1045 σχροῦ
1122 1012 1293 1048 μόνονᾷντος,
1309 1012 1376 1038 ἀλλὰ
1392 1012 1439 1039 καὶ
1467 1012 1528 1039 λίαν
1553 1012 1744 1043 ἐπικινδύνους
1770 1012 1803 1038 Τί

1019 1056 1073 1090 γὰρ
1089 1056 1264 1091 αἰσχρότερον
1279 1057 1338 1092 ἅμα
1355 1058 1402 1084 καὶ
1420 1057 1665 1092 ἐπικινδυνότερον,
1682 1058 1698 1093 ἢ
1713 1058 1803 1084 θεολο-

1020 1101 1083 1134 γίσς
1100 1102 1257 1137 ἐπιστήμην
1274 1103 1509 1138 ἐπαγγελλόμενόν
1520 1113 1580 1130 τινα
1596 1104 1629 1130 δι’
1647 1101 1683 1131 ὧν
1697 1103 1803 1136 δοξάζει

1019 1146 1069 1177 τὰς
1082 1146 1130 1180 τῆς
1144 1146 1284 1179 θεολογίας
1297 1149 1420 1182 ἀναιρεῖν
1436 1148 1522 1183 ἀρχὰς
1534 1148 1580 1174 καὶ
1598 1148 1668 1183 μηδὲ
1686 1149 1803 1183 συνορᾷν

1018 1193 1066 1218 καὶ
1075 1193 1123 1226 τὴν
1144 1193 1284 1228 σωτηρίαν
1300 1193 1454 1220 ἀπολλύναι
1469 1193 1517 1227 τὴν
1530 1194 1558 1220 ὲν
1570 1195 1602 1228 τῇ
1618 1193 1667 1228 τῆς
1686 1194 1803 1224 πίστεως

1018 1238 1133 1274 ἀληθείᾳ
1162 1238 1282 1273 μάλιστά
1321 1247 1352 1273 γε
1381 1239 1613 1275 προσγινομένην,
1643 1239 1690 1266 τοῦ
1701 1240 1729 1266 δὲ
1756 1241 1803 1266 καὶ

1018 1285 1160 1317 τοσούτους
1173 1280 1252 1312 τοῦτο
1280 1285 1398 1320 πάσχειν
1428 1287 1454 1312 τί
1483 1285 1516 1312 ἂν
1545 1285 1651 1320 αἴσχιον
1679 1286 1802 1318 γένοιτο;

1024 1331 1096 1364 Ἐγὼ
1113 1331 1167 1367 γὰρ
1184 1331 1285 1366 μᾶλλον
1299 1331 1332 1358 ἂν
1346 1331 1494 1358 ἐπίστευσα
1512 1331 1642 1363 Λατίνους
1657 1332 1707 1358 οὐκ
1721 1333 1805 1366 ἀναγ-

1018 1377 1098 1404 καίαν
1113 1378 1140 1404 ἐν
1153 1379 1208 1408 τοῖς
1225 1377 1306 1408 θείοις
1320 1377 1371 1411 τὴν
1389 1377 1537 1412 μοναρχίαν
1551 1377 1656 1408 εἰδότας
1667 1377 1757 1410 λέγειν
1772 1386 1799 1403 τι

1017 1423 1063 1449 καὶ
1075 1422 1205 1455 δοξάζειν,
1222 1422 1256 1449 δι’
1276 1419 1313 1449 ὧν
1326 1422 1428 1457 ταύτην
1460 1422 1631 1455 σαλεύουσιν,
1652 1423 1668 1456 ἦ
1699 1423 1803 1457 ταύτην

1017 1469 1064 1496 καὶ
1077 1469 1213 1503 τιμῶντας
1230 1468 1275 1494 καὶ
1294 1467 1442 1501 φυλάττειν
1462 1467 1605 1498 ἐθέλοντας
1630 1467 1711 1502 εἰπερ
1735 1469 1798 1495 τινὰ

1016 1514 1070 1541 τῶν
1083 1516 1130 1549 τῆς
1143 1514 1261 1545 πίστεως
1275 1514 1377 1548 ἀρχῶν,
1393 1514 1467 1548 ὅμως
1484 1513 1586 1547 ταύτην
1600 1513 1628 1546 ἐξ
1646 1510 1684 1540 ὧν
1713 1514 1802 1545 ἄλλως

1015 1560 1143 1593 λέγουσιν
1167 1561 1291 1595 ἀναιρεῖν
1310 1560 1361 1587 οὐκ
1382 1560 1497 1593 εἰδότας,
1523 1562 1564 1588 ὅτι
1593 1562 1669 1588 πᾶσα
1696 1562 1803 1598 ἀνάγκη

1016 1607 1078 1638 τοὺς
1090 1607 1180 1633 ἐκεῖνα
1195 1606 1325 1640 λέγοντας
1339 1606 1435 1641 διπλῆν
1450 1607 1572 1641 εἰσάγειν
1587 1609 1684 1643 ἀρχήν.
1700 1608 1736 1634 Τὸ
1752 1609 1803 1643 μὲν

1019 1653 1070 1686 τῆς
1083 1653 1152 1678 κατὰ
1168 1653 1306 1686 ἀπόφασιν
1321 1653 1431 1686 ἀγνοίας
1446 1653 1479 1680 ἂν
1506 1651 1550 1689 ἦν,
1577 1654 1611 1689 ἠν
1634 1654 1707 1685 εἰκός
1729 1655 1804 1681 ἐστιν

1021 1698 1178 1733 ἀνθρώπους
1195 1698 1272 1729 ὄντας
1286 1698 1392 1731 παθεῖν,
1408 1698 1438 1725 τὸ
1452 1698 1480 1725 δὲ
1497 1701 1546 1734 τῆς
1575 1700 1646 1726 κατὰ
1681 1699 1803 1726 διάθεσιν

1021 1745 1133 1777 ἀγνοίας
1150 1744 1182 1770 ἂν
1199 1744 1251 1779 εἴη,
1265 1745 1299 1778 ἣν
1311 1745 1358 1770 οἷδτ
1382 1746 1410 1770 ὲν
1438 1745 1493 1775 τοῖς
1511 1745 1676 1779 θεολογικοῖς
1698 1744 1755 1771 οὔτ’
1774 1745 1803 1771 ἐν

1022 1799 1077 1817 τινι
1092 1791 1146 1818 τῶν
1159 1791 1227 1817 ὑλῶν
1238 1791 1351 1818 δυνατόν
1362 1792 1419 1817 ἐστι
1434 1791 1550 1826 πάσχειν
1572 1792 1634 1823 τοὺς
1661 1791 1799 1818 διαλεκτι-

1021 1837 1073 1871 κῆς
1091 1838 1198 1872 καὶτῆς
1212 1838 1294 1871 am,-
1306 1837 1467 1872 φιλοσοφίας
1484 1837 1557 1864 οὕτω
1587 1838 1689 1871 σφόδρα
1722 1837 1803 1872 μετέ-

1023 1893 1131 1918 χοντας.
1148 1884 1178 1910 Εί
1196 1884 1224 1910 δὲ
1239 1885 1287 1911 καὶ
1310 1884 1424 1915 ’πολλοὺς
1446 1883 1543 1915 ἄλλους
1567 1884 1698 1918 πρότερον
1725 1883 1803 1917 ἴσμεν

1024 1931 1092 1964 μετὰ
1109 1930 1156 1964 τῆς
1174 1930 1308 1964 τοιαύτης,
1320 1929 1415 1964 σοφίας
1431 1929 1477 1955 ἐπὶ
1503 1929 1567 1960 τοὺς
1592 1929 1648 1955 τῶν
1671 1928 1802 1963 αἱρέσεων

1022 1976 1218 2011 άπενεχθέντας
1232 1976 1382 2012 κρημνοὺς,
1397 1975 1453 2001 ἀλλ’
1467 1974 1529 2001 οὕτέ
1547 1975 1647 2010 πλῆθος
1674 1974 1803 2001 τοσοῦτον

1022 2022 1077 2048 οὗθ’
1091 2022 1190 2056 ὁμοίως
1201 2020 1272 2056 ἦσαν
1286 2022 1374 2055 σοφοὶ,
1388 2020 1450 2047 οὒτε
1463 2021 1517 2047 τῶν
1546 2021 1596 2054 τῆς
1620 2020 1739 2050 πίστεως
1756 2020 1803 2052 ζη-

1021 2067 1155 2102 τημάτων
1175 2066 1260 2097 οὕτως
1300 2065 1544 2099 ἐκκεκαθαρμένων
1572 2065 1713 2096 ἁπάντων,
1741 2063 1804 2090 οὔτε

1019 2113 1155 2139 τοσούτων
1169 2112 1336 2138 διδασκάλων
1351 2113 1416 2146 πρὸς
1432 2112 1480 2146 τὴν
1494 2111 1595 2146 γνῶσιν
1606 2111 1656 2145 τῆς
1674 2109 1804 2145 ἀληθείας

1021 2158 1178 2193 δυναμένων
1191 2157 1281 2191 σφίσιν
1293 2158 1427 2192 ἡγεῖσθαιι
1441 2159 1489 2188 τὰς
1502 2157 1552 2191 μὲν
1566 2157 1618 2191 γὰρ
1632 2156 1713 2187 ἄλλας
1727 2155 1804 2190 αἱρέ-

1022 2214 1079 2236 σεις
1089 2205 1135 2231 καὶ
1150 2205 1183 2230 δι’
1196 2203 1307 2237 ἀλογίαν
1324 2204 1426 2238 μᾶλλον
1446 2204 1493 2230 καὶ
1511 2202 1631 2237 ἀμαθίαν
1649 2202 1730 2236 ἴσμεν
1757 2211 1804 2228 συ.

1024 2252 1135 2281 στάσας.
1155 2250 1300 2286 ’Δρειονδξ
1316 2250 1360 2276 καὶ
1371 2250 1518 2283 Νεστόριον
1535 2251 1583 2275 καὶ
1603 2249 1746 2275 magum
1761 2257 1803 2274 σο-

184 2297 240 2323 mili
260 2296 395 2330 sapientia
415 2296 522 2330 praediti
549 2299 640 2327 erant,
666 2303 755 2329 neque
780 2300 846 2322 tunc
870 2303 965 2323 omnes

1019 2297 1085 2330 φοὺς
1095 2296 1144 2330 μὲν
1157 2295 1233 2327 ἴσως,
1246 2295 1304 2322 ἀλλ’
1317 2296 1371 2321 ἀπὸ
1381 2295 1433 2321 τῶν
1443 2295 1558 2328 Γραφῶν
1570 2294 1800 2329 ἐπιχειρήσαντας

183 2342 344 2377 dogmaticae
369 2342 535 2377 qumstiones
560 2341 598 2368 ita
625 2341 787 2374 elucidatze,
813 2348 903 2376 neque
928 2345 968 2368 tot

183 2390 313 2416 ductores
331 2388 364 2415 ad
389 2387 532 2415 veritatem
548 2388 765 2422 cognoscendam
795 2387 861 2422 ipsis
883 2387 968 2415 duces

183 2442 243 2463 esse
257 2439 393 2469 poterant.
412 2434 532 2462 (Ia-teras
551 2433 623 2461 enim
642 2434 762 2460 haereses
776 2437 888 2467 propter
901 2433 967 2460 iusi-

183 2482 313 2518 pientiam
335 2482 427 2516 potius
453 2485 481 2507 et
505 2480 643 2507 inscitiam
664 2480 766 2507 scimus
783 2480 965 2513 constitutas;

182 2530 277 2556 Arium
296 2535 371 2559 vero,
385 2527 541 2555 Nestorium
566 2530 649 2561 atque
672 2526 824 2553 Sabellium
851 2527 966 2555 fortasse

182 2574 293 2608 quidem
323 2573 484 2606 sapientes,
515 2575 636 2599 attamen
661 2580 674 2598 a
695 2571 848 2606 Seripturis
876 2573 965 2599 solum

182 2621 375 2652 cxordicntes;
394 2619 514 2646 nondum
528 2619 602 2646 enim
627 2619 675 2646 ulli
699 2620 842 2647 doctorum
860 2623 965 2646 tantum

185 2668 346 2696 reverentiae
363 2667 521 2694 detulerunt
539 2665 675 2697 homines,
694 2671 724 2693 ut
736 2665 810 2693 illius
823 2665 968 2692 sententiis

183 2714 289 2748 absque
303 2713 358 2740 ulla
372 2711 545 2739 dubitatione
559 2711 732 2738 adhaereret".
744 2719 750 2743 ;
764 2706 879 2738 fortasse
892 2719 968 2738 nam-

183 2768 236 2795 que
252 2766 340 2794 uequo
360 2758 430 2784 ullus
444 2760 502 2784 tum
518 2757 578 2785 talis
592 2761 662 2784 erat.
677 2756 778 2784 Verum
794 2757 821 2782 in
839 2756 967 2783 certami-

184 2806 266 2834 nibus
282 2805 413 2832 adversus
438 2803 584 2830 ltazreticos
603 2803 676 2834 illos,
692 2803 765 2830 sicut
791 2803 817 2829 in
841 2802 966 2837 palmstra

184 2851 313 2886 quadam.
331 2849 475 2884 sapientia:
498 2854 527 2876 et
547 2849 611 2876 ﬁdei
638 2853 721 2883 atque
746 2852 881 2875 accurata:
901 2846 967 2881 dog-

185 2901 287 2924 matum
302 2895 484 2930 expositionis
499 2895 639 2930 specimen
656 2894 701 2920 alii
718 2893 855 2920 dedi-runt
872 2897 899 2919 et
917 2892 967 2919 Ec-

187 2943 276 2973 clesiae
298 2943 399 2970 lumina
419 2942 544 2976 protinus
559 2946 716 2972 evaserunt,
741 2939 914 2975 postmodum
932 2946 964 2966 eo

1022 2342 1112 2376 μόνον.
1127 2341 1211 2368 Οὔπω
1224 2340 1278 2375 γὰρ
1292 2341 1382 2366 οὐδενὶ
1395 2340 1448 2366 τῶν
1475 2340 1648 2367 διδασκάλων
1674 2339 1803 2366 τοσοῦτον

1019 2386 1180 2412 ἀπεδίδοσαν
1191 2386 1328 2420 ἄνθρωποι
1344 2386 1436 2416 σέϐας,
1452 2385 1522 2412 ὥστε
1540 2387 1601 2416 ταῖς
1631 2385 1738 2411 ἐκείνου
1751 2384 1803 2419 ψή-

1019 2440 1079 2466 φοις
1095 2432 1347 2466 ἀναμφισϐητήτως
1365 2431 1574 2466 προστίθεσθαι·
1589 2431 1654 2462 ἴσως
1669 2431 1722 2465 γὰρ
1738 2430 1798 2456 οὐδὲ

1018 2477 1062 2514 ἦν·
1079 2478 1136 2505 ἀλλ’
1149 2479 1178 2504 ὲν
1191 2480 1245 2510 τοῖς
1259 2479 1326 2513 πρὸς
1337 2478 1401 2508 τοὺς
1417 2478 1572 2512 αἰρετικοὺς
1583 2478 1706 2508 ἐκείνους
1728 2476 1801 2510 ἀγῶ-

1020 2533 1071 2556 σιν,
1083 2524 1177 2559 ὥσπερ
1189 2524 1217 2550 ἕν
1246 2532 1300 2550 τινι
1316 2524 1370 2550 τῶν
1390 2524 1533 2558 κοσμικῶν
1560 2523 1723 2557 γυμνασίων
1753 2522 1802 2556 τῆς

1019 2579 1048 2598 τε
1062 2571 1157 2604 σοφίας
1170 2571 1216 2597 καὶ
1229 2569 1357 2601 πίστεως,
1372 2570 1419 2595 καὶ
1447 2569 1496 2603 τῆς
1525 2570 1553 2595 ἐν
1576 2569 1633 2600 τοῖς
1665 2568 1801 2602 δόγμασιν

1019 2615 1163 2651 ἀκριὸείας
1180 2617 1276 2650 πεῖραν
1287 2615 1375 2649 ἕτεροι
1390 2614 1538 2646 δεδωκότες
1556 2616 1602 2640 καὶ
1618 2615 1667 2649 τῆς
1689 2614 1803 2648 Ἐκκλη-

1021 2662 1080 2693 σίας
1095 2661 1239 2695 φωστῆρες
1254 2661 1383 2695 ἄντικρυς
1410 2660 1554 2694 γεγονότες
1573 2660 1659 2691 οὕτως
1688 2659 1803 2694 ὕστερον

1018 2706 1220 2740 ἐσεϐάσθησαν,
1236 2705 1307 2732 ὥστε
1322 2707 1372 2740 τὴν
1407 2706 1521 2732 ἐκείνων
1537 2705 1680 2739 Θεολογίαν
1700 2705 1802 2732 κανόνα

1020 2754 1065 2780 καὶ
1088 2752 1172 2779 τύπον
1188 2752 1291 2778 ἅπασιν
1307 2751 1379 2778 εἶναι
1396 2752 1443 2778 καὶ
1469 2752 1568 2786 νόμους
1588 2751 1700 2785 τεθῆναι
1728 2750 1792 2776 τοῦτ

1019 2799 1224 2829 ἐπιτάττοντας
1237 2798 1283 2824 καὶ
1294 2797 1379 2828 οὕτως
1405 2797 1458 2824 εἰσὶ
1476 2798 1570 2824 πολλοὶ
1596 2798 1642 2824 καὶ
1667 2796 1801 2828 τοσαύτας

1018 2845 1132 2875 ἕκαστος
1142 2845 1289 2870 κατέλιπον
1306 2843 1423 2878 βίὸλους,
1437 2843 1507 2869 ὥστε
1524 2844 1617 2870 λοιπὸν
1635 2844 1701 2877 περὶ
1725 2842 1801 2869 οὐδε-

1019 2891 1061 2921 νδς
1081 2890 1296 2925 ἀναμφισϐητεῖν
1309 2888 1438 2915 δύνασθαι
1449 2889 1502 2915 τῶν
1519 2890 1546 2915 ἐν
1567 2891 1599 2924 τῇ
1616 2889 1739 2924 θεολογίᾳ
1754 2889 1800 2922 ζη-

1020 2937 1148 2972 τημάτων
1164 2944 1190 2962 τε
1204 2936 1249 2962 καὶ
1265 2935 1418 2970 δογμάτων,
1450 2935 1510 2967 τοὺς
1541 2935 1607 2967 ὅλως
1625 2935 1657 2961 τὰ
1688 2933 1799 2960 τοιαῦτα
