1913 3060
143 136 180 165 Η)
660 139 877 170 REFUTATIO
900 140 1022 169 MARCI
1044 138 1238 169 EPIIESINL
1732 135 1766 166 46

140 191 246 225 κρίνειν
286 191 389 224 εἰδότας
428 193 480 220 ὑπὸ
507 193 642 220 τοσούτων
675 194 723 229 μὲν
752 195 928 228 διδασκάλων,

985 195 1057 221 cultu
1074 194 1211 224 honorati.
1229 198 1258 220 ut
1275 194 1388 221 illorqu
1403 193 1540 229 theologia
1561 192 1669 220 eunetis
1684 200 1768 228 regu-

140 237 276 263 τοσούτων
299 237 327 264 δὲ
345 237 454 273 βιϐλίων
472 239 587 266 ἑκάστου
604 240 825 274 φωτιζομένους·
857 242 881 268 εί
900 241 928 268 δέ

142 282 231 309 τικὰν
245 283 350 316 τούτοις
373 285 523 318 διαφωνοῦν
543 285 708 321 εὑρίσκοιτο,
742 286 926 321 συμῦιὸάζειν

141 329 222 360 τοῦτο
238 332 286 357 καὶ
310 332 438 365 συνάγειν
467 332 556 364 καλῶς
582 335 643 365 ταῖς
660 334 783 368 μεθόδοις
811 335 928 367 ἐκείναις

142 373 185 406 αῖς
200 376 277 402 αὐτοὶ
295 378 344 411 τῆς
364 377 527 412 Ἑκκλησὶας
554 377 578 404 οἱ
599 377 755 405 διδάσκαλοι
775 378 824 409 τὰς
852 378 927 410 θείας

141 420 252 455 Γραφὰς
265 422 382 456 συνῆγον
396 424 444 449 καὶ
460 423 634 454 συνεδίσαζον
660 424 731 450 κατὰ
745 423 798 450 τῶν
812 424 927 458 διαιρεῖν

142 467 228 498 αὑτὰς
245 469 433 503 πειρωμένων,
446 470 499 496 κὰν
517 471 551 505 τῇ
568 470 705 505 διαιρέσει
718 470 805 506 ταύτῃ
817 470 864 497 τδν
878 471 926 506 τῆς

139 512 301 546 κακοδοξίας
316 514 478 549 ίδρυνὸντων
491 515 519 541 ϐε
524 516 622 550 μέλων.

977 239 1003 266 la
1020 245 1052 266 ac
1063 246 1157 265 norma
1170 238 1207 265 sit
1234 238 1363 273 legesque
1377 239 1436 265 lata:
1449 238 1552 265 fuerint
1564 237 1590 264 id
1600 237 1764 272 praecipien-

978 289 1030 313 tes.
1047 284 1080 311 Et
1099 285 1139 311 sic
1158 284 1235 311 multi
1250 289 1314 311 sunt
1331 289 1359 311 et
1374 289 1414 311 tot
1427 279 1527 319 singuli
1542 283 1631 311 libros
1647 283 1769 317 relique—

978 336 1053 363 runt,
1069 335 1099 357 ut
1115 334 1245 357 emterum
1270 331 1303 356 de
1319 330 1394 357 nullo
1422 329 1567 362 theologia:
1594 329 1768 364 probleman

976 376 1019 403 vel
1047 375 1176 410 dogmate
1199 374 1314 402 dubium
1342 382 1455 402 movere
1480 379 1584 410 queant
1609 374 1656 409 qui
1688 375 1770 409 plane

983 423 1047 449 talia
1068 422 1194 458 judicare
1219 422 1348 449 noverint
1375 429 1390 448 a
1415 425 1454 448 tot
1483 420 1643 448 doctoribus
1670 425 1769 456 totque

980 469 1154 504 singulorum
1175 468 1289 502 scriptis
1306 467 1467 500 illuminati,
1494 467 1517 494 si
1539 474 1606 494 vero
1631 466 1714 493 etiam
1742 465 1769 492 in

980 515 1024 541 his
1039 514 1203 542 discordans
1218 514 1284 548 quid
1310 513 1480 546 inveniatur,
1505 513 1532 539 id
1557 517 1631 540 recte
1659 519 1771 546 compo-

140 564 209 585 nant
233 564 262 587 et
287 562 458 589 concordent
483 562 540 589 illis
567 564 716 597 methodis,
746 564 847 600 quibus
877 562 928 597 ipsi
949 561 1078 588 Ecclesiae
1111 561 1239 589 doctores
1254 560 1360 587 divinas
1391 559 1553 595 Seripturas
1574 559 1770 586 eonsociarunt

137 609 167 632 et
182 610 341 634 constantes
355 609 534 636 ostenderunt
549 615 645 638 contra
666 618 715 639 eos
736 611 783 645 qui
809 610 936 637 dividere
956 608 1016 635 illas
1033 608 1206 636 conabantur
1223 611 1251 636 et
1271 609 1299 636 in
1318 608 1369 634 hac
1382 607 1520 634 divisione
1554 613 1693 640 perversae
1707 613 1765 634 suus

140 652 286 679 sententiae
300 654 502 682 confirmabant
523 655 745 684 fundamentum.

177 697 287 723 Τούτων
301 698 390 724 τοίνυν
406 700 534 726 ἁπάντων
562 700 647 732 οὕτως
672 702 801 736 ἑχόντων,
828 701 870 733 τίς
897 701 930 728 ἂν

140 742 245 777 ῥᾳδίως
265 743 423 771 πιστεύσειε
441 745 573 778 Λατίνους
602 747 689 774 δεινὸν
716 748 767 783 μὲν
791 748 930 776 ποιεῖσθαι

139 789 191 823 τὴν
201 788 331 824 δυαρχίαν
346 791 392 817 ἐπὶ
405 790 484 824 Θεοῦ,
498 793 538 824 εις
555 793 658 829 ταύτην
670 794 699 821 δὲ
717 794 928 821 συνελαύνεσθαι

1019 699 1084 731 Quae
1096 698 1188 725 omnia
1203 705 1266 725 cum
1286 699 1323 725 ita
1340 705 1370 725 se
1385 697 1518 730 habeant,
1543 699 1606 733 quis
1620 698 1698 728 facile
1711 707 1771 726 cre-

983 746 1028 772 det
1053 744 1166 772 Latinos
1192 745 1304 779 quidem
1330 745 1460 779 principii
1489 745 1650 772 dualitatcm
1668 745 1695 772 in
1714 746 1770 773 Deo

982 790 1135 824 exsecrari,
1152 791 1200 818 sed
1215 791 1242 818 in
1259 792 1385 818 eamdem
1403 799 1500 818 rursus
1518 791 1621 826 impelli
1639 796 1769 826 tanquam

140 834 223 882 παλιν
240 835 276 882 ti);
293 836 452 882 ἀναγκαίως
473 839 506 873 τῇ
526 839 589 873 δόξῃ
605 839 694 875 ταύτῃ
721 841 927 876 συνεπομένην;

985 836 1139 865 necessario
1154 845 1188 864 ex
1215 837 1266 865 hae
1298 845 1348 864 sua
1375 837 1508 872 opinione
1536 839 1771 872 eonsequeutem?

140 878 210 906 Οὔτι
225 880 277 915 γὰρ
295 881 372 907 αὐτοὶ
386 882 481 916 σοφίας
494 883 548 910 τινὶ
563 884 619 910 τῶν
647 885 777 912 ἁπάντων
799 894 929 920 παραχω-

143 925 249 959 ροῦσιν,
268 925 324 953 οὔτ’
340 928 414 958 εἰκός
431 930 580 957 ἑστιτοῦτο
595 931 709 965 πάσχειν
723 931 803 962 ὄντας
819 932 929 965 σοφοὺς,

141 969 210 997 ἀλλὰ
225 971 325 1005 μᾶλλον
342 972 452 1006 εὔλογόν
465 974 523 1001 ἐστι
538 974 601 1006 τοὺς
623 976 653 1001 οὑ
673 976 774 1010 σφόδρα
785 976 832 1010 τῆς
848 976 930 1003 Λατί-

142 1024 196 1042 νιον
220 1021 315 1051 σοφίας
337 1020 482 1051 ἑπαῐοντας
497 1021 546 1056 τὴν
572 1021 677 1057 πλάνην
692 1024 794 1057 ταύτην
814 1023 929 1056 ὑφίστα-

145 1062 206 1088 σθαι
222 1065 268 1091 καὶ
282 1065 404 1098 νομίζειν
418 1066 535 1093 ἕπεσθαι
548 1069 579 1103 τῇ
594 1068 657 1104 δόξῃ
670 1069 805 1103 Λατίνων,
818 1068 836 1096 ἃ.
846 1069 929 1096 καθά-

145 1108 199 1142 me
213 1109 315 1146 ταύτης
331 1112 512 1148 κεχώρισται.

179 1198 239 1225 ὀτι
253 1199 281 1226 δὲ
293 1200 347 1227 οὐδ’
362 1201 429 1234 ὅλως
446 1200 486 1234 οἷς
504 1202 609 1236 ἀξιοῦσι
642 1203 751 1230 Λατῖνοι
775 1203 806 1230 τὸ
829 1203 931 1230 ἄτοπον

142 1246 231 1272 ὶκεῖνο
254 1248 416 1281 συμῦαίνειν
443 1249 568 1281 δύναται,
597 1251 700 1282 ἁπλοῦς
734 1251 793 1277 ἐστι
823 1251 900 1285 λόγος
918 1253 932 1278 ὁ

142 1292 245 1318 πείθων
258 1295 304 1319 καὶ
323 1294 427 1330 ἀληθὴς
443 1297 489 1323 καὶ
505 1296 535 1323 ὃν
554 1297 581 1323 εί
593 1305 636 1329 τις
652 1298 774 1330 ἐλαύνοι,
798 1298 846 1324 καὶ
866 1298 932 1324 πολ-

142 1338 191 1370 λὰς
205 1340 255 1374 τῆς
280 1340 418 1375 θεολογίας
440 1343 530 1378 ἀρχὰς
547 1345 653 1380 ἀνάγκη
681 1343 777 1371 τοῦτον
803 1353 932 1371 συναπω-

143 1385 257 1413 οεῖπθαι.
266 1387 323 1423 Μιᾷ
334 1388 387 1423 γάρ
397 1397 463 1422 φασι
473 1389 588 1424 δυνάμει
599 1390 770 1426 προΰλητικῇ
783 1391 812 1416 τὸ
820 1390 932 1425 Πνεῦμα

141 1432 174 1459 τὸ
199 1433 277 1467 ἅγιον
295 1436 309 1460 6
336 1435 431 1470 Πατὴρ
459 1437 506 1463 καὶ
532 1437 547 1463 ὁ
578 1436 641 1468 Υίὺς
654 1437 807 1471 προάγουσι
834 1437 880 1463 διὰ
902 1437 933 1463 τὸ

143 1478 192 1513 τὴν
211 1479 325 1513 δύναμιν
341 1480 444 1516 ταύτην
468 1483 501 1517 τῇ
525 1483 604 1518 οὐσία
621 1483 736 1509 ἕπεσθαι
756 1483 803 1509 τοῦ
826 1483 933 1516 [ἰατρὸς

981 883 1075 916 Neque
1091 883 1165 911 enim
1182 884 1234 917 ipsi
1247 883 1383 918 sapientia
1396 884 1444 910 ulli
1460 884 1584 911 omnium
1598 885 1711 916 cedunt,
1723 893 1772 912 πιθα

981 935 1035 963 que
1052 928 1194 963 probabile
1213 932 1257 955 est
1280 929 1368 963 ipsos,
1391 937 1453 955 cum
1478 929 1535 956 sint
1551 929 1703 964 sapientes,
1720 930 1770 956 ista

981 974 1057 1009 pati;
1085 974 1132 1001 sed
1157 975 1251 1010 potius
1277 974 1438 1007 verisimile,
1463 982 1512 1001 eos
1535 975 1582 1009 qui
1610 974 1770 1002 Latinorum

982 1020 1150 1054 sapientiam
1166 1028 1220 1047 non
1244 1028 1326 1055 supra
1349 1021 1460 1047 modum
1487 1020 1655 1057 intelligunt,
1680 1020 1771 1048 fraudi

981 1066 1118 1101 ejusmodi
1134 1066 1326 1098 succumbere.
1345 1071 1374 1094 ut
1388 1067 1572 1099 arbitrentur,
1588 1075 1620 1094 ca
1641 1074 1674 1094 ex
1699 1066 1773 1094 Lati-

982 1120 1080 1139 norqu
1095 1113 1236 1140 sententia
1252 1113 1398 1148 consequi.
1424 1121 1484 1148 quae
1499 1113 1584 1140 seruet
1599 1121 1648 1148 pro
1664 1121 1772 1148 semper

982 1158 1096 1185 omnino
1113 1158 1146 1185 ab
1161 1166 1194 1185 ea
1207 1164 1333 1193 separata
1347 1163 1424 1186 sunt.

1018 1203 1095 1236 Quod
1112 1210 1224 1231 veroex
1249 1203 1409 1231 Latinorum
1437 1204 1560 1231 doctrina
1590 1204 1665 1231 nullo
1691 1195 1772 1231 modo

984 1249 1135 1276 absurdum
1154 1250 1220 1276 illud
1238 1249 1335 1277 inferri
1352 1250 1450 1284 possit,
1468 1250 1585 1284 simplex
1609 1258 1664 1276 nou
1681 1249 1773 1277 minus

983 1304 1065 1331 quam
1081 1304 1146 1324 vera
1167 1296 1239 1324 ratio
1264 1297 1425 1331 persuadet,
1441 1304 1524 1331 quam
1548 1296 1593 1330 qui
1610 1296 1730 1331 rejiciat,
1745 1301 1774 1323 et

984 1342 1070 1369 multa
1085 1349 1195 1377 quoque
1212 1342 1358 1377 theologia:
1381 1342 1516 1377 principia
1539 1341 1666 1369 eliminet
1690 1342 1771 1368 simul

984 1394 1104 1423 oportet.
1118 1389 1203 1417 Unica
1219 1390 1307 1422 enim,
1329 1389 1417 1420 aiunt.
1437 1389 1540 1416 virtute
1558 1389 1689 1423 spirativa
1712 1388 1773 1422 Spi-

984 1435 1068 1462 ritum
1085 1441 1210 1462 sant-tum
1238 1436 1394 1470 producunt
1419 1435 1499 1463 Pater
1528 1440 1557 1463 et
1587 1435 1686 1466 Filius,
1705 1434 1770 1469 quia

985 1480 1044 1507 haec
1064 1481 1150 1507 virtus
1164 1481 1291 1515 sequitur
1307 1480 1456 1508 essentiam
1476 1481 1565 1508 Patris
1585 1474 1612 1507 et
1628 1480 1699 1511 Filii,
1717 1488 1771 1507 non

143 1526 191 1551 καὶ
215 1526 261 1552 τοῦ
278 1526 354 1557 Υίοῠ,
366 1527 395 1553 οὺ
413 1529 472 1559 ταῖς
483 1529 647 1563 ἀναφοραῖς,
664 1527 707 1561 αἷς
721 1529 925 1563 διακρίνονταιθ

985 1525 1141 1556 relationes.
1156 1526 1259 1560 quibus
1273 1526 1484 1558 discernuntur,
1499 1531 1526 1553 et
1542 1527 1616 1553 sicut
1630 1525 1672 1553 vis
1686 1533 1772 1560 gene-

142 1572 192 1598 xat
207 1571 300 1606 ὥσπερ
319 1573 395 1607 ἢτοῦ
419 1574 516 1608 γεννᾷν
543 1575 590 1602 καὶ
613 1574 661 1601 τοῦ
683 1575 832 1609 γεννᾶσθαι
854 1574 934 1602 δύνα-

145 1617 189 1651 μίς
206 1618 263 1644 ἐστι
281 1619 320 1653 (Ι)
335 1619 385 1653 μία
401 1620 430 1645 ἐν
445 1620 483 1655 τῷ
501 1621 587 1655 [la-cpi
605 1621 652 1648 καὶ
668 1621 706 1656 τῷ
723 1621 791 1656 Υίῷ.
803 1621 876 1648 οὓτω
887 1622 934 1648 καὶ

144 1662 162 1697 ἡ
173 1663 218 1689 τοῦ
231 1663 393 1697 προϐάλλειν
407 1666 455 1699 μία
467 1666 541 1693 ἐστὶν
552 1667 580 1693 ὲν
592 1667 694 1698 αὐτοῖς·
703 1668 728 1694 εί
737 1676 779 1699 τις
791 1667 932 1702 γὰρδύνα-

144 1709 191 1743 μίς
207 1710 280 1735 ἐστιν
291 1711 320 1736 ὲν
330 1711 422 1742 αὐτοῖς
437 1712 511 1746 παρὰ
524 1712 573 1747 τὴν
586 1712 634 1739 τοῦ
648 1713 746 1748 γεννᾷν
771 1714 818 1740 καὶ
838 1714 934 1747 γεννᾶ-

144 1754 218 1786 σθαι,
231 1755 296 1789 μίαν
308 1755 380 1784 εἶναι
396 1757 499 1792 ταύτην
511 1759 631 1793 ἀνάγκη·
646 1761 663 1794 ἡ
690 1760 719 1786 δὲ
743 1761 791 1795 μία
817 1760 933 1795 δύναμις

143 1802 191 1827 καὶ
212 1801 276 1836 μίαν
290 1802 430 1838 ἐνέργειαν
446 1806 493 1831 καὶ
509 1805 574 1839 μίαν
591 1805 706 1841 πρόοδον
725 1806 771 1832 καὶ
793 1807 860 1841 μίαν
880 1807 931 1842 ἀρ-

143 1847 193 1882 χὴν
218 1847 329 1883 τίθησιν
350 1849 379 1882 ἐξ
399 1850 531 1885 ἀνάγκης·
550 1850 612 1877 οὕτε
630 1852 722 1878 τοίνυν
743 1853 845 1880 ἄτοπον
867 1853 931 1887 μίαν

143 1892 218 1920 εἶναι
229 1893 345 1929 δύναμιν
361 1897 389 1921 ὲν
407 1896 497 1931 Πατρὶ
511 1896 557 1922 καὶ
580 1896 638 1931 Υίῷ
652 1897 702 1931 τὴν
732 1898 930 1933 προσλητικὴν,

142 1938 206 1965 αὖτε
227 1940 323 1967 ἕπεται
353 1942 456 1976 ταύτης
473 1940 557 1976 οὔσης
575 1944 640 1978 μιᾶς
663 1943 714 1977 τὴν
731 1944 820 1978 ἀρχὴν
838 1944 868 1971 ιν
892 1944 932 1980 τῷ

144 1985 234 2020 Πατρὶ
250 1986 297 2012 καῖ.
312 1987 351 2021 τῷ
376 1987 436 2022 Υίῷ
450 1987 498 2014 τοῦ
515 1987 676 2023 Πνεύματος
705 1991 743 2024 μὴ
758 1987 828 2016 εἷναι
855 1991 930 2025 μίαν,

143 2031 212 2058 ἀλλὰ
226 2031 334 2067 διπλῆν.
352 2032 441 2064 ὍΑως
453 2033 482 2060 δὲ
494 2035 508 2060 ό
523 2033 617 2069 Πατὴρ
632 2035 680 2061 καὶ
696 2035 710 2060 ὸ
723 2035 788 2067 Υἱὸς
804 2036 868 2062 ἄνευ
882 2037 933 2071 τῆς

144 2078 214 2112 πρὸς
224 2078 325 2112 ἄλληλα
336 2079 504 2114 ἁναφορικῆς
512 2080 677 2112 ἀντιθέσεως
690 2082 738 2116 τῆς
749 2082 819 2108 κατὰ
830 2082 860 2108 τδ
872 2091 935 2117 γεν-

144 2123 194 2159 νᾷν
212 2123 312 2159 δηλαδὴ
330 2125 377 2151 καὶ
397 2126 544 2158 γεννᾶσθαι
562 2128 594 2154 τὰ
618 2127 687 2154 ἄλλα
703 2127 733 2154 ἕν
751 2129 803 2154 εισι
832 2129 880 2155 καὶ
904 2129 933 2155 ἓν

145 2171 206 2197 ὂλον
222 2172 269 2197 καὶ
285 2170 313 2197 ἓν
328 2171 448 2206 ἀριθμῷ.
459 2172 566 2208 Ὥσπερ
581 2174 671 2200 τοίνυν
688 2170 727 2205 εἷς
738 2174 804 2205 Θεός
819 2175 872 2201 εἰσι
885 2176 932 2201 καὶ

147 2215 187 2248 εἷς
204 2217 369 2252 δημιουργὸς
384 2219 433 2245 καὶ
447 2217 488 2250 τίς
505 2219 633 2252 πέμπων,
648 2219 720 2247 οὕτω
736 2222 784 2247 καὶ
798 2220 848 2254 μία
861 2221 932 2256 ἀρχὴ

145 2262 193 2288 τοῦ
210 2263 288 2296 ἁγίου
304 2263 463 2298 Πνεῦματος
479 2264 494 2298 ἢ
511 2262 551 2295 εἷς
566 2265 738 2299 προόάλλων.
762 2266 792 2292 Ei
812 2266 863 2301 μὲν
879 2267 933 2302 γὰρ

145 2309 176 2335 οὔ
191 2309 302 2335 δύνασαι
318 2312 457 2336 κοινωνεῖν
472 2310 510 2344 τῷ
525 2311 615 2345 Πατρὶ
634 2311 683 2345 τῆς
701 2311 748 2338 τοῦ
773 2313 933 2347 Πνεύματος

145 2355 338 2389 intem-iaetu;
353 2356 366 2381 ti
384 2355 447 2387 Υἱὸς
459 2356 492 2383 δι’
507 2357 573 2383 ἄλλο
589 2366 626 2387 τι,
641 2357 718 2389 ἄλλος
733 2358 767 2385 ἂν
782 2359 824 2394 εἴη
839 2359 932 2393 λόγος·

146 2401 171 2426 εί
191 2399 219 2426 at
245 2400 322 2426 οὐδὲν
346 2401 528 2436 προσίσταται
553 2402 665 2437 ἕτερον,
687 2404 751 2438 περί
769 2412 800 2438 γε
819 2404 864 2431 τοῦ
884 2405 934 2440 τὴν

148 2447 297 2481 μοναρχίαν
317 2446 480 2474 σαλεύεσθαι
496 2448 554 2479 δέος
569 2449 657 2475 οὐδέν·
671 2448 766 2484 ὥσπερ
780 2450 803 2476 εἰ
819 2450 856 2484 μὴ
871 2450 933 2484 ἡδύ-

146 2499 210 2517 νατο
224 2492 237 2517 ὁ
255 2491 315 2522 Υἱὸς
327 2492 493 2527 δημιουργὸς
504 2491 573 2518 εἶναι
589 2494 636 2519 καὶ
648 2494 678 2519 τὸ
691 2493 801 2528 Πνεῦμα
812 2494 841 2520 τὺ
857 2493 934 2528 ἅγιον

146 2537 242 2572 ὥσπερ
254 2539 299 2564 καὶ
310 2539 323 2564 ὁ
336 2538 439 2574 Πατὴρ,
451 2538 530 2570 ἄλλος
542 2539 574 2566 ἂν
585 2536 619 2574 ἦν
631 2539 719 2573 λόγος·
732 2540 784 2571 ἕως
796 2540 817 2566 δ’
828 2541 933 2576 ἀνάγκη

145 2583 195 2618 τὴν
209 2584 392 2619 δ,μιουργίαν
416 2585 510 2620 κοινὴν
531 2584 601 2612 εἶναι
618 2587 675 2616 τοῖς
695 2586 780 2620 τρισὶ,
799 2587 865 2621 περὶ
886 2588 935 2622 τῆς

147 2631 299 2665 μοναρχίας
321 2631 381 2662 δέος
405 2631 493 2658 οὐδέν’
511 2632 560 2666 μνᾷ
575 2631 630 2667 γὰρ
655 2632 771 2667 δυνάμει
802 2632 934 2668 δημιουρ-

146 2677 225 2710 γοῦσι
238 2677 284 2703 καὶ
299 2676 335 2708 ὡς
349 2677 408 2712 Θεῷ
429 2677 573 2712 πρόσεστιν
594 2678 701 2712 ἑκάστῳ
721 2678 824 2712 τούτων
840 2679 870 2705 τὸ
887 2678 934 2713 δη-

148 2725 301 2758 μιουργεῖν,
311 2722 380 2750 ὥστε
397 2725 458 2749 ἐπεὶ
471 2721 510 2754 εἷς
524 2724 588 2754 Θεὸς
604 2725 659 2750 ain
676 2724 724 2751 καὶ
739 2725 788 2751 ἕνα
803 2725 936 2761 δημιουρ-

146 2770 194 2804 γὸν
209 2769 320 2801 τούτους
329 2767 399 2795 εἶναι
413 2770 530 2804 ἀνάγκη.
543 2771 573 2796 Εἰ
585 2770 612 2796 δὲ
622 2769 726 2805 οαῦμα,
735 2771 783 2803 τὰς
796 2771 843 2798 δύο
868 2772 934 2799 ὑπο-

183 2860 221 2896 (l)
238 2860 310 2888 Ilion.
331 2861 351 2888 f.
375 2861 420 2889 191
442 2870 467 2895 a,
485 2862 533 2888 οὐκ
552 2862 619 2888 ἔστι.

985 1571 1100 1599 rationis
1120 1573 1216 1599 activa:
1241 1578 1268 1599 et
1285 1573 1401 1608 passiva:
1425 1573 1451 1600 in
1473 1572 1553 1600 Patre
1580 1578 1607 1600 et
1632 1573 1702 1600 Filio
1730 1578 1773 1599 est

983 1624 1049 1650 una,
1062 1618 1098 1645 ita
1114 1617 1274 1652 spiratiouis
1291 1619 1333 1646 vis
1356 1619 1383 1645 in
1402 1619 1468 1653 ipsis
1494 1626 1547 1645 una
1562 1623 1614 1646 est.
1644 1617 1671 1645 Si
1697 1618 1771 1645 enim

983 1670 1043 1697 qua:
1058 1663 1144 1690 virtus
1160 1664 1187 1690 in
1216 1664 1283 1698 ipsis
1299 1669 1341 1691 est
1370 1669 1469 1700 prieter
1498 1666 1553 1692 vim
1584 1663 1773 1698 generationis

982 1709 1079 1736 activae
1103 1714 1131 1736 et
1155 1710 1283 1744 passivae,
1305 1718 1364 1737 eam
1384 1719 1465 1738 unam
1489 1718 1549 1738 esse
1577 1718 1690 1738 necesse
1712 1715 1771 1741 est;

983 1756 1063 1783 unica
1081 1763 1146 1783 vero
1164 1757 1252 1783 virtus
1274 1761 1301 1784 et
1325 1765 1408 1784 unam
1430 1757 1621 1793 operationem
1644 1762 1669 1784 et
1688 1764 1769 1783 uuam

982 1802 1186 1836 processiouem
1202 1806 1229 1834 et
1247 1810 1334 1829 unum
1353 1803 1522 1838 principium
1548 1802 1707 1830 necessario
1727 1801 1771 1828 iu-

983 1847 1074 1874 ducit:
1093 1855 1182 1882 neque
1211 1848 1296 1883 igitur
1313 1848 1463 1876 absurdum
1487 1853 1540 1881 est,
1555 1856 1637 1875 unam
1656 1855 1716 1875 esse
1744 1849 1771 1874 in

983 1891 1065 1919 Patre
1080 1898 1106 1920 et
1121 1893 1192 1920 Filio
1213 1893 1345 1920 virtutem
1363 1894 1549 1928 spiratricem,
1575 1902 1664 1928 nequc
1680 1894 1773 1928 sequ",-

984 1945 1040 1971 tur,
1054 1947 1116 1966 cum
1133 1940 1190 1967 haec
1210 1948 1264 1967 una
1279 1940 1326 1972 sit,
1345 1940 1371 1967 in
1391 1941 1471 1968 Patre
1486 1945 1514 1968 et
1531 1940 1600 1967 Filio
1614 1948 1668 1966 non
1688 1948 1771 1966 uumn

982 1992 1043 2012 esse
1061 1984 1183 2020 Spiritus
1197 1987 1379 2021 principium,
1395 1986 1443 2014 sed
1461 1987 1573 2022 duplex.
1588 1985 1708 2014 Omnino
1724 1994 1773 2012 au-

984 2035 1038 2058 tem
1052 2031 1134 2058 Pater
1150 2035 1178 2057 et
1193 2030 1279 2058 Filius
1297 2031 1505 2065 prmseindemlo
1522 2039 1536 2058 a
1555 2031 1671 2058 relativa
1687 2039 1774 2065 oppo-

983 2076 1095 2114 sitione,
1115 2084 1196 2111 quam
1212 2078 1245 2103 ad
1261 2077 1380 2104 invicem
1399 2077 1511 2110 habent,
1529 2081 1611 2112 prout
1628 2077 1673 2104 ille
1690 2085 1774 2112 gene-

985 2128 1036 2155 rat,
1054 2123 1098 2150 hic
1112 2127 1273 2158 generatur,
1296 2124 1385 2158 quoad
1411 2128 1510 2151 caetera
1539 2131 1624 2151 unum
1655 2129 1720 2150 sunt
1747 2129 1772 2150 (ιι

986 2177 1070 2197 unum
1088 2174 1175 2196 totum
1194 2175 1222 2197 et
1240 2178 1325 2197 unum
1349 2177 1476 2197 numero.
1495 2169 1573 2197 Sicut
1594 2170 1678 2205 igitur
1703 2178 1774 2196 unus

986 2221 1050 2243 sunt
1064 2216 1138 2244 Deus
1156 2221 1184 2244 et
1199 2225 1270 2244 unus
1283 2217 1410 2244 conditor
1424 2221 1452 2244 et
1468 2225 1541 2244 unus
1560 2217 1683 2249 mittens.
1698 2217 1733 2244 ita
1746 2223 1775 2243 ct

988 2270 1072 2289 unum
1086 2262 1250 2297 principium
1262 2263 1350 2290 sancti
1365 2263 1486 2298 Spiritus
1499 2263 1540 2290 vel
1559 2271 1630 2290 unus
1643 2264 1772 2297 spirator.

988 2308 1015 2336 Si
1030 2309 1104 2336 enim
1118 2308 1191 2336 Patri
1215 2309 1242 2336 iu
1262 2309 1383 2344 Spiritus
1408 2309 1496 2337 sancti
1521 2311 1704 2344 productione
1721 2318 1773 2336 nou

988 2360 1078 2390 potest
1090 2356 1294 2383 communicare
1308 2356 1393 2384 Filius
1405 2362 1519 2392 propter
1532 2357 1606 2384 aliud
1622 2357 1774 2391 quidpiam.

988 2401 1042 2428 alia
1057 2404 1129 2430 ratio
1145 2403 1234 2436 foret;
1249 2403 1272 2430 si
1287 2411 1353 2430 vero
1367 2403 1435 2430 nihil
1448 2403 1522 2430 aliud
1537 2403 1638 2433 obstat,
1652 2403 1725 2437 quod
1741 2403 1773 2429 ad

989 2448 1156 2476 mouarchize
1184 2448 1401 2475 destructionem
1433 2448 1550 2480 attinet,
1579 2448 1650 2474 nihil
1674 2447 1776 2474 timeno

989 2494 1072 2527 dum;
1088 2494 1155 2521 sicut
1172 2495 1194 2522 si
1213 2494 1299 2522 Filius
1316 2502 1368 2521 non
1386 2500 1479 2529 posset
1507 2499 1617 2522 creator
1639 2501 1700 2521 esse
1725 2502 1775 2520 ne-

989 2547 1042 2574 que
1066 2540 1187 2574 Spiritus
1213 2545 1337 2573 sanctus,
1357 2541 1589 2575 quemadmodum
1617 2544 1660 2568 est
1684 2540 1774 2573 Pater,

990 2588 1042 2614 alia
1062 2587 1142 2622 plane
1159 2586 1229 2614 foret
1253 2587 1344 2618 ratio;
1368 2587 1490 2621 quandiu
1511 2595 1576 2613 vero
1603 2594 1717 2614 necesse
1733 2594 1778 2614 est

989 2634 1157 2661 creationem
1175 2641 1349 2660 communem
1369 2641 1429 2660 esse
1454 2633 1507 2660 illis
1533 2633 1622 2660 trihus
1636 2652 1643 2663 .
1662 2635 1694 2660 de
1717 2642 1777 2660 mo-

990 2680 1106 2707 narchia
1130 2680 1282 2707 timendum
1303 2680 1382 2707 nihil.
1398 2679 1455 2708 Una
1472 2681 1545 2706 enim
1565 2682 1666 2707 virtute
1683 2686 1778 2707 t't'oant

989 2719 1064 2754 etut
1082 2728 1139 2754 Deo
1165 2727 1316 2762 unicuique
1344 2728 1443 2755 horum
1478 2728 1549 2755 inest
1580 2729 1621 2755 vis
1652 2729 1777 2759 creandi,

991 2773 1063 2801 unde
1077 2773 1207 2808 quoniam
1223 2781 1294 2802 unus
1313 2773 1384 2801 Deus
1402 2777 1465 2801 sunt
1480 2771 1506 2801 e't
1522 2783 1605 2801 unum
1625 2779 1779 2802 creatorem
