1913 3060
219 107 254 138 59

835 99 999 130 GEORGII
1023 99 1228 129 SCIIHIARH

1815 96 1856 130 60

218 161 348 193 ostendit,
372 160 408 187 ita
434 164 465 186 ut
490 166 569 186 nemo
585 163 715 186 caeterum
739 156 896 192 reperiatur
920 163 1008 190 usque

1071 156 1122 182 γένα
1139 155 1232 183 λοιπὸν
1257 157 1404 192 εὑρεθῆναι
1427 156 1510 192 μέχρι
1530 156 1576 184 τοῦ
1595 157 1642 184 νῦν
1662 156 1713 193 τήν
1731 165 1858 192 συνηγοη

219 216 292 236 nunc
309 207 379 233 hanc
396 205 585 232 defensionem
605 204 734 231 refellens
750 203 809 230 zelo
826 202 949 230 veritatis
963 201 1006 229 vel

220 260 337 288 parcens
352 251 486 280 Gabasila:
504 251 593 282 fama),
621 258 681 284 qua:
701 249 837 284 ejusmodi
859 255 938 283 passa
964 252 1006 275 est

219 299 412 326 infortunium.
444 298 524 325 llisee
555 296 639 332 igitur
668 295 819 330 antiquatis
847 299 876 322 et
902 294 1008 321 honore

219 345 318 380 quovis
334 345 450 380 privatis
466 343 755 378 argumentationibus
775 341 858 369 veluti
881 339 1008 376 genuinis

220 391 303 418 armis
316 391 406 418 fretus
420 390 492 417 idem
512 397 575 416 cum
593 388 691 423 primis
704 396 799 415 cormn
817 386 1008 414 inventoribus

221 438 374 472 perieulum
394 437 483 464 subis.
501 435 654 470 Oportebat
676 443 743 462 vero
757 439 782 461 te
799 434 890 468 potius
914 438 1008 460 osten-

221 485 298 515 dere,
322 484 426 511 eisdem
450 482 655 517 objectionibus
681 480 835 515 Cydouium
859 479 1009 514 sophistice

222 531 360 558 restitisse
377 534 405 557 et
422 534 487 556 tmte
508 533 661 562 opportune
685 527 851 561 procederes
876 525 908 552 ad
926 533 1008 558 argu—

220 576 324 603 endnm
339 575 473 602 Thomam
490 580 518 602 et
540 574 663 609 ejusdem
681 573 911 599 ratiocinationes
927 579 1010 606 argu-

221 621 317 652 endas,
336 622 371 647 ita
390 625 418 648 ut
444 620 478 647 de
498 624 600 647 cazlcro
617 625 706 653 neque
735 617 888 652 apologiam
914 621 1009 643 contra

221 668 274 695 ista
306 668 489 696 necussariam
508 674 567 694 esse
594 674 732 693 ecuseres.
765 664 910 692 Sufﬁciunt
934 665 1009 691 enim

220 714 337 749 Cydonii
352 713 485 748 apologize
499 717 526 739 et
544 712 673 744 maxime,
689 716 717 738 et
732 715 828 738 contra
843 718 890 737 eas
905 711 943 737 nil
961 718 1010 744 po-

222 761 290 787 teris
308 768 448 795 oggerere,
471 759 695 794 quandoquidem
712 758 855 792 hucusque
877 765 932 784 non
963 765 1011 792 po-

222 807 310 833 tuisti.
327 806 427 834 Verum
447 810 476 833 ut
490 814 563 832 mine
579 805 670 832 discas
684 812 745 831 esse
765 804 839 830 viros
852 812 906 830 non
921 804 1010 831 solum

225 857 250 879 te
265 851 457 886 sapientiores,
473 851 520 879 sed
535 851 616 878 etiam
631 850 767 885 Cydonio,
781 850 827 883 qui
847 855 936 877 tamen
955 858 1011 884 prae

224 898 279 926 tuis
297 898 436 933 magistris
453 904 620 932 magnopere
640 896 756 925 excallit,
781 896 929 928 doctiores,
944 903 1012 922 con-

223 945 347 971 cedimus
365 943 426 974 tibi,
443 943 577 969 Thomam
606 943 634 968 in
655 941 698 968 his
718 949 773 968 non
799 942 938 975 stringens
960 942 1011 969 dc-

179 1014 181 1016 .
223 990 297 1017 disse
313 993 506 1025 argumentum
529 993 557 1015 et
582 988 736 1023 Cydonium
755 988 779 1015 ei
795 987 1011 1022 patrocinantcm

225 1035 254 1062 in
273 1035 336 1062 aliis
356 1035 468 1069 quidem
490 1039 515 1061 et
541 1034 659 1068 ingenue
673 1039 773 1061 etcum
792 1035 906 1061 veritate
923 1033 949 1060 id
971 1034 1012 1060 fm-

224 1088 298 1112 cere,
324 1082 375 1107 hac
392 1088 459 1108 vero
477 1080 504 1106 iu
521 1084 598 1115 parte
621 1080 751 1106 nobiliter
774 1084 801 1106 et
819 1084 894 1107 recte
918 1085 1013 1107 contra

225 1127 379 1155 Cubasilam
395 1134 532 1161 pugnare,
547 1127 593 1161 qui
608 1125 742 1152 Thomam
759 1133 788 1152 se
806 1125 928 1153 refutare
951 1126 1013 1160 opi-

226 1173 346 1200 nabatur
373 1173 530 1200 nullatenus
547 1172 573 1199 id
599 1173 703 1203 valens,
721 1172 792 1206 quod
810 1172 843 1198 ad
870 1172 1013 1199 veritatem

227 1224 318 1245 tamen
344 1223 460 1253 spectat,
483 1218 597 1245 minime
621 1222 683 1252 apte
708 1225 740 1245 ac
766 1218 866 1245 valide.
885 1218 939 1245 Sed
958 1225 1013 1244 non

226 1264 329 1292 exinde
346 1265 408 1298 ejus
421 1271 532 1299 quoque
551 1264 757 1291 conclusionem
776 1264 956 1298 destruimus,
979 1265 1014 1292 ob

226 1318 323 1339 causas
349 1318 416 1345 quas
445 1310 526 1345 paulo
552 1315 615 1337 ante
645 1309 777 1338 diximus.
825 1309 1014 1338 Suiﬁcientem

227 1357 300 1384 enim
318 1355 380 1382 Filii
396 1360 424 1382 et
438 1355 543 1390 Spiritu
568 1355 774 1382 distinctionem
794 1363 855 1383 esse
876 1355 1014 1383 diversam

229 1401 374 1436 utriusque
389 1409 421 1428 ex
445 1400 525 1428 Patre
550 1401 783 1436 progressionem.
808 1402 967 1430 concedunt
987 1407 1016 1430 et

229 1448 334 1475 Thoma
353 1448 534 1482 posteriores;
551 1447 604 1475 hoc
619 1455 685 1475 vero
698 1448 787 1483 ipsum
798 1456 880 1483 quant
898 1450 1016 1477 maxime

1061 201 1122 235 ρίαν
1138 202 1246 238 ἐκείνην
1263 203 1421 238 ἐλέγχοντα,
1438 203 1512 238 ζήλῳ
1534 204 1584 236 τῆς
1601 203 1732 239 ἀληθείας
1750 203 1767 238 ἢ
1788 212 1856 238 φειυ

1058 247 1100 274 δοῖ
1123 249 1174 284 τῆς
1201 249 1249 276 τοῦ
1275 251 1421 277 Καὸισίλα
1438 250 1518 286 δόξης
1542 250 1678 284 τοσαύτην
1702 250 1856 285 συμφορὰν

1058 295 1233 328 πεπονθυίας.
1252 297 1374 328 Ταύταις
1396 297 1487 324 τοίνυν
1505 297 1565 328 ταῖς
1578 296 1708 332 ἀρχαίαις
1727 296 1775 322 καὶ
1791 296 1855 322 ἀτι-

1060 341 1212 375 μωθείσαις
1229 343 1396 376 ἀντιλογίαις
1425 343 1509 370 πάλιν
1531 343 1568 374 ὡς
1592 343 1728 377 γενναίοις
1753 342 1856 371 ὅπλοις

1059 387 1168 423 οαῤῥῶν
1190 391 1246 421 τοῖς
1276 389 1393 424 πρώτως
1430 389 1573 424 ὲξευροῦσι
1613 388 1853 422 συγκινδυνεύεις.

1066 433 1167 469 Ἐχρῆν
1193 434 1221 461 δέ
1250 443 1279 461 σε
1307 435 1409 470 μᾶλλον
1425 435 1512 466 δεῖξαι
1533 435 1580 460 τὸν
1600 433 1731 467 Κυδωνίην
1760 442 1854 460 κατα-

1060 480 1239 514 σοφιζόμενον
1262 481 1366 508 τούτων
1387 481 1420 516 δὴ
1442 482 1496 507 τῶν
1526 480 1700 514 ἀντιλογιῶν,
1721 479 1768 506 καὶ
1793 479 1856 505 τότ’

1061 526 1093 552 ἂν
1109 526 1178 560 πρὸς
1193 527 1240 562 τὴν
1259 527 1364 561 μέμψιν
1391 527 1478 562 Θωμᾶ
1494 528 1541 553 καὶ
1566 527 1620 553 τῶν
1636 526 1740 553 ἐκείνου
1761 525 1856 559 λόγων

1060 571 1214 606 ἐπανῆλοες
1231 573 1370 606 ἐγκαίρως
1381 579 1387 586 '
1403 572 1474 598 ὥστε
1502 580 1531 597 σε
1555 571 1650 598 λοιπὸν
1677 570 1737 606 μηδ’
1750 570 1857 597 ἀπολο-

1061 618 1122 652 γίας
1133 617 1226 649 ἀξιοῦν
1242 616 1312 644 εἶναι
1330 618 1426 653 χρείαν
1441 619 1509 654 πρὸς
1530 617 1628 645 ταῦτα.
1651 616 1780 652 Ἀρκοῦσι
1797 618 1856 653 γὰρ

1061 666 1088 692 αι
1106 666 1152 692 τοῦ
1171 667 1284 701 Κυόὡνη
1299 667 1348 693 καὶ
1362 667 1435 699 λίαν,
1451 667 1519 703 πρὸς
1537 667 1570 699 ἀς
1584 667 1634 693 οὐκ
1656 667 1689 694 ἂν
1714 666 1788 701 ἔχοις
1804 667 1858 693 ἀν-

1060 712 1210 743 τισῌπειν,
1229 713 1308 746 εἴπερ
1328 712 1384 738 οὐδ’
1406 712 1484 747 ἔσχες
1502 713 1566 748 ἄχρι
1581 713 1629 739 τοῦ
1643 711 1702 739 νῦν.
1722 712 1794 738 Ἀλλ’
1809 712 1858 738 ἵνα

1062 757 1110 784 νῦν
1133 758 1241 792 μάθοις,
1256 756 1328 784 εἷναί
1349 766 1427 790 τινας
1448 758 1476 784 οὐ
1499 759 1580 793 μόνον
1599 767 1646 784 σου
1665 758 1856 792 σοφωτέρους,

1063 797 1130 830 ἀλλὰ
1143 806 1191 830 καὶ
1204 804 1252 829 τοῦ
1276 803 1390 838 Κυδώνη
1409 803 1490 830 πλέον
1505 804 1621 836 εἰδότας,
1641 803 1729 830 καίτοι
1746 803 1858 838 σφόδρα

1063 849 1116 876 τῶν
1135 850 1190 876 σῶν
1219 851 1398 885 ὑπερέχοντος
1429 849 1625 881 διδασκάλων,
1652 849 1858 885 συγχωροῦμέν

1065 904 1106 921 σοι
1118 895 1205 922 ταῦτα
1218 895 1262 921 τὸν
1276 895 1377 929 Θωμᾶν
1392 895 1442 922 οὐκ
1465 894 1624 928 ἀναγκαίως
1640 896 1727 921 εἰπεῖν
1744 896 1792 921 καὶ
1807 895 1860 922 τὸν

1065 942 1161 976 ἐκείνῳ
1186 941 1384 976 συμμαχοῦντα
1402 939 1532 975 Κυδώνην
1557 941 1587 966 ὲν
1605 940 1655 975 μὲν
1682 942 1738 972 τοῖς
1761 940 1860 971 ἄλλοις

1063 988 1110 1013 καὶ
1126 988 1258 1021 γενναίως
1277 988 1325 1013 καὶ
1351 987 1422 1021 μετὰ
1440 986 1491 1020 τῆς
1507 986 1637 1021 ἀληθείας
1652 985 1731 1012 τοῦτο
1749 987 1855 1013 ποιεῖν·

1065 1034 1089 1059 εί
1105 1034 1133 1060 δὲ
1150 1036 1240 1068 τούτῳ
1267 1033 1307 1068 τῷ
1338 1033 1416 1068 μέρει
1439 1033 1574 1066 γενναίως
1600 1033 1650 1068 μὲν
1675 1036 1725 1060 καὶ
1743 1033 1858 1068 ἀληθῶς

1068 1080 1136 1113 πρός
1151 1087 1183 1111 γε
1198 1080 1242 1105 τὸν
1260 1079 1420 1106 Καεασίλαν
1440 1079 1603 1114 ἠγωνίσθαι,
1623 1079 1651 1111 ὃς
1667 1079 1735 1115 ᾤετο
1752 1080 1858 1115 Θωμᾶν

1066 1125 1190 1160 ἐλέγχειν
1209 1125 1334 1160 μηδόλως
1357 1125 1436 1152 τοῦτο
1465 1125 1628 1160 δυνάμενος,
1657 1125 1725 1160 πρὸς
1753 1125 1781 1152 δὲ
1803 1127 1858 1160 τὴν

1066 1171 1198 1207 ἀλήθειαν
1215 1171 1317 1206 ἥκιστα
1349 1170 1461 1202 [κανῶς.
1495 1170 1567 1197 Ἀλλ’
1585 1171 1635 1197 οὐκ
1660 1170 1786 1198 ἐντεῦθεν
1807 1172 1859 1198 καὶ

1066 1218 1096 1245 τὸ
1119 1218 1307 1253 συμπέρασμα
1323 1217 1472 1252 ἀνελοῦμεν
1494 1218 1526 1244 δι’
1544 1216 1577 1248 ἃς
1594 1217 1715 1252 ἓφθημεν
1731 1217 1859 1249 είπόντες

1066 1265 1168 1296 αἰτίας.
1213 1264 1321 1299 ’ἱκανὴν
1350 1264 1404 1299 γὰρ
1439 1262 1511 1290 εἶναι
1552 1263 1690 1298 διάκρισιν
1714 1263 1779 1290 Υἱοῦ
1806 1265 1859 1290 καὶ

1067 1310 1226 1344 Πνεύματος
1244 1312 1293 1346 τὴν
1310 1311 1342 1336 ὲκ
1367 1310 1472 1345 ιιατρὸς
1487 1309 1616 1344 διάφορον
1637 1310 1751 1345 πρόοδον
1768 1311 1815 1337 καὶ
1832 1312 1860 1337 οε

1069 1356 1140 1392 μετά
1151 1356 1253 1391 Θωμᾶν
1263 1355 1437 1391 συγχωροῦσι
1451 1363 1457 1370 ’
1474 1356 1552 1382 τοῦτο
1561 1355 1583 1381 δ’
1595 1355 1661 1382 αὐτὸ
1677 1355 1723 1382 καὶ
1738 1356 1861 1391 μάλιστα

1071 1403 1117 1429 τοῦ
1131 1402 1237 1429 καὶτὸν
1252 1403 1316 1428 Υίδν
1331 1402 1417 1437 ἀρχὴν
1433 1399 1503 1428 εἶναι
1526 1401 1572 1427 τοῦ
1590 1401 1748 1436 Πνεὺματος
1758 1402 1861 1436 αἴτιον,

1069 1447 1243 1474 πιστεύουσιν
1256 1445 1340 1480 εἶναι,
1355 1447 1434 1482 εἴπερ
1448 1448 1464 1482 ἡ
1481 1447 1530 1481 μὲν
1556 1447 1671 1482 διαφορὰ
1680 1448 1729 1481 τῆς
1744 1448 1861 1483 προόδου

229 1502 340 1522 causam
354 1502 415 1521 esse
432 1495 561 1527 credunt.
584 1495 657 1529 quod
677 1499 704 1522 et
730 1494 815 1522 Filius
840 1496 876 1523 sit
898 1495 1015 1530 Spiritus

1072 1493 1121 1528 τὴν
1137 1493 1269 1528 τοιαύτην
1296 1493 1326 1519 ἐν
1352 1494 1445 1524 αὐτοῖς
1459 1493 1536 1525 τάξιν
1553 1495 1635 1526 ποιεῖ,
1653 1495 1685 1529 τῇ
1702 1494 1730 1521 δὲ
1746 1494 1863 1530 τοιαύτῃ

231 1541 409 1574 principium,
434 1541 563 1575 quoniam
582 1540 739 1568 diﬂ‘erentia
755 1541 959 1577 progressionis
976 1547 1016 1569 ta-

231 1590 283 1616 lem
307 1589 333 1616 iu
351 1589 418 1624 ipsis
430 1589 556 1616 ordinem
580 1588 736 1619 constituit.
753 1589 833 1616 talem
855 1596 921 1616 vero
939 1589 1016 1615 ordi-

232 1643 294 1662 nem
317 1640 345 1662 et
364 1635 485 1669 Spiritus
511 1642 545 1662 ex
572 1634 641 1661 Filio
663 1635 803 1668 processio
825 1635 1015 1669 consequitur.

233 1681 339 1708 Sufficit
361 1681 444 1715 igitur
461 1680 494 1707 ad
511 1687 559 1707 eos
576 1679 798 1713 distinguendos,
816 1680 889 1714 quod
905 1681 1016 1708 diverso

233 1727 315 1753 modo
328 1734 361 1753 ex
379 1725 460 1752 Patre
473 1725 630 1760 prodeunt:
645 1726 693 1752 sed
711 1733 744 1752 ex
760 1733 803 1757 eo,
821 1726 894 1760 quod
907 1726 1018 1754 diverso

234 1772 315 1799 modo
330 1772 467 1806 prodeunt
479 1780 511 1799 cx
537 1771 631 1805 Patre,
646 1772 780 1807 sequitur,
798 1773 870 1807 quod
884 1773 1019 1801 alteruter

232 1826 266 1846 cx
280 1818 368 1845 altero
382 1818 506 1853 prodeat.
523 1818 613 1852 Quare
635 1819 661 1846 in
682 1824 787 1846 tantum
804 1827 857 1846 non
873 1819 1020 1854 distingui-

235 1868 279 1890 Iur
294 1862 381 1891 Filius
397 1871 411 1890 a
428 1863 532 1898 Spiritu
556 1865 670 1892 relativa
685 1864 836 1892 secundum
852 1866 1017 1900 principium

233 1909 417 1944 0pp0silione,
437 1915 466 1936 ut
490 1909 610 1937 Thomas
623 1911 673 1943 ait,
690 1910 717 1938 in
732 1916 866 1946 quantum
890 1919 945 1938 non
971 1919 1020 1946 per

233 1963 293 1982 eam
319 1956 409 1990 primo
440 1957 634 1992 distinguitur,
657 1957 704 1985 sed
731 1958 820 1992 primo
841 1958 1021 1992 distinguitur

233 2001 343 2029 diversa
369 2004 573 2038 progressione,
588 2004 658 2030 haue
681 2011 745 2031 vero
772 2010 799 2031 et
824 2004 963 2039 oppositio
978 2012 1021 2032 se-

233 2049 352 2076 cundum
366 2050 533 2084 principium
547 2051 682 2084 sequitur.
697 2050 774 2083 Quod
787 2050 898 2084 quidem
915 2050 972 2078 haec
984 2051 1022 2079 ita

233 2095 304 2122 bene
319 2102 348 2122 se
363 2095 464 2122 habent
476 2100 502 2122 et
517 2095 589 2130 quod
603 2096 684 2122 etiam
695 2100 760 2122 ante
775 2094 927 2122 Cubasilam
943 2096 1022 2123 nmlti

234 2140 395 2167 Latinorum
412 2146 572 2168 reverenter
585 2142 810 2168 contradixerunt
822 2141 934 2168 Tltonue
947 2149 1023 2168 eunt-

234 2193 288 2220 que
307 2186 460 2220 simplicius
476 2187 528 2213 hoc
545 2191 709 2221 argumento
737 2195 817 2214 usum
840 2187 927 2215 fuisse
947 2188 1021 2214 afﬁr~

235 2236 355 2264 uaarunt,
380 2233 432 2258 alia
449 2239 536 2266 eaque
553 2233 663 2267 propria
688 2233 895 2260 concertatione
917 2233 1022 2268 disqui-

235 2278 350 2306 reudum
365 2284 391 2305 et
405 2279 605 2305 ostendendum
623 2279 711 2310 foret;
723 2279 796 2313 quod
814 2286 877 2306 vero
889 2284 917 2306 tu
933 2287 1021 2314 neque

234 2323 440 2351 conclusionem
454 2323 586 2356 destruis,
602 2324 654 2350 etsi
671 2323 805 2350 Tlimnam
830 2324 1024 2352 eoufutaturus

234 2377 306 2401 eras,
321 2377 409 2404 neque
425 2369 513 2397 valide
525 2377 557 2396 ac
567 2370 767 2397 convenienter
779 2370 890 2403 refellis,
905 2375 961 2398 tum
972 2371 1024 2398 La-

236 2415 285 2442 tini
303 2416 480 2443 manifestum
499 2415 629 2448 reddunt,
649 2416 697 2450 qni
717 2423 806 2451 neque
830 2416 881 2443 bac
900 2416 927 2443 in
943 2423 1021 2451 parte

237 2462 351 2488 Thomas
368 2462 445 2489 valde
463 2462 653 2489 assentiuntur
670 2469 761 2496 neque
790 2461 880 2488 thesin
900 2463 961 2498 ejus
977 2471 1024 2490 nc-

236 2513 310 2541 gant,
326 2513 382 2535 tum
399 2512 426 2535 tu
441 2508 500 2542 ipse
513 2508 659 2535 ostendisti
669 2509 725 2542 jam
743 2507 832 2535 dictas
847 2509 1025 2540 exceptiones

238 2564 249 2581 l‘
254 2563 269 2581 ιι
274 2563 346 2582 rsum

237 2603 351 2630 difﬁcile
365 2608 426 2630 erat
442 2608 470 2630 et
483 2603 553 2630 alios
565 2602 647 2630 simili
664 2603 744 2629 modo
766 2602 792 2629 id
807 2602 907 2630 (acere.

1035 2171 1057 2202 C

397 2556 424 2582 in
454 2554 575 2582 medium
606 2555 772 2590 producens,
802 2562 881 2589 quas,
909 2555 930 2582 si
954 2557 1037 2584 etiam
1079 2559 1219 2593 (Iydonius
1252 2568 1308 2588 non
1343 2566 1423 2588 attica
1453 2562 1617 2589 iutirmuswt

1071 1541 1147 1572 τάξει
1160 1541 1208 1566 καὶ
1220 1541 1236 1574 ἡ
1250 1540 1297 1566 τοῦ
1311 1539 1467 1574 ίῐνεύματος
1478 1541 1509 1567 ὲκ
1524 1540 1570 1567 τοῦ
1585 1540 1651 1568 Υίοῦ
1668 1541 1780 1576 πρόοδος
1795 1540 1863 1568 En:—

1072 1595 1128 1614 ται,
1144 1587 1237 1621 ’Λρκεῖ
1259 1587 1307 1621 μὲν
1319 1586 1364 1613 οὖν
1380 1587 1531 1622 διακρίνειν
1550 1587 1620 1614 αὑτά
1631 1588 1660 1614 τὸ
1674 1587 1811 1622 διαφόρως
1827 1590 1863 1616 ὲκ

1073 1633 1179 1668 Πατρδς
1204 1634 1329 1669 προϊέναι
1344 1654 1352 1666 ,
1381 1634 1448 1661 ἀλλὰ
1477 1634 1516 1668 τῷ
1539 1634 1674 1670 διαφόρως
1699 1635 1731 1661 ἐκ
1755 1635 1864 1670 Harpe;

1074 1680 1200 1714 ’προϊέναι
1219 1681 1249 1706 τὸ
1267 1681 1298 1706 ἐκ
1314 1680 1430 1715 θατέρου
1457 1679 1573 1715 θάτερον
1595 1681 1720 1716 προϊέναι
1742 1681 1839 1707 ἕπεται
1853 1689 1864 1697 ⁶

1072 1725 1143 1752 ὣστε
1164 1727 1239 1761 παρᾶ
1269 1725 1398 1752 τοσοῦτον
1421 1727 1451 1752 οὺ
1480 1726 1649 1762 διακρίνεται
1681 1727 1695 1752 ὁ
1723 1727 1786 1759 Υἱὸς
1811 1727 1864 1754 τοῦ

1073 1772 1230 1806 Πνεύματος
1256 1773 1289 1807 τῇ
1315 1772 1376 1798 κατ’
1398 1773 1488 1798 αίτίαν
1518 1773 1674 1808 ἀναφορικῇ
1705 1773 1862 1805 ἀντιθέσει,

1074 1817 1146 1844 καθά
1158 1826 1239 1852 φησιν
1253 1818 1266 1843 ὁ
1281 1817 1393 1851 Θωμᾶς,
1409 1818 1529 1852 παρὸσον
1544 1818 1575 1844 οὐ
1591 1818 1676 1854 ταύτῃ
1691 1819 1862 1853 διακρίνεται

1074 1863 1202 1898 πρώτως,
1228 1864 1296 1891 ἀλλὰ
1320 1864 1489 1900 διακρίνεται
1507 1865 1556 1899 μὲν
1569 1865 1602 1900 τῇ
1620 1865 1739 1900 διαφόρῳ
1756 1867 1863 1901 προὲδιει

1075 1910 1211 1946 πρώτως·
1242 1912 1328 1948 ταύτῃ
1364 1911 1392 1937 δὲ
1415 1912 1463 1938 καὶ
1486 1913 1502 1945 ἡ
1529 1911 1589 1938 κατ’
1612 1912 1703 1938 αἰτίαν
1725 1913 1862 1946 ἀντίθεσις

1075 1957 1185 1984 ἕπεται.
1203 1958 1297 1984 Ταῦτα
1313 1957 1362 1992 μὲν
1376 1956 1423 1984 οὖν
1436 1959 1478 1984 ὅτι
1491 1966 1519 1984 τε
1535 1958 1621 1989 οὕτως
1638 1958 1695 1993 ἔχει
1710 1959 1798 1991 καλῶς
1814 1962 1861 1987 καὶ

1075 2004 1116 2030 ’ὁτι
1130 2004 1176 2030 καὶ
1187 2004 1240 2038 πρὸ
1249 2004 1295 2030 τοῦ
1308 2003 1451 2031 Καὸάσιλα
1465 2004 1559 2030 πολλοὶ
1569 2005 1623 2030 τῶν
1638 2005 1772 2039 Λατίνων,
1783 2008 1862 2033 εὐλα-

1077 2050 1132 2081 ϐῶς
1147 2050 1321 2083 ἀντιλέγουσι
1335 2050 1372 2084 τῷ
1387 2050 1473 2086 θωμᾷ
1491 2051 1538 2077 καί
1555 2059 1637 2086 φασιν
1655 2052 1736 2078 αὑτὸν
1758 2053 1858 2079 ἀπλού-

1077 2104 1172 2131 ατερον
1197 2097 1235 2131 τῷ
1254 2097 1326 2131 λόγῳ
1354 2098 1510 2132 χρήσασθαι
1538 2098 1638 2133 τούτῳ,
1656 2099 1744 2126 ἄλλων
1761 2100 1862 2133 ἀγωνι-

1077 2143 1189 2176 σμάτων
1203 2142 1236 2169 ἂν
1254 2142 1297 2178 εἴη
1315 2145 1427 2171 σκοπεῖν
1444 2145 1491 2170 καὶ
1513 2144 1652 2171 δεικνύναι
1666 2152 1673 2161 ⁸
1693 2146 1733 2172 ὅτι
1753 2146 1780 2172 δὲ
1797 2146 1860 2173 οὔτε

1073 2188 1104 2214 τὸ
1132 2189 1320 2224 συμπέρασμα
1339 2190 1474 2224 ἀναιρεῖς,
1496 2191 1520 2216 εί
1552 2192 1600 2217 καὶ
1617 2191 1719 2226 Θωμᾶν
1734 2191 1859 2227 ἐλέγχειν

1073 2233 1186 2268 ἔμελλες
1206 2235 1333 2270 (Ι),οὗτε
1360 2235 1458 2268 ἱκανῶς
1485 2236 1606 2272 ἐλέγχεις
1631 2238 1680 2264 καὶ
1707 2238 1861 2273 ἐπηϐόλους,

1074 2281 1104 2306 τὸ
1130 2281 1180 2315 μὲν
1204 2282 1229 2307 οἱ
1258 2283 1369 2308 Λατῖνοι
1383 2282 1464 2317 δῆλον
1493 2283 1628 2315 ποιοῦσιν,
1649 2284 1711 2310 οὕτε
1727 2285 1861 2320 τιθέμενοι

1077 2327 1116 2362 τῷ
1129 2326 1215 2362 Θωμᾷ
1231 2327 1292 2354 λίαν
1317 2329 1346 2355 ὲν
1370 2329 1459 2364 τούτῳ
1481 2329 1520 2364 τῷ
1539 2330 1627 2365 μέρει,
1644 2331 1706 2356 οὗτε
1722 2331 1771 2365 τὴν
1787 2331 1861 2357 θέσιν

1077 2372 1255 2408 ἀρνούμενοι,
1272 2375 1302 2400 τὸ
1317 2374 1345 2401 δὲ
1365 2376 1447 2408 αὐτὸς
1461 2375 1566 2408 ἔδειξας
1585 2377 1647 2408 τοὺς
1663 2377 1860 2412 ἐληλεγμένους

1078 2419 1207 2454 ιλέγχους
1223 2419 1302 2452 αὖθις
1318 2421 1451 2456 παράγων
1471 2423 1512 2453 είς
1534 2422 1627 2457 μέσον,
1649 2422 1694 2454 οὒς
1710 2423 1733 2449 εί
1750 2423 1796 2449 καὶ
1824 2424 1860 2457 μὴ

1079 2465 1211 2499 Κυδώνης
1225 2467 1333 2501 φθάσας
1357 2469 1520 2503 ηὺτέλησεν,
1536 2469 1612 2496 οὐδὲν
1635 2469 1754 2505 χαλεπὸν
1770 2468 1800 2504 ἦν
1814 2471 1860 2496 καὶ

1080 2512 1177 2544 ἄλλους
1195 2513 1297 2548 ὁμοίως
1315 2514 1413 2549 ἐκείνῳ
1431 2515 1513 2541 τοῦτο
1528 2517 1625 2542 ποιεῖν.

1672 2562 1748 2589 nullo
1781 2563 1860 2589 modo

274 2695 312 2731 (Ι)
331 2695 403 2723 Mon.
422 2695 442 2722 ί.
465 2694 516 2722 195
528 2694 557 2728 b,
572 2694 681 2730 εμελες.
697 2695 734 2722 Αιι
760 2702 847 2730 marg.
866 2695 956 2728 Ἴσως
970 2696 1094 2731 ἔμελλες.
