1913 3060
169 159 205 192 69
678 155 897 189 REFUTATIO
920 155 1039 189 MARCI
1062 161 1258 192 El'llESlNl.
1756 160 1792 191 70

167 217 214 242 ἅτε
230 216 262 242 ἐκ
275 215 359 250 τριῶν
373 214 550 242 ὑποστάσεων
562 215 818 250 δημιουργουμένης
831 223 837 230 ·

166 262 253 296 δήπου
269 261 314 288 τὸν
329 261 378 295 μὲν
399 262 448 288 ἕνα
467 262 533 288 Θεὸν
558 261 726 296 δημιουργὸν
742 261 801 296 ὲρεί
825 261 875 295 τῆς
899 262 957 288 κτί-

168 316 237 337 σεως
248 305 330 339 εἶναι,
347 308 468 342 ἑκάστην
478 308 506 334 δὲ
519 307 574 333 τῶν
586 307 667 333 θείων
679 305 856 334 ὑποστάσεων
878 306 957 333 τοῦτο

168 352 237 380 εἶναι
249 355 409 389 ἀρνήσεται.
425 354 455 380 Ei
468 353 495 381 δὲ
513 354 654 388 βοήσεται,
675 352 766 384 καθὼς
793 354 819 380 οἰ
851 353 956 385 πολλοὶ,

168 400 218 434 τὴν
232 400 368 435 διαφορὰν
382 400 430 434 τῆς
445 400 630 434 δημιουργίας
642 399 690 426 καὶ
711 399 766 426 τῶν
778 396 859 426 θείων
877 399 958 433 προό-

167 446 231 479 δων,
247 447 377 480 μετὰτῶν
389 446 496 473 πολλῶν
507 446 556 473 καὶ
575 446 657 477 αὑτίις
673 446 816 478 τετάξεται
833 454 840 462 ·
861 446 877 481 ἡ
902 445 957 481 γὰρ

167 491 283 526 διαφορὰ
302 491 373 526 αὕτη
400 492 477 519 οὐδὲν
500 492 575 526 αὐτῷ
602 491 744 527 βοηθήσει,
762 492 815 523 ἓως
828 491 957 527 ἃνάξιοίη

167 537 198 563 τὸ
209 538 239 563 ὲκ
249 537 297 563 δύο
312 537 490 564 ὑποστάσεων
510 537 607 572 προϊὸν
631 537 678 564 δύο
700 536 788 571 ἀρχὰς
819 536 901 572 ἔχειν.
926 536 958 563 Ei

169 583 219 618 μὲν
233 583 287 618 γὰρ
301 583 347 609 ἐπὶ
367 583 418 618 τῆς
433 583 576 618 παρούσης
597 583 679 618 μόνον
704 582 862 614 ὑποθέσεως
885 581 957 609 τοῦτ’

167 629 247 661 ἀξιοῖ,
263 629 400 663 λαμῦάνει
416 628 447 656 τὸ
459 628 629 664 ζητούμενον
646 636 654 644 ⁰
670 630 695 656 εί
708 627 730 656 δ’
744 628 839 660 ἁπλῶς
850 629 897 655 καὶ
910 637 961 655 κι-

168 676 260 709 θόλνυ,
283 676 415 711 οὐδεμίαν
443 676 591 711 ἀποφυγὴν
621 675 678 708 ἔξει
701 675 794 714 λοιπὸν
813 675 861 702 τοῦ
886 675 960 709 τρεῖς

132 716 141 719 ⁷7
167 722 410 757 ὑπολαμϐάνεσθαι
422 721 518 749 τοῦτον
533 723 621 757 ἀρχὰς
649 721 744 756 λέγειν
771 720 822 756 τῆς
845 721 960 751 κτίσεως

167 767 199 799 ἐξ
212 764 249 793 ὧν
263 767 344 800 ἀξιοῖ.
363 767 394 794 Ei
418 767 441 794 δ’
457 768 485 794 αι
499 767 575 804 τρεῖς
591 767 756 799 ὑποστάσεις
777 763 961 802 δημιουργοῦ-

169 819 214 840 σαι
225 814 275 849 τὴν
292 814 381 841 κτίσιν
392 811 497 846 εἷςείσι
521 814 626 849 ταύτης
653 813 822 848 δημιουργὸς
845 814 892 839 καὶ
909 811 960 847 μία

168 860 270 895 ταύτης
285 860 367 895 ἁρχὴ,
393 859 434 895 μὴ
459 860 684 895 προσισταμένης
705 859 754 894 τῆς
779 858 961 894 προσωπικῆς

857 215 886 242 οὐ
901 215 955 250 γὰρ
969 218 992 247 Α
1007 223 1091 242 unum
1107 216 1192 244 Deum
1223 216 1395 244 conditorem
1426 225 1485 246 esse
1512 225 1604 246 rerum
1641 222 1793 246 creatarunt

1010 262 1094 294 dicet,
1108 262 1230 297 singulas
1257 270 1323 290 vero
1345 263 1454 290 divinas
1474 271 1605 299 personas
1628 264 1794 291 conditrices

1009 315 1070 336 esse
1087 308 1208 344 negabit.
1227 307 1306 342 Quod
1324 309 1359 341 si,
1381 315 1411 337 ut
1429 311 1537 344 vulgus,
1559 310 1592 338 ad
1611 311 1795 338 diﬂ‘erentiam

1010 355 1160 382 creationis
1173 358 1199 382 et
1216 355 1370 383 divinarum
1387 357 1593 391 proccssionum
1624 365 1797 392 provocave-

1011 398 1059 431 rit,
1075 399 1172 426 eodem
1187 407 1219 427 ac
1239 400 1339 435 vulgus
1356 399 1415 436 ipse
1432 402 1614 429 eollocahitur
1628 402 1688 429 loco
1707 410 1714 435 ;
1733 411 1796 430 nam

1011 444 1068 472 haec
1083 444 1242 472 diﬂ'erentia
1267 444 1337 473 nihil
1366 453 1428 474 eum
1455 447 1572 482 juvabit,
1601 455 1742 482 quousque
1769 448 1797 475 id

1011 490 1084 523 quod
1100 498 1133 516 ex
1147 489 1254 518 duabus
1272 490 1466 526 hyposlasibus
1484 492 1575 526 prodit
1591 492 1645 518 duo
1662 492 1796 527 principia

1011 533 1114 562 habere
1124 536 1284 564 crediderit.
1296 536 1322 563 Si
1333 537 1406 564 enim
1416 545 1467 573 pro
1477 539 1603 573 pnesenti
1614 538 1758 573 hypothesi
1770 539 1796 566 id

1012 581 1119 613 statuit,
1148 582 1279 617 supponit
1294 583 1368 617 quod
1389 587 1430 610 est
1451 583 1478 610 in
1500 584 1675 618 quaestione;
1695 585 1716 612 si
1734 593 1800 612 vero

1013 626 1177 662 simpliciter
1189 632 1216 655 et
1244 627 1406 661 nniversim,
1422 629 1526 655 nullmn
1548 630 1665 664 amplius
1689 630 1801 657 habebit

1014 671 1159 704 ell‘ugium,
1177 680 1210 699 ne
1228 673 1278 700 tria
1295 675 1443 701 creationis
1472 674 1607 709 principia
1641 676 1734 703 dicere
1765 683 1800 703 ex

1014 717 1048 744 iis
1068 725 1130 752 qua:
1145 718 1241 745 statuit
1255 719 1441 746 existimetur.
1461 718 1489 747 Si
1514 728 1580 748 vero
1597 726 1652 748 tres
1671 721 1801 757 hyposta-

1013 771 1067 794 scs,
1081 771 1142 799 qua:
1157 772 1199 792 res
1213 769 1321 792 creatas
1335 766 1529 799 condiderunt,
1545 774 1615 794 unus
1628 774 1723 795 earum
1736 772 1801 795 sunt

1014 809 1141 836 conditor
1156 815 1182 837 et
1199 818 1282 838 unum
1295 818 1390 838 earum
1409 812 1592 847 principium.
1608 821 1662 840 non
1674 813 1801 842 obstante

1014 855 1153 890 personali
1169 863 1264 883 earum
1292 857 1479 890 distinctione,
1493 859 1624 893 quoniam
1653 867 1708 886 non
1734 867 1802 895 qua-

169 905 260 932 αὺτῶν
273 906 451 941 διακρίσεως,
463 906 524 932 ἐπεί
536 906 577 931 τοί
593 913 624 940 γε
643 905 673 931 οὑ
690 904 751 931 κατ’
775 905 865 931 ικεϊνο
892 903 960 931 καθό

1020 909 1093 929 enus
1108 907 1172 928 sunt
1185 903 1246 933 tria,
1259 902 1307 929 sed
1325 907 1461 938 quatenus
1476 909 1542 932 SUlll
1554 913 1651 937 unum,
1667 913 1710 933 res
1722 913 1800 933 crea-

169 953 224 978 εἱσι
243 952 316 986 τρία,
329 951 399 978 ἀλλὰ
416 951 479 979 κατ’
491 951 592 983 ἐκεῖνο,
617 950 686 977 καθό
700 951 772 976 είσιν
787 949 817 976 ἓν
835 950 884 984 τὴν
906 949 963 976 κτί-

171 996 433 1032 σινδημιουργοῦσι,
466 997 513 1023 καὶ
534 996 563 1022 αι
590 995 637 1022 δύο
663 996 716 1031 ἄρα
732 995 895 1030 ὑποστάσεις
924 991 964 1026 εἷς

171 1045 223 1070 εἱσι
239 1043 285 1070 τοῦ
304 1042 462 1079 Πνεύματος
475 1043 628 1078 προϐολεὺς
644 1043 683 1077 τῷ
715 1042 789 1077 αὐτῷ
820 1041 892 1076 λόγῳ
917 1042 964 1068 καὶ

173 1090 221 1124 μία
236 1089 333 1115 τούτου
355 1089 438 1124 ἀρχὴ,
468 1089 554 1124 μηδὲν
585 1088 796 1123 ὲναντιουμένης
820 1087 870 1122 τῆς
895 1087 964 1114 ὑπο·

172 1135 301 1169 στατικῆς
315 1135 408 1161 αὑτῶν
423 1134 599 1169 διακρίσεως,
626 1134 671 1160 διὰ
690 1136 720 1160 τὸ
733 1134 763 1160 οὺ
780 1134 841 1160 κατ’
863 1133 964 1166 ἐκεῖνο,

171 1180 240 1207 καθό
257 1182 308 1207 εισι
323 1180 381 1214 δύο,
415 1181 485 1206 ἀλλὰ
513 1179 574 1206 κατ’
598 1180 699 1211 ἐκεῖνο,
733 1178 800 1205 καθό
828 1179 897 1205 είσιν
924 1177 964 1212 ἓν,

172 1226 305 1262 προάγειν
314 1225 343 1259 ἐξ
351 1226 457 1264 ἑαυτῶν
471 1225 502 1252 ἰδ
516 1225 629 1258 Πνεῦμα
638 1225 667 1251 τὸ
676 1225 765 1258 ἆγιον.
779 1224 817 1251 οὑ
833 1225 887 1259 γὰρ
900 1225 965 1260 ῥᾷον

172 1272 206 1300 ἂν
223 1272 328 1298 ἐνοῐντο
356 1272 429 1299 κατά
455 1280 482 1298 τι
502 1271 610 1302 «ou/6);
637 1271 732 1302 αὑταῖς
758 1271 912 1305 ἐνυπάρχον
938 1271 965 1296 ai

171 1318 246 1351 τρεῖς
257 1317 458 1353 ὑποπτάσειςῆ
474 1317 502 1343 αι
525 1317 572 1344 δύο
602 1317 769 1351 (τούναντίον
790 1315 844 1351 γὰρ
867 1315 900 1342 ἄν
924 1323 966 1346 τις

174 1363 277 1398 μᾶλλον
293 1364 498 1398 ὑποπτεύσειε),
516 1363 575 1390 οὐδὲ
589 1363 689 1398 μᾶλλον
705 1362 830 1390 ἑνοῦνται
848 1363 881 1397 τῇ
899 1362 967 1397 πρὸς

172 1411 223 1446 τὴν
236 1411 324 1438 κτίσιν
335 1411 459 1445 ἀναφορᾷ
477 1410 493 1444 ἢ
509 1411 542 1445 τῇ
555 1410 624 1444 πρὸς
640 1409 739 1440 ἑαυτὰς
752 1410 780 1435 αἱ
807 1409 856 1443 τῆς
873 1408 968 1442 οιὸτη-

173 1465 221 1490 τος
234 1457 413 1488 ὑποστάσεις.
432 1457 467 1482 Ἢ
483 1455 639 1490 δημουργὺς
657 1455 706 1490 μὲν
719 1451 759 1486 εἷς
775 1454 845 1481 εἰσιν
854 1454 881 1481 αί
896 1455 968 1490 τρεῖς

175 1504 350 1536 ὑποστάσεις,
367 1502 435 1530 διότι
451 1502 504 1534 ἔξω
536 1501 641 1528 ἑαυτῶν
664 1499 837 1535 ἐνεργοῦσιν,
874 1497 912 1531 εἷς
939 1499 967 1526 δὲ

175 1549 325 1584 προὸολεὺς
350 1549 380 1576 οὗ
397 1548 525 1574 δύνανται
545 1548 559 1574 ό
584 1547 679 1582 Πατὴρ
699 1545 770 1573 εἶναι
799 1546 846 1573 καὶ
865 1547 879 1573 ὁ
903 1545 967 1576 Υἱὸς

174 1594 222 1621 τοῦ
241 1593 319 1628 ἁγίου
336 1593 506 1628 Πνεῦματος,
522 1592 590 1619 διότι
606 1591 654 1627 τὴν
678 1591 807 1626 τοιαύτην
825 1591 967 1626 ἐνέργειαν

176 1641 205 1668 ὲν
243 1640 352 1671 ἑαυτοῖς
386 1638 588 1674 ἐκπληροῦσιν,
619 1638 763 1674 ὸμοούσιον
798 1639 967 1673 προάγοντες

177 1686 347 1721 πρόσωπον;
373 1685 466 1721 Χωρὶς
490 1686 545 1721 γὰρ
575 1685 622 1712 τοῦ
646 1685 744 1720 ψεῦδος
772 1682 843 1713 εἶναι
865 1685 895 1712 τὸ
918 1686 968 1717 τὴν

177 1733 293 1766 ἑνότητα
306 1733 360 1758 τῶν
376 1732 554 1767 προαγόντων
570 1731 586 1766 ἢ
601 1731 632 1757 τὸ
650 1731 751 1766 πλῆθος
780 1732 812 1758 ἐκ
841 1731 892 1765 τῆς
914 1730 968 1758 τῶν

170 1767 330 1813 ’προῖόντων
350 1777 539 1814 λαμϐάνεσθαι
552 1777 673 1811 φύσεως,
687 1777 746 1805 ἀλλ’
763 1777 836 1808 ὅπως
851 1777 884 1803 ἂν
911 1777 968 1812 ἔχοι

177 1824 213 1850 τὰ
225 1826 363 1860 προϊόντα,
379 1824 457 1859 είπερ
479 1825 598 1859 ἐγχωρεῖ
625 1824 675 1855 τὰς
707 1824 782 1858 τρεῖς
806 1823 969 1854 ὑποστάσεις

178 1870 227 1896 ἕνα
242 1870 407 1905 δημιουργὸν
421 1867 492 1895 εἶναι
507 1869 551 1895 διὰ
566 1869 614 1905 τὴν
641 1869 706 1904 μίαν
721 1868 768 1895 τοῦ
794 1868 970 1904 δημιουργεῖν

179 1917 295 1950 δύναμιν
307 1917 354 1942 καὶ
369 1917 521 1950 ἐνέργειαν,
540 1915 589 1941 καὶ
601 1915 650 1946 τὰς
659 1915 706 1942 δύο
719 1915 882 1945 ὑποστάσεις
893 1915 970 1941 οὐδὲν

180 1962 341 1988 κωλύειὲνα
357 1962 495 1997 προῦολέα
511 1959 640 1988 εἷναιδιὰ
664 1960 714 1996 τὴν
737 1961 801 1995 μίαν
827 1959 876 1986 τοῦ
904 1969 970 1995 προ-

181 2008 292 2034 σάλλειν
316 2007 458 2042 ὲνέργειάν
486 2015 517 2034 τι
545 2007 593 2034 καὶ
616 2007 742 2041 δύναμιν.
770 2006 861 2041 Χωρὶς
883 2005 971 2032 τοίνυν

181 2063 276 2081 τουτου
295 2055 366 2088 πέρα
379 2053 412 2080 ἂν
426 2054 587 2088 αἰνίγματος
605 2053 694 2086 timui
709 2053 776 2084 Θεὸς
793 2053 842 2087 μὲν
864 2049 903 2084 εἷς
918 2054 972 2079 εἰσι

181 2100 250 2126 διότι
268 2101 318 2136 μιᾷ
332 2099 450 2135 δυνάμει
461 2101 510 2135 τὴν
525 2100 617 2126 κτίσιν
640 2098 863 2134 δημιουργοῦσιν,
880 2096 919 2131 εἷς
945 2099 973 2125 δὲ

185 2147 335 2182 προϐολεὺς
352 2147 405 2173 οὺκ
426 2146 497 2172 εἰσὶν
514 2147 528 2172 ί.
542 2145 634 2181 Πατὴρ
650 2146 696 2172 καὶ
713 2146 726 2171 ὁ
748 2145 821 2178 Υἱὸς,
843 2146 894 2171 xiv
923 2145 974 2180 μιᾷ

179 2193 298 2227 ’δυνάμει
313 2192 344 2218 τὸ
359 2191 472 2228 Πνεῦμα
487 2192 640 2228 προάγωσι,
651 2192 698 2217 καὶ
723 2192 747 2217 εί
771 2192 803 2226 τῇ
831 2191 898 2225 πρὸς
925 2190 974 2226 τὴν

1016 951 1057 973 tas
1072 954 1088 974 e
1105 947 1192 974 nihilo
1216 948 1384 982 producunt,
1402 958 1468 985 ergo
1496 955 1525 977 et
1548 951 1610 978 dua:
1640 953 1801 987 liypostases

1016 1000 1087 1020 unus
1104 998 1168 1020 Sunt
1196 993 1315 1029 Spiritus
1341 995 1493 1029 productor
1516 997 1612 1024 eadem
1639 998 1757 1030 ratione,
1774 1004 1804 1025 et

1017 1047 1100 1076 unum
1114 1041 1236 1077 ejusdem
1255 1043 1435 1078 principium,
1460 1044 1530 1072 nihil
1546 1045 1709 1072 adversante
1737 1053 1803 1080 per-

1015 1087 1102 1114 sonali
1118 1095 1214 1114 earum
1230 1088 1420 1123 distinctione,
1436 1091 1567 1125 quoniam
1584 1099 1638 1119 non
1661 1097 1801 1126 quatenus

1016 1137 1081 1160 sunt
1101 1133 1167 1166 duo,
1194 1133 1242 1161 sed
1267 1140 1405 1169 quatenus
1440 1141 1506 1164 sunt
1532 1145 1616 1164 unum
1643 1146 1676 1165 ex
1704 1137 1803 1173 seipsis

1018 1179 1174 1213 producunt
1187 1181 1320 1216 Spiritum
1336 1187 1474 1210 sanctum.
1490 1183 1584 1218 Neque
1597 1184 1670 1211 enim
1694 1183 1803 1212 facilius

1017 1224 1170 1252 secundum
1185 1227 1251 1260 quid
1270 1223 1338 1262 ipsis
1354 1228 1540 1256 communiter
1554 1228 1692 1255 inharens
1706 1229 1804 1255 uniun-

1018 1274 1063 1297 tur
1083 1275 1136 1298 tres
1153 1271 1327 1307 hypostases,
1346 1281 1428 1309 quam
1449 1273 1509 1300 dum
1525 1269 1714 1309 (contrarium
1729 1275 1804 1302 enim

1018 1317 1108 1351 potius
1122 1318 1184 1352 quis
1199 1319 1412 1354 suspicaretur).
1442 1327 1533 1354 neque
1559 1321 1645 1355 magis
1671 1320 1805 1348 uniuntur

1019 1361 1152 1390 relatione
1183 1363 1216 1390 ad
1238 1369 1394 1391 creaturam
1423 1364 1535 1391 deitatis
1565 1372 1697 1400 personze,
1722 1373 1805 1400 quam

1019 1407 1151 1434 relatione
1179 1409 1212 1435 ad
1243 1409 1360 1443 scipsas.
1385 1409 1428 1436 An
1461 1415 1571 1437 creator
1597 1411 1707 1445 quidem
1734 1419 1806 1438 unus

1019 1458 1084 1480 sunt
1114 1457 1169 1481 tres
1193 1454 1365 1490 hypostases,
1402 1456 1466 1491 quia
1491 1461 1568 1484 extra
1592 1464 1621 1484 se
1644 1462 1804 1492 operantur,

1023 1506 1094 1526 unus
1108 1507 1174 1528 vero
1189 1502 1309 1536 spirator
1325 1502 1405 1530 Pater
1418 1507 1446 1530 et
1467 1502 1554 1531 Filius
1574 1510 1636 1530 esse
1665 1509 1808 1538 nequeunt

1020 1547 1109 1574 sancti
1123 1545 1254 1582 Spiritus,
1271 1548 1336 1583 quia
1351 1549 1432 1576 talem
1461 1549 1654 1584 operationem
1667 1549 1694 1577 in
1708 1550 1808 1585 seipsis

1020 1592 1141 1625 explent,
1157 1593 1420 1620 consubstantialem
1442 1593 1629 1628 producentes
1644 1596 1805 1630 personam?

1022 1637 1088 1665 Nam
1104 1643 1287 1674 praeterquam
1301 1639 1374 1674 quod
1390 1639 1488 1667 falsum
1515 1646 1569 1674 est,
1599 1641 1733 1669 unitatem
1765 1643 1809 1670 vel

1022 1683 1206 1717 pluralitatem
1224 1685 1438 1720 producentium
1450 1694 1483 1714 ex
1503 1691 1601 1714 natura
1617 1687 1726 1716 desumi
1742 1696 1809 1724 pro-

1021 1729 1169 1757 ductorum
1192 1731 1300 1765 (verum
1325 1732 1464 1766 quomodo
1479 1740 1510 1760 se
1525 1732 1646 1762 habeant
1663 1733 1808 1768 producta.

1021 1777 1043 1804 si
1059 1777 1118 1805 lieri
1130 1783 1231 1812 potest,
1251 1784 1282 1807 ut
1299 1783 1356 1807 tres
1385 1780 1543 1815 hyposlases
1563 1788 1635 1809 unus
1656 1781 1711 1809 silit
1733 1789 1810 1810 crea-

1022 1828 1065 1851 tor
1074 1830 1186 1860 propter
1199 1833 1280 1852 unam
1293 1827 1406 1854 creandi
1415 1827 1545 1854 virtutem
1557 1831 1585 1855 ct
1598 1827 1808 1863 operationem),

1021 1869 1104 1896 etiam
1120 1870 1188 1897 nihil
1216 1871 1356 1906 prohibet,
1389 1873 1538 1907 quominus
1566 1872 1627 1900 duze
1652 1873 1811 1908 hypostascs

1024 1922 1096 1942 unus
1115 1914 1172 1942 sint
1184 1915 1306 1949 spirator
1331 1921 1447 1951 propter
1472 1924 1553 1943 unam
1569 1917 1691 1951 spirandi
1713 1923 1811 1950 opera-

1024 1961 1125 1988 tionem
1144 1969 1177 1988 ac
1197 1967 1338 1989 Virtutem.
1361 1962 1417 1988 lloc
1443 1962 1525 1997 igitur
1541 1968 1569 1989 et
1589 1962 1714 1997 neglecto
1740 1963 1810 1989 mni-

1024 2015 1085 2042 gnta
1103 2008 1173 2034 foret
1196 2008 1359 2041 maximum,
1375 2008 1396 2033 si
1419 2007 1454 2034 Pu
1469 2015 1500 2034 er
1516 2013 1543 2034 ct
1559 2007 1644 2034 Filius
1665 2008 1736 2034 Dcus
1748 2008 1810 2042 qui-

1024 2056 1086 2082 dem
1119 2062 1191 2082 unus
1219 2059 1322 2086 essent,
1355 2054 1418 2088 quia
1453 2062 1506 2081 una
1541 2055 1643 2081 virtute
1670 2059 1812 2082 creaturas

1025 2105 1129 2133 creant,
1145 2108 1217 2128 unus
1234 2107 1298 2127 vero
1328 2100 1448 2136 spirator
1478 2107 1532 2127 non
1556 2107 1660 2130 essent.
1684 2101 1812 2135 quamvis

1026 2155 1080 2174 una
1090 2147 1196 2174 virtute
1211 2147 1343 2182 Spiritum
1358 2147 1525 2182 producant,
1554 2148 1606 2175 etsi
1631 2147 1763 2175 relatione
1776 2147 1811 2176 ad

1025 2199 1165 2221 creaturas
1181 2194 1266 2227 magis
1282 2193 1413 2221 unitatem
1430 2194 1572 2226 haberent,
1584 2201 1665 2228 quam
1681 2193 1812 2221 relatione
1854 2208 1855 2211 η

183 2239 273 2266 κτίσιν
286 2239 414 2274 ἀναφορᾷ
431 2239 481 2273 τὴν
500 2239 618 2273 ἑνότητα
635 2237 736 2272 μᾶλλον
760 2237 868 2271 ἔχουσιν
891 2235 909 2270 νῆ
940 2237 967 2270 τῇ

1027 2238 1060 2265 ad
1075 2238 1303 2274 scipsos.Verum
1327 2239 1450 2266 sinamus
1473 2247 1536 2265 eum
1554 2239 1698 2274 (Marcum)
1723 2239 1808 2266 dialo-

184 2285 251 2321 πρὸς
266 2285 363 2312 ἑαυτά,
387 2284 457 2311 Ἀλλ’
469 2285 585 2318 ἀφέντες
603 2285 684 2310 αὑτὸν
707 2282 885 2313 διαλεκτικῶς
910 2281 970 2314 ἔξεο

183 2333 276 2364 τάξειν
287 2333 335 2360 ἰπὶ
348 2331 398 2368 τὴν
413 2331 465 2366 τῆς
485 2331 613 2366 ἀληθείας
630 2329 768 2363 ἀπόδειξιν
784 2329 907 2365 ἔλθωμεν
925 2329 973 2356 καὶ

182 2379 247 2410 τοὺς
263 2379 295 2405 ιιι
309 2379 412 2416 ταύτης
425 2378 562 2412 ἐλέγχους.
576 2377 686 2412 Πρῶτον
696 2377 746 2411 μιν
755 2374 801 2403 οὗν
809 2377 833 2403 οἱ
843 2376 873 2402 τὸ
888 2373 973 2402 Πνεῦ-

186 2433 226 2461 μα
242 2426 271 2452 τὸ
286 2424 365 2459 ἅγιον
381 2426 413 2451 ὲκ
428 2425 478 2460 τῆς
492 2424 629 2459 πατρικῆς
651 2423 826 2454 ὑποστάσεως
845 2420 973 2455 εῑναιξλὲ-

184 2479 280 2506 γοντες
291 2472 307 2506 ῆ
319 2469 521 2506 ἐκπορεύεσθαι
538 2469 594 2496 [σον
612 2468 722 2503 λέγοιμι
737 2467 776 2503 τῷ
797 2468 829 2494 lx
845 2467 893 2495 τοῦ
915 2468 973 2495 Ila-

184 2518 248 2554 τρδ;
271 2516 471 2553 ικπορεύεσθαι
492 2523 500 2532 ·
519 2515 566 2542 καὶ
598 2515 734 2550 πατρικὴν
758 2513 907 2540 ὑπόστασιν
928 2514 974 2540 τὸν

186 2563 298 2599 Πατέρα
312 2562 417 2590 νοοῦσιν
433 2570 440 2578 '
455 2562 544 2593 ἄλλως
556 2561 610 2597 γάρ
621 2560 756 2587 ἀδύνατον
771 2560 845 2594 ἔχειν
858 2567 865 2574 ·
888 2561 920 2586 ιχ
945 2559 974 2586 δε

186 2609 234 2636 τοῦ
251 2609 360 2644 Πατρὶς
376 2607 577 2643 ἐκπορεύεσθαι
586 2606 616 2632 τὸ
634 2606 747 2641 Πνεῦμα
761 2606 791 2632 τὸ
806 2605 885 2641 ἅγιον
904 2605 975 2632 κατὰ

187 2655 237 2690 τὴν
262 2655 310 2682 τοῦ
341 2655 468 2690 Σωτῆρος
485 2653 575 2688 φωνὴν
591 2653 637 2679 τοῦ
666 2653 773 2688 Ματρὸς
794 2652 925 2687 ὀνόματος
944 2652 974 2678 οὺ

187 2702 257 2729 κατά
272 2701 321 2736 τὴν
337 2701 485 2737 σημασίαν,
511 2700 578 2727 ἀλλὰ
606 2708 638 2734 γε
668 2700 738 2727 κατὰ
770 2699 820 2734 τὴν
847 2698 976 2726 ὑπόθεσιν

187 2748 397 2783 λαμϐανομένου
413 2755 420 2763 ⁸
438 2747 585 2782 ὑποτίθησι
608 2747 662 2781 γὰρ
677 2747 725 2781 τὴν
748 2746 903 2782 ἀρχηγικὴν
930 2746 976 2772 καὶ

188 2796 302 2830 πρώτην
315 2795 477 2826 ὑπόστασιν,
488 2795 617 2830 σημαίνει
628 2793 657 2820 δὲ
668 2793 713 2819 τὸν
729 2793 877 2827 γεννῶντα.
894 2793 924 2819 Εἰ
948 2791 976 2818 δὲ

188 2843 237 2870 καὶ.
256 2843 325 2869 κατά
338 2842 388 2877 τὴν
409 2842 559 2877 σημασίαν,
573 2840 646 2866 οὑτοι
672 2848 705 2874 γε
734 2840 784 2875 την
801 2838 914 2874 ειδικὴν,
939 2838 976 2870 ὡς

193 2890 255 2916 1·ίοῦ
269 2888 492 2924 ΠατὴρΜγεται,
509 2887 577 2915 ἀλλὰ
592 2886 662 2913 κατὰ
671 2886 722 2922 τὴν
732 2885 855 2921 γενικὴν,
866 2885 900 2918 ὠ,
921 2885 976 2914 ll;-

1025 2283 1094 2310 cticc
1107 2291 1162 2310 rem
1176 2284 1329 2317 disquirere
1337 2288 1364 2311 et
1379 2284 1412 2310 ad
1424 2284 1567 2311 veritatem
1580 2285 1812 2319 comprobandam

1027 2335 1109 2364 atque
1129 2330 1320 2357 refutationem
1339 2337 1372 2357 ex
1387 2337 1418 2357 ea
1447 2330 1647 2359 conﬁciendam
1678 2331 1813 2366 proceda-

1027 2383 1098 2410 tnus.
1115 2375 1144 2402 ln
1168 2375 1265 2410 primis
1289 2375 1373 2411 igitur
1391 2375 1438 2411 qui
1468 2376 1602 2410 Spiritum
1629 2381 1755 2404 sanctum
1779 2384 1814 2410 ex

1026 2426 1138 2456 paterna
1152 2421 1248 2449 dicunt
1258 2428 1319 2449 esse
1335 2421 1488 2456 liypostasi.
1499 2420 1541 2448 vel
1556 2427 1590 2448 ex
1602 2428 1634 2448 ea
1652 2421 1813 2456 procedere.

1027 2467 1100 2495 idem
1122 2467 1216 2495 dicunt
1234 2475 1266 2495 ac
1279 2467 1430 2503 procedere
1450 2474 1484 2494 cx
1501 2467 1593 2499 Patre,
1620 2471 1648 2495 et
1669 2472 1813 2502 paternam

1028 2512 1187 2547 hypostasin
1200 2512 1358 2547 intelligunt
1383 2511 1492 2539 Patrem
1510 2511 1614 2546 (aliter
1627 2512 1700 2539 enim
1721 2519 1765 2541 res
1784 2520 1814 2541 se

1029 2559 1129 2587 habere
1159 2567 1213 2587 non
1242 2558 1379 2594 potest);
1409 2566 1441 2586 ex
1465 2558 1547 2586 Patre
1571 2565 1637 2585 vero
1665 2559 1815 2594 procedere

1029 2605 1163 2639 Spiritum
1177 2609 1304 2631 nanctum
1319 2604 1472 2631 secundum
1491 2603 1643 2642 Salvatorip
1658 2610 1753 2632 vocem
1770 2604 1814 2632 di-

1029 2657 1106 2683 cunt.
1123 2652 1234 2680 nomine
1249 2651 1340 2679 Patris
1355 2655 1469 2686 accepto
1483 2657 1538 2678 non
1561 2650 1715 2679 secundum
1732 2651 1818 2686 signi-

1030 2698 1198 2730 ﬁcationem,
1209 2698 1256 2724 sed
1269 2696 1420 2724 secundum
1435 2696 1653 2731 suppositionem
1665 2706 1673 2730 ί
1685 2697 1817 2732 supponit

1030 2745 1104 2772 enim
1123 2751 1172 2778 pro
1188 2743 1336 2778 principali
1351 2748 1380 2770 et
1406 2742 1493 2778 prima
1525 2750 1652 2777 persona,
1681 2743 1817 2779 signiﬁcat

1031 2795 1122 2817 autem
1137 2794 1323 2824 generantem.
1333 2789 1414 2822 Quod
1428 2787 1450 2815 si
1467 2789 1549 2816 etiam
1570 2789 1720 2816 secundum
1732 2789 1818 2824 signi-

1031 2838 1188 2865 lieationcm
1205 2836 1368 2871 accipiatur,
1387 2843 1441 2863 non
1469 2839 1559 2862 tamen
1588 2835 1741 2862 secundum
1757 2843 1819 2869 spe-

1032 2884 1151 2919 cillcam,
1169 2888 1198 2911 ut
1213 2882 1274 2912 Filii
1293 2883 1373 2911 Pater
1385 2874 1573 2917 dicitur,‘sed
1593 2881 1745 2910 secundum
1773 2888 1819 2917 ge-
