1913 3060
242 138 291 170 12'1
854 132 1022 163 GEORGII
1040 133 1247 163 SCIIOLARH
1850 132 1872 163 li

241 192 467 229 quandoquidem
488 190 589 219 snilicit
626 189 694 226 ipsis
710 188 907 224 testimonium
930 192 971 216 tot
1004 193 1164 216 sanctorum
1197 188 1348 216 dicentium
1387 196 1418 215 es
1450 188 1520 216 Filio
1537 189 1669 225 Spiritum
1715 191 1872 225 prOCCJCI

241 240 355 269 dubium
374 246 440 266 vero
455 239 495 266 eis
510 245 564 265 non
580 241 632 270 est,
651 237 717 272 quin
736 244 768 263 ex
782 236 843 263 Filii
858 235 1000 271 bypostasi
1018 235 1170 270 procedere
1189 235 1241 263 hoc
1259 237 1347 271 ipsum
1366 236 1410 267 sit,
1428 236 1501 270 quod
1521 237 1670 270 procedere
1686 245 1724 264 ex
1745 237 1849 264 Filio.

475 295 600 323 EPllES.
617 294 693 322 CAP.
712 293 780 322 XVI.

278 354 400 390 Spiritus
410 357 523 381 sanctus
542 360 574 379 ex
591 352 672 379 Patre
688 355 716 379 et
732 351 802 378 Filio
820 350 974 386 procedens
984 354 1032 378 aut

241 407 378 437 quatenus
400 405 466 427 sunt
489 399 611 427 distincti
634 399 668 425 ab
688 398 733 425 bis
747 398 883 433 procedit,
899 403 946 425 aut
961 405 1031 433 qna-

243 454 324 475 tenus
350 451 415 474 sunt
441 446 523 473 uniti.
547 445 575 472 Si
601 445 713 480 quidem
731 450 870 479 quatenus
885 450 950 472 sunt
973 445 1031 472 dis-

242 494 322 521 tincti
345 500 372 520 et
400 493 472 524 duo,
498 492 532 519 ab
558 492 601 518 eis
626 491 762 526 procedit,
789 491 911 518 distincti
938 495 1029 518 autem

240 545 305 567 sunt
318 541 471 567 secundum
484 538 646 573 hypostases
662 542 687 564 el
704 537 759 564 duo
774 545 782 570 ς
797 545 831 564 ex
844 537 953 565 duabus
964 544 1030 572 ergo

240 585 436 620 hypostasibus
449 584 570 619 Spiritus
583 588 696 610 sanctus
708 583 811 619 prodit,
827 589 855 610 et
868 583 967 611 exinde
982 590 1031 610 nc-

240 631 362 658 cessario
390 638 423 657 ex
451 630 561 656 duobus
588 636 699 664 quoque
725 628 882 664 principiis.
911 628 938 655 Si
964 634 1029 654 vero

240 682 377 712 quatenus
394 681 458 704 sunt
487 676 575 708 uniti,
592 676 682 711 primo
700 675 812 710 quidem
833 682 888 702 non
912 674 1029 707 amplius

240 724 299 758 ipse
318 723 438 758 Spiritus
453 731 467 750 ιι
493 722 574 749 Patre
590 726 617 749 et
631 722 701 749 Filio
715 722 804 756 prodit
817 724 953 754 quatenus
965 723 1030 746 sunt

240 771 375 801 distincti.
392 778 459 804 ergo
476 778 530 796 non
549 777 582 796 ex
602 768 796 804 bypostasibus
809 774 904 793 eorum
917 764 1026 800 prodit;

241 824 332 850 neque
350 816 434 850 igitur
447 823 479 842 ex
495 819 609 848 paterna
623 811 763 848 bypostasi
774 832 781 843 ,
793 818 883 845 neque
897 818 929 838 cx
944 810 1029 844 hypo-

241 862 308 888 stasi
336 861 417 892 Filii;
447 860 523 893 atqui
543 858 609 885 illud
627 865 738 889 verum,
767 857 818 883 ltoc
834 863 901 883 vero
931 856 1028 883 l‘alsutn

241 906 392 941 Gregorius
404 905 543 940 Nysscnns
563 903 703 930 convincit
718 911 725 934 ;
741 903 779 929 ait
803 902 878 929 enim
907 903 943 929 ita
964 910 1030 929 con-

1303 294 1435 321 ειιιΕΣοΥ
1453 294 1531 321 ΚΕΦ.
1553 296 1601 329 ις’
1619 296 1670 332 (ι).

1120 350 1157 378 Τὸ
1173 351 1287 386 Πνεῦμα
1300 351 1330 377 τὸ
1347 350 1426 385 ἅγιον
1442 352 1473 377 ἐκ
1490 351 1596 387 ﬂat-cpe;
1615 353 1661 380 καὶ
1684 352 1760 379 Υῑοῦ
1791 360 1872 386 προξ

1082 396 1197 431 χύμενον
1221 397 1236 432 ἢ
1258 397 1324 424 κοιθό
1345 397 1398 423 εἰσι
1418 397 1625 432 διακεκριμένοι
1651 399 1769 426 τούτων
1795 398 1872 432 πρό

1083 450 1136 475 σιν,
1151 443 1167 478 ἢ
1183 443 1251 470 καθό
1273 443 1344 470 εἰσιν
1365 443 1512 477 ήνωμένοι.
1537 443 1568 469 Εἰ
1591 445 1641 479 μὲν
1663 445 1710 472 οὖν
1733 445 1825 472 καθά
1859 452 1872 468 ε

1081 489 1286 524 διακεκριμένοι
1317 489 1364 515 καὶ
1391 488 1448 521 δύο,
1475 488 1579 515 τούτων
1605 492 1807 525 προέρχεται,
1852 490 1871 516 δ

1081 534 1239 569 κεκριμένοι
1249 534 1277 560 δέ
1294 534 1347 560 εἰσι
1364 535 1434 561 κατὰ
1448 534 1498 565 τὰς
1516 535 1683 567 ὑποστάσεις
1698 537 1753 562 καὶ
1770 537 1861 569 δύο,

1080 579 1126 606 δύο
1146 580 1199 616 ἄρα
1220 581 1398 608 ὑποστάσεων
1423 582 1454 607 τὸ
1473 581 1587 616 Πνεῦμα
1603 582 1633 609 τὸ
1656 583 1739 617 ἅγιον
1759 584 1872 618 πρόες

1080 625 1229 652 κάντεῦθεν
1259 627 1291 653 ὲκ
1313 626 1359 653 δύο
1374 627 1466 662 ἀρχῶν
1481 627 1509 661 ἐξ
1536 628 1670 664 ἀνάγκης.
1691 629 1724 655 Εἰ
1756 629 1792 655 δὲ
1831 638 1872 656 κε

1081 671 1151 697 εἰσιν
1169 671 1314 706 ήνωμένοι,
1343 673 1454 708 πρῶτον
1486 673 1535 708 μὲν
1558 674 1651 701 οὐκέτι
1678 674 1711 700 τὸ
1727 675 1829 706 αὐτὸ,
1862 684 1872 700 a

1080 716 1149 743 καθό
1165 718 1218 744 εἰσι
1230 717 1438 753 διακεκριμέναι
1460 719 1565 746 τούτων
1581 721 1707 755 πρόεισιν
1721 729 1729 736 ν
1748 721 1812 747 οὐκ
1847 721 1871 747 ἄ

1081 764 1114 790 ἐκ
1131 764 1185 790 τῶν
1210 765 1390 793 ὑποστάσεων
1415 765 1507 794 αὐτῶν
1519 767 1643 802 πρόεισιν
1655 775 1661 782 ε
1680 766 1741 794 οὔτ’
1772 768 1845 802 ἄρα

1079 811 1130 844 τῆς
1153 812 1290 846 πατρικῆς
1308 811 1485 843 ὑποστάσεως
1513 811 1572 839 οὔτ’
1597 813 1629 839 ὲκ
1657 813 1707 848 τῆς
1738 813 1796 840 τοῦ
1830 814 1872 840 Υἰ

1082 855 1277 888 ὑποστάσεως’
1293 856 1362 884 ἀλλὰ
1382 858 1412 884 τὸ
1437 858 1486 893 μὲν
1515 858 1625 893 ἀληθὲς,
1641 860 1672 886 τὸ
1694 859 1726 885 δὲ
1744 859 1870 894 ψεῦδος

1081 902 1130 936 τῆς
1144 901 1254 937 Nason;
1271 903 1422 939 Γρηγὸριος
1441 905 1478 940 πῆ
1498 905 1547 939 μὲν
1563 905 1601 941 (2)
1625 905 1769 942 διελέγχει
1781 915 1791 923 ⁸
1812 907 1872 940 λέγ

239 957 327 986 ceptts
341 951 450 978 verbis:
469 949 597 985 Spiritum
612 958 642 976 es
654 954 765 984 paterna
788 950 922 985 hyposlasi
937 958 1028 985 prece-

1082 947 1135 983 γὰρ
1150 949 1250 975 οὑτωσὶ
1269 950 1375 984 ῥητῶς·
1393 951 1515 985 Πνεῦμα
1530 951 1563 979 τὸ
1588 951 1642 986 τῆς
1658 952 1820 987 πατρικῆς
1847 954 1872 979 ἐι

240 997 357 1023 dentem.
388 995 491 1023 Deinde
517 994 648 1029 quidnam
671 995 754 1021 fuerit
773 995 851 1027 illud,
876 995 1028 1022 secundum

240 1044 316 1078 quod
337 1043 407 1070 uniti
425 1042 510 1069 sunt?
525 1041 658 1068 Naturam
677 1041 791 1068 forsitan
809 1041 902 1069 dicent
916 1041 956 1069 vel
972 1041 1029 1075 spi-

240 1089 358 1116 rativam
372 1088 517 1115 virtutem.
532 1087 586 1115 Sed
606 1088 628 1115 si
644 1087 756 1122 quidem
769 1096 803 1115 ex
815 1092 910 1115 natura
925 1087 1028 1123 prodit,

240 1136 322 1163 etiam
335 1143 368 1162 ex
383 1143 411 1162 se
428 1135 487 1169 ipso
505 1135 655 1169 procedet;
674 1141 736 1161 nam
752 1134 907 1162 communis
922 1138 963 1161 est
981 1134 1030 1161 tri-

240 1181 293 1208 bus
309 1181 438 1216 personis
459 1184 564 1207 nalnra.
587 1180 614 1206 Si
637 1187 702 1207 vero
716 1187 749 1206 ex
766 1179 898 1214 spirativa
913 1180 1027 1213 virtute,

240 1227 313 1254 banc
328 1234 436 1260 quoque
449 1227 564 1252 deteret
575 1225 695 1260 Spiritus
712 1226 853 1260 possidere
864 1235 871 1258 ;
882 1225 948 1258 Quir
958 1227 1029 1253 enim

240 1273 390 1300 communia
407 1276 468 1298 sunt
482 1271 558 1298 Patri
573 1275 597 1297 et
617 1270 701 1303 Filio,
714 1279 745 1297 ea
761 1272 908 1298 communia
927 1279 1030 1307 quoque

239 1324 300 1346 sunt
318 1318 442 1353 Spiritui,
474 1322 504 1344 ut
519 1317 609 1353 magni
638 1318 688 1344 viri
706 1317 850 1352 Dionysius
862 1322 890 1345 et
913 1317 1029 1345 Basilius

240 1365 328 1392 aiunt.
344 1364 445 1391 Verum
458 1371 584 1398 qua-nant
599 1368 641 1390 est
659 1363 768 1398 sapiens
783 1371 879 1390 eorum
906 1363 939 1390 ad
965 1363 1028 1397 hoc,

241 1412 297 1439 imo
314 1411 429 1438 ridicula
445 1411 609 1446 responsio?
627 1411 759 1443 llabcret,
774 1411 915 1445 inquiunt,
927 1418 988 1437 eam
1001 1414 1030 1437 et

239 1460 309 1493 ipse,
327 1457 379 1484 nisi
393 1458 564 1492 impossibile
582 1463 665 1491 esset,
681 1462 711 1484 ut
730 1466 758 1485 se
776 1458 863 1492 ipsum
892 1458 1028 1491 produce-

240 1512 261 1531 rt
272 1509 290 1532 ι.
308 1504 364 1531 lloc
379 1504 465 1538 igitur
481 1503 571 1531 simile
586 1509 629 1531 est
648 1512 680 1531 ac
696 1504 719 1530 si
742 1505 805 1538 quis
820 1503 916 1530 videns
928 1511 960 1530 ex
980 1511 1029 1530 sua

240 1551 329 1586 ipsius
347 1550 560 1577 ratiocinatione
577 1550 717 1581 concludi,
731 1550 870 1576 hominem
887 1557 947 1577 esse
961 1549 1029 1584 lapi—

240 1598 314 1628 dem,
341 1604 384 1628 ea,
404 1596 476 1624 unde
502 1596 553 1623 hoc
579 1595 766 1626 concluditur,
785 1603 820 1622 ne
847 1596 903 1623 ullo
918 1596 1028 1630 quidem

1082 995 1289 1028 πορευόμενον
1302 997 1512 1030 ὑποστάσεως.
1531 998 1648 1024 Ἔπειτα
1674 999 1722 1026 καὶ
1737 1000 1768 1026 τί
1792 1000 1834 1026 ἂν
1850 999 1872 1025 εἱ

1080 1041 1171 1072 τοῦτο,
1186 1041 1247 1068 καθ’
1262 1042 1275 1068 ὃ
1286 1043 1356 1069 εἰσιν
1371 1043 1523 1078 ἡνωμένοις
1541 1045 1596 1080 Τὴν
1613 1045 1694 1080 φύσιν
1708 1045 1816 1081 ἐροῦσι
1841 1055 1872 1072 τυ

1081 1086 1128 1121 χὺν
1146 1087 1162 1121 ἢ
1176 1087 1224 1123 τὴν
1241 1087 1426 1124 προδλητικὴν
1445 1089 1564 1125 δύναμιν
1575 1098 1582 1106 ·
1599 1091 1655 1118 ἀλλ’
1671 1093 1695 1118 ει
1709 1092 1767 1126 μὲν
1782 1093 1820 1119 ὲκ
1838 1093 1870 1124 τί

1081 1134 1189 1169 φύσεως
1202 1134 1321 1170 πρόεισι,
1334 1137 1382 1162 και
1396 1137 1425 1170 ἐξ
1437 1137 1535 1164 ἑαυτοῦ
1548 1139 1748 1173 προελεύσεται
1758 1146 1766 1154 ν
1787 1140 1872 1166 κοινὸ

1081 1182 1136 1218 γὰρ
1148 1183 1207 1214 τοῖς
1220 1184 1310 1218 τρισὶν
1333 1184 1348 1217 ή
1365 1183 1461 1218 φύσις·
1481 1185 1505 1210 ει
1526 1184 1549 1210 δ’
1565 1185 1597 1211 ἔκ
1615 1185 1665 1220 τῆς
1680 1185 1872 1221 προϐλητικῆι

1081 1229 1234 1264 δυνάμεως,
1256 1230 1303 1256 καὶ
1317 1230 1421 1265 ταύτην
1436 1230 1552 1265 ὤφειλεν
1564 1231 1638 1266 ἔχειν
1655 1232 1724 1258 αὑτό
1734 1239 1740 1246 ·
1764 1231 1806 1258 Τὰ
1827 1233 1872 1267 rd;

1081 1276 1167 1302 κοινὰ
1195 1276 1289 1309 Harpl
1315 1275 1364 1302 καὶ
1384 1277 1440 1309 Υὶῷ
1461 1276 1549 1303 κοινὰ
1574 1277 1623 1304 καὶ
1646 1277 1686 1310 τῷ
1709 1278 1872 1313 Πνεύματιξ

1080 1321 1217 1354 Διονύσιός
1233 1331 1299 1357 φασι
1315 1324 1362 1349 καὶ
1379 1323 1522 1354 Βασίλειος
1535 1325 1560 1350 οἱ
1579 1324 1705 1359 μεγάλοι.
1729 1325 1813 1353 Ἀλλὰ
1836 1327 1872 1357 si;

1081 1367 1190 1401 ὁσοφδς
1218 1367 1310 1394 αὐτῶν
1341 1368 1411 1402 πρὸς
1439 1368 1518 1394 τοῦτο
1547 1370 1754 1402 καταγέλαστος
1772 1371 1872 1405 λόγοςς

1080 1411 1160 1447 Εἷχεν
1176 1413 1220 1447 ἂν,
1242 1414 1321 1448 φησι,
1342 1414 1390 1440 καὶ
1408 1414 1474 1440 αὐτὸ
1491 1415 1606 1450 ταύτην,
1624 1416 1649 1441 sl
1678 1416 1715 1452 μὴ
1740 1417 1872 1443 ἀδύνατον

1080 1456 1114 1493 ἦν
1132 1460 1213 1486 ἑαυτὸ
1232 1460 1409 1496 προϐάλλειν.
1428 1461 1514 1489 Τοῦτο
1538 1463 1587 1497 μὲν
1601 1463 1647 1490 οὗν
1669 1465 1775 1499 ὅμοιον,
1791 1465 1833 1497 ὡς
1849 1465 1872 1490 εἴ

1080 1514 1121 1537 τις
1141 1506 1212 1541 ὁρῶν
1227 1508 1258 1534 ἐκ
1270 1509 1324 1534 τῶν
1344 1508 1440 1535 ἑαυτοῦ
1459 1510 1645 1544 συναγόμενον
1658 1511 1746 1546 λόγων
1765 1512 1810 1538 τὸν
1824 1514 1868 1539 5v-

1082 1551 1193 1586 θρωπον
1206 1551 1281 1579 λίθον
1295 1551 1375 1584 εἶναι,
1400 1554 1434 1580 τὰ
1455 1554 1516 1589 μὲν,
1531 1555 1592 1582 ὅθεν
1607 1557 1687 1583 τοῦτο
1712 1558 1867 1592 συνάγεται,

1084 1598 1146 1632 μηδ’
1166 1599 1320 1626 ὁπωστιοῦν
1343 1601 1514 1636 ἐπανορθοῦν
1531 1603 1663 1637 πειρῷτο,
1684 1604 1755 1639 λέγοι
1779 1605 1806 1632 δὲ
1833 1606 1866 1636 ὡς

241 1643 323 1670 modo
336 1643 475 1677 eoi-rigere
493 1647 651 1674 conaretur,
675 1641 780 1669 diceret
794 1649 870 1674 vero,
890 1641 1028 1669 hominem

1083 1641 1117 1678 ἦν
1134 1643 1167 1670 ἂν
1186 1646 1200 1671 ό
1219 1645 1364 1681 ἄνθρωπος
1382 1646 1467 1680 λίθος,
1494 1648 1518 1674 ει
1540 1648 1577 1683 μὴ
1598 1636 1729 1677 ἀδύνατον
1739 1649 1771 1686 ἦν
1784 1651 1811 1678 τὸ
1827 1652 1866 1678 λο-

239 1697 306 1717 sane
323 1688 447 1716 [uterum
464 1689 600 1721 lapidem,
626 1689 678 1716 nisi
696 1688 867 1722 impossibile
891 1692 973 1719 esset,
1001 1691 1031 1714 ut

239 1736 349 1763 animal-
371 1735 505 1763 rationale
534 1740 608 1763 esset
650 1735 832 1762 inanimatum
865 1739 950 1769 atque
978 1734 1030 1761 im-

239 1782 349 1810 mobile.

528 1838 754 1867 SCllOLARiUS.

275 1897 427 1925 Cretlentes
454 1897 543 1925 Latini
569 1897 703 1931 Spiritum
733 1902 860 1925 sanctum
879 1898 1030 1933 procedere

237 1953 270 1972 ex
288 1943 358 1971 Filio
371 1944 474 1970 nullam
494 1944 591 1970 timent
609 1943 641 1969 ad
656 1942 806 1970 absurdum
820 1942 1028 1971 deductionern.

237 1990 333 2024 Neque
351 1989 424 2016 enim
445 1989 469 2015 id
488 1988 606 2015 credunt
622 1993 652 2015 ut
675 1988 787 2023 proprio
805 1988 891 2016 Marte
910 1996 925 2016 a
941 1997 971 2017 se
987 1990 1030 2017 itt-

237 2042 361 2067 ventum,
384 2036 430 2062 sed
453 2038 487 2061 ab
506 2034 636 2062 Ecclesia:
659 2034 819 2063 doctoribus
833 2035 936 2069 edocti,
961 2043 1031 2071 quos

239 2082 312 2110 ltau'll
328 2089 448 2117 unquam
467 2089 576 2108 errasse
597 2081 670 2109 circa
689 2085 742 2108 tam
757 2089 868 2116 gravem
885 2081 1029 2109 veritatem

239 2130 420 2161 arbitrantur,
449 2129 603 2164 praesertim
632 2136 696 2156 cum
723 2128 792 2155 tales
820 2136 852 2155 ac
881 2128 950 2155 tanti
978 2128 1029 2155 viri

240 2176 406 2203 exstiterint.
424 2174 513 2207 Quare
531 2182 621 2209 neque
639 2175 683 2206 iis,
705 2174 753 2209 qui
771 2174 810 2200 ita
831 2173 974 2201 dialectice
987 2173 1030 2200 in-

240 2226 382 2257 terrogant
405 2225 433 2249 et
458 2221 490 2248 ad
517 2220 668 2263 absurdu‘n
683 2227 732 2247 eos
757 2219 894 2247 deducere
922 2219 1028 2253 volunt,

237 2269 341 2304 aliquid
357 2268 523 2303 respondere
541 2269 627 2295 coacti
649 2270 724 2294 sunt.
742 2265 770 2292 Si
793 2265 866 2292 enim
891 2266 957 2300 quid
981 2266 1031 2293 ab—

1083 1691 1162 1724 γικὺν
1175 1691 1244 1724 ζῶον
1259 1693 1363 1729 ἄψυχόν
1380 1703 1410 1720 τε
1422 1695 1470 1721 καὶ
1484 1695 1613 1731 ἀκίνητον
1625 1695 1708 1726 εἶναι.

1365 1837 1384 1863 0
1401 1837 1603 1866 XXOAAI’lOS.

1117 1893 1148 1919 Ol
1163 1893 1271 1919 Λατῖνοι
1291 1893 1321 1920 τὸ
1339 1883 1453 1930 ili/sitiat
1469 1895 1498 1921 τὸ
1515 1895 1593 1930 ἅγιον
1618 1897 1812 1934 ἐκπορεύεσθαι
1827 1903 1855 1928 ἐκ

1081 1938 1128 1966 τοῦ
1145 1939 1209 1966 Υἰοῦ
1228 1940 1414 1974 πιστεύοντες,
1442 1942 1573 1977 οὐδεμίαν
1594 1945 1634 1977 εις
1663 1945 1758 1974 ἄτοπον
1776 1948 1858 1976 δεδία-

1082 1993 1124 2012 σιν
1140 1986 1305 2023 ἀπαγωγήν.
1329 1988 1367 2014 Οὐ
1382 1989 1436 2024 γὰρ
1452 1989 1560 2016 οἴκοθεν
1575 1991 1703 2026 εὑρόντες
1725 1994 1797 2022 τοῦτο
1814 2006 1854 2023 πι-

1081 2031 1233 2066 στεύουσιν,
1248 2033 1305 2060 ἀλλ’
1321 2034 1372 2061 ὑπὸ
1384 2035 1437 2062 τῶν
1452 2037 1502 2071 τῆς
1523 2037 1686 2073 Ἐκκλησίας
1699 2040 1854 2070 διδασκάλων

1081 2078 1228 2112 μαθόντες,
1251 2078 1298 2111 οὓς
1324 2079 1455 2114 ἡγοῦνται
1483 2081 1520 2118 μὴ
1551 2083 1583 2109 ἄν
1600 2093 1665 2111 ποτε
1698 2086 1852 2124 πλανηθῆναι

1080 2125 1146 2160 περὶ
1156 2126 1291 2162 τοσαύτην
1306 2126 1445 2162 ἀλήθειαν,
1464 2129 1509 2155 καὶ
1524 2129 1610 2157 ταῦτα
1624 2132 1765 2165 τοσούτους
1779 2134 1852 2167 ὄντας

1081 2173 1128 2199 καὶ
1147 2171 1337 2207 τηλικούτους,
1354 2173 1436 2201 Ὅθεν
1456 2175 1516 2202 οὐδὲ
1533 2177 1589 2208 τοῖς
1614 2177 1749 2212 ἐρωτῶσιν
1763 2181 1850 2209 οὑτωσὶ

1080 2217 1260 2251 διαλεκτικῶς
1277 2219 1324 2246 καὶ
1340 2220 1380 2252 εἰς
1395 2220 1496 2248 ἄτοπον
1513 2222 1689 2258 βουλομένοις
1705 2226 1810 2261 ἀπάγειν
1825 2228 1849 2260 ἑξ

1082 2266 1205 2300 ἀνάγκης
1222 2266 1255 2293 ἄν
1278 2275 1304 2293 τι
1332 2267 1391 2293 και
1407 2268 1616 2303 ἀποκρίνοιντο”
1641 2271 1667 2297 εἰ
1692 2272 1741 2308 γάρ
1760 2282 1782 2300 τι
1808 2277 1848 2301 και

237 2316 314 2344 surdi
331 2316 414 2343 etiam
434 2323 466 2343 ex
485 2315 537 2342 hac
553 2313 689 2342 sententia
706 2316 869 2347 sequeretur
882 2312 1028 2347 (ponamus

1082 2312 1183 2352 ἆτοιτον
1201 2312 1233 2339 ὲκ
1247 2312 1350 2347 ταύτης
1365 2313 1512 2348 ἠκολούθει
1533 2315 1583 2349 τῆς
1596 2316 1675 2352 δόξης
1689 2319 1787 2354 (κείσθω
1799 2323 1846 2356 γὰρ

237 2363 283 2391 hic
311 2361 496 2397 impossibile)
511 2359 682 2387 :doetoribns
707 2358 801 2393 potius
817 2359 966 2386 convenire
983 2367 1028 2386 ar-

237 2413 390 2443 bitrantur,
415 2413 444 2437 ut
470 2409 495 2435 id
520 2407 689 2443 perspiciant
715 2411 798 2441 atque
821 2405 949 2439 solvant;
976 2407 1028 2442 ipsi

237 2467 301 2487 vero
316 2466 345 2485 se
362 2456 435 2484 omni
451 2454 533 2481 modo
546 2459 623 2480 extra
638 2453 686 2480 bas
698 2453 906 2480 criminationes
922 2453 1028 2488 positos

238 2512 299 2532 csse
331 2503 468 2529 allirmant
493 2505 521 2527 et
547 2499 641 2526 multis
665 2499 757 2534 potius
786 2499 1027 2527 criminationibus

238 2550 378 2584 subjectos
402 2548 519 2574 credunt
537 2553 585 2573 eos
608 2545 655 2580 qui
678 2550 836 2573 sanctorum
855 2545 1021 2581 theologiam

240 2598 366 2622 erertere
384 2593 479 2619 volunt
500 2596 612 2625 propter
629 2591 755 2626 qumdam
781 2591 902 2619 absurda
926 2596 954 2619 et
976 2592 1027 2619 im-

239 2640 392 2676 possibilia,
408 2646 469 2674 qua:
495 2638 610 2665 fortasse
635 2645 667 2664 es
684 2645 715 2665 ea
733 2638 857 2666 doctrina
880 2638 1026 2672 accidunt;

238 2686 286 2713 tali
311 2687 383 2713 enitn
401 2689 481 2719 pacto
495 2683 578 2711 etiam
593 2691 684 2710 veram
709 2684 791 2712 [idem
809 2684 963 2712 universam
980 2685 1026 2719 qui

238 2731 290 2758 ista
315 2729 418 2757 audent
442 2729 535 2756 multis
558 2728 766 2757 dillicultatibus
793 2729 955 2764 replebant,
983 2730 1027 2757 cui

239 2776 301 2804 ιιιιοί
316 2776 419 2811 plnries
440 2776 593 2804 naturalem
619 2776 754 2804 rationem
772 2777 962 2803 adversantem
984 2777 1026 2803 vi-

277 2836 314 2871 (Ι)
326 2835 398 2862 Men.
409 2835 461 2863 256
479 2835 499 2868 l,
510 2835 563 2863 296
578 2844 604 2868 τι,
619 2841 662 2863 est
675 2844 735 2871 cap.
756 2836 786 2863 Π

272 2871 311 2907 (ἢ)
327 2871 376 2897 Ποῖ
394 2872 446 2906 μὴν
459 2871 540 2900 liabet
557 2872 629 2899 Men.
645 2872 708 2899 250‘.

1080 2358 1111 2384 τὸ
1131 2357 1289 2392 ἀδύνατον),
1306 2359 1386 2386 τοῦτο
1412 2360 1461 2387 καὶ
1476 2362 1596 2397 συνορᾷν
1610 2363 1659 2390 καὶ
1675 2364 1744 2391 λύειν
1757 2365 1846 2400 ἁρμάτο

1080 2413 1138 2430 τειν
1154 2405 1213 2436 τοῖς
1238 2404 1412 2437 διδασκάλοις
1429 2406 1530 2441 μᾶλλον
1552 2408 1710 2443 νομίζουσιν
1723 2418 1728 2425 ·
1741 2411 1806 2437 αὐτοὶ
1820 2413 1844 2439 δὲ

1080 2451 1257 2478 παντάπασιν
1277 2451 1328 2484 ἔξω
1346 2451 1400 2478 τῶν
1421 2452 1607 2488 ἐγκλημάτων
1622 2455 1725 2483 τούτων
1746 2457 1841 2484 ἑστάναι

1080 2498 1158 2532 φασὶ,
1186 2497 1294 2530 πολλοῖς
1311 2498 1339 2524 δὲ
1369 2498 1473 2533 μᾶλλον
1499 2500 1674 2535 ἐγκλήμασιν
1705 2502 1841 2531 ὑποκεῖσθαι

1080 2546 1241 2572 πιστεύουσι
1256 2546 1318 2578 τοὺς
1331 2547 1455 2581 ἀναιρεῖν
1468 2546 1648 2582 βουλομένους
1659 2549 1707 2585 τὴν
1716 2550 1761 2576 τῶν
1769 2550 1840 2585 ἁγίων

1080 2593 1221 2627 θεολογίαν
1235 2593 1279 2619 διὰ
1297 2593 1331 2619 τὰ
1343 2594 1376 2620 ὲκ
1389 2594 1437 2620 τοῦ
1451 2595 1539 2629 Λόγου
1554 2597 1774 2632 ἐπισυμσαίνονια
1787 2599 1840 2630 ἴσως

1081 2640 1169 2667 ἄτοπα
1188 2639 1237 2668 καὶ
1255 2639 1385 2667 ἀδύνατα.
1410 2639 1490 2668 Οὕτω
1515 2643 1570 2676 γὰρ
1597 2644 1644 2671 καὶ
1661 2645 1710 2678 τὴν
1734 2644 1839 2681 ἀληθινὴν

1082 2686 1176 2713 πίστιν
1198 2688 1310 2713 ἅπασαν
1337 2686 1442 2713 πολλῶν
1459 2689 1584 2724 ἀποριῶν
1608 2691 1793 2726 ἁναπλήσουσιν
1818 2692 1838 2718 οἱ

1082 2731 1170 2758 ταῦτα
1183 2733 1349 2767 τολμῶντες,
1408 2734 1544 2770 πολλαχοῦ
1560 2737 1675 2770 φυσικὸν
1691 2737 1838 2772 ὲναντιούμε·

1083 2786 1128 2804 νον
1151 2778 1192 2814 (5)
1208 2778 1288 2812 λόγον
1301 2779 1376 2806 ἐστιν
1394 2779 1469 2813 ἰδεῖν,
1487 2784 1534 2808 καὶ
1548 2782 1598 2814 τὰς
1612 2782 1661 2818 τῆς
1673 2783 1774 2815 πίστεως
1786 2783 1838 2811 ὑπο-

1079 2837 1247 2904 l“Sallep.
1262 2839 1297 2866 27
1312 2839 1330 2873 l',
1344 2839 1397 2868 219
1415 2842 1430 2869 b
1450 2849 1458 2868 :
1480 2839 1497 2877 ἦ
1526 2842 1659 2878 πολλαχοῦ
1684 2851 1713 2879 φ.
1728 2843 1836 2870 ἐναντιού-
