1913 3060
246 172 296 205 ιιι

858 167 1025 198 GEORGII
1044 167 1251 198 SCHOLARll

1840 167 1894 199 12d

245 227 471 265 quandoquidem
492 225 592 254 sulIicit
629 225 698 260 ipsis
714 223 911 259 testimonium
934 227 974 250 tot
1008 227 1167 250 sanctorum
1200 222 1352 250 dicentium
1391 231 1422 249 ex
1455 222 1524 250 Filio
1540 224 1673 259 Spiritum
1715 227 1890 260 protectore

245 276 359 304 dubium
378 281 444 302 vero
459 274 499 301 eis
514 280 568 300 non
584 276 636 305 est,
655 271 721 306 quin
740 279 772 298 ex
786 270 847 298 Filii
862 269 1003 305 liyposmsi
1022 269 1172 304 procedere
1191 269 1244 296 hoc
1262 270 1351 304 ipsum
1369 270 1413 300 sit,
1431 271 1504 303 quod
1525 272 1674 304 procedere
1690 280 1723 299 ex
1741 272 1834 299 Filio.

479 330 604 358 EPllES.
621 329 697 357 CAP.
716 328 784 357 XVI.

282 390 404 425 Spiritus
414 392 527 416 sanctus
545 395 578 414 ex
595 387 676 414 Patre
692 390 720 413 et
737 386 806 413 Filio
824 384 978 420 procedens
988 388 1035 411 aut

244 443 383 473 quatenus
405 440 469 463 sunt
493 434 615 462 distincti
638 433 672 460 ab
692 433 737 461 liis
751 433 887 467 procedit,
902 437 950 459 aut
965 440 1034 467 qua-

247 490 328 511 tenus
354 486 419 509 suut
445 481 527 508 uniti.
552 481 579 508 Si
605 480 718 515 quidem
736 484 874 514 quatenus
889 483 954 506 sunt
977 478 1035 506 dis-

247 529 326 557 tincti
350 535 376 556 et
404 529 476 560 duo,
502 527 536 555 ab
562 527 605 554 cis
630 526 767 561 procedit,
793 525 915 553 distincti
942 529 1033 552 autem

245 580 310 603 sunt
323 576 475 602 secundum
489 574 650 608 hypostases
666 577 691 599 et
709 572 763 599 duo
779 580 786 604 ;
801 579 835 598 ex
848 571 957 598 duabus
968 578 1034 606 ergo

245 621 440 657 liypostasibus
453 619 574 654 Spiritus
587 623 700 645 sanctus
713 617 815 653 prodit,
831 623 858 644 et
872 617 971 644 exinde
986 624 1035 644 ne-

245 667 366 694 cessario
394 674 428 692 ex
455 665 565 691 duobus
592 670 702 698 quoque
729 662 886 698 principiis.
915 663 943 690 Si
968 670 1034 689 vero

244 718 381 747 quatenus
397 716 462 738 sunt
491 710 579 743 uniti,
595 710 685 745 prituo
704 709 816 744 quidem
837 716 892 736 non
916 709 1035 743 amplius

244 759 304 793 ipse
322 758 442 793 Spiritus
456 766 470 784 a
496 756 578 783 Patre
593 761 621 783 et
635 755 705 782 Filio
718 755 808 790 prodit
822 759 958 790 quatenus
970 759 1035 782 sunt

244 805 379 835 distincti.
396 811 462 839 ergo
479 812 534 830 non
553 811 586 830 ex
605 802 801 838 hypostasibus
814 810 910 829 eorum
923 801 1032 836 prodit;

245 859 336 885 neque
353 850 437 884 igitur
450 857 484 876 ex
500 855 613 883 paterna
627 847 768 884 lrypostasi
779 867 786 880 ,
799 855 888 881 neque
903 854 935 874 ex
950 847 1034 881 hypo-

246 897 313 924 stasi
341 896 422 927 Filii;
452 895 527 929 atqui
548 893 614 921 illud
631 901 744 925 verum,
772 893 824 920 hoc
841 900 907 920 vero
937 892 1034 919 falsum

246 942 396 977 Gregorius
409 941 549 977 Nysscnus
568 939 730 970 convincit;
747 940 785 966 ait
809 939 884 966 enim
912 939 949 965 ita
969 946 1036 966 con-

1118 360 1131 372 .
1306 328 1439 354 ΕἸιΕΣΟΥ
1456 329 1534 355 ΚΕΦ.
1556 329 1604 363 lG'
1623 330 1674 366 (ι).

1124 384 1161 411 Τὸ
1176 384 1290 420 Πνεῦμα
1303 385 1333 411 τὸ
1351 384 1430 419 ἆγιον
1446 386 1477 412 ἐκ
1494 386 1600 422 Πατρδς
1618 388 1664 414 καὶ
1687 387 1753 414 Υἱοῦ
1781 396 1894 423 προερ-

1085 430 1201 466 χόμενον
1224 431 1240 466 ἢ
1262 431 1329 458 mea
1349 431 1402 458 εἱσι
1423 432 1629 467 διακεκριμένοι
1655 433 1762 460 τούτων
1784 435 1878 469 πρόει

1087 484 1140 509 σιν,
1156 477 1171 512 ἢ
1187 477 1256 504 καθό
1277 478 1348 504 εἰσιν
1370 478 1517 513 ήνωμένοι.
1541 478 1573 504 Εἰ
1596 479 1646 514 μὲν
1667 479 1714 507 οὖν
1733 481 1807 507 καοό
1834 482 1860 506 εἲ

1085 523 1291 558 διακεκριμένοι
1322 524 1369 551 καὶ
1396 524 1453 558 δύο,
1481 524 1585 552 τούτων
1611 527 1796 561 προέρχεται,
1826 527 1855 553 δι

1086 569 1245 604 κεκριμένοι
1255 569 1282 596 δέ
1299 570 1353 596 εἰσι
1369 572 1440 597 κατὰ
1454 571 1504 602 τὰς
1523 571 1689 604 ὑποστάσεις
1703 573 1752 600 καὶ
1766 573 1833 606 δύο,

1085 614 1132 642 δύο
1151 616 1205 652 ἄρα
1226 616 1404 644 ύποστάσεων
1429 619 1460 644 τὸ
1480 617 1594 653 Πνεῦμα
1610 619 1640 645 τὸ
1663 620 1741 653 ἆγιον
1756 621 1844 655 πρὸει

1086 661 1235 689 κᾶιιτεῦθεν
1266 663 1298 689 ὲκ
1319 662 1365 689 δύο
1380 664 1473 699 ἀρχῶν
1486 664 1515 697 ὲξ
1542 665 1677 700 ἀνάγκης.
1698 667 1729 692 Et
1755 666 1786 693 δὲ
1815 675 1853 694 κα

1086 707 1157 734 εἰσιν
1175 708 1320 743 ήνωμένοι,
1349 709 1460 744 πρῶτον
1491 711 1541 744 μὲν
1563 711 1657 738 οὐκέτι
1684 711 1715 738 τὺ
1731 712 1814 744 αὐτὸ.
1838 722 1856 738 κ

1086 753 1155 780 καθό
1171 755 1224 780 εἰσι
1236 753 1443 790 διακεκριμένοι
1466 756 1571 783 τούτων
1587 757 1712 792 πρόεισιν
1725 765 1732 773 ·
1748 758 1804 784 οὐκ
1828 758 1867 792 ἄρ

1087 801 1120 827 ἐκ
1136 801 1191 827 τῶν
1216 801 1396 829 ὑποστάσεων
1421 803 1513 831 αὐτῶν
1524 803 1667 838 πρόεισιν·
1686 803 1742 831 οὔτ’
1768 805 1828 839 ἄρα
1853 807 1880 830 ἐι

1086 847 1135 880 τῆς
1159 849 1297 882 πατρικῆς
1314 847 1491 880 ὑποστάσεως
1518 848 1578 876 οὔτ’
1603 851 1635 876 ὲκ
1663 850 1711 885 τῆς
1740 851 1790 877 τοῦ
1816 851 1892 878 Υἰοῦ

1088 891 1282 924 ὑποστάσεως⁵
1299 893 1368 920 ἀλλὰ
1388 895 1418 920 τὸ
1442 895 1491 930 μὲν
1520 895 1630 930 ἀληθὲς,
1647 897 1677 922 τὸ
1700 896 1728 922 δὲ
1745 897 1853 931 ψεῦδος
1875 898 1892 922 ὁ

1086 938 1135 973 τῆς
1149 938 1260 973 Νύσσης
1276 940 1428 976 Γρηγόριος
1447 942 1484 976 πῆ
1504 942 1553 976 μὲν
1569 942 1607 977 (Ξ)
1631 942 1786 979 διελέγχει·
1806 944 1890 977 λέγει

245 993 332 1022 ceptts
347 988 454 1014 verbis:
474 986 602 1022 Spiritum
617 994 647 1012 ex
659 991 771 1021 paterna
793 987 928 1021 [typostasi
942 994 1033 1021 proce-

1087 984 1141 1019 γὰρ
1155 985 1255 1011 οὑτωσὶ
1274 986 1364 1020 ῥητῶς
1375 995 1381 1001 ·
1397 988 1520 1022 Πνεῦμα
1536 988 1569 1015 τὸ
1594 987 1647 1023 τῆς
1663 989 1814 1023 πατρικῆς
1836 991 1890 1017 ἐκ·

246 1034 362 1060 deulem.
392 1032 497 1060 Deinde
523 1031 653 1066 quidnam
676 1031 760 1058 fuerit
778 1031 857 1063 illud,
882 1031 1034 1058 secundum

245 1081 321 1114 quod
343 1079 412 1105 uniti
431 1078 515 1106 sunt?
531 1077 663 1105 Naturam
682 1078 796 1105 forsitan
814 1078 907 1105 dicent
921 1078 962 1105 vel
978 1077 1035 1112 spi-

246 1125 363 1152 rativam
377 1124 522 1152 virtutem.
537 1123 591 1152 Sed
611 1125 634 1151 si
649 1124 761 1159 quidem
775 1132 808 1152 ex
820 1128 916 1151 natura
931 1124 1033 1159 prodit,

245 1172 327 1198 etiam
340 1179 374 1198 ex
388 1179 417 1198 se
433 1171 492 1205 ipso
510 1171 639 1205 procedet
653 1178 660 1204 ;
679 1178 741 1198 nam
757 1170 912 1198 communis
927 1174 969 1198 est
987 1171 1035 1197 tri-

245 1217 298 1244 bus
314 1217 443 1251 personis
464 1221 569 1243 natura.
592 1217 620 1243 Si
641 1224 707 1244 vero
721 1223 754 1243 ex
771 1216 903 1251 spirativa
917 1217 1032 1248 virtute,

245 1262 318 1289 lianc
332 1269 442 1296 quoque
455 1263 569 1289 deteret
580 1261 700 1296 Spiritus
716 1262 876 1296 possidere;
888 1261 953 1294 Quir
964 1263 1034 1290 enim

244 1309 396 1336 communia
412 1312 473 1334 sunt
487 1307 563 1334 Puni
578 1312 602 1333 et
622 1306 705 1339 Filio,
719 1315 750 1333 ea
765 1308 914 1334 coritinunia
932 1315 1035 1343 quoque

244 1359 306 1381 sunt
323 1354 447 1389 Spiritui,
479 1358 509 1380 ut
523 1353 614 1388 magni
643 1353 693 1380 viri
711 1353 855 1388 Dionysius
867 1358 895 1380 et
918 1353 1034 1381 Basilius

244 1400 333 1427 aiunt.
349 1399 450 1427 Verum
462 1406 588 1434 qua-nam
604 1403 646 1426 est
664 1399 774 1434 sapiens
788 1407 883 1426 eorum
910 1400 944 1426 ad
970 1400 1033 1433 hoc,

245 1448 301 1474 imo
318 1447 433 1474 ridicula
450 1446 614 1481 responsio?
632 1446 764 1479 llabcret,
779 1447 920 1481 inquiunt,
932 1453 993 1473 eam
1007 1450 1035 1474 et

243 1496 313 1528 ipse,
332 1493 383 1520 nisi
398 1494 569 1528 impossibile
586 1498 670 1526 essrt,
686 1497 715 1520 ut
735 1501 763 1521 sc
780 1494 868 1528 ipsum
897 1493 1033 1528 produce-

244 1547 266 1566 rr
277 1545 295 1567 t.
312 1539 368 1566 lloe
384 1539 469 1573 igitur
485 1539 576 1566 simile
590 1544 633 1566 est
652 1548 685 1567 ac
701 1540 724 1566 si
747 1541 810 1574 quis
825 1539 920 1566 videns
933 1547 966 1566 ex
984 1547 1034 1567 sua

244 1586 334 1620 ipsius
351 1585 565 1612 ratiocinatione
581 1585 722 1617 concludi,
736 1586 874 1612 hominem
891 1593 951 1613 esse
966 1586 1035 1620 lapi-

244 1633 318 1663 dem,
346 1639 388 1663 ea.
408 1631 481 1658 unde
506 1632 558 1658 hoc
583 1630 771 1662 concluditur,
790 1639 824 1658 ne
852 1632 908 1658 ullo
922 1631 1032 1666 quidem

1087 1032 1294 1065 πορευόμενον
1307 1033 1517 1066 ὑποστάσεως.
1537 1035 1654 1061 Ἔπειτα
1680 1037 1725 1062 καὶ
1739 1037 1767 1062 τί
1789 1036 1825 1063 ἂν
1839 1036 1888 1071 εἷς

1085 1077 1176 1108 τοῦτο,
1191 1077 1253 1104 καθ’
1267 1078 1281 1104 ὅ
1292 1078 1362 1105 εἰσιν
1376 1080 1528 1114 ήνωμένοις
1546 1082 1601 1116 Τὴν
1618 1082 1699 1116 φύσιν
1713 1082 1812 1117 ἐροῦσι
1833 1091 1887 1109 τυ-

1086 1123 1134 1158 χὸν
1151 1123 1168 1157 ἧ
1181 1123 1230 1159 τὴν
1246 1124 1431 1160 προϐλητικὴν
1450 1126 1569 1161 δύναμιν
1580 1135 1587 1143 ·
1604 1128 1661 1154 ἀλλ’
1677 1129 1700 1154 εἰ
1714 1128 1766 1163 μὲν
1782 1129 1816 1155 ἑκ
1831 1130 1887 1161 τῆς

1086 1171 1195 1205 φύσεως
1207 1170 1326 1206 πρόεισι,
1340 1173 1387 1198 καὶ
1401 1173 1430 1205 ἐξ
1443 1173 1540 1200 ἑαυτοῦ
1553 1175 1766 1209 προελεύσεται·
1787 1177 1884 1202 κοινὸν

1086 1217 1141 1253 γὰρ
1154 1219 1212 1250 τοῖς
1225 1220 1316 1254 τρισὶν
1338 1220 1354 1254 ἡ
1370 1219 1467 1254 φύσις·
1486 1221 1510 1246 εἰ
1531 1220 1555 1247 δ’
1571 1221 1603 1247 ἐκ
1620 1221 1670 1256 τῆς
1686 1222 1884 1257 προόλητικῆς

1086 1265 1239 1300 δυνάμεως,
1262 1267 1308 1292 καὶ
1322 1266 1426 1302 ταύτην
1441 1265 1557 1301 ὤφειλεν
1569 1267 1642 1302 ἕλειν
1661 1268 1727 1294 αὑτό
1737 1276 1744 1283 θ
1767 1268 1806 1295 Τὰ
1823 1269 1881 1303 γὰρ

1085 1312 1172 1338 κοινὰ
1200 1312 1294 1346 Πατρὶ
1320 1312 1370 1339 καὶ
1389 1313 1445 1345 Υὶῷ
1467 1312 1555 1340 κοινὰ
1579 1313 1628 1340 καὶ
1652 1313 1691 1346 τῷ
1714 1315 1880 1349 [Iv-stipati,

1085 1357 1223 1390 Διονύσιός
1238 1367 1304 1393 φασι
1321 1360 1367 1385 καὶ
1384 1360 1527 1391 Βισίλειος
1541 1361 1565 1386 οἱ
1585 1361 1710 1396 μεγάλοι.
1734 1362 1814 1389 Ἀλλὰ
1835 1363 1878 1394 τίς

1085 1403 1099 1428 ὁ
1115 1403 1196 1437 σοφὸς
1224 1403 1315 1430 αὐτῶν
1347 1404 1416 1439 πρὸς
1444 1405 1524 1431 τοῦτο
1553 1406 1760 1439 καταγέλαστος
1777 1407 1878 1441 λόγος;

1086 1447 1165 1484 Εἷχεν
1181 1449 1225 1483 ἂν,
1248 1451 1326 1485 φησι,
1347 1450 1395 1477 καὶ
1413 1451 1479 1477 αὐτὸ
1496 1451 1611 1487 ταύτην,
1629 1452 1654 1478 εἰ
1683 1452 1720 1488 μὴ
1745 1453 1880 1480 ἀδύνατον

1085 1493 1119 1529 ἦν
1137 1496 1218 1523 eam
1237 1497 1414 1532 προϐάλλειν.
1433 1497 1520 1525 Τοῦτο
1544 1499 1593 1533 μὲν
1606 1499 1652 1526 οὖν
1675 1501 1780 1535 ὅμοιον,
1797 1502 1835 1533 ὡς
1851 1502 1881 1527 εἴ

1086 1551 1126 1573 τις
1146 1543 1217 1577 ὁρῶν
1232 1544 1263 1569 ὲκ
1275 1546 1330 1570 τῶν
1348 1544 1445 1571 ἑαυτοῦ
1463 1546 1650 1580 συναγόμενον
1663 1547 1751 1582 λόγων
1770 1549 1815 1574 τὸν
1827 1550 1876 1575 ἄνα

1087 1587 1198 1622 θρωπον
1211 1587 1286 1614 λίθον
1299 1586 1380 1620 εἶναι,
1405 1590 1439 1616 τὰ
1460 1590 1520 1624 μὲν,
1536 1591 1597 1618 ὅθεν
1611 1592 1692 1619 τοῦτο
1717 1594 1876 1627 συνάγεται,

1089 1633 1151 1668 μηδ’
1171 1635 1325 1662 ὁπωστιοῦν
1348 1636 1519 1671 ἐπανορθοῦν
1536 1638 1668 1673 πειρῷτο,
1689 1639 1762 1674 λέγοι
1785 1641 1813 1667 δὲ
1837 1641 1876 1673 ὡς

246 1677 328 1705 modo
341 1678 479 1712 corrigere
497 1682 655 1709 conaretur,
680 1677 784 1704 diceret
799 1684 874 1709 vero,
894 1677 1033 1704 hominem

1088 1676 1121 1713 ’ἦν
1139 1679 1172 1705 ἂν
1191 1681 1204 1706 ὁ
1223 1680 1368 1716 ἄνθρωπος
1387 1682 1471 1715 λίθος,
1498 1684 1522 1710 ει
1544 1683 1582 1719 μὴ
1603 1672 1735 1712 ἀδύνατον
1746 1685 1779 1722 ἦν
1791 1687 1818 1713 τὺ
1832 1672 1877 1714 7.οξ

243 1731 311 1752 sane
328 1723 451 1750 [uturutn
468 1724 604 1756 lapidem,
631 1723 682 1751 nisi
701 1723 872 1757 impossibile
896 1727 978 1755 esset,
1005 1727 1036 1750 ut

243 1771 353 1798 anitnal-
375 1770 510 1798 rationale
538 1775 613 1798 esset
654 1770 836 1797 inanimatam
870 1774 954 1804 atque
982 1770 1035 1796 im-

243 1817 354 1844 mobile.

532 1873 758 1902 SCllOLARlUS.

279 1932 431 1960 Crcdentes
458 1932 547 1959 Latini
573 1931 707 1966 Spiritum
738 1937 864 1960 sanctum
884 1933 1035 1968 procedere

241 1987 274 2006 ex
291 1978 361 2005 Filio
375 1979 479 2005 nullam
498 1978 596 2004 timent
612 1978 645 2004 ad
660 1977 809 2004 absurdutn
825 1977 1032 2006 deductionem.

241 2025 337 2059 Neque
354 2025 427 2051 cnim
449 2023 473 2050 id
492 2023 609 2050 credunt
626 2028 655 2050 ut
680 2023 791 2058 proprio
809 2023 895 2050 Marte
914 2031 929 2051 a
946 2032 975 2051 se
992 2025 1035 2052 in-

241 2076 365 2101 ventum,
387 2071 434 2097 sed
456 2073 491 2096 ab
510 2069 640 2097 Ecclesiae
663 2069 823 2098 doctoribus
837 2070 940 2104 edoctil
966 2079 1035 2106 quos

243 2116 316 2144 ltau't]
332 2124 452 2151 unquam
471 2123 580 2143 errasse
601 2116 673 2144 circa
693 2120 746 2142 tam
761 2124 872 2150 gravem
889 2117 1033 2144 veritatem

243 2164 424 2196 arbitrantur,
452 2163 607 2198 priesertim
636 2170 699 2190 cum
727 2163 796 2190 tales
824 2171 856 2190 ac
886 2163 955 2190 tanti
983 2162 1034 2190 viri

243 2204 409 2237 exstiterint.
428 2209 517 2241 Quare
535 2215 625 2243 neque
643 2209 687 2241 iis,
709 2208 756 2243 qui
774 2208 814 2235 ita
835 2208 979 2235 dialectice
992 2208 1034 2235 in-

245 2260 386 2290 :erroganl
410 2259 437 2282 et
462 2254 494 2281 ad
521 2254 672 2296 absurdu‘n
687 2261 736 2281 eos
761 2253 898 2282 deducere
926 2254 1033 2288 volunt,

241 2302 345 2337 aliquid
361 2300 527 2335 respondere
544 2302 631 2327 coacti
653 2304 727 2327 sunt.
745 2299 774 2327 Si
797 2300 870 2327 enim
895 2300 962 2335 quid
986 2300 1035 2328 ab-

1087 1726 1166 1759 γικὸν
1179 1727 1248 1759 ζῶον
1264 1728 1368 1764 ἄψυχόν
1384 1738 1414 1756 τε
1427 1731 1475 1756 καὶ
1488 1731 1618 1767 ἀκίνητον
1630 1730 1713 1762 εἶναι.

1369 1872 1389 1898 Ο
1406 1872 1608 1901 ΣΧΟΛΜἸΟΣ.

1121 1928 1152 1954 Ol
1167 1928 1276 1954 Λατῖνοι
1295 1929 1325 1955 τὸ
1345 1919 1458 1965 ίῐνεῦμα
1473 1931 1502 1956 τὸ
1520 1931 1598 1965 ἅγιον
1622 1933 1820 1970 ἐκπορεύεσθαι
1835 1938 1867 1964 ἐκ

1085 1973 1132 2000 τοῦ
1149 1974 1214 2001 Υῐοῦ
1232 1975 1418 2009 πιστεύοντες,
1446 1978 1578 2012 οὐδεμίαν
1599 1981 1639 2012 εις
1667 1981 1767 2009 ἄτοπον
1785 1984 1870 2012 δεδία-

1087 2029 1129 2047 σιν
1145 2021 1309 2058 ἀπαγωγήν.
1334 2023 1371 2049 Οὐ
1387 2024 1440 2059 γὰρ
1457 2025 1564 2051 οἴκοθεν
1579 2027 1708 2062 εὑρόντες
1731 2030 1807 2057 τοῦτο
1823 2041 1867 2059 πι-

1086 2067 1237 2102 στεύουσιν,
1252 2068 1310 2095 ἀλλ’
1325 2069 1376 2096 ὑπὸ
1388 2070 1441 2097 τῶν
1456 2072 1506 2106 τῆς
1527 2072 1690 2109 Ἑκκλησίας
1703 2076 1866 2106 διδασκάλων

1086 2113 1232 2147 μαθόντες,
1255 2113 1303 2146 οὒς
1329 2115 1460 2150 ἡγοῦνται
1488 2117 1525 2153 μὴ
1555 2118 1588 2145 ἄν
1605 2128 1669 2147 ποτε
1702 2122 1865 2159 πλανηθῆναι

1085 2159 1150 2194 περὶ
1160 2161 1295 2197 τοσαύτην
1311 2161 1449 2197 ἀλήθειαν,
1468 2165 1514 2190 καὶ
1529 2165 1615 2192 ταῦτα
1628 2167 1774 2201 τοσούτους
1790 2170 1865 2202 ὂντας

1085 2207 1132 2233 καὶ
1151 2206 1341 2242 τηλικούτους,
1359 2209 1440 2236 Ὅθεν
1461 2211 1521 2237 οὐδὲ
1538 2212 1593 2244 τοῖς
1618 2213 1758 2248 ἐρωτῶσιν
1773 2217 1864 2244 οὑτωσὶ

1084 2252 1265 2286 διαλεκτικῶς
1281 2254 1329 2281 καὶ
1345 2255 1384 2287 εἰς
1400 2255 1501 2283 ἄτοπον
1517 2257 1692 2293 βουλομένοις
1709 2261 1822 2296 ἀπάγειν
1837 2263 1863 2295 ἐξ

1086 2300 1210 2335 ἀνάγκης
1226 2301 1258 2328 ἄν
1282 2310 1308 2328 τι
1336 2302 1395 2328 καὶ
1411 2303 1619 2338 ἀποκρίνοιντο·
1645 2306 1671 2332 εἰ
1696 2307 1750 2343 γάρ
1765 2317 1793 2335 ,τι
1819 2311 1863 2336 καὶ.

241 2349 318 2377 surdi
335 2348 418 2375 etiam
437 2355 470 2374 ex
488 2347 541 2374 hac
556 2346 693 2374 sententia
710 2351 873 2381 sequeretur
886 2347 1032 2382 (ponamus

1087 2347 1187 2373 ἄτοπον
1205 2347 1237 2374 ἐκ
1251 2347 1354 2382 ταύτης
1370 2348 1516 2383 ἠκολούθει
1537 2350 1587 2384 τῆς
1600 2351 1679 2387 δόξης
1693 2354 1799 2389 (κείσθω
1811 2357 1862 2391 γὰρ

241 2396 287 2423 hic
315 2392 499 2428 impossibile)
515 2393 686 2420 :doetoribus
711 2393 805 2427 potius
821 2393 970 2420 convenire
987 2402 1033 2420 ar-

240 2445 393 2475 bitrantur,
418 2446 448 2469 ut
474 2442 500 2469 id
523 2441 693 2478 perspiciam
719 2445 802 2476 atque
825 2440 953 2474 solvant;
979 2442 1032 2477 ipsi

241 2499 305 2519 vero
320 2498 349 2518 se
366 2489 439 2517 omni
455 2488 537 2516 modo
550 2494 627 2515 extra
642 2488 690 2514 has
703 2487 909 2515 critninationes
926 2488 1032 2522 positos

242 2545 303 2565 esse
335 2536 472 2563 aﬂirmant
497 2539 525 2562 et
551 2535 645 2562 multis
669 2534 760 2569 potius
790 2533 1032 2562 criminationibus

241 2583 381 2618 subjectos
406 2583 523 2608 credunt
541 2588 589 2608 eos
612 2581 659 2615 qui
682 2585 839 2608 sanctorum
859 2580 1025 2615 theologiam

243 2633 369 2656 evertere
388 2627 483 2654 volunt
504 2631 616 2661 propter
633 2626 758 2661 quaedam
785 2625 906 2653 absurda
929 2631 958 2654 et
980 2627 1031 2654 im-

241 2674 395 2710 possibilia,
412 2681 473 2708 quaa
499 2673 614 2700 fortasse
639 2680 671 2699 ex
687 2680 719 2700 ea
737 2672 861 2700 doctrina
884 2673 1030 2706 accidunt;

242 2720 290 2747 tali
314 2721 386 2747 enim
404 2724 484 2754 pacto
498 2719 583 2746 etiam
597 2726 688 2745 veram
713 2719 794 2746 (idem
812 2719 967 2747 universam
984 2719 1030 2754 qui

241 2765 293 2792 ista
318 2764 422 2791 audent
445 2764 539 2791 multis
562 2763 769 2791 dillicultatibus
796 2764 959 2799 replebunt,
986 2764 1030 2792 cui

242 2810 304 2838 ﬁdei
319 2810 423 2845 pluries
443 2810 597 2838 naturalem
623 2810 757 2838 rationem
775 2811 965 2838 adversantem
987 2811 1029 2838 vi—

280 2870 317 2905 (l)
330 2869 401 2896 Μωι.
412 2869 464 2897 256
482 2870 502 2902 f,
514 2870 566 2898 ζ296
581 2879 607 2903 a,
623 2875 738 2905 estcap.
759 2871 790 2898 l7

275 2906 314 2940 (Ξ)
331 2905 379 2931 Ποῖ
397 2906 449 2940 μὴν
463 2905 544 2934 habet
561 2907 633 2934 Mon.
649 2906 711 2934 250.

1084 2392 1115 2419 τὸ
1135 2392 1293 2427 ἀδύνατον),
1311 2394 1390 2420 τοῦτο
1416 2395 1465 2422 καὶ
1480 2397 1599 2432 συνορᾷν
1614 2399 1662 2425 καὶ
1679 2398 1753 2426 λύειν
1768 2401 1861 2435 ἁρμότ-

1084 2447 1142 2465 τειν
1159 2440 1217 2471 τοῖς
1242 2439 1416 2472 διδασκάλοις
1433 2441 1534 2476 μᾶλλον
1556 2443 1715 2478 νομίζουσιν
1728 2453 1735 2460 ·
1750 2447 1819 2473 αὐτοὶ
1833 2448 1859 2474 δὲ

1084 2486 1261 2513 παντάπασιν
1280 2486 1332 2518 ἔξω
1350 2486 1404 2513 τῶν
1424 2487 1611 2523 ἐγκλημάτων
1626 2490 1731 2518 τούτων
1756 2493 1857 2520 ἑστάναι

1084 2533 1161 2567 φασὶ,
1190 2533 1298 2564 πολλοῖς
1315 2532 1343 2559 δὲ
1374 2532 1477 2568 μᾶλλον
1503 2535 1678 2570 ἐγκλήμασιν
1710 2537 1857 2566 ὑποκεῖσθαι

1084 2581 1245 2607 πιστεύουσι
1259 2581 1322 2612 τοὺς
1335 2582 1460 2616 ἀναιρεῖν
1472 2581 1652 2617 βουλομένους
1663 2584 1713 2621 τὴν
1722 2585 1773 2612 τῶν
1781 2586 1857 2620 ἁγίων

1084 2628 1225 2662 θεολογίαν
1238 2628 1283 2655 διὰ
1301 2628 1335 2654 τὰ
1347 2629 1379 2655 ἐκ
1393 2629 1441 2655 τοῦ
1455 2630 1544 2664 Λόγου
1558 2632 1787 2667 ὲπισυμὸαινοντα
1801 2634 1857 2665 ἴσως

1085 2675 1173 2702 ἄτοπα
1191 2674 1240 2702 καὶ
1258 2674 1389 2701 ἀδύνατα.
1413 2674 1494 2702 Οὕτω
1519 2678 1574 2710 γὰρ
1601 2679 1648 2706 καὶ
1665 2680 1716 2713 τὴν
1741 2679 1857 2715 ἀληθινὴν

1085 2721 1180 2748 πίστιν
1201 2722 1314 2748 ἅπασαν
1340 2721 1446 2749 πολλῶν
1463 2724 1587 2759 ἀποριῶν
1611 2726 1808 2760 ἀναπλήσουσιν
1833 2727 1856 2753 οἰ

1086 2766 1173 2793 ταῦτα
1186 2767 1352 2802 τολμῶντες,
1412 2768 1548 2804 πολλαχοῦ
1564 2771 1678 2804 φυσικὸν
1695 2772 1856 2807 ἐναντιούμε-

1087 2821 1132 2839 νον
1155 2813 1195 2848 (5)
1212 2813 1291 2847 λόγον
1305 2813 1380 2841 ἐστιν
1397 2814 1472 2848 ἰδεῖν,
1490 2818 1537 2843 καὶ
1552 2817 1602 2849 τὰς
1616 2818 1665 2853 τῆς
1677 2818 1788 2850 πίστεως
1801 2819 1857 2846 ὑπο-

1082 2872 1250 2940 νεέἕίιΜοιι.
1266 2874 1300 2902 27
1315 2874 1334 2907 f,
1347 2875 1401 2903 2l9
1418 2876 1434 2903 ι)
1454 2884 1462 2902 :
1484 2874 1501 2912 ἦ
1529 2877 1663 2913 πολλαχοῦ
1687 2887 1718 2913 φ.
1737 2878 1856 2905 ἐναντιοὺ-
