1913 3060
240 167 289 199 12'!

851 161 1019 192 GEORGII
1038 161 1245 191 SCHOLABII

1833 160 1890 192 1‘28

239 221 465 259 quandoquidem
486 219 586 249 sufﬁcit
623 219 692 254 ipsis
707 217 904 252 testimonium
927 220 968 244 tot
1002 221 1160 244 sanctorum
1193 215 1345 243 dicentium
1384 224 1415 243 ex
1449 215 1517 244 Filia
1535 217 1666 252 Spiritum
1709 219 1893 252 procedure,

239 270 353 298 dubium
371 275 438 296 vero
453 268 493 295 eis
508 274 562 294 non
577 269 630 299 est,
648 266 715 300 quin
734 273 765 292 ex
780 264 840 292 Filii
856 263 996 298 hypostasi
1015 263 1166 298 procedere
1185 262 1237 290 ltoc
1255 263 1344 298 ipsum
1363 263 1407 293 sit,
1425 264 1498 297 quod
1518 265 1667 297 procedere
1683 273 1717 292 cx
1734 265 1826 292 Filio.

473 324 598 352 EPllES.
614 323 691 351 CAP.
709 322 777 351 XV'I.

276 384 398 419 Spiritus
408 386 521 410 sanctus
539 389 572 408 ex
589 381 670 408 Patre
685 384 714 408 et
730 379 800 407 Filio
818 378 971 414 procedens
981 381 1029 405 aut

239 437 377 468 quatenus
398 434 464 457 sunt
487 428 609 456 distincti
632 427 665 454 ab
686 427 731 454 his
745 426 880 461 procedit,
896 430 943 453 aut
958 433 1028 460 qua-

241 484 322 505 tenus
348 480 413 504 sunt
438 475 521 502 uniti.
546 474 573 502 Si
599 474 711 509 quidem
730 479 868 508 quatenus
883 477 948 500 sunt
970 472 1029 499 dis‘

241 523 320 551 tincti
343 529 370 550 et
398 523 470 554 duo,
496 521 530 548 ab
556 521 599 548 eis
624 520 760 555 procedit,
786 519 909 546 distincti
935 522 1027 545 autem

238 574 303 597 sunt
317 570 469 596 secundum
482 567 644 602 hypostases
661 571 685 593 et
702 565 757 593 duo
772 574 779 598 ;
794 573 829 592 ex
842 564 950 592 duabus
961 572 1028 600 ergo

238 614 434 651 hypostasihus
447 613 568 647 Spiritus
581 617 694 639 sanctus
706 611 809 647 prodit,
825 616 852 638 et
865 611 965 638 exinde
980 618 1029 638 ne-

238 661 359 688 cessario
388 667 422 686 ex
449 659 559 685 duobus
586 664 696 692 quoque
723 655 880 691 principiis.
908 656 936 683 Si
962 663 1028 683 vero

238 712 376 741 quatenus
392 709 456 732 sunt
485 704 573 736 uniti,
590 704 679 739 primo
698 703 810 738 quidem
831 710 886 730 non
910 703 1029 737 amplius

238 753 297 788 ipse
316 752 436 787 Spiritus
451 759 465 778 a
491 750 572 777 Patre
588 754 615 776 et
629 749 698 776 Filio
712 749 803 783 prodit
816 753 952 783 quatenus
964 753 1029 776 sunt

238 799 373 829 distincti.
390 805 456 833 ergo
473 806 528 824 non
547 805 580 824 ex
600 796 795 832 hypostasibus
807 803 903 822 eorum
917 795 1026 830 prodit;

239 853 330 879 neque
348 844 432 878 igitur
445 851 478 870 ex
494 848 607 877 paterna
621 840 762 877 Ityposlasi
774 861 780 873 ,
793 848 882 875 neque
896 848 928 868 ex
944 841 1029 874 hypo-

240 891 307 918 stasi
335 889 416 921 Filii;
446 889 522 922 atqui
542 887 608 914 illud
626 895 738 919 verum,
766 886 819 914 hoc
835 894 901 913 vero
931 886 1028 913 falsum

240 937 391 971 Gregorius
403 935 543 970 Nysscuus
563 933 702 960 eotn'incit
718 941 724 964 ;
741 933 779 959 ait
803 932 878 959 enim
906 933 943 958 ila
963 939 1030 959 con~

1300 321 1433 348 Ειιιεεογ
1450 322 1528 349 κει).
1550 323 1597 356 ItT'
1617 323 1667 359 (ι).

1118 377 1155 404 Τὸ
1170 377 1284 413 Πνεῦμα
1297 378 1327 404 τὸ
1344 377 1424 412 ἅγιον
1440 380 1471 405 ἐκ
1488 379 1594 414 Πατρδς
1611 381 1658 407 καὶ
1681 380 1747 407 Υἰοῦ
1774 389 1895 416 προερ-

1079 423 1194 459 χόμενον
1218 425 1233 459 ἢ
1255 424 1322 451 καθὸ
1343 425 1396 451 εἰσι
1416 425 1622 461 διακεκριμένοι
1648 426 1755 453 τούτων
1776 427 1870 462 πρόει

1080 478 1133 502 σιν,
1149 471 1165 505 ἢ
1181 471 1249 498 καθό
1271 470 1341 497 εἰσιν
1363 471 1511 506 ήνωμένοι.
1535 471 1567 498 Ei.
1589 472 1640 507 μὲν
1661 473 1708 500 οὖν
1726 473 1799 500 καθό
1827 474 1852 500 εἶ

1079 516 1284 551 διακεκριμένοι
1315 518 1363 544 καὶ
1390 517 1448 551 δύο,
1474 517 1578 545 τούτων
1605 520 1788 554 προέρχεται,
1819 520 1848 546 δι

1079 563 1238 598 κεκριμένοι
1248 563 1276 589 δέ
1293 563 1347 589 εἱσι
1363 565 1434 591 κατὰ
1448 564 1498 595 τὰς
1516 565 1683 597 ὑποστάσεις
1697 567 1744 592 καὶ
1758 566 1826 599 δύο,

1078 608 1126 635 δύο
1145 609 1199 645 ἄρα
1220 610 1398 638 ὑποστάσεων
1423 612 1454 638 τὸ
1474 611 1588 646 Πνεῦμα
1603 612 1633 638 τὸ
1657 613 1734 646 ἅγιον
1749 614 1838 648 ’πρόει

1079 654 1229 682 κάντεῦθεν
1259 657 1291 683 ἑκ
1312 655 1359 683 δύο
1374 657 1466 692 ἀρχῶν
1480 657 1509 691 ἐξ
1536 658 1670 693 ἀνάγκης.
1692 660 1722 685 Εἰ
1748 659 1779 686 δὲ
1808 668 1846 686 κα

1080 700 1152 727 εἰσιν
1169 702 1314 736 ἡνωμένοι,
1343 702 1454 738 πρῶτον
1485 704 1534 737 μὲν
1557 704 1650 731 οὐκέτι
1678 704 1709 731 τὸ
1724 705 1806 737 αὐτὸ,
1830 714 1848 731 κ

1080 746 1148 774 καθό
1165 748 1218 773 εἰσι
1230 747 1437 783 διακεκριμένοι
1460 750 1565 776 τούτων
1581 751 1706 785 πρόεισιν
1719 759 1726 766 ·
1741 751 1797 777 οὐκ
1821 751 1860 786 ἄρ

1081 794 1114 820 ὲκ
1131 794 1185 820 τῶν
1210 795 1389 822 ὑποστάσεων
1415 795 1506 824 αὐτῶν
1518 797 1661 832 πρόεισιν
1679 797 1736 824 οὔτ’
1761 798 1821 832 ἄρα
1847 800 1874 823 ει

1079 840 1130 874 τῆς
1153 842 1290 875 πατρικῆς
1308 841 1484 873 ὑποστάσεως
1512 841 1571 869 οὔτ’
1597 844 1629 870 ἐκ
1656 843 1706 878 τῆς
1734 843 1784 870 τοῦ
1810 844 1885 870 Υἱοῦ

1082 885 1277 918 ὑποστάσεως·
1293 886 1362 913 ἀλλὰ
1382 888 1412 914 τὸ
1436 888 1485 923 μὲν
1514 888 1624 922 αληυὲς,
1641 890 1672 915 τὸ
1694 889 1723 915 δὲ
1738 889 1847 924 ψεῦδος
1869 891 1885 915 ὁ

1080 931 1129 966 ¹πῆς
1143 931 1254 967 Νύσσης
1270 933 1422 969 Γρηγόριος
1441 935 1478 969 πῆ
1498 935 1547 969 μὲν
1563 935 1601 970 (2)
1625 935 1780 972 διελέγχει·
1799 937 1883 970 λέγει

239 987 326 1017 ceptts
340 982 449 1008 verbis:
468 979 596 1016 Spiritum
611 988 642 1006 ex
654 984 765 1014 paterna
787 980 922 1014 Ityposlasi
936 987 1027 1015 proce-

1082 977 1135 1013 γὰρ
1150 978 1249 1004 οὑτωσὶ
1268 979 1375 1014 ῥητῶς·
1392 981 1514 1015 Πνεῦμα
1530 981 1563 1008 τὸ
1588 981 1641 1016 τῆς
1657 982 1807 1016 πατρικῆς
1830 984 1884 1010 ἐκ·

240 1028 356 1054 dentem.
387 1025 491 1053 Deinde
517 1024 648 1059 quidnam
670 1024 754 1051 fuerit
772 1024 851 1057 illud,
876 1025 1028 1052 secundum

240 1074 315 1108 quod
337 1073 407 1100 uniti
425 1071 509 1100 sunt?
525 1071 658 1098 Naturam
677 1071 790 1099 forsitan
808 1071 902 1099 dicent
915 1071 955 1098 vel
972 1071 1029 1105 spi-

240 1120 357 1146 rativam
371 1118 516 1146 virtutem.
531 1118 585 1145 Sed
605 1118 628 1145 si
644 1117 756 1152 quidem
769 1126 802 1145 ex
814 1122 910 1144 natura
925 1117 1028 1152 prodit,

240 1166 321 1193 etiam
335 1173 368 1192 ex
383 1173 411 1192 sc
427 1165 486 1199 ipso
504 1165 654 1199 procedet;
673 1172 735 1191 nam
751 1164 907 1191 communis
921 1168 963 1191 est
981 1163 1030 1190 tri-

239 1211 292 1238 bus
308 1211 437 1245 personis
458 1215 564 1237 natura.
586 1210 614 1236 Si
635 1217 702 1237 vero
715 1217 748 1236 ex
766 1209 898 1244 spirativa
912 1210 1026 1242 virtute,

239 1257 312 1283 haue
326 1264 435 1290 quoque
448 1257 563 1282 deLeret
574 1255 694 1290 Spiritus
711 1256 870 1290 possidere;
882 1255 947 1288 Quir
958 1256 1029 1283 enim

239 1303 390 1330 communia
406 1306 467 1328 sunt
481 1301 557 1328 Patri
572 1306 595 1328 et
617 1300 700 1334 Filia,
714 1309 744 1327 ea
760 1301 908 1327 communia
927 1309 1029 1336 quoque

238 1354 300 1375 sunt
317 1348 441 1383 Spiritui,
473 1352 503 1374 ut
518 1347 608 1382 magni
637 1347 687 1374 viri
705 1347 849 1381 Dionysius
861 1351 890 1374 et
912 1347 1028 1374 Basilius

239 1394 327 1421 aiunt.
344 1393 444 1421 Verum
457 1401 582 1428 qua-nam
598 1397 640 1420 est
658 1393 768 1427 sapiens
783 1400 878 1420 eorum
905 1393 938 1420 ad
964 1394 1027 1426 hoc,

239 1441 296 1468 irno
312 1441 428 1467 ridicula
444 1440 608 1475 responsio?
627 1441 758 1472 llabcret,
774 1440 914 1474 inquiunt,
926 1447 987 1467 eam
1001 1443 1029 1467 et

238 1490 308 1522 ipse,
326 1487 378 1513 nisi
393 1488 563 1522 impossibile
581 1492 664 1520 esset,
680 1491 710 1514 ut
729 1496 758 1514 se
775 1487 863 1522 ipsutn
891 1487 1028 1521 produce-

239 1538 289 1560 nt.
307 1533 363 1560 lloc
378 1533 464 1567 igitur
480 1533 570 1560 simile
585 1539 628 1560 cst
646 1541 679 1560 ac
695 1534 718 1560 si
741 1534 804 1568 quis
819 1533 915 1560 ridens
928 1541 960 1560 ex
979 1541 1029 1560 sua

239 1580 328 1614 ipsius
346 1579 559 1606 ratiocinatione
575 1579 716 1611 concludi,
730 1579 868 1606 hominem
885 1587 946 1606 esse
960 1579 1029 1614 lapi-

239 1627 313 1657 dem.
340 1634 383 1657 ea,
403 1625 475 1653 unde
501 1626 553 1652 hoc
578 1624 765 1656 concluditur,
784 1633 819 1652 ne
846 1625 902 1652 ullo
917 1625 1027 1659 quidem

1081 1025 1288 1058 πορευόμενον
1301 1026 1511 1060 ὑποστάσεως.
1531 1028 1648 1054 Ἔπειτα
1674 1029 1720 1055 καὶ
1734 1030 1760 1055 τε
1783 1029 1819 1056 ἂν
1834 1029 1882 1064 εἷς

1080 1070 1170 1102 τοῦτο,
1186 1070 1247 1097 καθ’
1261 1071 1274 1097 ὃ
1287 1072 1356 1099 εἰσιν
1370 1073 1522 1107 ήνωμένοις
1540 1074 1595 1109 Τὴν
1612 1075 1693 1109 φύσιν
1708 1075 1805 1110 ἐροῦσι
1827 1084 1880 1102 τυ-

1080 1116 1128 1151 χὸν
1145 1116 1162 1151 ἢ
1175 1117 1224 1152 τὴν
1240 1117 1425 1153 προϐλητικὴν
1444 1119 1563 1155 δύναμιν
1574 1127 1581 1136 ·
1598 1121 1655 1147 ἀλλ’
1671 1122 1694 1147 el
1709 1121 1760 1156 μὲν
1775 1122 1810 1148 ἐκ
1825 1123 1881 1155 τῆς

1081 1163 1189 1198 φύσεως
1201 1164 1320 1200 πρόεισι,
1333 1166 1381 1192 καὶ
1395 1166 1424 1199 ἐξ
1437 1166 1534 1193 ἑαυτοῦ
1547 1168 1744 1203 προελεύσεται
1753 1176 1760 1183 '
1780 1170 1878 1195 κοινὸν

1080 1211 1135 1247 γὰρ
1148 1212 1206 1244 τοῖς
1220 1214 1310 1248 τρισὶν
1332 1213 1348 1247 ἠ
1364 1213 1461 1247 φύσις·
1480 1214 1504 1239 ει
1525 1213 1549 1240 δ’
1565 1214 1597 1240 ὲκ
1614 1214 1664 1249 τῆς
1680 1214 1878 1250 προσλητικῆς

1080 1258 1233 1294 δυνάμεως,
1256 1259 1303 1286 καὶ
1316 1259 1420 1295 ταύτην
1436 1259 1552 1294 ὤφειλεν
1563 1260 1637 1295 ἔχειν
1655 1261 1738 1288 αὑτό·
1761 1261 1800 1288 Τὰ
1817 1262 1876 1296 γὰρ

1080 1305 1166 1332 κοινὰ
1195 1305 1288 1339 Πατρὶ
1314 1305 1364 1332 καὶ
1384 1306 1439 1338 Υἱῴ
1462 1306 1549 1333 κοινὰ
1573 1307 1622 1333 καὶ
1646 1306 1686 1340 τῷ
1709 1308 1875 1342 Πνεύματι,

1079 1351 1216 1384 Διονύσιός
1232 1361 1298 1386 φασι
1314 1353 1361 1379 καὶ
1379 1353 1521 1384 Βασίλειος
1535 1354 1559 1379 οἱ
1579 1354 1704 1389 μεγάλοι.
1727 1355 1808 1382 ’Λλλά
1829 1357 1873 1387 τίς

1080 1396 1094 1422 ὁ
1110 1396 1190 1430 σοφὸς
1218 1397 1309 1424 αὐτῶν
1341 1397 1410 1432 πρὸς
1438 1397 1518 1424 τοῦτο
1547 1399 1754 1432 καταγέλαστος
1770 1400 1874 1434 λόγο;;

1080 1440 1160 1477 Εἷχεν
1176 1442 1220 1476 ἂν,
1242 1444 1321 1478 φησι,
1341 1443 1389 1470 καὶ
1408 1444 1474 1470 αὐτὸ
1491 1444 1606 1480 ταύτην,
1623 1445 1648 1471 ει
1677 1445 1715 1481 μὴ
1739 1446 1875 1473 ἀδύνατον

1079 1486 1113 1523 ἦν
1132 1489 1213 1516 ἑαυτὸ
1232 1490 1408 1525 προϐάλλειν.
1428 1491 1513 1518 Τοῦτο
1538 1492 1587 1527 μὲν
1600 1492 1647 1519 οὖν
1669 1494 1774 1528 ὅμοιον,
1791 1495 1829 1526 ὡς
1846 1495 1876 1520 εἴ

1079 1544 1120 1567 τις
1141 1536 1212 1570 ὁρῶν
1226 1538 1258 1563 ὲκ
1269 1539 1324 1564 τῶν
1343 1537 1440 1564 ἑαυτοῦ
1458 1539 1645 1573 συναγόμενον
1657 1540 1746 1574 λόγων
1765 1541 1810 1567 τὸν
1822 1543 1872 1568 ἂν-

1081 1580 1193 1615 θρωπον
1206 1581 1280 1608 λίθον
1294 1580 1375 1613 εἶναι,
1400 1583 1433 1609 τὰ
1454 1583 1515 1618 μὲν,
1530 1584 1592 1611 ὅθεν
1606 1585 1687 1612 τοῦτο
1711 1587 1871 1621 συνάγεται,

1083 1627 1146 1661 μηδ’
1166 1628 1319 1655 ὁπωστιοῦν
1343 1629 1514 1665 ἐπανορθοῦν
1530 1631 1662 1666 πειρῷτο,
1683 1633 1756 1667 λέγοι
1780 1634 1808 1661 δὲ
1832 1635 1872 1666 ὡς

240 1672 323 1699 modo
335 1672 474 1706 corrigere
492 1676 649 1703 Cunaretur,
674 1670 778 1698 diceret
793 1678 868 1703 vero,
888 1671 1027 1698 hominem

1082 1670 1116 1707 ἦν
1134 1673 1166 1699 ἂν
1186 1674 1199 1700 ὁ
1218 1673 1363 1709 ἄνθρωπος
1381 1675 1466 1709 λίθος,
1493 1677 1517 1703 sl
1539 1677 1576 1712 μὴ
1598 1665 1729 1706 ἀδύνατον
1740 1678 1773 1716 ἦν
1785 1679 1813 1706 τὸ
1827 1665 1872 1707 )o-

238 1726 305 1746 sane
322 1717 446 1744 [uturum
463 1717 599 1750 lapidem,
625 1718 676 1745 nisi
694 1717 866 1751 impossibile
890 1721 972 1748 esset,
1000 1721 1030 1743 ut

238 1765 348 1792 animal
370 1764 504 1792 rationale
533 1769 607 1791 esset
648 1764 831 1791 inanimatum
865 1768 949 1797 atque
976 1763 1029 1790 im-

238 1811 348 1838 mobile.

527 1867 752 1896 SCIlOLARlUS.

274 1926 426 1954 Credentes
453 1926 542 1953 Latini
568 1925 702 1960 Spiritum
732 1931 858 1953 sanctum
878 1927 1029 1961 procedere

235 1981 269 2000 ex
286 1972 357 1999 Filio
370 1973 473 1999 nullam
492 1972 590 1998 timent
607 1972 640 1998 ad
654 1971 804 1998 absurdum
819 1971 1027 2000 deductionem.

236 2019 332 2053 Neque
350 2018 422 2045 cnim
444 2017 468 2043 id
487 2017 604 2043 credunt
620 2021 650 2043 ut
674 2017 785 2052 proprio
803 2017 889 2044 Marte
909 2025 924 2045 a
941 2026 969 2046 se
987 2019 1029 2045 itt-

236 2070 360 2095 vcntutn,
382 2065 429 2090 sed
451 2066 485 2090 ab
505 2062 635 2090 Ecclesiae
658 2063 817 2091 doctoribus
832 2063 935 2098 edocti,
960 2072 1030 2100 quos

239 2110 311 2138 huuﬂ
327 2118 447 2145 unquam
465 2117 575 2137 errasse
595 2109 668 2137 circa
687 2113 740 2136 tam
756 2117 867 2144 gravem
884 2110 1028 2138 veritatem

238 2158 419 2189 arbitrantur,
447 2157 602 2192 praesertim
631 2164 694 2184 cum
722 2156 790 2183 tales
818 2164 851 2184 ac
880 2157 949 2183 tanti
977 2156 1028 2183 viri

238 2203 404 2231 exstiterint.
423 2202 512 2235 Quare
530 2209 619 2237 neque
638 2202 682 2234 iis,
703 2202 751 2236 qui
769 2202 808 2228 ita
829 2202 973 2229 dialectice
987 2202 1029 2229 in-

240 2253 381 2284 terrogant
405 2253 432 2275 et
456 2248 489 2275 ad
516 2247 666 2290 absurdu‘n
682 2255 731 2275 eos
756 2247 893 2275 deducere
921 2248 1028 2281 volunt,

235 2296 339 2331 aliquid
356 2294 522 2329 respondere
540 2296 626 2321 coacti
648 2298 722 2321 sunt.
740 2293 769 2320 Si
791 2294 864 2321 enim
890 2294 956 2329 quid
981 2294 1029 2321 ah-

1081 1719 1161 1753 γικδν
1174 1720 1242 1752 ζῶον
1258 1721 1362 1758 ἄψυχόν
1379 1731 1409 1749 τε
1421 1724 1470 1750 καὶ
1483 1724 1612 1760 ἀκίνητον
1625 1723 1707 1755 εἶναι.

1364 1865 1384 1891 0
1401 1865 1602 1894 ΣΧΟᾹΛΙἸΟΣ.

1116 1921 1146 1948 Ol
1162 1922 1270 1948 Λατῖνοι
1290 1921 1320 1948 τὸ
1339 1912 1452 1958 ilva-ipa
1468 1923 1497 1949 τὸ
1514 1924 1592 1958 ἆγιον
1617 1925 1816 1963 ἐκπορεύεσθαι
1831 1931 1863 1957 ἐκ

1079 1967 1126 1994 τοῦ
1143 1968 1209 1994 Υἰοῦ
1227 1969 1413 2002 πιστεύοντες,
1441 1971 1572 2005 οὐδεμίαν
1593 1973 1634 2005 εις
1662 1974 1762 2002 ἄτοπον
1781 1977 1866 2004 δεδία-

1081 2022 1123 2040 σιν
1139 2015 1304 2051 ἀπαγωγήν.
1329 2017 1366 2042 Οὐ
1382 2017 1435 2052 γὰρ
1451 2018 1559 2044 οἴκοθεν
1574 2020 1703 2055 εὑρόντες
1726 2023 1802 2050 τοῦτο
1819 2034 1863 2052 πι-

1081 2060 1232 2095 στεύουσιν,
1246 2061 1304 2088 ἀλλ’
1320 2063 1371 2089 ὑπὸ
1383 2064 1436 2090 τῶν
1451 2065 1501 2100 τῆς
1522 2065 1685 2102 Ἑκκλησίας
1698 2069 1863 2098 διδασκάλων

1081 2106 1227 2140 μαθόντες,
1250 2106 1297 2140 οὓς
1323 2108 1455 2143 ἡγοῦνται
1482 2110 1520 2146 μὴ
1550 2112 1582 2138 ἄν
1600 2121 1664 2140 ποτε
1697 2115 1862 2152 πλανηθῆναι

1080 2153 1145 2188 περὶ
1155 2154 1290 2190 τοσαύτην
1305 2154 1444 2191 ἀλήθειαν,
1463 2158 1508 2184 καὶ
1523 2158 1610 2186 ταῦτα
1623 2160 1770 2194 τοσούτους
1785 2163 1861 2195 ὄντας

1080 2201 1127 2227 καὶ
1145 2200 1336 2236 τηλικούτους,
1353 2202 1435 2229 Ὀθεν
1455 2203 1515 2230 οὐδὲ
1532 2205 1588 2236 τοῖς
1612 2206 1752 2241 ἐρωτῶσιν
1768 2209 1860 2237 οὑτωσὶ

1079 2246 1259 2279 διαλεκτικῶς
1276 2248 1324 2274 καὶ
1339 2249 1379 2280 εἰς
1395 2249 1495 2276 ἄτοπον
1512 2250 1687 2286 βουλομένοις
1704 2255 1818 2289 ἀπάγειν
1832 2256 1859 2288 ἐξ

1081 2294 1204 2328 ἀνάγκης
1221 2295 1253 2321 ἄν
1277 2303 1303 2321 τι
1330 2295 1390 2322 καὶ·
1406 2296 1614 2332 ἀποκρίνοιντο¹
1640 2300 1665 2325 εἰ
1691 2301 1745 2336 γάρ
1765 2310 1788 2328 τι
1814 2305 1858 2329 καὶ

235 2343 313 2371 surdi
330 2342 412 2369 etiam
432 2348 465 2368 ex
484 2340 536 2367 hac
551 2340 688 2367 sententia
705 2345 868 2374 sequeretur
881 2340 1027 2376 (ponamus

1082 2340 1182 2380 ἄτοπον
1200 2341 1232 2367 ἐκ
1246 2341 1349 2375 ταύτης
1365 2342 1511 2376 ἠκολούθει
1531 2343 1582 2378 τῆς
1595 2345 1674 2380 δόξης
1687 2347 1795 2382 (κείσθω
1807 2350 1857 2385 γὰρ

236 2390 282 2417 hic
310 2386 494 2422 impossibile)
510 2386 681 2414 :doctoribns
706 2386 799 2421 potius
816 2387 965 2414 convenire
982 2395 1028 2414 ar-

235 2439 388 2469 bitrantur,
413 2440 443 2463 ut
469 2436 495 2463 id
519 2435 688 2471 perspiciam.
714 2439 797 2470 atque
820 2434 948 2468 solvant;
974 2435 1027 2471 ipsi

236 2493 300 2514 vero
315 2492 344 2512 se
360 2483 434 2511 omni
450 2482 532 2510 modo
545 2488 622 2509 extra
637 2482 685 2509 has
698 2481 905 2508 criminationes
921 2482 1027 2516 positos

237 2539 297 2560 esse
330 2530 467 2557 afﬁrmant
493 2533 520 2556 et
546 2529 641 2556 multis
663 2528 755 2563 potius
785 2527 1026 2556 criminationibus

236 2578 376 2612 subjectos
401 2577 518 2602 credunt
535 2582 584 2602 eos
607 2574 654 2608 qui
677 2579 834 2602 sanctorum
854 2574 1020 2609 theologiam

238 2626 364 2649 evertere
382 2621 478 2647 volunt
498 2625 611 2654 propter
628 2619 753 2654 qumdam
780 2619 900 2647 absurda
925 2625 953 2648 et
974 2621 1026 2648 im-

237 2668 390 2704 possibilia,
406 2675 468 2702 qu:e
494 2667 609 2693 fortasse
634 2674 666 2693 ex
683 2673 714 2693 ea
732 2666 855 2694 doctrina
879 2667 1024 2700 accidunt;

237 2714 285 2741 tali
310 2715 382 2741 enim
400 2718 480 2748 pacto
493 2712 577 2740 etiam
591 2719 683 2739 veram
708 2712 789 2740 iidem
807 2712 962 2740 universam
979 2713 1025 2747 qui

237 2759 288 2786 ista
314 2758 417 2785 audent
440 2758 534 2784 multis
557 2757 765 2785 dillicultatibus
791 2757 954 2792 rcplebunt,
981 2758 1025 2785 cui

237 2804 300 2832 ﬁdei
315 2805 418 2839 pluries
438 2804 592 2831 naturalem
618 2803 753 2831 rationem
771 2805 960 2831 adversantem
982 2805 1024 2831 vi—

275 2864 313 2899 (Ι)
325 2863 460 2890 Mon.256
478 2863 562 2895 [βπ
577 2872 602 2896 a,
618 2868 733 2899 estcap.
755 2864 785 2890 l7

270 2900 310 2935 ('2)
327 2899 375 2925 Ποῖ
392 2900 444 2934 μὴν
458 2899 539 2927 habet
556 2899 628 2927 Men.
644 2899 707 2926 256.

1079 2386 1110 2413 τδ
1130 2386 1288 2420 ἀδύνατον),
1305 2387 1385 2414 τοῦτο
1411 2388 1460 2415 καὶ
1475 2390 1594 2426 συνορᾷν
1609 2392 1657 2418 καὶ
1674 2392 1748 2420 λύειν
1763 2394 1858 2428 ἁρμότ-

1079 2441 1137 2458 τειν
1153 2434 1212 2465 τοῖς
1237 2433 1411 2465 διδασκάλοις
1428 2434 1529 2469 μᾶλλον
1551 2436 1710 2471 νομίζουσιν
1723 2446 1730 2454 '
1746 2440 1814 2466 αὐτοὶ
1829 2441 1856 2467 δὲ

1079 2479 1255 2506 παντάπασιν
1275 2479 1327 2512 ἔξω
1345 2480 1399 2506 τῶν
1419 2481 1606 2516 ἐγκλημάτων
1621 2483 1726 2511 τούτων
1752 2486 1853 2513 ἑστάναι

1079 2527 1157 2561 φασὶ,
1185 2526 1293 2558 πολλοῖς
1310 2525 1338 2552 δὲ
1368 2526 1472 2561 μᾶλλον
1497 2528 1672 2564 ἐγκλήμασιν
1705 2531 1854 2559 ὑποκεῖσθαι

1079 2574 1240 2601 πιστεύουσι
1254 2574 1317 2606 τοὺς
1329 2575 1454 2609 ἀναιρεῖν
1467 2574 1647 2610 βουλομένους
1658 2578 1707 2614 τὴν
1717 2579 1768 2605 τῶν
1776 2579 1853 2614 ἁγίων

1079 2622 1220 2656 θεολογίαν
1233 2621 1278 2648 διὰ
1296 2621 1330 2647 τὰ
1342 2622 1374 2648 ἐκ
1388 2623 1436 2649 τοῦ
1450 2623 1538 2658 Λόγου
1552 2625 1782 2660 ὲπισυμὸαίνοντα
1796 2627 1853 2658 iam;

1080 2668 1168 2696 ἄτοπα
1186 2667 1235 2696 καὶ
1254 2667 1384 2695 ἀδύνατα.
1409 2667 1489 2696 Οὕτω
1514 2671 1569 2704 γὰρ
1595 2673 1643 2699 καὶ
1661 2673 1711 2706 τὴν
1737 2673 1853 2709 ἀληθινὴν

1080 2715 1175 2741 πίστιν
1197 2716 1308 2742 ἅπασαν
1335 2714 1442 2742 πολλῶν
1458 2717 1583 2752 ἀποριῶν
1606 2718 1804 2754 ἁναπλήσουσιν
1829 2720 1852 2746 οἱ

1081 2760 1168 2786 ταῦτα
1181 2760 1347 2795 τολμῶντες,
1407 2761 1543 2797 πολλαχοῦ
1558 2764 1673 2797 φυσικὸν
1690 2765 1853 2800 ἐναντιούμε-

1082 2814 1127 2833 νον
1150 2806 1190 2842 (5)
1207 2806 1286 2840 λόγον
1299 2807 1375 2834 ἔστιν
1393 2807 1468 2842 ἰδεῖν,
1485 2812 1533 2836 καὶ
1547 2810 1597 2842 τὰς
1611 2810 1660 2845 τῆς
1672 2811 1784 2843 πίστεως
1797 2812 1853 2839 ὁπο-

1120 2866 1158 2901 (3)
1174 2866 1246 2895 Men.
1261 2867 1296 2895 27
1311 2867 1329 2900 Γ,
1343 2868 1396 2896 219
1414 2870 1429 2897 b
1449 2877 1457 2896 :

1077 2909 1164 2933 μενοι.

1479 2867 1496 2905 ἦ
1525 2870 1658 2906 πολλαχοῦ
1683 2880 1713 2906 φ.
1732 2871 1852 2898 ἐναντιού-
