1913 3060
240 167 289 200 I21

851 161 1019 192 GEORGlI
1037 159 1244 191 SCHOLARH

1832 158 1891 190 1°28

239 222 464 259 quandoquidem
486 219 586 249 sufﬁcit
623 219 692 255 ipsis
708 217 904 253 _lcstim0nittm
927 220 968 244 tot
1001 220 1160 244 sanctorum
1193 215 1345 242 dicentium
1384 223 1415 242 ex
1448 214 1666 250 FiliuSpEritum
1707 217 1894 251 proeederc,

239 270 353 299 dubium
371 275 438 296 vero
453 268 492 295 eis
508 275 562 294 non
578 270 629 299 est,
648 265 715 300 quin
734 272 766 292 ex
779 264 840 291 Filii
856 263 997 298 liypostasi
1015 262 1166 297 procedere
1185 262 1237 289 hoc
1255 263 1344 297 ipsum
1362 262 1406 293 sit,
1424 263 1497 296 quod
1517 263 1666 296 procedere
1683 271 1716 290 ex
1733 263 1826 290 Filio.

473 324 597 352 EPIIES.
614 323 691 351 CAP.
709 322 777 351 XVI.

276 385 398 420 Spiritus
408 386 521 410 sanctus
540 389 572 408 ex
589 381 670 408 Patre
686 384 714 408 et
730 379 800 407 Filio
817 378 972 414 procedens
982 381 1029 405 aut

239 437 377 468 quatenus
399 434 464 458 sunt
487 428 610 456 distincti
632 427 666 454 ab
687 427 731 454 liis
745 426 881 461 procedit,
896 430 944 453 aut
959 433 1028 460 qna-

241 484 322 505 tenus
348 480 413 503 sunt
439 475 521 502 uniti.
545 474 574 502 Si
599 474 712 509 quidem
730 478 868 508 quatenus
883 477 948 500 sunt
970 471 1029 499 dis-

241 524 320 551 tincti
343 529 370 550 et
398 523 470 554 duo,
496 521 531 549 ab
556 521 599 548 cis
624 519 761 555 procedit,
787 519 909 547 distincti
935 522 1027 545 autem

239 575 304 598 sunt
317 571 469 597 secundum
483 568 644 602 liypostases
661 570 685 593 et
703 565 757 593 duo
773 574 779 598 ;
795 573 829 592 ex
843 564 951 592 duabus
962 571 1029 599 ergo

239 615 435 651 liypostasibus
448 613 568 648 Spiritus
582 617 695 639 sanctus
707 611 809 647 prodit,
826 616 853 638 et
866 610 965 638 exinde
980 617 1029 637 ne-

239 661 360 688 cessario
389 668 422 687 ex
450 660 559 685 duobus
587 664 697 692 quoque
724 656 880 691 principiis.
909 655 937 682 Si
962 662 1028 682 vero

239 712 376 742 quatenus
392 709 457 732 sunt
485 704 574 736 uniti,
589 703 680 738 primo
698 702 810 737 quidem
832 709 887 729 non
911 702 1029 736 amplius

239 754 298 788 ipse
316 752 436 786 Spiritus
451 759 465 778 ιι
491 750 572 777 Patre
588 754 615 776 et
629 749 700 776 Filio
713 748 803 783 prodit
816 752 953 782 quatenus
965 752 1030 775 sunt

239 799 373 829 distincti.
390 805 456 832 ergo
474 805 529 824 non
548 804 581 824 ex
600 795 795 831 ltypostasibus
808 802 904 822 eorum
918 794 1028 829 prodit;

239 853 330 879 neque
348 844 432 878 igitur
445 851 479 870 ex
494 848 608 877 paterna
622 840 762 877 liypostasi
774 861 781 873 ,
794 848 883 874 neque
897 847 930 867 ex
944 840 1030 874 hypo-

241 891 308 918 slasi
336 889 416 921 Filii;
447 889 522 922 atqui
543 887 609 914 illud
626 894 739 919 verum,
768 886 819 913 hoc
836 893 901 912 vero
932 885 1029 912 falsum

241 936 392 971 Gregorius
403 935 544 971 Nysscnus
563 933 703 960 convincit
718 941 725 964 ;
742 933 780 959 ait
804 931 878 959 cnim
907 932 944 958 ita
964 939 1031 958 con-

1112 352 1125 365 .
1299 321 1432 347 ΕψΕΣΟΥ
1449 320 1527 347 ΚΕΦ.
1549 321 1597 354 ις’
1616 321 1666 357 (1).

1117 377 1154 404 Τὸ
1170 377 1284 413 Πνεῦμα
1296 377 1327 404 τὸ
1344 377 1423 412 ἅγιον
1439 378 1470 404 ὲκ
1487 378 1593 413 Πατρος
1611 379 1657 405 καὶ
1680 378 1746 405 Υῑοῦ
1773 387 1895 414 προερ-

1079 423 1194 459 χόμενον
1218 424 1233 458 ἢ
1255 423 1322 450 καθό
1343 424 1395 450 εἰσι
1416 424 1622 459 διακεκριμένοι
1647 424 1755 452 τούτων
1776 425 1870 460 πρόει

1080 477 1133 502 σιν,
1149 470 1165 505 ἥ
1181 469 1249 496 καθό
1271 470 1342 496 εἰσιν
1363 470 1511 505 ήνωμένοι.
1534 470 1566 497 Εἰ
1589 471 1640 506 μὲν
1661 470 1708 498 οὖν
1725 471 1800 498 καθό
1826 472 1852 497 εἰ

1079 516 1285 551 διακεκριμένοι
1316 517 1363 543 καὶ
1390 516 1447 550 δύο,
1474 516 1578 543 τούτων
1605 519 1788 553 προέρχεται,
1819 518 1848 544 δι

1079 562 1239 597 κεκριμένοι
1249 562 1277 589 δέ
1293 562 1347 588 εἰσι
1363 564 1434 589 κατὰ
1448 563 1497 594 τὰς
1516 563 1683 596 ὑποστάσεις
1697 565 1744 590 καὶ
1759 564 1827 597 δύο,

1079 607 1126 635 δύο
1145 609 1199 644 ἄρα
1220 609 1398 637 ὑποστάσεων
1423 610 1454 636 τδ
1474 609 1587 645 Πνεῦμα
1603 610 1634 636 τὸ
1657 612 1734 645 ἆγιον
1749 612 1838 646 πρόει

1080 654 1230 681 κὰντεῦοεν
1260 656 1292 681 ὲκ
1312 655 1359 681 δύο
1374 656 1467 691 ἀρχῶν
1481 656 1509 690 ἐξ
1535 657 1671 692 ἀνάγκης.
1692 657 1722 683 El
1748 658 1779 684 δὲ
1809 666 1846 684 κσ

1081 700 1152 726 εἰσιν
1169 701 1315 736 ἡνωμένοι,
1343 701 1454 737 πρῶτον
1486 702 1535 736 μὲν
1557 703 1651 729 οὐκέτι
1679 702 1709 729 τὸ
1725 703 1807 735 αὐτὸ,
1830 713 1848 729 κ

1081 746 1149 772 καθό
1165 747 1218 773 εἰσι
1231 747 1438 782 διακεκριμένοι
1460 748 1565 775 τούτων
1581 749 1706 783 πρόεισιν
1719 757 1726 764 ·
1741 750 1797 776 οὐκ
1821 749 1860 783 ἄρ

1082 793 1114 819 ἐκ
1131 793 1186 820 τῶν
1211 793 1390 821 ὑποστάσεων
1415 794 1507 823 αὐτῶν
1519 795 1662 830 πρόεισινθ
1680 794 1736 822 οὔτ’
1761 796 1822 830 ἄρα
1847 798 1875 821 ὲ)

1081 839 1130 873 τῆς
1154 841 1291 874 πατρικῆς
1308 840 1485 872 ὑποστάσεως
1513 839 1572 867 οὔτ’
1598 842 1629 868 ἐκ
1657 842 1706 876 τῆς
1734 841 1784 868 τοῦ
1811 842 1887 868 Υῐοῦ

1082 884 1277 917 ὑποστάσεως·
1293 885 1363 912 ἀλλὰ
1383 887 1412 913 τὸ
1437 887 1486 922 μὲν
1514 887 1625 921 ἁληυὲς,
1642 888 1672 914 τὸ
1694 887 1723 914 δὲ
1739 887 1847 922 ψεῦδος
1870 888 1887 913 ὁ

1081 930 1130 965 τῆς
1144 930 1254 966 Νύσσης
1271 932 1423 968 Γρηγόριος
1442 934 1478 968 πῆ
1499 933 1548 967 μὲν
1563 934 1601 969 (Ξ)
1626 934 1781 970 διελέγχει’
1800 935 1885 968 λέγει

240 988 327 1017 ccptts
341 981 449 1008 verbis:
469 979 597 1015 Spiritum
612 987 643 1006 εει
655 984 766 1014 paterna
789 979 923 1014 hypostasi
937 987 1029 1014 proce-

1084 977 1136 1012 γὰρ
1151 977 1250 1004 οὑτωσὶ
1269 978 1375 1012 ῥητῶς·
1393 979 1515 1014 Πνεῦμα
1530 980 1563 1007 τὸ
1589 979 1642 1014 τῆς
1658 980 1808 1015 πατρικῆς
1830 982 1886 1008 ἐκ-

241 1028 357 1054 dentem.
387 1025 492 1053 Deinde
518 1024 649 1059 quidnam
672 1024 755 1051 fuerit
774 1024 852 1056 illud,
877 1024 1029 1051 secundum

241 1075 316 1108 quod
338 1072 408 1100 uniti
426 1072 510 1099 sunt?
526 1071 659 1098 Naturam
678 1071 792 1098 forsitan
809 1071 903 1098 dicent
916 1070 957 1098 vel
973 1070 1030 1104 spi-

241 1119 358 1146 rativam
372 1118 517 1145 virtutem.
533 1117 586 1145 Sed
607 1118 629 1144 si
645 1117 757 1152 quidem
770 1125 803 1144 ex
816 1121 912 1144 natura
926 1116 1029 1152 prodit,

241 1166 322 1192 etiam
336 1173 369 1192 ex
384 1173 413 1192 sc
428 1165 488 1199 ipso
505 1165 635 1199 procedet
649 1172 656 1197 ;
674 1172 736 1191 nam
753 1163 908 1191 communis
923 1167 964 1190 est
983 1163 1031 1190 tri-

241 1211 293 1238 bus
309 1211 439 1245 personis
460 1214 565 1237 natura.
587 1210 615 1236 Si
637 1217 703 1237 rero
717 1216 749 1236 ex
767 1209 899 1244 spirativa
913 1210 1027 1241 virtute,

240 1257 313 1283 lianc
328 1263 437 1290 quoque
450 1256 564 1282 deteret
575 1254 696 1289 Spiritus
713 1255 872 1289 possidere;
884 1254 949 1287 Qui?
959 1256 1030 1282 enim

240 1303 391 1330 camumnia
408 1305 469 1328 sunt
483 1301 559 1328 Patri
574 1305 597 1327 et
618 1299 701 1333 Filio,
715 1308 746 1326 ea
761 1301 909 1326 communia
928 1308 1030 1335 quoque

240 1354 301 1374 ειιηι
319 1348 443 1382 Spiritui,
475 1351 505 1373 ut
519 1347 610 1382 magni
639 1347 689 1373 viri
707 1346 852 1381 Dionysius
863 1351 891 1373 et
913 1345 1030 1373 Basilius

241 1394 328 1421 aiunt.
345 1393 446 1420 Verum
459 1400 584 1428 quautam
600 1397 642 1419 est
660 1392 769 1427 sapiens
784 1399 879 1419 eorum
906 1392 940 1419 ad
966 1393 1029 1425 hoc,

241 1441 297 1468 imo
314 1440 430 1467 ridicula
445 1440 610 1475 responsio?
629 1440 760 1472 llaberet,
775 1440 916 1474 inquiunt,
928 1446 989 1466 eam
1003 1443 1031 1466 et

240 1490 310 1522 ipse,
328 1487 380 1513 nisi
395 1487 565 1521 impossibile
582 1492 666 1519 essrt,
682 1491 712 1513 ut
731 1495 760 1514 se
776 1487 865 1521 ipsum
893 1486 1029 1520 produce-

240 1541 262 1560 τι
273 1538 291 1560 t.
309 1533 364 1560 lloc
380 1533 465 1567 igitur
481 1532 572 1560 simile
587 1538 629 1560 est
648 1541 681 1560 ac
697 1533 720 1559 si
743 1533 806 1567 quis
821 1532 916 1559 ridens
929 1540 962 1559 ex
981 1539 1030 1559 sua

241 1580 330 1614 ipsius
348 1579 562 1606 ratiocinatione
577 1579 718 1610 concludi,
732 1579 871 1605 hominem
888 1585 948 1605 esse
962 1578 1031 1613 lapi-

241 1627 315 1656 dem,
342 1633 385 1656 ea,
405 1625 478 1652 unde
503 1625 555 1652 hoc
580 1624 767 1655 concluditur.
786 1632 821 1651 ne
849 1625 904 1651 ullo
919 1624 1029 1659 quidem

242 1671 324 1699 modo
337 1671 476 1705 corrigere
494 1675 651 1702 conaretur,
676 1669 781 1697 diceret
795 1678 871 1702 vero,
891 1670 1029 1697 [nominent
1044 1664 1066 1693 (ἶ

241 1725 307 1745 sane
325 1717 448 1744 luturum
465 1717 601 1749 lapidem,
626 1716 679 1744 nisi
697 1716 869 1751 impossibile
892 1721 974 1748 esset,
1001 1719 1032 1742 ut

240 1764 350 1792 animal-
372 1763 507 1791 rationale
535 1768 609 1790 esset
650 1763 833 1790 iuanimatum
867 1767 951 1796 atque
978 1762 1031 1788 im-

240 1810 350 1838 mobile.

529 1866 756 1895 SCllOLARlUS.

276 1925 428 1954 Credentes
455 1925 544 1952 Latini
570 1925 705 1960 Spiritum
735 1930 861 1952 sanctum
880 1925 1032 1960 procedere

238 1981 271 2000 ex
289 1972 359 1999 Filio
372 1972 475 1999 nullam
495 1971 593 1998 linit-nt
610 1971 642 1997 ad
657 1970 807 1998 absurdum
821 1970 1029 1999 deductionem.

237 2019 334 2052 Neque
352 2018 424 2044 enim
446 2017 470 2043 Id
489 2016 607 2043 credunt
622 2021 652 2042 ut
677 2016 789 2051 proprio
807 2016 892 2043 Marte
911 2024 927 2044 a
943 2025 972 2044 se
989 2017 1032 2045 iti-

238 2070 362 2095 ventum,
385 2064 431 2090 sed
453 2066 488 2090 ab
508 2062 637 2090 Ecclesia:
661 2062 820 2090 doctoribus
835 2063 938 2097 edocti,
963 2071 1032 2098 quos

241 2110 314 2138 buu'd
329 2117 449 2145 unquam
468 2117 577 2136 errasse
598 2109 671 2136 circa
690 2113 743 2136 tam
759 2117 870 2143 gravem
886 2109 1030 2137 veritatem

240 2158 421 2189 arbitrantur,
450 2157 604 2191 prmsertim
634 2163 697 2183 cum
725 2155 793 2182 tales
822 2163 854 2183 ac
883 2155 952 2182 tanti
980 2155 1030 2182 viri

241 2203 407 2231 exstiterint.
426 2202 515 2235 Quare
533 2209 622 2236 neque
641 2201 685 2234 iis,
706 2201 754 2236 qui
772 2201 812 2228 ita
833 2200 976 2228 dialectice
989 2200 1032 2227 in-

242 2254 384 2284 terrogant
407 2253 435 2275 et
459 2248 491 2275 ad
519 2247 669 2289 absurdu‘n
685 2254 734 2274 eos
759 2246 896 2274 deducere
923 2246 1030 2280 volunt,

238 2295 343 2331 aliquid
359 2294 525 2329 respondere
542 2295 629 2320 coacti
650 2297 725 2320 sunt.
743 2292 772 2320 Si
795 2293 868 2320 enim
893 2293 959 2328 quid
983 2292 1032 2320 ab-

1083 1024 1290 1057 πορευόμενον
1303 1025 1512 1058 ὑποστάσεως.
1532 1026 1648 1053 Ἔπειτα
1675 1027 1721 1054 καὶ
1735 1028 1762 1053 τί
1784 1027 1820 1054 ἂν
1834 1027 1883 1062 εἴη

1081 1069 1172 1100 τοῦτο,
1187 1069 1247 1096 καθ’
1262 1070 1276 1096 ὃ
1288 1071 1356 1097 εἰσιν
1371 1071 1524 1106 ὴνωμένοι;
1541 1073 1596 1108 Τὴν
1614 1073 1694 1107 φύσιν
1708 1073 1806 1108 ἐροῦσι
1828 1082 1882 1099 τυ-

1081 1115 1129 1150 χὸν
1147 1115 1163 1149 ἢ
1176 1115 1225 1151 τὴν
1241 1116 1426 1152 προὸλητικὴν
1445 1117 1564 1152 δύναμιν
1576 1126 1582 1134 ·
1599 1119 1656 1145 ἀλλ’
1671 1120 1696 1146 ει
1710 1119 1761 1154 μὲν
1776 1121 1810 1146 ὲκ
1826 1121 1882 1152 τῆς

1082 1163 1190 1197 φύσεως
1203 1163 1321 1198 πρόεισι,
1335 1165 1382 1190 καὶ
1396 1164 1425 1197 ἑξ
1438 1165 1536 1191 ἑαυτοῦ
1549 1166 1761 1201 προελεύσετκν
1782 1167 1880 1193 κοινὸν

1082 1210 1136 1245 γὰρ
1149 1211 1207 1242 τοῖς
1221 1212 1311 1246 τρισὶν
1333 1212 1349 1246 ἡ
1365 1211 1462 1246 φύσις·
1481 1212 1506 1238 ει
1527 1211 1550 1238 δ’
1566 1213 1598 1238 ὲκ
1615 1213 1666 1247 τῆς
1681 1213 1879 1248 προϐλητικῆς

1081 1257 1235 1292 δυνάμεως,
1257 1258 1304 1284 καὶ
1318 1258 1422 1293 ταύτην
1437 1257 1553 1293 ὠφειλεν
1565 1258 1638 1294 ἐλειν
1656 1260 1723 1286 αὑτό
1733 1267 1739 1274 ·
1762 1259 1801 1286 Τὰ
1818 1260 1877 1294 γὰρ

1081 1304 1168 1331 κοινὰ
1196 1304 1289 1337 Harp!
1315 1304 1365 1330 καὶ
1385 1305 1440 1337 Υὶῷ
1463 1304 1550 1331 κοινὰ
1575 1305 1623 1332 καὶ
1647 1304 1687 1338 τῷ
1710 1306 1876 1341 Πνεύμίιτι,

1081 1350 1218 1382 Διονύσιός
1234 1359 1300 1385 φασι
1316 1352 1363 1378 καὶ
1380 1351 1523 1383 Βασίλειος
1537 1352 1560 1378 οἱ
1580 1352 1706 1387 μεγάλοι.
1729 1353 1809 1380 Ἀλλὰ
1830 1354 1875 1385 τίς

1081 1395 1191 1430 όσοφὸς
1219 1395 1311 1422 αὐτῶν
1342 1396 1412 1431 πρὸς
1440 1396 1520 1423 τοῦτο
1549 1397 1755 1430 καταγέλαστος
1772 1398 1876 1432 λόγο;;

1081 1439 1161 1476 Εἷχεν
1177 1441 1221 1475 ἂν,
1244 1443 1322 1477 φησὶ,
1343 1443 1391 1469 καὶ
1409 1442 1475 1469 αὐτὸ
1492 1443 1607 1478 ταύτην,
1625 1444 1649 1469 εξ
1679 1443 1716 1479 μὴ
1741 1444 1877 1471 ἀδύνατον

1081 1485 1115 1521 ἦν
1133 1488 1215 1515 ἑαυτὸ
1233 1489 1410 1524 προϐάλλειν.
1429 1489 1515 1517 Τοῦτο
1539 1491 1589 1525 μὲν
1602 1490 1648 1518 οὖν
1671 1492 1776 1526 ὅμοιον,
1792 1493 1830 1524 ὡς
1847 1493 1878 1518 εἴ

1081 1542 1122 1565 τις
1143 1535 1213 1569 ὁρῶν
1227 1536 1260 1561 ὲκ
1271 1537 1326 1562 τῶν
1345 1536 1442 1563 ἑαυτοῦ
1459 1537 1748 1573 συναγόμενοννλὸγων
1767 1539 1811 1565 τὸν
1823 1541 1873 1566 ᾱν-

1083 1579 1194 1614 θρωπον
1207 1580 1282 1606 λίθον
1296 1578 1376 1612 εἶναι,
1401 1582 1435 1608 τὰ
1456 1582 1517 1616 μὲν,
1532 1583 1593 1610 ὅθεν
1608 1584 1689 1610 τοῦτο
1713 1585 1873 1618 συνάγεται,

1085 1626 1148 1660 μηδ’
1167 1627 1322 1654 ὁπωστιοῦν
1344 1628 1516 1664 ἐπανορθοῦν
1532 1630 1664 1665 πειρῷτο,
1685 1631 1758 1666 λέγοι
1781 1633 1810 1659 δὲ
1833 1633 1874 1664 ὡς

1084 1669 1118 1706 ἦν
1135 1671 1168 1698 ἃν
1187 1673 1201 1698 ὁ
1220 1672 1364 1708 ἄνθρωπος
1383 1673 1467 1707 λίθος,
1495 1675 1519 1701 sl
1541 1675 1578 1710 μὴ
1600 1676 1731 1704 ἀδύνατον
1742 1677 1775 1713 ἦν
1787 1678 1815 1705 τὸ
1829 1679 1874 1706 λο-

1083 1718 1162 1751 γικὸν
1176 1719 1245 1751 ζῶον
1261 1720 1364 1756 ἄψυχόν
1381 1730 1411 1748 τε
1423 1722 1471 1748 καὶ
1485 1723 1615 1758 ἀκίνητον
1626 1722 1709 1753 εἶναι.

1366 1863 1386 1890 0
1403 1864 1604 1892 ΣΧΟΛΛΡΙΟΣ.

1118 1920 1149 1947 01
1164 1920 1273 1946 Λατῖνοι
1292 1920 1322 1947 τὸ
1341 1911 1455 1957 ᾗνεῦμα
1470 1922 1499 1948 τὸ
1517 1922 1595 1957 ἅγιον
1619 1924 1818 1962 ἐκπορεύεσθαι
1833 1929 1865 1955 ὲκ

1082 1965 1129 1993 τοῦ
1146 1967 1211 1993 Υῐοῦ
1229 1967 1415 2001 πιστεύοντες,
1443 1969 1575 2004 οὐδεμίαν
1596 1972 1636 2004 εις
1664 1972 1764 2000 ἄτοπον
1782 1975 1868 2003 δεδία-

1083 2021 1125 2039 σιν
1141 2013 1306 2049 ἀπαγωγήν.
1331 2015 1368 2041 Οὐ
1383 2015 1437 2050 γὰρ
1453 2016 1561 2043 οἴκοθεν
1576 2018 1705 2054 εὑρόντες
1729 2021 1804 2048 τοῦτο
1821 2032 1865 2050 πι-

1083 2059 1234 2094 στεύουσιν,
1249 2060 1307 2087 ἀλλ’
1322 2061 1374 2087 ὑπὸ
1385 2062 1438 2088 τῶν
1454 2063 1503 2098 τῆς
1525 2063 1687 2100 Ἐκκλησίας
1700 2067 1865 2096 διδασκάλων

1083 2105 1230 2139 μαθόντες,
1253 2105 1300 2138 οὒς
1326 2106 1457 2141 ἡγοῦνται
1485 2108 1522 2144 μὴ
1552 2109 1585 2136 ἄν
1602 2120 1666 2138 ποτε
1699 2113 1864 2151 πλανηθῆναι

1082 2152 1147 2186 περὶ
1157 2153 1292 2189 τοσαύτην
1308 2153 1447 2189 ἀλήθειαν,
1465 2156 1511 2182 καὶ
1525 2156 1612 2184 ταῦτα
1625 2159 1771 2192 τοσούτους
1787 2161 1864 2194 ὄντας

1082 2200 1129 2226 καὶ
1148 2198 1338 2234 τηλικούτους,
1356 2200 1437 2228 Ὅθεν
1458 2202 1518 2228 οὐδὲ
1535 2203 1590 2235 τοῖς
1615 2204 1755 2239 ἐρωτῶσιν
1770 2207 1863 2235 οὑτωσὶ

1082 2244 1262 2278 διαλεκτικῶς
1279 2246 1326 2273 καὶ
1342 2247 1381 2278 εἰς
1397 2247 1498 2274 ἄτοπον
1514 2249 1690 2285 βουλομένοις
1707 2253 1820 2287 ἀπάγειν
1835 2255 1862 2287 ἐξ

1084 2292 1207 2327 ἀνάγκης
1224 2293 1256 2320 ἄν
1280 2302 1306 2320 τι
1333 2293 1381 2320 καὶ
1409 2294 1617 2330 ἀτιοκρὶνοιντο⁸
1643 2297 1668 2324 εὶ
1693 2299 1748 2334 γάρ
1763 2308 1791 2326 ,τι
1817 2303 1861 2327 καὶ

239 2343 316 2371 surdi
333 2341 415 2369 etiam
435 2348 468 2368 ex
487 2340 538 2367 hac
554 2339 690 2367 sententia
708 2344 871 2374 sequeretur
884 2339 1029 2374 (ponamus

1084 2339 1185 2365 ἄτοπον
1203 2339 1234 2366 ἐκ
1249 2339 1351 2374 ταύτης
1367 2340 1514 2375 ἠκολούθει
1534 2342 1584 2376 τῆς
1598 2343 1677 2378 δόξης
1691 2345 1797 2380 (κείσθω
1809 2348 1861 2383 γὰρ

239 2390 285 2417 hic
313 2386 498 2422 impossibile)
513 2386 684 2413 :doctoribus
709 2386 803 2420 potius
819 2386 968 2413 convenire
985 2394 1030 2413 ar-

238 2439 391 2469 bitrantur,
416 2440 446 2463 ut
472 2435 497 2462 id
522 2435 691 2471 perspiciant
717 2439 800 2469 atque
823 2432 951 2466 solvant;
977 2434 1030 2470 1μεὶ

239 2492 303 2513 vero
318 2492 347 2511 sc
364 2483 437 2510 omni
453 2482 535 2509 modo
548 2488 625 2509 extra
640 2481 688 2508 has
701 2480 908 2508 criminationes
924 2480 1030 2515 positos

239 2538 301 2559 esse
333 2529 470 2556 atlirmant
495 2533 523 2555 et
549 2528 644 2555 multis
667 2527 759 2562 potius
788 2526 1029 2554 criminationibus

239 2577 379 2612 subjectos
404 2576 522 2602 credunt
539 2581 587 2601 eos
611 2573 657 2608 qui
680 2578 838 2601 sanctorum
857 2573 1023 2608 theologiam

241 2626 368 2649 erertere
386 2621 482 2647 volunt
502 2624 614 2654 propter
631 2618 756 2653 quaedam
783 2618 904 2646 absurda
928 2623 956 2646 ct
978 2619 1029 2646 im-

240 2668 394 2703 possibilia,
410 2674 471 2702 quae
497 2666 612 2693 fortasse
637 2673 670 2692 ex
686 2673 717 2692 ea
735 2665 859 2693 doctrina
882 2665 1028 2698 accidunt;

240 2714 288 2741 tali
313 2715 385 2741 enim
403 2717 483 2747 pacto
497 2711 581 2739 etiam
595 2718 686 2738 veram
711 2711 792 2738 ﬁdem
810 2711 965 2739 universam
982 2711 1028 2746 qui

240 2759 292 2786 ista
317 2758 420 2785 audent
444 2757 537 2784 multis
560 2755 768 2784 dillicultatibus
794 2756 957 2791 replebunt,
985 2757 1028 2784 cui

241 2804 304 2831 ﬁdei
317 2804 421 2839 pluries
442 2803 596 2830 naturalem
621 2803 756 2830 rationem
774 2803 964 2830 adversantem
986 2803 1028 2830 vi-

279 2863 316 2898 (l)
329 2862 400 2889 Men.
411 2862 463 2889 εδδ
482 2862 501 2894 ι,
512 2847 565 2890 2‘95
580 2871 606 2895 τι,
622 2867 664 2890 est
677 2871 737 2898 cap.
757 2863 789 2890 η

273 2899 313 2934 (ἓ)
330 2898 378 2924 Ποῖ
396 2898 448 2933 μὴν
462 2898 543 2926 habet
559 2899 632 2926 Mon.
647 2899 710 2926 256.

1082 2384 1113 2411 τὸ
1133 2384 1291 2418 ἀδύνατον),
1308 2386 1388 2412 τοῦτο
1413 2387 1463 2413 καὶ
1478 2389 1597 2424 συνορᾷν
1612 2390 1660 2416 καὶ
1677 2390 1751 2418 λύειν
1766 2392 1860 2426 ἁρμότο

1081 2439 1139 2457 τειν
1156 2432 1215 2462 τοῖς
1240 2431 1414 2464 διδασκάλοις
1431 2432 1532 2468 μᾶλλον
1554 2434 1713 2469 νομίζουσιν
1726 2444 1733 2452 ·
1749 2438 1816 2464 αὐτοὶ
1832 2439 1858 2465 δὲ

1082 2478 1258 2505 παντάπασιν
1278 2478 1330 2510 ἔξω
1348 2478 1402 2504 τῶν
1423 2479 1609 2514 ἐγκλημάτων
1624 2481 1729 2509 τούτων
1754 2484 1855 2510 ἑστάναι

1082 2525 1159 2559 φασὶ,
1188 2525 1295 2557 πολλοῖς
1313 2524 1341 2551 δὲ
1372 2524 1475 2559 μᾶλλον
1501 2526 1675 2562 ἐγκλήμασιν
1708 2529 1856 2558 ὐποκεῖςθαι

1082 2573 1243 2599 πιστεύουσι
1257 2573 1320 2604 τοὺς
1333 2573 1457 2608 ἀναιρεῖν
1470 2572 1650 2608 βουλομένους
1661 2576 1711 2611 τὴν
1720 2576 1771 2603 τῶν
1779 2577 1855 2612 ἁγίων

1082 2620 1223 2654 θεολογίαν
1236 2619 1281 2646 διὰ
1299 2619 1333 2646 τὰ
1345 2621 1377 2646 ἐκ
1391 2620 1439 2647 τοῦ
1453 2622 1542 2656 Λόγου
1556 2623 1786 2658 ὲπισυμὸαίνοντα
1799 2625 1855 2656 ἴσως

1083 2667 1171 2693 ἄτοπα.
1190 2666 1239 2694 καὶ
1257 2665 1387 2693 ἀδύνατα.
1411 2666 1492 2694 Οὕτω
1517 2669 1572 2702 γὰρ
1599 2671 1646 2697 καὶ
1664 2671 1714 2704 τὴν
1739 2670 1855 2706 ἀληθινὴν

1084 2713 1178 2740 πίστιν
1200 2714 1312 2740 ἅπασαν
1339 2713 1444 2740 πολλῶν
1461 2715 1586 2750 ἀποριῶν
1609 2717 1806 2752 ἀνα-κλῄσουσιν
1832 2718 1854 2744 οἰ

1084 2758 1172 2785 ταῦτα
1185 2759 1350 2794 τολμῶντες,
1410 2759 1546 2796 πολλαχοῦ
1562 2763 1677 2796 φυσικὸν
1693 2763 1855 2798 ἐναντιούμε-

1085 2813 1130 2831 νον
1153 2805 1194 2840 (5)
1210 2804 1289 2839 λόγον
1303 2805 1378 2833 ἑστιν
1396 2806 1470 2839 ἰδεῖν,
1489 2810 1536 2834 καὶ
1550 2808 1600 2840 τὰς
1614 2809 1663 2844 τῆς
1675 2809 1786 2841 πὶστεως
1799 2809 1855 2837 ὐπο-

1081 2865 1161 2931 νιέἓι)
1177 2864 1249 2893 Mon.
1264 2866 1299 2893 27
1314 2866 1332 2899 f,
1346 2866 1399 2895 219
1417 2868 1432 2895 1)
1453 2875 1460 2894 :
1482 2865 1499 2903 ἦ
1528 2868 1661 2905 πολλαχοῦ
1686 2877 1716 2905 φ.
1735 2870 1854 2896 ἐναντιού-
