1913 3060
203 157 252 189 H3

887 163 1097 194 MSSABION
1104 165 1111 194 l
1118 165 1138 196 S

1767 167 1820 202 Μία

202 216 305 240 natura
329 213 471 247 proprium
485 219 529 242 est
552 216 730 250 producere;
747 225 828 246 secus
852 218 924 245 enim
953 223 976 245 et

1032 219 1148 253 φύσεως.
1170 221 1200 248 El
1227 222 1256 249 δὲ
1277 222 1310 248 ἐκ
1331 222 1381 257 τῆς
1399 223 1587 258 προϐλητικῆς
1601 225 1751 261 δυνάμεως,
1765 225 1818 260 C1;—

201 258 321 292 Spiritu‘s
349 260 512 293 procederet
539 261 656 289 alterum
682 264 724 290 vel
755 264 887 298 scipsum.
917 272 978 292 cum

203 303 326 338 ejusdem
341 305 419 339 plane
435 311 541 334 naturae
559 308 594 335 sit
615 309 762 344 particeps.
778 310 806 337 Si
823 311 930 338 tandem
947 319 980 338 ex

200 350 226 377 vi
242 351 398 385 spiratrice.
417 351 639 387 disquirendttm.
662 363 787 389 quamam
808 356 843 383 sit
867 356 925 384 ham
939 357 981 383 vis

201 396 343 430 spiratrix,
367 401 394 424 et
420 405 453 424 an
469 397 582 426 diversa.
598 400 634 427 sit
657 408 672 427 a
694 406 803 432 natura.
828 409 861 429 an
884 401 979 429 eadem

201 449 262 468 cum
280 442 348 476 ipsa.
371 442 398 470 Si
426 443 510 480 igitur
526 445 622 473 eadem
649 446 706 479 ipsa
731 452 842 480 natura,
864 447 981 475 redeunt

198 488 295 514 eadem
323 494 484 523 argumenta
509 491 603 518 eadem
628 491 747 519 absurda
769 492 932 526 inferentia;
957 494 979 521 si

199 540 265 560 vero
287 533 341 560 alia
366 542 381 561 a
407 539 517 567 natura,
533 536 587 571 jam
613 545 776 565 concessum
801 544 843 566 est
867 539 901 566 ab
926 539 980 566 illis

198 577 273 605 aliud
288 579 352 613 quid
378 580 466 608 inesse
488 582 541 609 Deo
558 587 656 617 praeter
679 583 765 617 ipsius
787 589 912 611 naturam
930 593 978 612 seu

198 623 233 651 ab
247 625 307 660 ejus
322 631 417 653 natura
432 625 585 659 diversum.
601 629 675 663 quod
690 629 718 656 in
738 630 798 658 aliis
810 632 980 659 tractationi~

198 669 250 697 bus
270 671 347 698 nullo
375 673 488 700 omnino
516 681 596 709 pacto
619 676 779 709 admittunt,
807 678 861 704 imo
888 679 980 712 potius

197 714 306 750 linguas
323 716 379 744 sibi
392 718 514 745 exscindi
531 727 612 754 quam
629 719 683 748 hoc
698 720 844 748 admittere
861 723 977 754 malunt;

196 759 296 788 deinde
321 763 460 796 quomodo
483 772 538 791 non
561 765 712 793 absurdum
734 772 792 799 est,
810 768 884 795 aliud
911 768 978 803 quid

195 811 295 840 prater
313 807 434 836 divinam
453 814 579 837 naturam
605 811 785 846 perfectivum
805 818 833 841 ct
857 813 978 849 comple-

196 851 282 879 tlvum
298 859 358 880 esse
376 853 482 881 divinat
499 859 604 882 natura:
626 856 667 883 vel
683 858 829 891 personat?
848 859 976 886 Attamen

197 904 231 923 ne
256 897 298 925 sic
324 898 434 932 quidem
459 901 514 927 duo
542 901 677 936 principia
705 902 845 938 eﬂugient.
878 904 977 932 Verum

195 941 337 969 enimvero
362 943 394 971 idi
410 945 482 979 quod
499 953 532 973 ex
548 952 623 980 patre
640 951 668 974 ct
688 952 775 974 matre
796 948 929 984 gignitur,
943 957 977 977 ex

195 989 354 1022 generativa
377 997 472 1016 eorum
493 991 623 1020 facultate
637 993 728 1028 prodit
741 994 784 1021 vel
800 1002 848 1029 per
863 1003 978 1030 genera-

196 1032 278 1059 tivam
300 1033 470 1068 facultatem,
486 1044 547 1071 qum
569 1041 613 1065 cst
636 1038 703 1074 ipsis
725 1041 893 1073 communis,
912 1041 978 1069 licet

196 1077 287 1105 modis
309 1079 433 1113 diilbrat;
450 1081 537 1109 nihilo
558 1088 648 1110 tamen
661 1084 751 1111 secius
765 1092 798 1112 ex
812 1084 921 1113 duabus
935 1091 978 1114 est

195 1122 390 1159 hypostasibus
405 1131 432 1153 ct
448 1127 503 1154 duo
521 1127 603 1155 habet
619 1130 805 1164 generationis
829 1131 976 1167 principia.

194 1170 223 1197 ld
247 1179 327 1199 nemo
344 1172 485 1206 profectus
509 1182 623 1210 prorsus
652 1184 752 1211 negare
774 1185 858 1206 ausus
879 1177 975 1206 fuerit.

195 1218 273 1260 Unde
289 1225 317 1248 et
332 1221 451 1256 Spiritus
468 1229 591 1257 sanctus,
606 1225 829 1260 quandoquidem
849 1234 881 1253 ex
896 1226 977 1254 Patre

197 1269 225 1292 et
243 1265 312 1293 Filio
329 1274 377 1301 pcr
393 1267 584 1302 productivam
600 1277 648 1297 seu
666 1270 827 1305 spirativam
845 1271 975 1299 virtutem

196 1312 383 1346 progreditur,
402 1313 457 1340 duo
471 1314 607 1350 principia
624 1323 680 1343 suae
704 1317 871 1344 exsistentizc
893 1318 978 1346 habe-

193 1357 245 1384 bit.
262 1357 298 1385 At
319 1366 366 1386 res
375 1365 486 1392 oreatze,
510 1360 650 1395 inquiunt,
673 1369 707 1389 ex
721 1362 802 1391 Patre
816 1368 844 1390 ct
866 1362 935 1390 Filio
949 1368 976 1391 et

193 1402 297 1438 Spiritu
317 1410 413 1433 sancto
429 1407 595 1435 exsislentcs
611 1415 659 1442 per
674 1409 835 1437 creatricem
853 1410 975 1445 ipsorum

193 1450 324 1477 virtutem
346 1459 382 1478 ex,
401 1460 454 1479 uno
477 1453 532 1480 Deo
549 1457 579 1481 et
592 1454 736 1482 conditore
758 1459 823 1482 sunt
843 1460 870 1483 et
889 1464 974 1484 unum

193 1495 297 1523 habent
322 1497 488 1532 principium
509 1499 616 1526 Patrem
636 1504 664 1527 et
681 1500 779 1527 Filium
793 1505 822 1529 et
840 1502 975 1537 Spiritum

193 1548 337 1576 sanctum;
362 1543 433 1578 quid
444 1550 510 1578 ergo
527 1544 668 1578 prohibet,
685 1546 834 1580 quominus
847 1551 874 1574 et
887 1547 974 1582 Spiri-
988 1556 1010 1586 ο

193 1595 238 1617 tus
251 1593 363 1617 sanctus
377 1597 409 1617 ex
424 1590 505 1617 Patre
520 1585 646 1625 Filioque
661 1593 813 1626 procedens
825 1597 853 1620 et
869 1602 901 1621 ex
920 1601 975 1621 uno

193 1635 230 1662 sit
255 1635 359 1663 Deo-ac
383 1636 518 1670 spiratore
537 1641 566 1663 et
582 1644 667 1664 unum
683 1637 784 1665 habeat
807 1639 974 1674 principium

193 1681 309 1708 Patrem
327 1685 356 1708 et
374 1681 493 1708 Filium?
506 1682 618 1715 Verum,
635 1683 748 1717 o-bone,
763 1691 777 1710 a
792 1692 821 1712 re
834 1686 974 1720 proposita

193 1735 244 1754 nos
274 1726 425 1760 abduxisti,
451 1734 513 1754 cum
541 1728 676 1756 creaturis
700 1730 811 1764 copules
841 1731 974 1766 Spiritum

193 1776 319 1800 sanctum
331 1776 360 1799 et
385 1771 663 1801 Pneumatomachum
686 1774 817 1810 (Spiritus
835 1783 974 1811 oppugna-

193 1818 292 1852 torem)
318 1821 404 1845 temct
427 1818 536 1846 sincere
560 1819 716 1847 declarasti.
735 1821 764 1848 Si
785 1821 859 1848 enim
876 1821 974 1849 eodem

193 1864 275 1899 plane
288 1868 368 1898 pacto
381 1869 439 1891 tum
456 1870 582 1892 creatura
597 1872 629 1892 ex
647 1865 728 1893 Patre
744 1871 771 1893 et
786 1867 854 1895 Filio
868 1872 898 1895 et
910 1867 974 1903 Spi—

194 1910 264 1937 ritus
286 1915 410 1941 sanctus,
431 1914 489 1936 tum
515 1911 636 1945 Spiritus
657 1916 769 1940 sanctus
792 1920 826 1940 ex
847 1913 925 1941 Palre
947 1919 976 1941 et

194 1955 278 1989 Filio,
302 1955 368 1990 quid
385 1956 458 1983 aliud
475 1956 529 1983 erit
554 1955 675 1991 Spiritus
697 1965 809 1986 sanctus
827 1959 879 1987 nisi
898 1967 976 1988 crea-

196 2002 276 2030 tura?
290 2002 325 2029 At
344 2010 395 2037 ego
412 2008 508 2030 contra
536 2003 587 2030 tibi
604 2003 662 2031 vice
684 2011 762 2032 versa
777 2005 865 2033 dicam
889 2007 975 2042 magis

193 2047 331 2083 pie,qu0d
345 2048 367 2075 si
387 2048 440 2075 hoc
455 2052 535 2083 pacto
551 2049 666 2081 creatio,
683 2057 737 2077 non
754 2051 805 2078 hoc
821 2056 900 2086 pacto
914 2052 975 2087 Spi-

193 2093 264 2120 ritus
280 2098 403 2121 sanctus.
426 2093 455 2120 ld
478 2095 552 2121 enim
577 2095 651 2129 quod
674 2103 722 2130 per
746 2098 915 2125 creationem
940 2105 975 2126 ex

194 2140 303 2166 duobus
320 2139 366 2166 vel
386 2140 481 2167 multis
498 2140 528 2167 lit
549 2145 580 2168 ut
605 2149 637 2168 ex
659 2149 715 2169 uno
728 2141 832 2169 factum
849 2150 909 2171 esse
933 2143 975 2170 di-

193 2193 258 2213 cere
271 2185 347 2216 licet.
370 2185 480 2220 quando
495 2186 528 2213 ad
548 2187 683 2214 rationem
699 2188 861 2216 crcatricetn
885 2189 975 2223 respi-

1032 265 1139 300 τητέον,
1163 267 1207 299 τίς
1233 267 1302 302 αὕτη
1323 269 1338 302 ή
1368 269 1539 305 προϐλητικὴ
1567 271 1693 305 δύναμις,
1718 272 1765 298 καὶ
1791 273 1818 298 εί

1032 312 1113 348 ἑτέρα
1126 313 1202 347 παρὰ
1216 313 1265 349 τὴν
1279 315 1371 348 φύσιν,
1448 316 1527 352 αὐτή.
1543 317 1575 343 El
1591 317 1640 352 μὲν
1653 316 1701 344 οὖν
1715 319 1732 353 ἡ
1746 319 1817 354 αὐτή

1032 359 1122 393 φύσις,
1139 360 1221 387 πάλιν
1238 361 1262 386 οἱ
1280 361 1358 387 αὐτοὶ
1372 361 1446 396 λόγοι
1462 363 1512 394 τὰς
1529 363 1612 395 αὑτὰς
1632 364 1817 399 ἐπιφέροντες

1031 403 1156 434 ἀτοπίας·
1174 406 1198 431 εξ
1214 406 1241 432 δὲ
1257 406 1339 441 ἑτέρα
1352 407 1429 442 παρὰ
1442 408 1491 442 τὴν
1506 408 1598 442 φύσιν,
1612 409 1662 444 ἤδη
1676 409 1726 442 μὲν
1739 418 1818 436 συνε-

1031 449 1158 485 χώρησαν
1173 450 1266 486 ἕτερόν
1278 460 1304 477 τι
1323 452 1362 486 τῷ
1374 452 1433 487 Θεῷ
1448 454 1589 487 προσεῖναι
1603 454 1655 488 τῆς
1669 454 1752 480 αὑτοῦ
1767 455 1818 488 φύς-

1032 502 1112 527 σεως,
1124 495 1190 530 ὅπερ
1202 495 1230 522 ἑν
1241 495 1332 527 ἄλλοις
1347 495 1535 531 διαλεγόμενοι
1549 497 1651 531 μᾶλλον
1667 497 1699 523 ἃν
1712 498 1817 524 ἕλοιντο

1031 540 1079 571 τὰς
1091 539 1216 573 γλώσσας
1229 541 1360 574 προέσθαι
1371 541 1387 576 ἧ
1399 542 1436 572 ὡς
1447 542 1665 576 ὁμολογούμενον
1673 542 1815 574 δέξασθαι·

1031 585 1128 611 ἔπειτα
1146 586 1205 617 πῶς
1219 586 1270 612 οὐκ
1285 586 1396 618 ἄτοπον,
1414 587 1509 621 ἔτερόν
1530 596 1555 613 τι
1574 588 1649 622 παρά
1664 588 1716 623 τὴν
1737 588 1817 615 Θείαν

1032 629 1113 664 φύσιν
1134 631 1341 658 ἀποτελεστικὸν
1378 630 1448 658 εἶναι
1477 632 1585 666 φύσεως
1610 633 1697 666 θείας,
1730 634 1818 668 ἦγουν

1031 675 1220 709 ὑποστάσεως
1246 677 1327 704 Ἀλλά
1352 676 1384 712 δὴ
1405 678 1453 704 καὶ
1478 678 1551 704 οὓτω
1580 677 1662 704 πάλιν
1691 679 1740 710 τὰς
1768 678 1818 705 δύο

1031 721 1116 756 ἀρχὰς
1128 723 1178 749 οὐκ
1193 723 1385 757 ἐκφεύξονται·
1405 724 1453 750 καὶ
1465 724 1518 758 γὰρ
1534 723 1564 750 τὸ
1587 725 1619 749 ἐκ
1635 725 1739 758 πατρὸς
1765 725 1818 752 καὶ

1031 768 1135 803 μητρὸς
1150 768 1318 803 γεννώμενον
1329 769 1361 795 ὲκ
1373 769 1423 804 τῆς
1436 770 1474 804 (l)
1487 770 1651 805 γεννητικῆς
1666 770 1757 798 αὐτῶν
1769 769 1817 796 δυ’

1030 812 1139 848 νάμεως
1157 814 1291 849 πρόεισιν,
1309 815 1325 850 ἢ
1344 815 1387 842 διὰ
1404 816 1455 850 τῆς
1470 815 1635 850 γεννητικῆς
1660 817 1815 851 δυνάμεως,

1030 859 1091 894 ἥτις
1104 859 1177 886 ἐστὶν
1190 860 1282 891 αὐτοῖς
1301 861 1389 896 κοινὴ,
1403 861 1454 888 κᾶν
1477 862 1595 897 διαφέρῃ
1620 863 1676 893 τοῖς
1690 862 1814 897 τρόποις·

1029 905 1087 932 ἀλλ’
1104 906 1180 933 οὐδὲν
1192 903 1275 942 ἦττον
1288 907 1319 933 ὲκ
1341 907 1388 933 δύο
1412 908 1442 934 τέ
1464 907 1540 934 ἐστιν
1563 908 1741 935 ὑποστάσεων
1766 909 1815 935 καὶ

1028 950 1074 977 δύο
1096 950 1146 982 τὰς
1163 951 1249 986 ἀρχὰς
1266 951 1322 985 ἕλει
1341 952 1389 987 τῆς
1404 952 1442 985 (2)
1460 952 1625 987 γεννήσεως.
1641 953 1695 979 Καὶ
1712 953 1762 979 οὐκ
1779 953 1814 980 ἀν

1027 1004 1069 1027 τις
1086 996 1154 1027 ὅλως
1172 996 1346 1031 ἀρνήσασθαι
1363 996 1443 1023 τοῦτο
1458 998 1633 1031 τολμήσειεν.
1664 998 1746 1024 Ὥστε
1766 998 1814 1024 καὶ

1027 1041 1058 1068 τὸ
1083 1041 1195 1075 Πνεῦμα
1211 1041 1242 1067 τὸ
1269 1041 1359 1075 ἅγιον,
1382 1043 1462 1076 εἴπερ
1492 1043 1525 1069 ἐκ
1554 1042 1661 1078 Πατρδς
1685 1044 1733 1069 καὶ
1747 1043 1813 1069 Υξώ

1028 1087 1136 1121 πρόεισι
1152 1087 1197 1114 διὰ
1212 1086 1261 1120 τῆς
1277 1087 1466 1124 προὸλητικῆς
1479 1088 1633 1122 δυνάμεως,
1646 1089 1693 1116 δύο
1703 1089 1753 1121 τὰς
1764 1089 1815 1124 ἀρ-

1027 1131 1078 1167 χὰς
1091 1131 1147 1165 ἕξει
1161 1131 1210 1165 τῆς
1225 1131 1322 1158 ἑαυτοῦ
1338 1132 1495 1166 ὑπάρξεως.
1518 1133 1589 1160 Ἀλλ’
1607 1135 1623 1169 ἡ
1639 1134 1738 1166 κτίσις,
1761 1143 1815 1168 φα-

1028 1178 1080 1210 σὶν,
1098 1178 1130 1204 ἐκ
1146 1178 1253 1211 Πατρὺς
1264 1178 1311 1203 καὶ
1327 1178 1391 1204 Υῐοῦ
1405 1179 1452 1204 καὶ
1466 1178 1546 1212 ἁγίου
1559 1179 1717 1213 Πνεῦματος
1733 1179 1813 1212 οὖσα,

1026 1223 1071 1250 διὰ
1094 1223 1143 1256 τῆς
1158 1222 1359 1258 δημιουργικῆς
1373 1223 1478 1250 τούτων
1493 1224 1635 1258 δυνάμεως
1652 1223 1682 1256 ἐξ
1698 1224 1757 1254 ἑνός
1783 1224 1814 1250 τι

1027 1268 1167 1295 ὲστιΘεοῦ
1186 1270 1233 1295 καὶ
1251 1268 1439 1304 Δημιουργοῦ,
1468 1270 1516 1296 καὶ
1544 1269 1610 1304 μίαν
1639 1270 1727 1305 ἀρχὴν
1755 1269 1814 1305 ἔχει

1026 1314 1072 1341 τὸν
1082 1314 1189 1349 Πατέρα
1204 1314 1250 1341 καὶ
1272 1314 1318 1341 τὸν
1337 1314 1402 1341 Υἱὺν
1427 1315 1473 1341 καὶ
1490 1315 1519 1341 τὸ
1541 1315 1618 1349 ἇγιον
1637 1315 1760 1351 Πνεῦμα.
1780 1316 1814 1342 Τί

1027 1360 1073 1387 οὖν
1092 1360 1191 1387 κωλύει
1214 1360 1262 1387 καὶ
1281 1360 1311 1387 τὸ
1337 1360 1416 1394 ἅγιον
1433 1360 1544 1395 Πνεῦμα
1571 1361 1603 1387 ὲκ
1633 1360 1740 1395 Πατρδς
1764 1361 1814 1388 καὶ

1027 1406 1092 1433 Υεοῦ
1112 1407 1315 1442 προερχόμενον
1327 1406 1365 1438 ὥς
1383 1406 1412 1438 ἐξ
1425 1406 1483 1438 ἑνός
1499 1415 1528 1433 τε
1539 1403 1609 1433 εἶναι
1627 1407 1664 1442 (5)
1679 1406 1746 1433 Θεοῦ
1766 1407 1814 1433 καὶ

1027 1453 1193 1487 προϐολέως,
1210 1455 1257 1480 καὶ
1279 1454 1345 1487 μίαν
1361 1452 1448 1487 ἀρχὴν
1477 1452 1550 1488 ἔχειν
1566 1452 1613 1479 τὸν
1630 1452 1741 1487 Πατέρα
1765 1453 1814 1479 καὶ

1026 1498 1072 1524 τὸν
1084 1497 1158 1529 Υἱόνς
1175 1497 1346 1532 Ἀπήλλαξας
1360 1498 1433 1533 ἡμᾶς
1445 1497 1628 1532 πραγμάτων,
1641 1494 1663 1524 ὦ
1678 1497 1812 1532 βέλτιστε,

1027 1544 1083 1574 τοῖς
1111 1543 1244 1577 κτίσμασι
1273 1543 1407 1575 συντάξας
1433 1542 1464 1570 τὸ
1483 1543 1596 1577 Πνεῦμα
1611 1543 1642 1569 τδ
1660 1543 1739 1577 ἅγιον
1765 1543 1814 1569 καὶ

1028 1588 1264 1624 Πνευματομάχον
1294 1589 1424 1624 καθαρῶς
1455 1589 1569 1616 σεαυτὸν
1599 1589 1753 1624 ἀποφήνας.
1781 1589 1813 1615 El

1027 1633 1082 1667 γὰρ
1100 1633 1145 1660 τὸν
1164 1633 1247 1660 αὑτὸν
1263 1633 1365 1669 τρόπον
1383 1633 1400 1668 ἣ
1416 1642 1445 1660 τε
1468 1635 1556 1665 κτίσις
1577 1635 1609 1660 ὲκ
1631 1633 1739 1668 Πατρδς
1765 1634 1814 1660 καὶ

1029 1679 1094 1704 Υἱοῦ
1112 1679 1160 1705 καὶ
1174 1679 1254 1712 ἁγίου
1271 1679 1440 1714 Πνεύματος,
1459 1680 1505 1705 καὶ
1520 1679 1551 1706 τὸ
1575 1679 1688 1714 Πνεῦμα
1716 1681 1748 1706 ὲκ
1764 1679 1813 1706 τοῦ

1029 1723 1183 1758 (ιω-Πατρός
1205 1725 1253 1750 καὶ
1266 1724 1343 1757 Υῑοῦ,
1357 1724 1382 1750 τί
1396 1732 1427 1758 γε
1439 1724 1502 1751 ἀλλο
1516 1724 1531 1758 ἢ
1544 1724 1645 1759 κτίσμα
1658 1725 1688 1751 τὸ
1700 1724 1813 1760 Πνεῦμα

1027 1769 1057 1795 τὸ
1085 1768 1188 1803 ἀγιονῖ
1206 1769 1277 1796 Ἀλλ’
1306 1769 1362 1804 ἐγώ
1388 1779 1430 1796 σοι
1456 1770 1611 1797 τούναντίον
1638 1771 1812 1807 ἀναστρέψας

1027 1815 1230 1850 εὐσεὸεστέρως
1244 1815 1309 1851 ἐρῶ,
1326 1816 1374 1849 ὡς,
1389 1816 1531 1851 ὲπείπερή
1547 1816 1636 1848 κτίσις
1655 1816 1751 1849 οὕτως,
1763 1816 1814 1852 οὐχ

1027 1861 1099 1888 οὕτω
1118 1862 1148 1888 τὸ
1161 1862 1273 1897 Πνεῦμα
1281 1862 1312 1889 τὺ
1328 1862 1415 1897 ἅγιον.
1426 1863 1463 1889 Τὸ
1481 1863 1530 1897 μὲν
1545 1863 1599 1898 γὰρ
1609 1862 1814 1898 δημιουργικῶς

1028 1908 1059 1935 ἐκ
1075 1908 1121 1935 δύο
1129 1909 1176 1935 καὶ
1191 1908 1297 1935 πολλῶν
1314 1909 1460 1944 γενόμενον
1476 1909 1549 1934 ἔστιν
1560 1909 1648 1934 sit:er
1660 1909 1699 1939 ὡς
1712 1909 1744 1942 ἐξ
1754 1908 1813 1940 ἑνὸς

1027 1955 1172 1988 γεγονέναι
1186 1955 1254 1989 πρὸς
1268 1954 1314 1981 τὸν
1327 1952 1524 1988 δημιουργικδν
1540 1952 1705 1987 ἀφορῶντας
1721 1954 1812 1987 λόγον.

1028 2000 1059 2026 οὐ
1074 2000 1153 2035 μόνον
1169 2000 1216 2027 ἐπὶ
1227 2000 1277 2034 τῆς
1302 1999 1378 2029 θείας
1395 1997 1589 2032 δημιουργίας,
1615 1998 1678 2024 καθ’
1703 1998 1736 2034 ἠν
1762 1999 1813 2032 μία

1028 2046 1104 2081 καὶὴ
1121 2046 1189 2079 αὐτὴ
1212 2043 1294 2078 βουλὴ
1317 2043 1363 2070 καὶ
1379 2043 1489 2076 θέλησις
1516 2043 1561 2068 καὶ
1590 2044 1672 2080 σοφία
1695 2043 1741 2070 καὶ
1764 2044 1812 2071 δὺρ

1028 2099 1109 2125 ναμις
1121 2090 1168 2116 καὶ
1181 2089 1317 2123 ἐνέργεια,
1341 2088 1411 2114 ἀλλὰ
1427 2089 1476 2114 καὶ
1498 2088 1545 2114 ἐπὶ
1562 2088 1611 2123 τῆς
1635 2089 1812 2123 ἀνθρωπίνης

1028 2137 1075 2163 καὶ
1090 2135 1150 2162 καθ’
1164 2135 1248 2170 ἡμᾶς.
1269 2132 1315 2165 Εἷς
1341 2134 1393 2168 γὰρ
1408 2134 1456 2160 καὶ
1476 2135 1495 2161 ὁ
1508 2134 1588 2165 αὐτὸς
1615 2135 1643 2160 ἐν
1671 2135 1811 2169 διαφόροις

1027 2181 1162 2216 τεχνίταις
1183 2181 1197 2206 ό
1220 2180 1343 2215 τεχνικὸς
1365 2180 1444 2214 λόγος
1460 2181 1508 2207 καὶ
1574 2180 1612 2215 (5)
1641 2181 1765 2213 τεχνῖται
1778 2179 1809 2206 ἐν

194 2231 294 2263 cimus,
321 2230 404 2265 idque
429 2239 484 2258 non
499 2232 588 2259 solum
605 2232 633 2260 in
648 2233 741 2261 divina
763 2241 855 2261 rerum
872 2234 974 2269 produ-

1028 2226 1081 2252 εισι
1097 2226 1207 2256 πάντες·
1225 2226 1271 2251 καὶ
1286 2225 1356 2252 κατὰ
1376 2226 1456 2252 τοῦτο
1478 2225 1508 2252 τὸ
1525 2226 1569 2261 (6)-
1586 2226 1617 2252 ἐκ
1633 2225 1741 2251 πολλῶν
1765 2233 1812 2257 γεη

194 2277 298 2310 ctione,
325 2277 478 2304 secundm
497 2285 579 2312 quam
595 2286 648 2306 una
673 2279 826 2314 eademque
848 2280 975 2308 voluntas

193 2327 221 2350 ct
249 2323 396 2358 dispositio
418 2328 445 2351 et
470 2325 605 2359 sapientia
628 2329 657 2352 et
679 2325 767 2352 virtus
789 2330 818 2353 et
841 2326 975 2360 operatio,

193 2376 290 2396 verum
313 2370 396 2396 etiam
422 2369 453 2397 in.
475 2370 657 2404 productione
674 2371 792 2398 humana
814 2377 843 2399 et
858 2379 890 2398 ea
916 2379 977 2406 qua:

194 2420 279 2448 penes
295 2421 345 2440 nos
362 2418 415 2441 est.
436 2413 495 2441 Una
512 2413 614 2440 etenim
628 2413 779 2448 eademque
802 2413 830 2440 in
859 2413 977 2442 diversis

194 2456 348 2485 artillcibus
371 2462 414 2485 est
429 2458 497 2485 ratio
521 2459 592 2485 artis
612 2462 640 2485 et
664 2465 718 2492 qua
735 2458 855 2486 artilices
880 2466 976 2487 omnes

194 2511 280 2530 unum
293 2508 368 2537 sunt,
383 2508 411 2530 ct
427 2503 579 2531 secundum
595 2503 647 2530 hoc
673 2503 700 2531 id
724 2504 798 2538 quod
821 2511 853 2532 ex
877 2506 972 2533 multis

194 2553 285 2576 ortum
307 2548 392 2576 habet
407 2556 440 2575 ex
456 2555 511 2575 uno
527 2552 618 2575 ortum
633 2547 764 2577 habuisse
782 2554 810 2576 et
826 2557 912 2578 unum
928 2551 977 2578 ha-

193 2594 260 2620 bere
273 2592 442 2627 principium
459 2591 550 2619 dicere
566 2593 606 2618 t'as
618 2596 670 2620 est.
689 2593 766 2626 Quod
784 2602 850 2622 vero
862 2600 977 2623 natura-

191 2638 258 2666 liter
271 2645 304 2665 ex
320 2637 426 2665 duobus
441 2635 628 2664 exsistentiam
653 2636 746 2671 habet,
759 2638 785 2665 id
801 2647 882 2667 nemo
898 2648 977 2676 pror-

192 2691 240 2712 sus
257 2690 377 2719 Unquam
389 2690 422 2710 ex
438 2689 496 2710 uno
506 2682 607 2710 di-xcrit
618 2690 696 2718 esse;
709 2684 767 2713 ﬁcri
778 2685 851 2714 enim
865 2687 974 2722 nequit,

227 2760 265 2794 (l)
284 2759 339 2794 Τῆς
355 2759 438 2787 habet
453 2758 524 2786 Mon.
540 2759 603 2793 256,
620 2759 639 2788 ί.
655 2760 707 2790 290
721 2769 747 2789 a.

227 2795 265 2829 (2)
288 2793 355 2829 Ἐαυ
371 2794 420 2822 τοῦ
436 2794 501 2822 add.
513 2794 619 2823 Monac.
633 2796 696 2829 256,
713 2796 732 2825 ί.
744 2796 796 2826 £90
807 2806 833 2826 a.

226 2827 266 2860 (3)
281 2827 358 2856 Εἶναι
374 2830 486 2858 omittit.
502 2829 608 2858 Monac.
620 2831 665 2858 9.7.

226 2863 264 2894 (ὁ)
283 2864 335 2891 Τοῦ
354 2865 455 2894 omittit
472 2865 576 2895 Monac.
594 2865 657 2894 256.

1028 2272 1139 2306 νόμενον
1158 2271 1187 2304 ἐξ
1201 2270 1259 2302 ἑνὸς
1275 2270 1349 2297 ἐστιν
1363 2272 1451 2298 εἰπεῖν
1464 2272 1610 2305 γεγονέναι
1623 2272 1670 2298 καὶ
1682 2271 1748 2305 μίαν
1762 2271 1812 2305 ἀρ.-

1027 2318 1077 2353 χὴν
1094 2317 1176 2352 ἔχειν.
1202 2317 1238 2344 Τὸ
1256 2317 1284 2343 δὲ
1300 2317 1421 2351 φυσικῶς
1446 2318 1478 2343 ὲκ
1495 2317 1543 2343 δύο
1557 2317 1606 2352 τὴν
1621 2316 1737 2351 ὓπαρξιν
1750 2317 1812 2352 ἔχον

1027 2364 1076 2390 οὐκ
1090 2362 1122 2390 ἄν
1144 2370 1184 2393 τις
1197 2361 1264 2393 ὅλως
1280 2362 1310 2394 ἐξ
1321 2361 1380 2393 ἐνὸς
1402 2362 1474 2387 εῐποι
1488 2361 1553 2387 ποτέ
1571 2369 1578 2376 ·
1591 2360 1639 2387 καὶ
1665 2360 1720 2395 γὰρ
1747 2361 1811 2387 ἁδύ.-

1027 2417 1107 2436 νατον
1122 2407 1167 2435 τὸν
1185 2407 1266 2435 αὑτὸν
1289 2408 1389 2442 τρόπον
1406 2407 1538 2442 ἑκάτερον
1552 2407 1593 2436 είς
1607 2407 1637 2432 τὸ
1657 2405 1726 2433 εἶναι
1744 2416 1812 2441 συμ-

1027 2453 1147 2486 ϐάλλειν,
1171 2455 1220 2480 καῖ¹
1245 2453 1322 2480 αὐτοὶ
1348 2453 1377 2479 δὲ
1402 2452 1514 2479 Λατῖνοι
1535 2452 1653 2485 λέγουσι,
1684 2452 1812 2488 διάφορον

1027 2499 1160 2535 εἶναιτὴν
1183 2500 1214 2526 ὲκ
1247 2500 1354 2534 Πατρὸς
1385 2499 1433 2525 τοῦ
1445 2499 1604 2532 Παεύματος
1627 2498 1740 2532 πρόοδον
1763 2500 1811 2533 τῆς

1027 2548 1058 2574 ὲκ
1073 2547 1121 2574 τοῦ
1137 2546 1213 2580 Υιοῦ,
1229 2547 1278 2573 καὶ
1293 2547 1341 2581 τὴν
1356 2546 1406 2580 μὲν
1430 2545 1533 2580 ἄμεσον
1547 2543 1628 2577 εἶναι,
1647 2545 1696 2580 τὴν
1718 2545 1740 2571 δ’
1759 2545 1809 2580 ἐμ.-

1028 2601 1121 2629 μεσον·
1136 2592 1200 2620 ὥστ’
1212 2593 1262 2619 οὐκ
1274 2592 1308 2619 ἂν
1328 2591 1477 2625 ἐκφύγοιεν
1500 2591 1607 2625 οὖδαμῆ
1624 2591 1749 2624 οὐδαμῶς
1762 2591 1811 2622 τὰς

1026 2640 1073 2667 δύο
1090 2640 1187 2675 ἀρχὰς,
1201 2639 1226 2665 ει
1244 2639 1282 2674 μὴ
1304 2638 1427 2673 μέλλοιεν
1440 2637 1548 2673 ἑτέροις
1565 2637 1686 2664 πλείοσιν
1701 2637 1811 2668 ἀτόποις

1027 2685 1248 2722 περιπεσεῖσθαι.
1267 2685 1320 2712 Καὶ
1337 2686 1362 2711 τε
1388 2683 1499 2717 κωλύει,
1522 2684 1600 2717 φατὶ,
1615 2683 1661 2709 δύο
1674 2683 1724 2717 μὲν
1739 2681 1809 2710 εἶναι

1043 2799 1050 2824 ι
1063 2763 1101 2798 (5)
1117 2762 1163 2790 Sic
1176 2762 1282 2790 Monac.
1297 2760 1360 2795 256,
1377 2760 1395 2788 ί.
1410 2760 1462 2788 290
1477 2768 1492 2787 a
1506 2770 1512 2792 ;
1526 2760 1630 2787 Monac.
1644 2758 1678 2785 27
1687 2764 1714 2787 et
1726 2758 1808 2787 Mure.

1028 2808 1102 2869 ωλϐ)
1121 2832 1157 2860 Τὸ
1173 2831 1263 2860 omitt.
1281 2831 1327 2859 cit.
1344 2835 1442 2867 praeter
1458 2830 1529 2859 Μοιι.
1541 2830 1602 2858 256.
