1913 3060
80 130 134 163 153
600 131 967 163 REFUTATIOJIARCI
989 131 1182 162 EPIlESINl.
1653 132 1704 165 15$

116 190 152 218 α’.
171 192 218 218 Δεῖ
237 190 326 217 τοίνυν
350 191 448 218 εἰδέναι
467 191 520 227 (1),
535 191 584 226 τὴν
597 191 700 226 ἀκριϐῆ
713 199 743 217 τε
760 191 808 218 καὶ
820 192 866 226 ὀρ-

954 191 975 217 1.
1006 189 1083 217 Scire
1107 197 1173 225 ergo
1195 193 1315 225 oportet,
1344 194 1502 218 accuratam
1531 198 1564 218 ac
1600 197 1703 219 rectam

76 237 132 271 θὴν
146 236 201 263 τῶν
216 237 388 271 Χριστιανῶν
413 237 553 270 θεολογίαν
567 237 596 263 ὲν
622 238 656 272 τῇ
682 237 742 272 θείᾳ
771 237 831 271 Τριέ

948 235 1139 263 tristianorum
1154 235 1319 270 theologiam
1347 235 1373 262 in
1397 236 1491 263 divina
1519 236 1620 265 Triade
1635 238 1703 266 nihil

77 282 168 317 μηδὲν
186 282 251 309 ἄλλο
271 282 347 316 παρὰ
374 283 423 317 τὴν
440 282 516 309 θείαν
540 283 636 309 οὐσίαν
661 283 709 309 καὶ
728 282 777 314 τὰς
799 283 832 309 ἀπ

948 281 991 308 iud
1008 285 1106 316 prmter
1124 281 1244 308 divinam
1269 281 1416 308 essentiam
1438 286 1464 308 et
1477 284 1640 316 hypostases
1655 291 1703 311 seu

77 330 192 359 στάσεις
212 328 303 356 εἴτουν
323 330 458 364 πρόσωπα
473 329 588 356 τιθέναι⁸
613 330 659 355 καὶ
673 329 723 360 τὰς
737 329 786 363 μὲν
802 329 832 355 ὑπ

936 334 1048 354 ersonas
1077 333 1197 361 ponere;
1227 331 1255 353 et
1279 326 1440 361 hypostases
1454 327 1565 361 quidem
1584 332 1639 355 tres
1655 337 1691 355 nu

76 374 192 404 στάσεις
201 375 276 409 τρεῖς
288 375 397 410 ἀριθμῷ
407 375 452 401 καὶ
464 375 553 409 πάντη
564 375 777 409 διακεκριμένας
788 374 831 401 ἀλ)

948 381 992 401 ero
1021 379 1049 400 et
1077 374 1191 401 omnino
1218 373 1252 400 ab
1275 374 1395 401 invicem
1410 373 1567 406 distinctas,
1582 375 1703 403 divinam

75 419 146 449 λων.
164 420 215 454 τὴν
232 420 260 446 δὲ
281 420 358 446 θείαν
378 421 473 447 οὐσίαν
489 421 554 454 μίαν
576 420 625 455 μὲν
643 421 690 447 καὶ
706 420 756 455 τὴν
780 421 830 447 αὐτ

954 428 984 447 ro
1004 420 1151 447 essentiam
1180 427 1262 446 unam
1276 420 1458 454 eamdemque
1485 427 1614 452 numero,
1630 429 1704 448 com—

75 465 203 499 ἀριθμῷ,
217 465 312 501 κοινήν
328 474 356 492 τε
377 466 424 492 καὶ
449 465 618 501 ἑνικωτάτην
643 467 671 492 ἂν
690 468 747 497 τοῖς
765 467 830 502 τρισ

949 474 1028 494 unem
1046 471 1074 494 et
1087 466 1205 493 maxime
1217 466 1327 494 unicam
1343 466 1371 493 in
1391 466 1445 493 illis
1460 467 1560 499 tribus,
1574 467 1600 494 in
1612 468 1704 502 singu-

74 511 107 536 ὲν
135 511 244 546 ἑκάστῳ
259 519 288 537 τε
312 512 366 538 τῶν
381 512 466 545 τριῶν
495 511 651 546 προσώπων
679 512 829 547 ὑφεστηκυῐ

947 520 1031 540 ivero
1047 512 1128 539 trium
1151 520 1336 546 personat-um
1353 512 1548 540 subsistentem
1564 513 1702 544 ennl‘iteri.

74 556 236 589 ὁμολογεῖν,
263 556 313 590 τὴν
326 558 412 592 αὑτήν
431 566 460 584 τε
488 558 632 593 πράγματι
661 558 721 592 μεθ’
747 559 829 585 ὲκάστ

951 566 1032 594 mque
1063 559 1218 586 secundum
1251 566 1308 586 rem
1336 566 1399 586 cum
1429 566 1594 593 unaquaque
1618 558 1704 593 hypo-

74 601 135 627 n‘Bv
152 602 332 628 ὖποστάσεων
361 601 444 629 οὖσαν
464 603 535 638 λόγῳ
559 603 747 638 διακρίνεσθαι
774 605 829 639 μύω

948 605 983 633 asi
1011 605 1136 633 eamdem
1154 613 1224 637 esse,
1245 611 1278 632 ac
1300 605 1404 632 ratione
1417 604 1549 631 duntaxat
1571 604 1703 638 distingui

72 649 210 680 ἐναντίως
231 649 303 684 ἢέφ⁸
323 650 411 684 ἡμῶν.
433 650 465 676 'H
487 651 542 684 γὰρ
563 651 638 684 κοινὴ
664 652 693 677 ἐν
710 652 800 685 τρισὶν
820 652 827 678 ὲ

949 650 968 685 ),
1002 655 1098 678 contra
1122 658 1205 685 quam
1233 650 1260 677 in
1279 650 1360 677 nobis
1387 654 1440 676 est.
1458 649 1565 677 Etenim
1581 657 1704 676 commn-

75 694 201 728 θρώποις
214 695 373 730 ἀνθρωπίνη
392 695 471 721 οὐσία
492 695 542 722 εἰτ’
566 696 746 730 ἀνθρωπότης
764 695 812 730 μία
827 705 830 712 ¹

949 705 960 723 s
989 697 1017 724 in
1044 696 1133 724 tribus
1164 695 1326 723 hominibus
1350 696 1470 722 humana
1498 695 1618 722 essentia
1654 702 1703 722 seu

74 739 145 766 ιξδει
159 739 228 766 οὖσα
240 741 315 773 τρεῖς
329 741 388 766 tm
402 740 542 776 τάριθμῷ,
560 740 601 767 διδ
618 741 664 767 καὶ
677 741 750 775 τρεῖς
762 741 829 775 ἄνθρ

947 742 1075 769 imanitas
1102 749 1165 769 cum
1189 749 1241 768 una
1263 741 1298 769 sit
1313 741 1416 776 specie,
1434 746 1489 768 tres
1501 748 1617 767 numero
1628 744 1702 772 sunt.

75 793 125 811 ποι
140 793 147 800 ·
164 786 223 812 ἰκεῖ
235 785 263 811 δὲ
279 785 328 819 μία
343 785 472 820 τάριθμῷ
485 787 532 813 καὶ
545 786 638 820 ἄκρως
651 785 700 820 μία
713 786 729 819 ὴ
745 785 805 812 θεία
821 793 830 811 t

950 788 1022 816 circo
1049 792 1078 816 et
1107 791 1164 815 tres
1188 788 1314 815 homines
1330 788 1379 823 (ὁ),
1397 787 1455 814 illic
1472 791 1564 814 autem
1582 795 1635 813 una
1653 794 1705 813 nu-

76 831 138 864 σω,
155 831 244 857 show
271 830 378 865 θεότης,
391 831 439 857 καὶ
454 830 499 857 διὰ
515 829 595 857 τοῦτο
617 828 658 861 εἷς
671 830 737 861 Θεὺς
754 830 788 856 τὰ
802 838 831 864 rp

948 842 995 862 ero
1021 838 1048 861 et
1076 841 1253 868 summopere
1281 841 1335 860 una
1364 837 1406 860 est
1418 833 1509 860 divina
1520 833 1640 860 essentia
1654 840 1703 860 seu

75 877 134 902 εἰσὶ
147 877 292 911 πρόσωπα.
309 864 414 907 Οὖσίας
429 876 458 902 δὲ
472 876 518 902 καὶ
530 876 686 910 προσώπων
704 876 734 901 ἑν
752 876 786 910 τῇ
806 875 830 901 θε

948 880 1015 912 sitas,
1040 879 1144 907 idcirco
1169 887 1241 907 unus
1258 879 1330 907 Deus
1348 884 1402 907 tres
1414 887 1538 914 persona:
1548 883 1623 906 sunt.
1634 879 1703 906 Cum

76 923 177 958 Τριάδι
202 923 411 957 θεωρουμένων,
429 922 468 953 ὡς
496 923 617 957 εἴρηται,
640 922 667 948 εί
679 930 704 948 τι
731 922 778 949 καὶ
803 921 831 948 ἄλ

947 933 992 958 :ro,
1009 925 1049 952 uti
1067 925 1172 953 dictum
1183 930 1236 958 est,
1250 926 1369 953 essentia
1392 929 1420 952 et
1435 932 1557 960 personae
1572 925 1600 952 in
1612 925 1702 952 divina

73 971 144 1005 περὶ
168 970 252 1004 αὐτῆς
271 969 319 996 καὶ
349 969 467 1003 μάλιστα
494 969 562 1003 πρὸς
577 969 663 1003 αὐτὴν
679 968 721 1003 (Ξ)
745 968 828 1002 λέγετε

1006 975 1052 998 ate
1077 971 1302 1004 considerentur,
1330 971 1352 998 si
1370 971 1436 1005 quid
1452 970 1526 997 aliud
1538 976 1566 998 et
1576 970 1650 998 circa
1663 970 1704 1006 ip-

73 1017 111 1050 τῇ
127 1015 208 1050 οὐσίᾳ
222 1017 261 1046 είς
275 1015 374 1041 ταυτὸν
392 1015 471 1049 ἥκειν
488 1016 536 1041 καὶ
548 1016 648 1041 ταυτὸν
661 1015 731 1050 αὐτῇ
749 1015 828 1049 πρᾶγη

948 1026 973 1045 m
990 1021 1020 1046 et
1033 1018 1152 1046 maxime
1167 1017 1200 1045 ad
1217 1018 1304 1053 ipsam
1333 1017 1447 1050 dicitur,
1462 1024 1524 1044 cum
1539 1017 1659 1044 essentia
1674 1016 1702 1044 in

75 1061 228 1094 σημαίνειν
247 1060 287 1095 τῷ
313 1059 384 1094 λόγῳ
408 1060 574 1094 διαφέροντα
590 1059 628 1094 (ὅ)
643 1059 733 1094 μόνον.
750 1059 791 1086 Τὰ
815 1068 830 1094 μ

946 1072 987 1092 em
1016 1064 1115 1092 recidit
1146 1063 1326 1098 eamdemque
1353 1071 1415 1090 cum
1434 1070 1466 1090 ea
1481 1070 1539 1090 rem
1554 1062 1701 1098 signiﬁcat,

74 1107 135 1141 γὰρ
149 1106 204 1131 τῶν
224 1106 367 1139 ὀνομάτων
386 1105 440 1132 τῶν
460 1106 541 1132 θείων
567 1105 759 1139 ἀπολελυμένα
782 1113 829 1132 ut

955 1110 1043 1137 solum
1058 1109 1209 1137 secundum
1227 1110 1359 1136 rationem
1386 1108 1531 1136 diﬂ‘erunt.
1552 1107 1619 1135 Nam
1633 1107 1703 1134 divi-

75 1160 122 1178 ναι
138 1152 177 1186 (4)
200 1152 246 1177 καὶ
273 1151 431 1185 τελειότητα
451 1151 629 1186 σημαίνοντα.
644 1150 662 1177 ἃ
678 1150 806 1185 καὶπρὸς

946 1163 1012 1182 rrum
1043 1156 1186 1183 nominum
1215 1156 1268 1183 alia
1296 1155 1420 1183 absoluta
1439 1158 1505 1182 sunt
1518 1157 1546 1181 et
1557 1153 1701 1188 perfectio-

75 1198 144 1224 εῐσω
160 1198 280 1231 λέγεται,
295 1197 329 1222 τὰ
347 1196 382 1222 δι’
398 1195 431 1223 αὖ
455 1197 565 1230 λέγεται
583 1197 651 1231 πρὸς
671 1198 704 1223 τὰ
729 1197 792 1229 ἔξω,
807 1195 830 1223 o!

944 1208 976 1227 em
1006 1200 1177 1232 denotantia,
1203 1209 1263 1236 qnte
1286 1201 1370 1228 etiam
1390 1200 1424 1227 ad
1454 1200 1526 1227 intra
1552 1199 1699 1232 dicuntur;

75 1243 193 1277 ἀγαθὸν,
210 1243 300 1276 σοφὸν,
321 1242 378 1277 ζωὴ
393 1242 439 1268 καὶ
455 1243 605 1277 προνοητὴς
617 1243 653 1277 (5)
669 1243 717 1268 καὶ
735 1243 769 1269 τὰ
783 1243 830 1269 ἄλλ

943 1245 966 1272 ia
992 1253 1058 1273 vero
1086 1253 1196 1273 rursum
1224 1246 1256 1272 ad
1284 1249 1360 1272 extra
1384 1244 1527 1276 dicuntur,
1543 1247 1573 1270 ut
1586 1243 1698 1275 bonum.

75 1290 127 1316 ὅσα
145 1289 182 1323 (6)
198 1288 355 1323 τελειότητα
378 1288 515 1323 σημαίνει.
539 1287 609 1323 Πρὸς
630 1288 730 1323 ἑαυτὴν
754 1288 830 1322 λέγετ

961 1291 1038 1322 ιὶεης,
1063 1291 1131 1323 vita,
1143 1291 1293 1324 providens
1307 1295 1335 1318 et
1348 1295 1463 1317 cteteras
1474 1297 1535 1324 qua:
1551 1288 1716 1324 perfection

75 1338 92 1371 ή
116 1335 239 1370 μακαρία
260 1335 306 1361 καὶ
326 1335 386 1361 θεία
400 1335 480 1361 οὐσία
495 1343 524 1361 τε
544 1335 592 1361 καὶ
608 1334 703 1369 Τριὰς,
725 1335 827 1370 μηδεμι

946 1344 977 1363 ειη
1006 1337 1171 1372 signiﬁcant.
1200 1336 1240 1363 Ad
1258 1343 1287 1364 se
1309 1335 1397 1370 ipsam
1409 1335 1512 1362 dicitur
1524 1333 1604 1361 beata
1616 1339 1643 1361 et
1660 1333 1701 1361 di-

76 1381 147 1417 πρὸς
164 1382 198 1407 τὰ
212 1380 263 1413 ἔξω
279 1380 399 1415 σχέσεως
424 1380 585 1415 νοουμένης.
599 1376 652 1405 ’Ὧν
668 1380 703 1407 τὰ
728 1379 778 1414 μὲν
794 1381 831 1406 sla

946 1390 977 1409 na
995 1382 1113 1410 essentia
1128 1386 1157 1409 et
1170 1381 1291 1408 Trinitas
1307 1381 1381 1408 nulla
1399 1380 1432 1407 ad
1445 1383 1524 1408 extra
1542 1378 1701 1406 habitudine

76 1427 206 1462 οὐσιώδη,
224 1427 262 1457 ὡς
278 1427 370 1461 σοφία,
401 1426 457 1461 ζωὴ
472 1427 519 1453 καὶ
544 1426 580 1452 τὰ
593 1427 685 1460 ὅμοια,
711 1426 786 1453 τὰδὲ
808 1428 831 1453 τι

946 1427 1063 1455 tellecta.
1091 1426 1213 1459 Quorum
1235 1427 1293 1453 hare
1318 1426 1429 1461 quidem
1449 1424 1610 1453 essentialia
1624 1428 1699 1457 sunt,

77 1473 233 1508 προσώπων
256 1472 448 1507 γνωρίσματα,
471 1471 509 1503 ὡς
536 1472 684 1506 πατρότης,
712 1472 832 1506 ἁγεννησ

965 1472 1112 1508 sapientia,
1134 1472 1190 1499 vita
1207 1475 1234 1499 et
1246 1471 1356 1504 similia,
1373 1471 1426 1498 alia
1441 1478 1506 1498 vero
1520 1477 1699 1505 personarum

76 1520 126 1546 καὶ
140 1519 166 1545 cf
180 1528 206 1545 τι
221 1518 267 1545 τοῦ
281 1518 376 1554 ὁμοίου
394 1519 545 1553 σχήματος.
564 1518 625 1544 Τῶν
641 1518 664 1544 δ’
677 1517 815 1544 οὔσιωδῶν
829 1528 831 1534 ι

945 1526 1034 1550 sserte.
1048 1523 1078 1545 ut
1094 1518 1253 1553 paternitas,
1267 1517 1466 1545 innascibilitas
1478 1522 1505 1545 et
1519 1517 1542 1544 si
1552 1516 1617 1552 quid
1628 1517 1700 1551 ejus-

77 1564 128 1599 μὲν
143 1564 218 1590 θέσιν
236 1564 391 1598 σημαίνειν,
405 1563 443 1595 ὡς
458 1564 488 1590 τὸ
503 1564 586 1598 σοφός
602 1572 631 1590 τε
645 1564 692 1590 καὶ
705 1564 832 1598 ἀγαθὸς,¹

944 1563 1000 1591 odi.
1016 1564 1092 1596 Quod
1107 1563 1141 1591 ad
1157 1563 1316 1591 essentialia
1343 1564 1454 1596 attinet,
1468 1563 1520 1590 alia
1534 1562 1698 1597 positionem

76 1609 97 1635 δ’
113 1609 192 1644 ἅρσιν
208 1609 258 1644 (7).
273 1608 310 1639 ὡς
330 1609 360 1635 τὸ
373 1608 511 1644 ἄφθαρτος
526 1609 572 1635 καὶ
586 1608 719 1640 ἀθάνατος
729 1617 737 1625 ν
749 1609 795 1636 καὶ
809 1617 831 1635 τε

942 1609 1080 1644 gniﬁcant,
1109 1612 1140 1635 ut
1171 1608 1280 1643 sapiens
1291 1613 1318 1636 et
1332 1609 1432 1641 bonus,
1446 1608 1498 1635 alia
1513 1609 1697 1644 negationem.

77 1654 266 1690 σημαινόντων
278 1654 353 1680 θέσιν
367 1653 382 1680 ἃ
397 1655 446 1688 μὲν
463 1653 637 1680 ἀποδίδοσθαι
662 1654 716 1689 μέν
730 1663 784 1681 τινι
797 1663 832 1689 πρ

944 1672 945 1677 η
976 1652 1195 1687 incorruptibilis
1224 1657 1253 1680 et
1282 1651 1456 1680 immortalis.
1485 1652 1519 1679 Ει
1534 1660 1568 1680 ex
1590 1652 1623 1680 iis
1639 1659 1699 1688 qute

75 1700 144 1734 ώπῳ
164 1700 228 1734 ίδὶᾳ,
242 1700 272 1726 οὺ
290 1700 381 1734 μέντοι
397 1700 479 1726 αὑτοῦ
503 1700 555 1726 ἴδια
580 1698 649 1727 εἶναι
668 1702 695 1736 (ἡ
719 1701 772 1736 γὰρ
801 1709 830 1727 σο

945 1699 1078 1726 isitionem
1092 1706 1141 1726 seu
1155 1698 1364 1726 alIirmationem
1393 1698 1557 1733 signiﬁcant.
1571 1698 1624 1725 alia
1638 1699 1700 1733 qui-

75 1745 124 1779 φία
150 1745 307 1772 ἀποδίδοται
335 1746 384 1780 μὲν
400 1745 452 1780 ἰδίᾳ
469 1746 509 1782 τῷ
534 1745 589 1780 Υίῷ
613 1747 642 1772 οὐ
659 1747 752 1781 μέντοι
778 1747 827 1774 αὐτ

943 1754 975 1772 em
990 1746 1036 1772 uni
1049 1752 1172 1780 persona:
1187 1744 1380 1772 attributintur
1390 1745 1518 1777 seorsim,
1534 1752 1589 1772 non
1608 1749 1698 1771 tamen

74 1791 150 1817 ἔστιν
177 1792 260 1824 ἴδιον,
289 1791 380 1818 κοινὸν
407 1792 481 1828 πάσῃ
514 1794 547 1828 τῇ
578 1793 672 1828 Τριάδι
710 1793 829 1828 ὑπάρχον

945 1792 1001 1819 sius
1027 1795 1092 1818 sunt
1119 1790 1233 1826 propria
1258 1791 1403 1826 (sapientia
1434 1790 1507 1818 enim
1537 1790 1699 1818 attribuitur

73 1837 175 1872 ὁμοίως
200 1838 277 1872 καὶὴ
304 1838 399 1873 ἀγάπη
426 1837 536 1864 amem
563 1838 632 1873 μένη
658 1839 696 1873 τῷ
722 1838 828 1874 Πνεύμσ

944 1837 1024 1864 tidem
1050 1836 1119 1863 Filio
1153 1837 1278 1870 scorsim,
1304 1844 1358 1863 non
1375 1841 1466 1864 tatnen
1478 1836 1565 1871 ipsius
1576 1840 1619 1864 est
1634 1843 1699 1870 pro-

73 1882 111 1916 τῷ
133 1883 204 1917 ἁγίῳ
226 1883 302 1910 οὐδὲν
326 1881 408 1918 ἦττον
447 1883 495 1909 καὶ
518 1883 591 1910 κατὰ
629 1881 720 1918 πάσης
752 1881 828 1917 λέγετ

941 1882 1018 1915 rium,
1056 1888 1120 1908 cum
1148 1881 1282 1909 universas
1314 1880 1444 1909 Trinitati
1475 1889 1622 1909 commune
1644 1881 1696 1915 sit;

109 1962 147 1997 (t)
169 1963 274 1991 Monac.
291 1962 309 1989 l'.
323 1962 375 1990 227
389 1970 415 1990 a.
429 1961 558 1991 alendose
573 1970 580 1990 :
596 1961 696 1989 ὲδέναι.

947 1962 986 1997 (5)
1000 1961 1135 1997 Katnpbv
1147 1979 1155 1989 .
1171 1961 1337 1990 Addidimus
1354 1969 1388 1989 ex
1401 1961 1483 1988 Maso.
1500 1961 1518 1988 Γ.
1537 1961 1614 1997 6272.

109 1996 146 2032 (‘2’)
164 1998 224 2026 Non
237 1999 270 2025 27
283 1999 301 2024 l'.
315 1998 383 2025 227a
402 2007 408 2025 :
422 1999 533 2033 ἑαυτήν.

944 1996 982 2033 (6)
997 1997 1026 2033 In
1042 1996 1180 2033 Marciano
1193 1997 1340 2031 posteriori
1354 2003 1436 2023 manu
1452 1996 1562 2022 additur
1576 1996 1615 2022 δέ.

111 2031 149 2069 (5)
161 2033 205 2069 Sic
220 2033 311 2064 codd.,
327 2033 426 2060 melius
440 2031 582 2068 διαφέρον,
600 2067 605 2069 _
642 2067 648 2069 _
677 2066 686 2069 _
703 2066 715 2069 _

479 2031 605 2069 ttpépov._
642 2067 648 2069 _
677 2066 686 2069 _
703 2066 715 2069 _
949 2031 987 2068 (7)
1002 2031 1076 2059 Fort.
1108 2032 1234 2067 ἄρνησιν.

109 2066 147 2105 (4)
162 2068 290 2096 Inﬁnitivl
315 2068 470 2103 dependent
485 2066 499 2095 a
515 2066 649 2102 superiori
674 2066 716 2094 δεῖ
742 2066 852 2095 ειδέναι.

108 2145 145 2181 (a)
170 2144 240 2173 Vide
270 2144 420 2177 Petavium.
435 2143 474 2172 De
489 2144 570 2172 Trin.
587 2153 623 2178 tv,
639 2143 759 2172 Promm.
777 2151 804 2170 η.
819 2142 849 2171 ‘2.
904 2143 1057 2181 gustinutn.
1069 2143 1088 2171 Ι.
1102 2151 1152 2181 vti.
1184 2144 1223 2181 De
1253 2143 1401 2181 Trinitate,
1418 2151 1444 2181 e.
1459 2144 1488 2172 b.
1505 2144 1622 2174 Uberius
1637 2145 1700 2174 illu-

74 2178 140 2219 scqg
160 2214 208 2219 ____
259 2214 266 2219 _
291 2214 304 2219 _
328 2214 334 2219 _
350 2214 356 2219 _
626 2214 637 2219 _
778 2213 842 2219 mm
909 2178 1179 2219 stratdill'erentiam
1202 2180 1365 2219 humanaiet
1374 2179 1474 2219 divina:
1487 2185 1592 2219 natura:
1608 2181 1698 2219 quoad

108 2213 144 2250 (ti)
160 2214 228 2241 Vide
252 2214 441 2242 deﬁnitionem
470 2221 549 2242 conc.
577 2222 603 2242 Iv
626 2214 718 2242 Later.
734 2221 759 2240 a.
774 2213 854 2246 1215,
909 2214 1052 2242 unitatem.
1067 2213 1146 2242 Juan.
1162 2214 1298 2249 Daniasc.,
1314 2214 1351 2241 De
1376 2214 1429 2242 lide
1451 2213 1652 2251 orthodoxa,‘l.
1677 2225 1697 2248 ι.

75 2258 132 2285 cap.
158 2250 187 2283 Β,
212 2249 388 2282 Damnatum,
404 2248 442 2276 De
458 2256 564 2276 summa
578 2250 730 2282 'l‘rinitate;
756 2249 854 2276 etAu~
908 2255 933 2275 ε.
954 2248 980 2276 8.

75 2332 135 2359 liter
152 2331 258 2367 positis.
270 2342 279 2358 ι
300 2331 547 2368 ὃγιίοςὶιιηιυεᾲθτὶι
563 2340 570 2359 :
588 2331 748 2368 Qumifacta
771 2335 835 2359 sunt
849 2338 884 2358 ex
907 2331 986 2368 Patre
1001 2330 1071 2368 tacta
1088 2333 1170 2368 sunt“;
1184 2328 1341 2368 Sedmliilius
1363 2336 1416 2357 non
1433 2335 1476 2357 est
1499 2329 1606 2368 laetus;
1632 2338 1699 2368 ergo

75 2375 128 2394 non
140 2363 182 2395 e'st
198 2368 284 2395 lactus
296 2363 329 2394 εἰ
345 2363 434 2393 Patre.
451 2375 460 2392 ι
479 2363 634 2394 Secundum
651 2367 798 2401 Ephesium
812 2374 878 2393 vero
893 2366 1074 2393 concludetur
1089 2372 1097 2391 :
1119 2373 1128 2389 ί
1145 2364 1217 2400 Ergo
1234 2363 1320 2392 Filius
1335 2372 1390 2392 non
1404 2370 1448 2393 est
1468 2373 1502 2393 ex
1517 2367 1609 2398 Patre,
1625 2363 1698 2400 quod

75 2407 116 2430 est
132 2403 264 2438 impium;
281 2410 337 2429 non
353 2401 455 2428 factum
481 2409 546 2429 vero
563 2410 622 2429 esse
642 2401 741 2429 Filium
755 2409 789 2429 ex
801 2401 881 2428 Patre
895 2408 989 2428 verum
1003 2405 1056 2429 est.
1079 2409 1089 2426 ι

111 2460 233 2488 Alterum
246 2460 358 2488 schema
374 2460 502 2488 vitiosam
519 2459 602 2487 Marci
618 2459 854 2487 ratiocinationem
872 2463 1074 2495 repraesentans
1094 2460 1148 2487 tale
1162 2465 1204 2488 est
1218 2469 1227 2488 ι

171 2507 192 2535 si
209 2514 257 2541 per
277 2506 377 2534 Filium
574 2513 629 2533 non
650 2504 751 2541 factum
1018 2504 1139 2540 Spiritus
1155 2513 1211 2534 non
1389 2513 1443 2532 non
1463 2511 1528 2541 ergo
1547 2509 1590 2531 est

178 2539 270 2569 omnia
296 2541 366 2569 facta
508 2549 564 2570 non
587 2545 628 2568 est
642 2548 690 2575 per
707 2539 810 2568 Filium
1043 2545 1086 2567 est
1102 2541 1192 2569 lactus
1406 2547 1456 2575 per
1466 2539 1579 2566 Filium.

112 2658 186 2691 Vide.
203 2659 342 2693 quomodo
359 2658 429 2686 idem
445 2657 597 2686 absurdum
613 2657 755 2693 colligitur
769 2662 796 2685 et
809 2658 900 2693 quoad
918 2657 1018 2685 Filium
1037 2666 1044 2684 :

189 2705 217 2732 Si
234 2712 266 2732 ex
280 2705 362 2733 Patre
578 2713 632 2733 non
648 2705 750 2733 factum
1043 2705 1130 2733 Filius
1145 2713 1213 2733 vero
1375 2704 1460 2734 Filius
1474 2711 1540 2739 ergo
1556 2712 1610 2733 non

178 2740 271 2767 omnia
295 2740 366 2767 facta
531 2748 587 2768 non
612 2746 654 2769 est
677 2749 710 2769 ex
735 2741 815 2769 Patre
1021 2748 1077 2768 non
1091 2746 1134 2768 est
1147 2740 1236 2768 lactus
1392 2745 1435 2768 est
1446 2747 1479 2768 ex
1497 2739 1576 2768 Patre

80 2777 1692 2823 ΜΨ
