1913 3060
57 130 111 162 157
570 132 803 162 REFUTATIO
815 131 935 167 MABCi
955 132 1147 164 El’fiESiNl.
1647 137 1697 170 158

54 188 170 215 τιθέναι
186 188 236 222 μὲν
254 188 342 220 οὐδὲν,
360 188 463 223 φθορὰν
485 189 578 224 μέντοι
595 191 641 216 καὶ
658 190 775 217 θάνατον
791 190 848 217 ἀτε-

907 191 999 218 omnia
1025 192 1179 219 secundum
1208 200 1264 220 rem
1292 192 1364 220 idem
1377 197 1442 221 sunt
1457 199 1520 220 eum
1543 192 1638 221 divina
1652 201 1697 222 es-

55 234 144 266 λείας
155 234 233 266 τινὰς
248 234 313 261 ὂντα
327 236 454 269 ἀφαιρεῖν
469 235 516 262 ἀπ’
530 236 640 270 ἐκείνης
651 236 701 271 τῆς
716 237 855 271 μακαρίας

55 278 108 305 καὶ
122 278 202 310 θείας
216 279 331 313 οὐσίας)·
342 279 428 310 οὕτως
441 279 488 306 οὖν
501 281 529 307 ἓν
539 289 565 307 τι
577 282 624 307 καὶ
637 281 734 308 ταυτὸν
747 282 856 308 ἅπαντα

55 323 153 350 ταῦτα
172 325 206 350 τὰ
219 325 339 359 ὀνόματα
355 326 501 360 σημαίνειν
516 327 563 353 καὶ
578 328 675 354 ταυτὸν
690 327 754 354 ὅντα
766 328 856 361 πράγ-

58 376 133 402 ματι
150 370 184 403 τῇ
203 369 263 403 θείᾳ
274 369 353 404 οὐσίᾳ.
370 371 410 401 et;
425 371 525 398 ταυτὸν
541 371 610 407 αὐτῇ
623 372 702 406 ἥκειν
719 371 790 406 λόγῳ
807 373 856 406 μό-

55 420 105 438 νον
122 413 233 448 ἐκείνης
247 414 452 448 διακρινόμενα,
465 416 594 449 λέγεσθαι
608 418 699 451 μέντοι
712 417 776 451 περὶ
787 416 855 444 Θεοῦ

55 459 93 484 τὰ
121 459 244 486 τοσαῦτα
267 460 314 486 καὶ
339 461 454 488 τοιαῦτα
480 462 602 496 ὐνόματα
626 463 681 489 οὐδ’
700 463 854 497 ὁμωνύμως

54 505 124 531 οὔτε
143 506 310 541 συνωνύμως
324 506 386 533 οὔτε
403 507 600 541 πολυωνύμως,
614 508 672 536 ἀλλ’
684 508 854 542 ἁναλογικῶς

58 551 161 584 μόνον’
179 551 208 577 οὐ
225 551 287 578 καθ’
303 551 333 578 ὃν
348 553 450 587 τρόπον
464 553 510 579 δύο
522 553 582 579 τινὰ
598 553 672 587 ἦκαὶ
688 554 773 580 πλείω
787 555 856 589 πρὸς

55 597 87 622 ἓν
104 606 133 624 τι
157 599 246 624 κοινὴν
269 599 464 634 ἀναφέρονται,
489 599 557 626 ἀλλὰ
584 600 645 626 καθ’
662 600 692 626 ὃν
715 600 762 627 δύο
774 601 854 627 τινῶν

55 643 141 674 τάξις
163 644 211 670 καὶ
229 645 372 678 συστοιχία
388 645 638 679 καταλαμὸἀνεται,
656 646 687 672 οὐ
708 647 773 681 ’πρὸς
796 647 854 674 ἓτε-

57 690 107 723 ρίν
126 697 164 720 τι,
182 689 249 716 ἀλλὰ
274 689 342 724 πρὸς
358 690 388 716 τὸ
413 691 506 725 ἕτερον
522 691 611 718 αὐτῶν
625 699 632 707 ·
647 692 740 726 ὥσπερ
763 694 792 719 τὸ
819 693 856 720 ὃν

56 734 134 759 κατὰ
150 734 199 768 τῆς
217 735 311 766 οὐσίας
337 735 386 762 καὶ
407 736 454 763 τοῦ
472 736 676 770 συμϐεϐηκότος
693 740 855 773 κατηγορεῖ-

57 787 117 812 ται,
135 779 251 806 καθόσον
267 781 297 807 τὸ
315 781 490 816 συμϐεϐηκὸς
505 782 630 815 σύνταξιν
650 782 706 817 ἔχει
722 784 789 818 πρὸς
804 785 855 818 τὴν

55 828 168 860 οὐσίαν,
186 828 216 854 οὑ
231 829 347 855 καθόσον
362 829 378 863 ἠ
397 829 477 855 οὐσία
495 829 583 856 καὶτὸ
598 831 774 865 συμὸεόηκὸς
788 831 854 856 ἀνα-

908 237 1014 269 sentia;
1028 242 1148 265 attamen
1163 239 1214 265 alia
1229 238 1372 272 (positiva)
1385 239 1582 273 perfectionem
1598 246 1694 273 qnam-

913 282 974 309 dam
990 283 1017 309 in
1049 290 1080 310 ea
1098 288 1213 317 ponunt,
1229 284 1281 311 alia
1307 283 1454 319 (negativa)
1468 283 1693 318 ilnperl'cctiones

907 327 941 354 ab
959 336 990 354 ea
1008 333 1148 355 removent
1168 329 1243 363 (nam
1267 330 1516 364 incorruptibilitas
1538 334 1564 356 et
1577 330 1692 356 immor—

907 373 998 400 talitas
1014 373 1081 400 nihil
1107 379 1226 408 ponunt,
1247 375 1455 408 corruptionem
1467 379 1559 401 tamen
1577 378 1605 401 ct
1617 382 1693 401 mor-

908 424 973 452 tem,
1001 427 1062 454 quaa
1088 424 1152 447 sunt
1182 419 1407 454 imperfecﬁones
1429 419 1565 454 quaedam,
1581 427 1596 446 a
1614 419 1693 446 beata

907 465 952 492 illa
977 470 1006 492 et
1035 465 1127 492 divina
1153 465 1308 492 substantia
1330 465 1502 498 excludunt).
1531 465 1589 492 Tali
1609 465 1693 498 igitur

907 513 986 544 pacto
1016 511 1109 536 omnia
1135 509 1190 537 ista
1218 511 1331 537 nomina
1345 518 1429 537 unum
1446 510 1574 544 idemque
1589 510 1694 544 signiti-

906 560 969 582 cant
984 561 1012 581 et
1027 555 1098 582 idem
1115 562 1177 581 cum
1193 555 1346 583 secundum
1379 563 1436 582 rem
1454 555 1509 582 sint
1522 562 1584 581 cum
1599 555 1692 582 divina

907 601 1080 633 substantia,
1115 602 1143 629 in
1171 602 1243 629 idem
1275 609 1339 629 cum
1363 609 1395 630 ea
1415 601 1553 634 recidunt,
1583 602 1692 628 ratione

907 645 1097 674 tantummodo
1123 646 1157 673 ab
1177 653 1207 672 ea
1224 645 1371 673 distincta.
1390 645 1526 672 Dicuntur
1545 650 1638 673 tamen
1656 645 1692 672 de

906 691 961 719 Deo
991 695 1030 718 tot
1060 695 1087 718 et
1118 691 1182 718 talia
1203 691 1316 718 nomina
1333 698 1422 725 neque
1435 691 1586 725 :equivoce,
1601 697 1693 724 neque

906 738 1022 764 univoce
1055 745 1146 771 neque
1176 737 1335 768 multivnce,
1352 737 1400 763 sed
1416 737 1558 771 analogice
1573 740 1691 767 tantum,

907 789 960 809 non
991 782 1142 810 secundum
1171 789 1235 809 eum
1265 782 1385 814 moduml
1414 789 1468 817 quo
1495 782 1550 809 duo
1566 781 1692 817 quiedam

907 828 948 855 vel
978 829 1061 856 etiam
1085 829 1163 863 plura
1196 829 1230 856 ad
1259 835 1343 855 unum
1371 828 1510 862 quoddam
1533 827 1693 855 referuntur

57 871 198 906 φέρονται
224 872 292 907 πρὸς
317 872 382 899 ἄλλο
410 881 436 899 τι
461 873 562 907 τρίτον.
581 874 634 899 Τοῦ
661 873 688 900 at
713 864 848 906 τοσούτοις

903 881 1062 905 commune,
1076 874 1123 900 sed
1140 873 1292 902 secundum
1308 881 1381 906 eum,
1406 881 1460 906 quo
1476 872 1594 899 duorum
1623 879 1693 907 quo-

55 917 180 951 ὀνόμασι
195 917 225 943 τὸ
240 917 269 944 ἓν
285 918 375 944 ἐκεῖνο
387 919 435 944 καὶ
449 919 636 946 ἁπλούστατον
650 921 698 946 καὶ
716 920 808 955 ἄκρως
822 921 851 948 ἓν

55 959 258 994 ὀνομάζεσθαι,
281 963 331 996 τήν
355 961 379 988 τ’
397 963 504 989 ἐκείνου
527 964 667 998 ἀπειρίαν,
685 965 736 998 τήν
755 974 784 991 τε
805 965 850 992 τοῦ

56 1005 201 1040 ἡμετέρου
219 1006 265 1032 νοῦ
281 1007 425 1033 ἀσοένειαν
442 1008 527 1034 αἵῖιον
546 1007 616 1035 εἶναι
635 1009 664 1035 ὃν
689 1011 739 1037 οὐκ
764 1010 851 1042 ἄλλως

56 1050 130 1076 αὐτὸ
146 1051 162 1086 ἢ
181 1051 224 1077 διὰ
242 1052 296 1078 τῶν
311 1053 540 1087 ἀποτελεσμάτων
555 1055 719 1088 γιγνώσκειν
736 1056 852 1090 δυνάμε-

57 1104 107 1122 νον
125 1097 167 1131 (l)
180 1097 288 1132 ἀνάγκη
309 1098 449 1133 διαφόροις
472 1100 604 1134 ὀνόμασιν
623 1101 655 1126 ἐκ
676 1101 730 1127 τῶν
749 1103 777 1128 ὲν
794 1104 851 1134 τοῖς

58 1141 204 1177 αἰσθητοῖς
233 1143 437 1178 εὑρισκομένων
471 1144 646 1180 τελειοτήτων
672 1146 722 1181 τὴν
747 1148 850 1174 ἐκείνου

59 1187 221 1221 τελειότητα
236 1188 390 1222 σημαίνειν.
403 1189 434 1215 Εἰ
446 1190 500 1224 γὰρ
511 1190 596 1225 αὐτὴν
607 1190 656 1226 τὴν
669 1191 743 1218 θείαν
757 1193 851 1220 οὐσίαν

60 1233 156 1264 καθὼς
172 1233 257 1264 ἐστὶν,
271 1234 432 1268 ἠδυνάμεθα
450 1235 624 1269 γιγνώσκειν,
640 1237 682 1263 év‘.
699 1239 780 1272 μόνον
795 1239 852 1264 ὀνό-

62 1286 131 1312 ματι
145 1279 247 1314 ταύτην
263 1279 295 1305 ἂν
310 1279 500 1315 ἑξεςραίνομεν,
516 1281 530 1306 ὃ
545 1281 575 1317 δὴ
600 1283 646 1308 καὶ
662 1282 852 1318 ὑπεσχημένον

62 1325 124 1351 ἐστὶ
139 1326 195 1356 τοῖς
211 1326 273 1352 κατ’
288 1326 382 1353 οὐσίαν
404 1327 485 1353 αὑτὸν
506 1327 566 1362 ἦτοι
590 1329 735 1363 πρόσωπον
750 1330 851 1365 ὀψομέ-

61 1380 130 1403 νοις¹
146 1374 175 1399 ἐν
188 1373 244 1408 γὰρ
258 1375 291 1408 τῇ
308 1374 401 1409 ἡμέρᾳ
415 1375 508 1410 ἐκείνῃ
524 1375 602 1402 ἔσται
619 1376 721 1411 Κύριος
740 1374 789 1409 εἷς,
806 1378 853 1404 καὶ

60 1418 93 1444 τὸ
106 1418 191 1453 ὄνομα
207 1419 290 1446 αὐτοῦ
306 1419 347 1451 ἒν,
366 1419 449 1454 φησὶν
467 1421 480 1446 ὸ
494 1421 565 1452 θεῖος
577 1421 715 1456 Ζαχαρίας
731 1422 781 1458 (2).
798 1424 853 1450 Καὶ

61 1461 122 1490 οἶδα
152 1465 201 1498 μὲν
215 1465 256 1491 ὁτι
282 1465 350 1500 πρὸς
366 1465 452 1492 ταῦτα
471 1466 650 1500 κεκράξονταί
664 1475 694 1493 τε
710 1469 758 1495 καὶ
770 1468 855 1502 βοῶν-

903 920 1027 946 rumdam
1038 919 1107 946 ordo
1119 924 1147 947 et
1161 919 1298 947 connexio
1317 919 1481 954 intelligitur
1509 927 1566 946 non
1584 918 1618 945 ad
1633 918 1691 945 ali-

901 965 968 1000 quid
983 965 1133 997 diversum,
1150 965 1198 992 sed
1209 965 1243 992 ad
1262 966 1377 992 alterum
1393 962 1499 998 eorum’,
1512 964 1690 999 quemadmo-

902 1011 966 1038 dum
978 1019 1033 1038 esse
1053 1011 1216 1046 prmdicalur
1232 1011 1266 1038 dc
1278 1011 1432 1038 substantia
1448 1015 1475 1037 et
1491 1010 1526 1038 de
1541 1010 1690 1042 accidenti,

902 1057 929 1084 in
947 1062 1081 1091 quantum
1098 1057 1227 1084 accidens
1247 1057 1470 1092 conjunctionem
1485 1057 1568 1084 habet
1580 1057 1612 1083 ad
1623 1058 1691 1084 sub-

901 1104 1041 1135 stantiam,
1059 1110 1112 1129 non
1125 1102 1151 1129 in
1161 1107 1293 1137 quantum
1307 1103 1460 1130 substantia
1471 1108 1499 1130 et
1514 1102 1644 1130 accidens
1653 1102 1689 1130 ad

902 1149 1004 1183 aliquid
1021 1150 1134 1175 tertium
1151 1149 1320 1186 referuntur.
1344 1148 1422 1181 Quod
1443 1153 1535 1175 autent
1551 1152 1590 1175 tot
1602 1148 1692 1174 nomi-

903 1195 984 1221 nibus
1009 1194 1075 1220 illud
1096 1202 1181 1221 unum
1211 1198 1239 1221 et
1251 1193 1486 1228 simplicissimum
1514 1198 1542 1221 et
1571 1193 1691 1221 maxime

903 1248 936 1267 ac
965 1240 1142 1274 singulariter
1167 1247 1252 1266 unum
1268 1239 1440 1271 nominatur,
1462 1246 1544 1266 causa
1562 1244 1605 1266 est
1633 1244 1692 1267 tum

903 1286 976 1313 illius
1004 1284 1188 1314 immensitas,
1214 1289 1272 1310 tum
1300 1283 1446 1310 inﬁrmitas
1462 1283 1563 1310 mentis
1577 1287 1690 1316 nostrae,

903 1338 963 1364 quae
991 1337 1054 1356 cum
1083 1330 1164 1356 aliter
1198 1329 1265 1356 illud
1279 1336 1448 1363 cognoscere
1470 1334 1591 1364 nequeat
1606 1337 1690 1364 quam

904 1383 953 1409 per
964 1375 1023 1409 ejus
1038 1374 1164 1405 effectus,
1179 1373 1298 1400 diversis
1323 1372 1482 1400 nominibus
1498 1380 1530 1400 ex
1544 1372 1692 1407 perfectio-

905 1420 998 1451 nibus,
1011 1427 1072 1454 qua:
1087 1420 1113 1446 in
1130 1419 1213 1446 rebus
1232 1419 1327 1446 sensui
1351 1419 1484 1454 subjectis
1500 1419 1691 1452 inveniuntur.

906 1465 979 1492 illius
994 1464 1192 1500 perfectionem
1216 1464 1341 1498 designet
1371 1471 1484 1490 necesse
1499 1469 1551 1490 cst.
1572 1462 1598 1491 Si
1615 1464 1690 1491 enim

61 1519 109 1542 τες
140 1511 165 1537 οἱ
191 1512 309 1538 ἐναντίοι
329 1512 571 1547 διαῤῥαγήσονται,
592 1513 639 1539 καὶ
659 1513 766 1548 μάλιστ’
789 1515 848 1540 ὃται

906 1511 992 1546 ipsam
1019 1510 1140 1537 divinam
1165 1510 1327 1542 essentiam,
1361 1509 1442 1537 sicuti
1459 1514 1511 1542 est,
1525 1517 1691 1545 cognoscere

61 1556 97 1582 τά
108 1564 138 1581 τε
157 1555 290 1590 εἰρημένα
312 1556 433 1591 ὀνόματα
454 1557 525 1591 λόγῳ
553 1557 637 1592 μόνῳ,
660 1558 689 1584 οὐ
707 1557 850 1593 πράγματι

62 1602 112 1636 τῆς
136 1602 211 1633 θείας
232 1602 328 1634 οὐσίας
349 1602 471 1629 ἀκούωσι
494 1603 691 1638 διακρίνεσθαι,
709 1605 785 1632 αὐτοὶ
805 1605 852 1631 καὶ

62 1647 205 1681 πράγματι
220 1646 311 1677 ἀθέως
328 1647 398 1673 αὐτὰ
411 1647 605 1683 διακρίνοντες,
625 1649 671 1675 καὶ
688 1649 725 1681 ὼς
739 1651 769 1676 τὺ
785 1658 851 1686 προ-

62 1692 172 1719 ἢάλλειν
192 1692 221 1718 οὐ
246 1691 293 1718 τοῦ
318 1692 424 1727 Πατρός
439 1694 514 1719 ἐστιν
530 1693 606 1725 ἴδιον,
618 1693 678 1720 οὐδὲ
695 1695 725 1720 τὸ
739 1694 850 1729 πρόσω-

64 1747 114 1764 πον
128 1737 211 1764 αὑτοῦ
227 1734 372 1770 συνιστῶν,
387 1738 454 1764 ἀλλὰ
472 1739 579 1774 [ἰατρὸς
591 1740 639 1765 καὶ
654 1739 731 1772 Υίοῡ,
748 1740 796 1767 καὶ
813 1740 851 1772 ὡς

62 1785 116 1821 ἠδη
151 1785 208 1816 τοῖς
244 1784 403 1820 προσώποις
429 1784 582 1818 ὑφεστῶσιν
607 1785 751 1820 ἑπόμενον,
773 1786 850 1812 αὐτοὶ

65 1831 130 1857 tat/nl
144 1838 174 1856 τε
190 1829 236 1856 τοῦ
254 1829 360 1866 Πατρὸς
383 1830 430 1857 καὶ
450 1830 613 1856 συστατικὺν
636 1830 703 1856 αὐτὸ
724 1831 850 1865 νομίζον-

62 1886 108 1908 τες
125 1875 164 1912 (ὅ)
183 1877 229 1902 καὶ
244 1877 317 1910 ἡμᾶς
336 1876 366 1902 τὸ
383 1875 552 1910 ζητούμενον
564 1875 712 1910 λαμὸάνειν
729 1876 850 1910 οἰόμενοι

63 1924 113 1949 καὶ
125 1923 153 1948 τὸ
168 1923 196 1947 ὲν
211 1922 282 1957 ἀρχῇ
295 1922 444 1947 αἰτεῖσθαι.
468 1919 538 1947 Ἀλλ’
553 1920 640 1952 οὐδεὶς
654 1920 744 1947 αὐτῶν
760 1921 848 1954 λόγος·

64 1968 142 2002 ἡμεῖς
157 1975 187 1993 τε
202 1968 256 2002 γὰρ
268 1967 296 1993 ἐν
313 1967 403 1998 ἄλλοις
420 1966 484 2002 περὶ
499 1966 590 1992 αὐτῶν
608 1965 709 1996 ἱκανῶς
733 1966 849 2000 διειλέγ-

67 2013 143 2047 μεθι,
157 2013 206 2039 οὐκ
222 2012 306 2046 ὀλίγοι
320 2021 350 2038 τε
365 2013 419 2039 τῶν
440 2012 600 2047 φθασάντων
616 2013 689 2047 ἡμᾶς
707 2012 850 2047 μακαρίων

65 2057 111 2084 καὶ
134 2056 214 2082 θείων
228 2056 332 2091 ἀνδρῶν
350 2056 452 2091 ἄριστά.
467 2065 496 2083 τε
514 2056 562 2083 καὶ
576 2057 734 2091 σαφέστατα
749 2057 847 2090 ταῦτα,

65 2102 102 2133 ὡς
117 2102 177 2136 μηδ’
188 2102 287 2128 ἐνεῖναι
301 2101 370 2133 ὅλως
385 2102 556 2137 amatae“,
569 2101 787 2136 ἀποδεδείχασιν.
805 2101 823 2128 ἃ
835 2102 849 2128 ό

65 2148 225 2182 βουλόμενος
239 2147 361 2183 ζητήσας
374 2147 497 2182 εὑρήσει.
514 2147 646 2174 Ἐνταῦθα
662 2147 699 2182 (4)
715 2149 768 2182 γὰρ
782 2147 849 2182 βρα-

905 1564 1058 1592 possemus.
1086 1564 1141 1583 uno
1157 1556 1260 1586 .solum
1292 1555 1408 1582 nomine
1434 1563 1494 1582 eam
1510 1559 1689 1588 notaremus,

901 1602 976 1638 quod
1004 1606 1032 1628 et
1057 1601 1225 1637 promissum
1256 1604 1297 1628 est
1313 1600 1357 1633 iis,
1371 1601 1420 1635 qui
1436 1601 1522 1628 Deum
1537 1601 1690 1628 secundum

901 1648 1052 1676 essentiam
1080 1647 1122 1674 vel
1144 1647 1214 1674 facie
1229 1646 1262 1673 ad
1280 1646 1376 1674 faciem
1395 1647 1480 1673 visuri
1499 1651 1590 1674 erunt.
1608 1647 1688 1679 Nam,

901 1700 931 1721 ut
956 1694 1036 1721 divus
1063 1693 1210 1720 Zacharias
1236 1692 1287 1723 ait.
1303 1691 1334 1718 In
1351 1691 1399 1718 illa
1414 1692 1456 1718 die
1472 1691 1602 1719 Dominus
1619 1700 1690 1720 unus

900 1742 963 1772 erit,
997 1745 1021 1767 et
1054 1747 1148 1767 nomen
1167 1740 1223 1774 ejus
1243 1746 1335 1766 unum.
1351 1738 1431 1770 Novi,
1445 1738 1517 1772 quod
1536 1738 1688 1765 adversarii

901 1790 996 1813 contra
1013 1785 1070 1813 haec
1087 1784 1274 1811 inclamabunt
1286 1790 1313 1810 et
1335 1783 1389 1810 alta
1403 1790 1468 1810 voce
1487 1783 1688 1811 tumultuantes

900 1831 1072 1862 scindentur,
1096 1829 1250 1864 praasertim
1282 1828 1393 1863 quando
1409 1828 1532 1861 audiant,
1555 1829 1687 1864 praedicta

900 1878 1011 1905 nomina
1027 1878 1133 1904 ratione
1149 1877 1290 1907 duntaxat,
1306 1884 1360 1903 non
1379 1883 1410 1903 re
1426 1883 1440 1903 a
1459 1875 1551 1903 divina
1566 1877 1687 1904 essentia

900 1923 1042 1957 distingui,
1056 1922 1121 1949 dum
1138 1922 1189 1956 ipsi
1207 1927 1235 1949 et
1256 1929 1285 1949 re
1302 1929 1333 1948 ea
1344 1922 1427 1956 impie
1441 1921 1614 1956 distinguunt
1632 1922 1684 1956 (α),

899 1973 926 1996 et
951 1968 1058 2002 spirare
1089 1974 1144 1994 non
1173 1974 1234 1994 esse
1262 1966 1352 1994 Patris
1378 1967 1520 2001 proprium
1551 1973 1602 1994 nec
1625 1967 1688 2001 ejus

900 2019 1044 2048 personam
1075 2013 1256 2043 constituens.
1286 2019 1383 2038 verum
1410 2012 1502 2039 Patris
1528 2012 1642 2044 etFnl-ii,
1658 2017 1689 2039 et

897 2060 953 2093 jam
977 2057 1144 2086 constitutas
1160 2061 1188 2084 et
1217 2056 1399 2084 subsistentes
1411 2063 1542 2091 personas
1552 2063 1685 2091 Sequens,

899 2105 965 2132 dum
979 2104 1031 2139 ipsi
1042 2103 1107 2130 illud
1122 2107 1150 2130 et
1177 2103 1320 2138 proprium
1340 2102 1430 2129 Patris
1441 2106 1470 2129 et
1479 2102 1539 2136 ejus
1550 2102 1686 2129 constitu<

900 2151 986 2178 tivum
1014 2149 1117 2177 habent
1132 2154 1212 2184 atque
1229 2155 1281 2175 nos
1303 2147 1330 2174 id
1344 2147 1417 2182 quod
1434 2147 1460 2174 in
1477 2147 1630 2182 quastione
1641 2151 1683 2175 est

66 2194 113 2229 χύν
125 2202 185 2220 τινα
199 2194 299 2221 κανόνα
314 2193 483 2228 παραδοῦναι
495 2193 683 2229 προῃρημένοι
697 2192 736 2229 (5)
753 2194 848 2228 ἐπίτη-

902 2203 1042 2224 assumere
1068 2199 1096 2222 et
1123 2194 1196 2230 quod
1211 2194 1236 2221 in
1255 2193 1394 2228 principio
1407 2193 1546 2228 postulare
1565 2193 1686 2228 opinan-

65 2241 108 2271 δες
131 2240 160 2266 τὸ
185 2239 272 2274 μῆκος
292 2240 348 2265 τῶν
367 2239 454 2273 λόγων
479 2239 592 2266 ἐκείνων
613 2239 797 2274 ἑκφεύγοιμεν
809 2240 846 2271 ὡς

65 2285 267 2320 ὁμολογούμενα
289 2284 374 2311 ταῦτα
396 2285 615 2320 προῦποθέμενοι
632 2285 731 2320 πλὴνῆ
756 2293 847 2320 παρα-

68 2331 162 2366 μυθίας
177 2332 224 2357 καὶ
241 2332 343 2366 μικρᾶς
357 2339 430 2362 τινος
447 2330 529 2357 ἕνεκα
546 2332 609 2366 περὶ
627 2330 677 2366 μὲν
694 2331 748 2357 τῶν
765 2331 845 2357 θείων

66 2377 203 2411 ὀνομάτων
218 2376 297 2403 τοῦτο
311 2376 418 2411 ῥητέον,
432 2375 469 2408 ὡς
484 2376 518 2402 τὰ
537 2375 568 2402 ἓν
584 2384 610 2402 τι
625 2376 670 2402 καὶ
693 2375 847 2403 ἁπλούστα-

66 2431 110 2449 τον
133 2422 249 2457 πρᾶγμα
267 2421 447 2457 σημαίνοντα,
467 2418 511 2447 οἷά
531 2422 605 2447 ἐστιν
628 2422 644 2456 ὴ
672 2421 732 2447 θεία
754 2421 846 2452 οὐσία,

67 2469 96 2495 ’ἐν
109 2477 133 2495 τι
157 2469 204 2494 καῖ⁹
219 2468 289 2494 αὐτὰ
318 2468 366 2494 καὶ
386 2466 469 2494 ταυτδ
489 2467 635 2501 πράγματι
652 2464 722 2493 εἶναι
738 2466 845 2501 ἀνάγκη

68 2515 113 2541 καὶ
127 2514 212 2541 ταιπὰ
232 2514 375 2548 πράγματι
394 2511 462 2540 εἶναι
480 2513 550 2548 μετὰ
570 2512 617 2538 τοῦ
632 2513 844 2547 σημαινομένου’

69 2562 150 2592 ἄλλως
162 2561 217 2595 γὰρ
232 2561 277 2586 καὶ
291 2561 309 2594 ἡ
328 2560 407 2586 οὐσία
421 2559 618 2594 συμμερίζοιτο
631 2559 663 2584 ἂν
681 2559 736 2590 τοῖς
759 2567 848 2593 πραγ-

102 2628 137 2664 (l)
165 2628 211 2656 Sic
237 2629 320 2656 Marc.
347 2629 367 2656 ί.
383 2629 416 2656 63
443 2629 477 2662 b;
503 2628 641 2656 Monac.l‘.
657 2627 710 2655 29.8
728 2627 755 2654 b.
772 2627 800 2659 ὃς
814 2641 845 2646 -—

68 2664 224 2699 δυναμενος.

102 2697 139 2733 (2)
151 2699 232 2727 lacn.
243 2707 279 2726 xn
297 2701 327 2734 (ο¹
339 2697 419 2734 XIV),
436 2705 461 2725 ν.
476 2698 504 2726 9.

101 2757 136 2792 (α)
161 2756 217 2784 lloc
244 2757 388 2784 l’alamitas
413 2758 533 2792 respicit.
562 2765 681 2792 quorum
706 2757 756 2784 hac
778 2756 805 2783 in
817 2765 846 2784 re

69 2801 184 2819 errorem
200 2794 349 2820 traducunt
361 2793 574 2828 Geurg.’l'rapez.
583 2793 616 2819 ad
624 2793 843 2820 Joan.(1nnicles.

71 2832 104 2855 be
132 2828 208 2854 l’ruc.
243 2829 337 2860 Spirit.
365 2835 462 2856 sancu.
493 2827 522 2856 e.’
541 2831 567 2855 υ.
580 2829 626 2855 Ur.
640 2830 710 2855 orth.
728 2828 760 2854 Τ.
776 2827 796 2860 l,
816 2835 841 2860 υ.

901 2246 958 2269 tur.
983 2241 1036 2268 Sed
1060 2241 1133 2268 nulla
1150 2248 1262 2275 prorsus
1276 2243 1319 2268 est
1332 2247 1427 2266 eorum
1445 2239 1524 2266 ratio.
1539 2239 1607 2266 Nam
1625 2245 1681 2266 tum

898 2295 950 2315 nos
961 2287 1026 2315 alibi
1044 2286 1078 2314 de
1089 2286 1131 2314 his
1145 2285 1312 2314 suﬂicienter
1327 2285 1445 2320 egimus,
1460 2289 1517 2311 tum
1531 2285 1614 2312 etiam
1628 2293 1684 2313 non

899 2332 978 2367 pauci
1011 2338 1108 2359 eorum
1136 2331 1183 2366 qui
1216 2337 1266 2358 nos
1303 2334 1506 2365 prmeesserunt
1540 2329 1684 2357 beatorum

902 2382 1115 2412 sanctorumque
1143 2377 1264 2403 virorum
1295 2377 1399 2411 optime
1430 2379 1458 2402 et
1488 2375 1641 2402 clarissime
1657 2375 1686 2402 id

901 2422 1092 2453 ostenderunt,
1120 2421 1157 2448 ita
1183 2426 1212 2447 ut
1240 2421 1316 2448 nullo
1333 2420 1414 2448 modo
1432 2420 1513 2447 liceat
1527 2419 1684 2451 adversari,

900 2474 961 2500 qua:
986 2466 1033 2500 qui
1051 2466 1182 2498 voluerit,
1206 2466 1229 2494 si
1246 2466 1353 2500 quatrit,
1389 2465 1518 2492 inveniet.
1546 2464 1596 2490 llic
1610 2464 1685 2490 enim

900 2511 1012 2538 brevem
1028 2510 1173 2545 quemdam
1199 2518 1332 2538 canonem
1356 2510 1463 2536 tradere
1479 2509 1569 2543 potius
1581 2507 1685 2534 haben-

902 2561 943 2585 tcs
968 2556 1060 2584 studio
1085 2556 1274 2584 extensionem
1294 2556 1403 2583 illorum
1422 2561 1577 2582 sermonem
1594 2554 1685 2579 vitare

940 2627 979 2661 (ὖ)
999 2625 1083 2660 Marc.
1099 2625 1119 2652 f.
1135 2625 1167 2651 (il
1180 2633 1206 2657 a,
1220 2625 1409 2660 ὀνομάζοντες.

939 2658 976 2697 (Α)
996 2658 1101 2688 thac.
1121 2661 1141 2686 f.
1162 2661 1213 2687 ‘22!)
1226 2669 1251 2691 ιι,
1265 2658 1392 2687 ἐνταῦτα.

941 2696 979 2732 (ὁ)
996 2698 1039 2723 Sic
1056 2698 1154 2728 Μαι(ςῆ
1168 2697 1272 2723 Monac.
1290 2697 1372 2722 habet
1387 2696 1595 2731 προειρημένον.

899 2756 952 2783 485
967 2756 1079 2790 aliique,
1095 2756 1128 2782 (lc
1141 2757 1241 2791 quibus
1260 2755 1356 2783 confer
1373 2755 1453 2784 Aliat.
1474 2755 1560 2784 Graec.
1575 2753 1686 2782 orthod.

900 2793 931 2817 ’l'.
949 2792 970 2826 l,
984 2794 1016 2818 ad
1036 2795 1148 2818 calcem.
