1913 3060
195 121 247 154 159

879 113 1143 148 BESSARIONIS

1781 107 1846 141 ιπεο

192 176 332 204 volumus.
349 175 477 204 Attamen
490 175 532 204 vel
562 175 764 204 exhortationis
784 174 843 203 sive
858 173 983 201 consola-

1040 172 1161 208 ματικῶς
1177 171 1301 207 ἀλλήλων
1319 170 1542 206 διακεκριμένοις
1567 167 1682 204 ὀνόμασι
1711 167 1760 194 καὶ
1787 176 1844 194 ro-

194 222 278 250 tionis
303 221 355 249 etsi
384 229 474 257 parvae
490 222 575 256 gratia
593 222 627 249 de
641 222 742 249 divinis
755 220 913 249 nominibus
925 220 979 247 hoc

193 267 343 294 dicendum
358 273 410 299 est.
427 275 460 295 ea
475 275 536 302 qua
564 276 621 296 rem
638 268 758 303 aliquam
776 275 857 294 unam
874 271 900 293 et
913 274 981 293 sun-

195 313 372 348 plicissimam
389 314 553 348 signiﬁcant,
582 314 734 349 cujusmodi
761 318 804 340 est
828 313 921 340 divina
938 319 982 338 es-

194 358 291 390 aentia.
322 367 354 386 ea
381 367 466 386 unutn
482 359 588 393 aliquid
606 365 633 387 et
660 359 732 386 idem
752 357 904 385 secundum
922 364 981 384 rem

193 409 221 431 et
254 405 351 431 eadem
378 412 440 432 cum
468 405 622 440 signiﬁcato
637 405 748 432 realiter
764 411 826 431 esse
840 407 982 438 oportere.

193 448 280 476 Seeus
296 449 369 476 enim
391 455 417 477 et
435 450 555 477 essentia
585 450 665 477 simul
679 449 849 477 divideretur
864 456 924 475 cum
939 448 983 479 its,

195 502 256 529 quae
272 496 382 522 realiter
395 496 430 523 ab
452 496 568 523 invicem
587 500 651 522 sunt
670 495 800 522 distincta
811 494 982 526 nominibus,

195 545 224 566 et
253 540 365 567 totidem
394 548 437 568 res
465 541 547 573 foret,
561 544 626 575 quot
650 545 756 568 suntet
781 539 983 575 signiﬁcantia;

196 583 249 611 ltoc
280 589 372 612 autent
411 593 521 613 omnem
560 586 731 620 impietatem
770 585 984 620 transgreditur.

196 630 274 663 Quod
290 638 358 658 vero
373 635 479 666 spectat
492 631 525 658 ad
545 631 670 666 spirandi
687 632 895 666 proprietatem,
912 632 934 658 si
949 639 983 659 ea

195 683 249 702 non
280 677 421 703 constituit
437 677 525 704 Patris
546 685 704 711 personant,
722 678 877 704 communis
892 678 945 705 erit
959 683 986 705 et

194 720 285 754 Filio;
305 726 404 756 przett-r
421 722 604 756 proprietates
626 723 700 749 enim
715 722 874 756 personales
887 728 986 750 caetera

195 767 325 794 omnibus
353 771 418 794 sunt
444 768 614 800 communia,
641 767 678 794 ita
690 772 765 794 vutet
781 767 896 802 Spiritui
915 771 988 794 esset

195 813 361 845 communis,
377 812 429 839 nisi
443 812 568 848 ejusdem
604 812 705 839 rationi
720 812 902 847 repugnavit;
919 821 990 847 quo-

1039 218 1127 245 σαῦτα
1143 218 1175 244 ἂν
1197 218 1251 253 εἴη,
1276 218 1326 244 ὅσα
1350 217 1398 243 καὶ
1427 216 1461 242 τὰ
1487 215 1665 257 σημαίνοντα·
1694 212 1778 240 τοῦτο
1807 213 1843 239 δὲ

1037 266 1129 292 πᾶσαν
1142 264 1271 291 ἀσέϐειαν
1282 263 1442 298 ὑπερῦαίνει
1454 262 1508 298 «(1).
1531 261 1599 296 Περὶ
1614 260 1642 286 δὲ
1658 259 1706 286 τοῦ
1721 259 1772 285 τοῦ
1794 259 1842 291 (2)

1037 310 1202 345 προϐάλλειν
1219 309 1365 344 ἰδιώματος
1383 307 1421 338 ὡς
1435 309 1459 334 εἰ
1477 307 1515 342 μὴ
1539 307 1569 332 τὸ
1587 306 1734 340 πρόσωπον
1754 313 1843 330 συνι-

1037 356 1088 389 uti
1100 355 1148 381 τοῦ
1164 354 1281 389 Πατρὺς,
1297 354 1386 380 κοινὸν
1400 353 1478 379 ἔσται
1493 353 1536 379 καὶ
1549 352 1588 386 τῷ
1604 351 1671 386 Υἰῷ·
1686 350 1757 386 πλὴι
1776 351 1841 386 γὰρ

1035 400 1090 427 τῶν
1104 399 1290 435 προσωπικῶν
1307 398 1447 433 ἰδιοτήτων
1459 397 1541 424 τᾶλλα
1557 396 1636 422 κοινὰ
1650 395 1732 421 πᾶσίν
1748 395 1839 426 εἰσιν,

1036 445 1102 474 ὥστ’
1117 443 1151 481 ἦν
1167 445 1200 471 ἂν
1217 445 1264 471 καὶ
1282 444 1320 478 τῷ
1340 443 1480 477 Πνεύματι
1499 442 1588 468 κοινὸν
1605 442 1635 467 τὸ
1653 440 1839 475 προϐάλλειν,

1037 492 1061 518 εἰ
1077 491 1116 526 μὴ
1132 490 1171 525 τῷ
1183 491 1288 517 ἐκείνου
1301 490 1450 516 ἀντέπιπτε
1464 488 1545 522 λόγῳ·
1559 488 1620 513 ἐπεὶ
1634 486 1656 512 δ’
1669 487 1699 512 οὐ
1715 486 1841 520 συνιστᾷ

1038 537 1068 564 τὸ
1090 537 1223 571 πατρικὸν
1245 535 1404 570 πρόσωπον,
1420 534 1545 560 λείπεται
1560 534 1607 559 καὶ
1627 532 1665 567 τῷ
1681 531 1738 566 Υἰῴ
1757 529 1836 557 εἶναι

1038 583 1140 610 κοινόν.
1159 581 1235 608 Ἐπεὶ
1247 581 1301 615 γὰρ
1319 581 1436 607 ἕκαστον
1456 581 1600 614 πρόσωπον
1618 578 1656 604 ἐνί
1674 585 1728 603 τινι
1747 577 1834 611 μόνον

1040 628 1141 663 ίδίωμά
1153 636 1180 654 τι
1195 628 1363 659 συνίσταται,
1377 626 1393 661 ἢ
1407 626 1439 660 τῇ
1452 625 1498 651 τοῦ
1513 624 1637 659 γεννᾷνῆ
1652 625 1684 658 τῇ
1699 623 1746 648 τοῦ
1761 631 1838 656 προ-

1039 674 1150 700 ϐάλλειν
1177 674 1289 709 ἰδιότητι
1315 672 1496 699 συνίστασθαι
1516 671 1562 697 τὺν
1581 671 1693 703 Πατέρα
1709 669 1837 702 ἀνάγκη·

1039 721 1106 748 ἀλλὰ
1121 720 1217 755 Πατὴρ
1236 719 1281 746 διὰ
1295 719 1324 745 τδ
1341 718 1439 753 γεννᾷν
1460 717 1571 750 λέγεται
1588 716 1635 742 καὶ
1657 715 1742 747 ἐστιν,
1758 713 1836 739 ὥστε

1041 767 1070 793 οὗ
1086 767 1117 792 τὸ
1130 766 1294 801 προϐάλλειν
1309 764 1392 791 αὑτοῦ
1407 764 1438 790 τὸ
1450 763 1594 798 πρόσωπον
1609 761 1731 796 συνιστᾷ·
1751 759 1790 794 μὴ
1802 758 1836 785 δν

1040 812 1068 839 δὲ
1085 813 1151 839 ἴδιον
1178 812 1227 838 τοῦ
1254 811 1360 846 Πατρδς
1388 810 1482 845 μόνου,
1498 809 1566 844 μηδὲ
1590 806 1764 838 συστατικδν,
1783 805 1837 831 καὶ

197 857 272 884 niam
302 865 369 885 vero
403 865 459 885 non
490 858 636 886 constituit
655 863 799 892 paternam
829 866 986 893 personam,

1040 858 1079 893 τῷ
1093 858 1152 892 Υίῷ
1166 858 1225 884 ἐστι
1239 857 1338 884 κοινόν.
1353 857 1407 883 Καὶ
1419 855 1505 882 ταῦτα
1520 855 1569 890 μὲν
1584 853 1681 884 οὕτως.

196 905 372 940 relinquitur,
389 911 419 933 ut
446 910 475 934 ct
489 905 558 933 Filio
571 907 684 941 spiratio
715 907 751 934 sit
772 907 927 934 communis
946 906 997 942 (α).
1015 906 1083 934 Cum
1112 906 1185 934 enim
1216 905 1346 940 quaelibet
1375 911 1491 939 persona
1514 903 1623 929 nonnisi
1640 908 1692 928 una
1708 899 1837 934 proprie—

196 959 252 982 tate
277 942 460 982 constituatur
477 973 486 986 .
505 954 548 982 vel
564 955 711 990 generandi
742 955 784 982 vel
812 955 935 990 spirandi
966 955 1134 990 proprietate
1164 954 1271 981 Patrem
1302 952 1430 981 constitui
1445 959 1556 980 necesse
1570 954 1621 977 est.
1651 949 1731 982 Atqui
1751 947 1836 974 Pat-r

197 1003 300 1030 dicitur
325 1007 354 1029 et
380 1006 423 1029 est
438 1001 518 1028 Pater
532 1006 646 1036 propter
671 1002 888 1037 generationem.
908 1001 968 1028 Non
998 1001 1083 1036 igitur
1102 1002 1216 1037 spiratio
1242 1003 1301 1037 ejus
1324 1008 1470 1036 personam
1488 999 1642 1026 constituit.
1674 996 1741 1024 Cum
1760 1001 1833 1021 vero

196 1047 243 1075 illa
255 1057 309 1076 non
341 1050 378 1076 sit
399 1048 510 1083 propria
527 1047 616 1075 Patris
632 1048 731 1081 solius,
748 1055 800 1075 nec
823 1047 884 1083 ejus
896 1054 1042 1081 personam
1069 1049 1252 1082 constituens,
1268 1053 1296 1076 et
1316 1049 1385 1076 Filio
1416 1046 1571 1075 communis
1595 1050 1647 1072 cst.
1669 1044 1721 1073 Sed
1734 1043 1768 1071 de
1789 1042 1835 1069 bis

201 1094 351 1123 hactenus.

231 1142 266 1170 ll.
284 1142 379 1177 Neque
401 1142 455 1169 boe
470 1142 556 1170 latere
570 1142 653 1170 debet
666 1141 776 1169 dicendi
789 1142 919 1177 cupidum
941 1149 991 1168 au-

198 1189 326 1220 ditorem,
345 1188 418 1223 quod
434 1188 534 1215 divinae
550 1187 696 1215 Trinitatis
708 1195 842 1222 persome.
857 1195 918 1215 cum
934 1195 988 1215 non

199 1235 285 1270 magis
305 1241 389 1261 unum
406 1234 462 1261 sint
478 1234 610 1266 essentia,
638 1241 720 1268 quam
741 1235 792 1261 tria
817 1235 942 1269 personis
960 1240 988 1262 et

199 1282 311 1308 realiter
326 1280 360 1307 ab
381 1280 497 1307 invicem
516 1279 731 1314 distinguantur,
751 1280 902 1307 secundum
918 1280 987 1307 nihil

196 1334 291 1354 eorum
306 1334 367 1360 qua:
390 1325 425 1353 ad
450 1332 479 1353 se
499 1325 643 1358 dicuntur,
660 1326 719 1353 sive
747 1326 935 1353 absolutorum
958 1330 986 1353 et

196 1372 386 1400 essentialium
403 1371 437 1398 ab
460 1371 578 1399 invicem
605 1370 815 1406 distinguuntur
829 1371 896 1406 (una
909 1371 983 1398 enim

196 1424 292 1445 eorum
308 1422 350 1443 est
363 1416 494 1449 essentia,
510 1416 610 1447 virtus,
626 1415 682 1442 vita
693 1435 700 1448 ,
715 1415 833 1447 bonitas,
849 1415 984 1449 sapientia

197 1467 225 1490 et
239 1469 411 1497 quaecunque
433 1461 476 1489 bis
491 1461 615 1494 similia),
636 1461 817 1488 relationibus
833 1466 924 1488 tamen
950 1461 986 1488 ad

1080 1139 1114 1176 β’.
1131 1140 1176 1166 Δεῖ
1195 1139 1223 1166 δὲ
1245 1139 1313 1174 μηδὲ
1338 1137 1417 1165 τοῦτο
1442 1138 1488 1164 τὸν
1519 1136 1657 1172 φιλομαθῆ
1683 1134 1833 1162 λανθάνειν

1043 1185 1181 1221 ἀκροατὴν
1198 1185 1248 1219 (5),
1265 1184 1303 1214 ὼς
1322 1184 1356 1210 τὰ
1384 1185 1443 1210 οεῖα
1470 1183 1604 1218 πρόσωπα
1624 1182 1674 1216 τῆς
1701 1181 1830 1214 Τριάδος,

1041 1232 1072 1258 οὐ
1091 1231 1192 1265 μᾶλλον
1215 1230 1243 1256 ἓν
1259 1230 1323 1256 ὄντα
1339 1230 1371 1264 τῇ
1391 1229 1470 1264 οὐσίᾳ
1487 1229 1503 1264 ἢ
1522 1227 1586 1263 τρία
1599 1229 1656 1259 τοῖς
1670 1226 1832 1262 προσώποις

1040 1278 1087 1303 καὶ
1112 1275 1315 1312 πραγματικῶς
1334 1275 1459 1310 ἀλλήλων
1483 1274 1690 1308 διακρινόμενα,
1705 1272 1763 1298 κατ’
1781 1272 1831 1297 οὺ-

1040 1323 1084 1349 δὲν
1101 1323 1156 1348 τῶν
1173 1321 1234 1348 καθ’
1252 1321 1324 1348 αὐτὰ
1335 1321 1492 1355 λεγομένων
1509 1320 1599 1346 εῑτουν
1617 1318 1831 1353 ἀπολελυμένων

1038 1378 1068 1397 τε
1095 1369 1143 1396 καὶ
1168 1368 1307 1396 οὑσιωδῶν
1325 1368 1449 1403 ἀλλήλων
1479 1367 1664 1402 διακρίνονται
1695 1366 1757 1401 (μία
1774 1366 1830 1400 γὰρ

1039 1416 1130 1448 αὐτῶν
1144 1415 1233 1448 οὐσία,
1250 1414 1377 1450 δύναμις,
1399 1413 1457 1449 ζωὴ
1473 1435 1481 1447 ,
1500 1413 1646 1448 ἀγαθότης,
1672 1413 1753 1447 σοφία
1780 1412 1830 1438 καὶ

1040 1463 1092 1489 ὅσα
1115 1461 1324 1497 παραπλήσια)·
1336 1462 1399 1492 ταῖς
1416 1460 1508 1494 μέντοι
1524 1460 1593 1495 πρὸς
1606 1459 1710 1493 ἄλληλα
1723 1459 1829 1492 ἁναφοο

198 1509 315 1536 invicem
331 1511 359 1534 et
373 1507 528 1534 subsistunt
550 1510 577 1533 et
604 1506 638 1533 ab
655 1506 772 1534 invicem
790 1506 986 1534 discernuntur

1041 1509 1102 1543 ραῗς
1127 1508 1176 1534 καὶ
1198 1507 1359 1541 ὑφίστανται
1377 1507 1424 1532 καὶ
1439 1506 1562 1541 ἀλλήλων
1579 1507 1613 1534 τά
1636 1505 1696 1532 θεῖα
1718 1504 1829 1538 διακρι-

197 1554 297 1581 divime
320 1559 455 1587 personae,
482 1551 541 1578 haec
556 1559 622 1578 vero
647 1556 711 1578 sunt
725 1559 820 1579 eorum
845 1552 986 1583 idiomata,

198 1600 313 1627 relative
330 1602 357 1625 et
373 1598 446 1624 sicut
469 1603 501 1623 ea
518 1604 580 1631 quas
606 1600 670 1623 sunt
691 1596 725 1623 ad
741 1596 845 1630 aliquid
864 1597 989 1631 opposita

198 1645 232 1670 ad
247 1643 374 1670 invicem.
387 1642 415 1669 Si
433 1641 508 1669 enim
524 1641 718 1668 constitutivas
745 1641 928 1676 proprietates
945 1642 988 1669 in-

199 1687 442 1716 communicabiles
472 1693 534 1713 esse
551 1686 586 1713 ad
611 1686 729 1713 invicem
755 1693 869 1713 necesse
884 1690 937 1719 est,
960 1691 988 1714 et

200 1733 371 1767 impossibile
385 1739 432 1759 eas
443 1732 533 1759 eidem
547 1731 628 1759 simul
645 1731 753 1765 adesse,
767 1731 880 1758 omnino
896 1735 924 1759 et
936 1739 989 1766 op-

200 1784 352 1815 ponuntur.
365 1779 431 1812 Quae
445 1779 519 1806 enim
533 1778 622 1806 eidem
638 1778 719 1806 simul
736 1779 825 1806 inesse
839 1783 986 1813 nequeunt,

200 1829 313 1859 propter
339 1823 542 1858 oppositionem
568 1823 725 1856 quamdam,
748 1831 809 1858 qua:
823 1824 936 1850 omnino
960 1823 986 1850 in

200 1870 241 1897 eis
255 1874 306 1901 est,
322 1869 375 1897 hoc
395 1870 508 1896 habent.
522 1869 706 1904 Opponuntur
729 1874 821 1897 autem
840 1877 931 1904 neque
959 1874 989 1896 ut

201 1915 311 1942 habitus
328 1919 356 1942 ct
372 1915 500 1949 privatio,
519 1922 611 1948 neque
636 1919 664 1942 ut
680 1915 831 1947 contraria,
848 1923 938 1951 neque
958 1919 988 1942 ut

201 1961 345 1988 aﬂirmatio
362 1965 390 1988 ct
406 1961 591 1996 negatio-(hoc
606 1961 679 1988 enirn
703 1961 782 1988 multi
799 1969 832 1989 ac
848 1961 921 1989 beati
934 1962 988 1989 viri

201 2007 255 2034 late
268 2008 514 2042 demonstrarunt).
531 2007 626 2034 Restat
645 2013 721 2041 ergo.
743 2007 895 2035 secundum
920 2008 989 2035 rela-

201 2053 291 2080 tiones
314 2053 415 2087 opponi
445 2052 562 2080 invicem
590 2053 647 2080 haec
676 2053 830 2088 personalia
857 2052 988 2080 idiomata

201 2101 283 2132 atque
305 2097 379 2131 ipsas
404 2105 543 2133 personas.
561 2098 629 2133 ipsae
643 2098 716 2126 enim
738 2098 838 2125 divinae
863 2105 988 2133 personae

199 2143 383 2171 Subsistentes
405 2148 469 2170 sunt
486 2144 668 2178 proprietates
681 2136 869 2179 ltypostaticaa,
885 2148 912 2171 et
932 2143 988 2179 hy-

202 2188 343 2223 postatic‘ae
357 2189 537 2222 proprietates
550 2189 731 2216 subsistentes
739 2194 802 2216 sunt
811 2190 875 2224 ipsa:
889 2189 988 2216 divina:

203 2239 339 2264 personae.
355 2232 384 2258 ln
402 2232 463 2259 aliis
480 2232 590 2267 quidem
608 2233 690 2260 rebus
713 2242 773 2268 qua:
788 2234 915 2261 essentiis
935 2234 988 2261 dif-

203 2277 297 2304 ferunt
307 2278 340 2303 ab
355 2277 481 2309 invicem,
496 2285 536 2305 ea:
549 2286 609 2313 qua:
624 2279 695 2306 inter
708 2279 767 2306 illas
778 2279 988 2307 considerantur

205 2322 354 2349 relationes
376 2330 429 2349 non
446 2323 518 2357 ipsas
531 2330 576 2350 res
591 2324 782 2357 constituunt,
809 2325 855 2351 sed
874 2332 921 2359 per
934 2325 986 2352 alia

202 2366 361 2394 constitutis
386 2367 468 2394 rebus
496 2367 648 2398 accedunt:
679 2375 705 2395 ν.
736 2376 777 2403 gr.
803 2368 936 2396 Socrates
960 2373 988 2396 et

178 2441 181 2443 ς
204 2412 290 2445 Plato,
308 2418 424 2446 quorum
441 2413 509 2440 alter
524 2413 663 2449 magister,
681 2414 750 2441 alter
762 2414 914 2449 discipulus
935 2419 987 2448 est,

205 2464 258 2484 non
283 2464 315 2484 ex
329 2457 451 2484 docendo
480 2464 507 2484 et
534 2459 668 2486 discendo
681 2459 866 2494 personaliter
886 2459 989 2486 consti-

206 2508 332 2535 tuuntur,
348 2505 394 2531 sed
411 2504 485 2538 prius
497 2508 611 2539 utcrqtte
628 2505 711 2532 homo
723 2510 810 2540 cstct
825 2504 987 2533 substantiis

202 2555 233 2577 et
257 2549 399 2576 individua
428 2549 606 2577 subsistentia
636 2551 669 2577 ad
700 2551 821 2578 invicem
854 2550 988 2578 ditl‘crunt

238 2628 278 2662 (i)
294 2627 376 2655 Marc.
406 2628 583 2663 ὑπερϐάλλει.
876 2628 898 2638 ’

239 2664 279 2697 ('2)
297 2663 342 2689 Sic
357 2667 430 2690 recte
441 2664 521 2690 codd.

239 2698 278 2731 (5)
293 2698 333 2724 Ad
347 2705 432 2733 marg.
462 2700 538 2725 rubr.
556 2698 655 2734 legitur
671 2709 677 2727 :
700 2699 746 2731 Ὠς
763 2700 797 2726 τὰ
825 2698 885 2726 θεῖα
901 2699 988 2734 πρόσ-

240 2771 277 2806 (ίι)
293 2770 361 2799 Vide
373 2771 563 2810 Animadvers.
583 2774 608 2801 in
624 2773 704 2802 Pltot.
725 2775 825 2803 librum
837 2775 871 2802 de
884 2775 987 2810 Spiritu

204 2813 299 2834 sancto
315 2811 364 2834 art.
397 2808 424 2842 5,
446 2808 459 2843 ξ
488 2809 518 2842 7;
543 2815 596 2838 art.
622 2811 648 2844 4,
665 2810 678 2844 §
697 2811 739 2845 13,
756 2812 800 2838 ubi
816 2808 988 2839 Bessariouis

1040 1562 1130 1580 νονται
1144 1553 1290 1588 πρόσωπα·
1306 1552 1394 1579 ταῦτα
1411 1551 1435 1578 δ’
1450 1553 1510 1579 ἐστὶ
1524 1553 1558 1580 τὰ
1571 1551 1661 1579 αὐτῶν
1677 1551 1826 1585 ἰδιώματα,

1040 1599 1213 1635 ἀναφορικῶς
1225 1607 1254 1625 τε
1267 1599 1315 1625 καὶ
1330 1599 1368 1629 ὡς
1384 1598 1417 1625 τὰ
1438 1599 1506 1633 πρός
1521 1606 1548 1624 τι
1571 1598 1642 1634 πρὸς
1655 1597 1760 1633 ἄλληλα
1778 1599 1827 1624 ἀν-

1039 1644 1195 1680 τικείμενα.
1223 1644 1254 1671 Ei.
1278 1644 1333 1678 γὰρ
1352 1644 1386 1670 τὰ
1416 1645 1567 1670 συστατικὰ
1595 1643 1730 1678 ἰδιώματα
1754 1643 1829 1670 ἀκοι-

1039 1691 1147 1724 νώνητα
1172 1688 1244 1717 εἶναι
1259 1690 1369 1725 ἀνάγκη
1391 1689 1459 1724 πρὸς
1486 1689 1601 1725 ἄλληλα,
1621 1691 1670 1716 καὶ
1692 1690 1827 1716 ἆδύνατον

1040 1736 1081 1772 τῷ
1105 1735 1182 1769 αὐτῷ
1204 1737 1347 1771 παρεῖναι,
1365 1735 1475 1767 πάντως
1502 1737 1548 1762 καὶ
1564 1736 1726 1762 ἀντίκειται·
1742 1735 1759 1761 ἃ
1773 1736 1826 1770 γὰρ

1039 1782 1170 1809 ἀδύνατον
1185 1782 1223 1817 τῷ
1239 1782 1314 1817 αὐτῷ
1330 1783 1469 1817 παρεῖναι,
1492 1782 1537 1809 διά
1551 1790 1614 1809 τινα
1629 1783 1738 1813 πάντως
1753 1783 1826 1808 6.er-

1040 1827 1118 1853 Οεσιν
1133 1827 1226 1858 αὐτοῖς
1242 1825 1325 1853 οὖσαν
1342 1826 1414 1853 τοῦτ’
1430 1826 1497 1862 ἔχει.
1515 1826 1591 1862 Μήτι
1613 1827 1641 1854 δὲ
1655 1827 1692 1858 ὡς
1708 1827 1761 1859 ἕξις
1778 1827 1824 1854 καὶ

1040 1873 1179 1908 στέρησις,
1194 1873 1262 1909 μήτε
1275 1872 1313 1903 ὡς
1330 1873 1363 1899 τὰ
1381 1872 1503 1906 ἐναντία,
1522 1873 1591 1908 μήτι
1612 1873 1650 1903 ὡς
1670 1874 1823 1908 κατάφασις

1040 1918 1087 1944 καὶ
1113 1918 1252 1952 ἀπόφασις
1270 1919 1452 1952 ἀντικείμενα
1470 1918 1559 1952 (τοῦτο
1576 1919 1629 1953 γὰρ
1652 1919 1760 1949 πολλοῖς
1775 1919 1822 1945 καὶ

1041 1963 1186 1999 μακαρίοις
1202 1963 1316 1997 ἀνδράσι
1343 1962 1388 1989 διὰ
1402 1963 1508 1989 πολλῶν
1524 1963 1681 1998 δέδεικται)·
1700 1964 1821 1991 λείπεται

1039 2010 1111 2036 κατὰ
1126 2009 1160 2035 τὰ
1177 2009 1245 2042 πρός
1258 2017 1284 2034 τι
1301 2009 1472 2035 ἀντικεῖσθαι
1493 2009 1619 2043 ἀλλήλοις
1631 2010 1666 2037 τὰ
1684 2018 1822 2045 προσωπι-

1039 2056 1076 2082 κὰ
1099 2054 1186 2081 ταῦτα
1211 2054 1358 2090 ἰδιώματα,
1372 2055 1420 2081 καὶ
1436 2055 1508 2082 αὐτὰ
1527 2055 1562 2081 τὰ
1583 2057 1717 2091 πρόσωπα
1754 2057 1821 2092 πρὸς

1040 2100 1153 2134 άλληλω
1173 2100 1242 2127 αὐτά
1262 2109 1292 2127 τε
1317 2101 1370 2135 γὰρ
1392 2102 1426 2128 τὰ
1438 2101 1499 2128 θεῖα
1515 2102 1654 2137 πρόσωπα
1669 2103 1819 2130 ὑποστάντα

1041 2147 1068 2173 αἱ
1086 2146 1268 2172 ὑποστατικαί
1283 2147 1352 2173 εἰσιν
1371 2146 1512 2182 ἰδιότητες,
1540 2148 1572 2175 αῐ
1593 2156 1622 2174 τε
1640 2149 1819 2175 ὐποστατικαὶ

1042 2192 1173 2227 ἰδιότητες
1188 2192 1342 2219 ὐποσῖᾶσαι
1367 2193 1438 2220 αὐτὰ
1459 2193 1495 2220 τὰ
1518 2193 1578 2220 θεῖά
1592 2195 1646 2220 εισι
1678 2195 1816 2229 πρόσωπα.

1045 2237 1107 2264 Ἐπὶ
1129 2238 1178 2272 μὲν
1191 2237 1246 2273 γὰρ
1269 2239 1322 2265 τῶν
1337 2239 1425 2266 ἄλλων
1443 2241 1617 2275 πραγμάτων
1640 2241 1700 2273 ταῖς
1717 2241 1817 2272 οὐσίαις

1038 2284 1222 2318 διαφερόντων
1243 2284 1368 2318 ἀλλήλων
1391 2285 1419 2311 αἱ
1437 2286 1542 2320 μεταξὺ
1560 2285 1649 2312 αὐτῶν
1664 2285 1817 2320 θεωρούμε-

1039 2338 1083 2356 ναι
1109 2329 1247 2364 ἀναφοραὶ
1272 2330 1322 2357 οὐκ
1351 2330 1422 2357 αὐτὰ
1441 2331 1576 2365 ὐφιστῶσι
1600 2332 1634 2358 τὰ
1661 2332 1814 2367 πράγματα,

1037 2375 1096 2402 ἀλλ’
1107 2377 1239 2403 ὑποστᾶσι
1255 2376 1289 2403 δι’
1304 2377 1392 2404 ἄλλων
1406 2377 1589 2411 ἐπιγίνονται·
1604 2378 1698 2413 ὥσπερ
1714 2379 1815 2413 Σωκρά-

1038 2422 1087 2456 τῆς
1110 2421 1158 2448 καὶ
1177 2422 1306 2456 Πλάτων,
1323 2423 1337 2449 ὁ
1356 2425 1405 2457 μὲν
1424 2423 1597 2456 διδάσκαλος,
1616 2425 1630 2450 ὁ
1650 2424 1678 2451 δὲ
1697 2424 1814 2459 μαθητὴς

1038 2468 1086 2501 ὢν,
1101 2469 1131 2495 οὺ
1146 2470 1178 2504 τῇ
1191 2468 1352 2503 διδασκαλίᾳ
1364 2470 1412 2495 καὶ
1425 2470 1543 2504 μαθήσει
1559 2470 1815 2508 ὑφίστανταιπροσ-

1037 2515 1159 2547 ωπικῶς,
1174 2515 1242 2541 ἀλλὰ
1268 2515 1401 2549 πρότερον
1419 2515 1551 2550 ἑκάτερος
1565 2515 1710 2548 ἀνορωπος
1723 2515 1758 2541 ὢν
1771 2514 1814 2541 καὶ

1037 2562 1098 2591 ταῖς
1112 2560 1217 2590 οὐσίαις
1244 2561 1302 2591 ταῖς
1324 2567 1355 2594 γε
1373 2560 1487 2595 ἀτόμοις
1503 2560 1625 2596 ἀλλήλων
1643 2560 1814 2596 διαφέροντες

1039 2646 1102 2674 ωπα
1127 2636 1460 2674 πρὸς-άλληλαγάναφοράν
1476 2637 1569 2674 ἔχουσι
1585 2639 1631 2665 καὶ
1646 2639 1811 2673 ὑφίστανται,

1039 2673 1086 2699 καὶ
1097 2673 1166 2708 πρὸς
1184 2672 1286 2707 ἄλληλα
1311 2672 1507 2708 διακρίνονταιζ
1529 2673 1626 2701 Κανὼν
1642 2672 1675 2709 fi’.

1040 2786 1121 2823 epist,
1148 2785 1182 2823 ad
1213 2785 1336 2812 Alexium
1360 2785 1498 2814 Lascarim
1511 2794 1535 2815 c.
1551 2786 1569 2815 5
1589 2787 1743 2823 adducitur,
1767 2787 1812 2815 ista

1041 2821 1212 2848 eunclratius
1228 2826 1397 2852 pertractans
