1913 3060
76 120 132 154 16!

607 118 826 152 REFUTATIO
844 119 964 151 MARCI
982 118 1180 154 EPHESINI.

1651 121 1701 156 162

73 181 130 207 καὶ
154 179 268 211 ταύταις
297 179 343 211 613,0
368 180 509 216 ἄνθρωποι
536 181 612 212 δντες
636 179 799 210 διδάσκαλος
817 178 866 205 καὶ

926 178 1013 214 iisque
1028 179 1081 206 duo
1094 183 1160 206 sunt
1181 178 1307 206 homines
1320 187 1327 211 ;
1352 178 1482 214 magister
1496 186 1561 206 vero
1578 184 1606 206 et
1620 179 1702 207 disci-

75 225 207 261 μαθητὴς
222 226 355 259 γίνονται.
381 227 422 253 Τᾶ.
444 226 473 253 δὲ
498 226 558 254 θεῖα
581 227 718 261 πρόσωπα
732 225 793 256 ταῖς
818 224 866 251 οὐ·

74 270 155 300 σίαις
172 270 211 305 (1)
227 269 352 305 ἀλλήλων
365 270 395 297 οὐ
411 270 577 306 διαφέροντα
591 270 654 305 (μία
674 270 728 305 γάρ
743 269 802 296 ἐστι
817 268 867 295 καὶ

73 314 239 350 ἀδιάκριτος
265 316 293 341 ὲν
321 316 414 347 αὐτοις
438 316 486 342 καὶ
515 316 532 350 ή
560 316 629 351 αὑτὴ
651 314 788 350 τάριθμῷ)
806 314 866 344 ταῖς

75 361 214 395 ἰδιότησιν
238 361 385 393 omnem.
401 363 435 398 τῇ
461 362 613 397 πατρότητι
634 361 736 397 δηλαδὴ
751 361 798 388 καὶ
813 360 868 387 uid-

73 415 144 442 τητι
171 407 219 433 καὶ
251 406 416 441 ὲκπορεύσιι
446 407 572 442 ἀλλήλων
600 407 799 443 διακρίνονται,
818 405 866 432 τοῦ

75 452 243 487 προσώπου,
258 453 306 478 καὶ
320 453 371 487 τῆς
387 453 519 486 ἰδιότητος
540 452 579 486 τῷ
594 452 686 488 τρόπῳ
701 453 750 486 τῆς
769 451 870 487 ἡμετέ-

77 505 134 529 ρας
158 497 281 532 νοήσεως
306 497 379 532 μόνῳ
403 497 598 532 διαφερόντων,
615 497 655 532 τῷ
670 497 700 524 τὸ
719 497 771 532 μὲν
785 497 868 532 πρόσ-

79 551 162 568 ωπον
177 542 215 573 ὡς
237 543 300 577 ἔχον
323 542 454 576 νοεῖσθαι,
468 544 519 578 τὴν
534 543 562 570 δὲ
578 543 698 578 ἰδιότητα
714 543 752 574 ὠς
769 543 868 578 ἐχόμε-

76 596 139 620 νον,
157 589 274 622 πρᾶγμα
294 588 323 614 δὲ
350 588 380 615 τὸ
405 588 471 616 αὐτὸ
487 589 586 616 ὅντων.
616 589 648 616 Et
672 588 727 623 γὰρ
745 589 792 615 καὶ
809 589 870 618 ταῖς

79 634 214 667 προόδοις
232 634 266 660 τὰ
284 634 418 669 πρόσωπά
445 642 488 665 τις
514 634 703 669 διακρίνεσθαι
727 634 814 668 λέγοι,
833 633 870 664 ὡς

79 678 131 704 τὸν
153 679 267 713 Πατέρα
292 679 322 705 οὐ
347 680 380 715 τῇ
398 680 551 715 πατρότητι
569 681 662 714 μόνον,
689 680 756 706 ἀλλὰ
773 679 820 706 καὶ
837 680 870 714 τῇ

80 724 249 760 ἐνεργητικῇ
265 726 405 760 γεννήσει,
425 725 535 753 καὶτὸν
559 726 625 752 Υίὺν
655 726 687 752 οὺ
714 727 748 760 τῇ
766 724 871 759 υίότητι

82 770 169 805 μόνον
183 791 191 802 ,
211 771 280 799 ἀλλὰ
303 772 351 798 καὶ
369 772 403 806 τῇ
430 772 570 806 παθητικῇ
596 771 722 805 γεννήσει
749 770 871 806 ἀλλήλων

81 817 287 852 διακρίνεσθαι,
303 817 361 844 ἀλλ’
379 817 446 844 ἴστω
461 819 474 844 ό
497 817 629 850 τοιοῦτος,
650 817 688 851 μὴ
710 817 743 844 ἂν
763 817 871 848 οἰκείως

917 224 997 260 pulus
1010 229 1104 258 postea
1119 224 1252 252 evadunt.
1272 225 1306 251 At
1322 231 1444 259 personae
1460 224 1561 252 divina
1574 232 1635 259 quae
1647 233 1701 253 non
1742 242 1746 246 ι

917 270 1047 297 differunt
1062 270 1132 296 inter
1145 277 1173 297 se
1188 271 1314 297 essentiis
1329 262 1402 304 (nam
1415 277 1468 297 una
1492 274 1520 298 et
1541 271 1657 298 indivisa
1675 272 1703 298 in

917 315 984 350 ipsis
998 321 1038 343 est
1053 316 1173 342 essentia
1183 316 1336 350 eademque
1347 315 1474 349 numero)
1487 317 1703 350 proprietatibus

918 359 1141 391 subsistentibus,
1166 359 1296 386 videlicet
1329 360 1503 393 paternitate,
1530 359 1660 388 filiatione
1677 366 1706 389 et

917 404 1094 439 processione
1108 405 1141 431 ab
1153 404 1269 430 invicem
1291 396 1567 437 discernuntur,cum
1587 398 1705 439 persona

918 450 1103 484 etproprietas
1111 454 1205 476 nostro
1215 449 1347 476 duntaxat
1356 449 1523 484 intelligendi
1536 450 1616 476 modo
1627 450 1705 477 διαε-

919 499 981 521 rant
995 494 1060 529 (quo
1073 495 1179 522 scilicet
1199 502 1315 529 persona
1330 494 1442 529 quidem
1457 495 1522 521 utid
1537 495 1610 528 quod
1623 495 1707 521 habet

920 539 1093 574 intelligitur,
1106 540 1258 574 proprietas
1270 542 1337 567 vero
1349 545 1377 566 ut
1386 540 1411 567 id
1423 540 1496 575 quod
1507 540 1648 575 habetur),
1663 548 1707 567 res

920 592 987 612 vero
1003 586 1083 620 plane
1101 586 1197 613 eadem
1213 586 1359 614 exsistant.
1381 586 1409 614 Si
1422 588 1483 621 quis
1498 586 1579 613 etiam
1597 594 1706 620 proccs~

921 631 1046 658 sionibus
1057 639 1187 666 personas
1198 632 1316 659 discerni
1331 637 1445 664 asserat,
1459 632 1495 659 ita
1512 637 1540 658 ut
1551 641 1577 659 v.
1591 640 1617 667 ε.
1628 632 1706 659 Pater

921 685 977 704 non
994 678 1159 711 paternitate
1172 682 1290 712 tantum,
1309 678 1355 704 sed
1377 683 1404 705 et
1417 679 1504 705 activa
1517 678 1705 712 generatione.

922 722 1009 750 Filius
1023 730 1078 749 non
1103 722 1236 749 ﬁlialione
1259 726 1376 754 tantum,
1405 723 1452 749 sed
1475 728 1502 750 et
1528 724 1705 758 generatione

922 769 1029 803 passiva
1053 769 1088 796 ab
1110 769 1226 796 invicem
1255 768 1481 803 distinguantur,
1508 770 1617 796 noverit
1643 770 1705 799 iste.

923 814 997 841 haud
1022 816 1133 849 proprie
1157 815 1238 841 dictis
1254 815 1476 849 processionibus
1492 823 1625 848 personas
1651 815 1707 841 dis-

83 862 138 894 τὰς
154 863 304 898 εἰρημένας
317 863 447 898 προόδους
466 863 501 889 τὰ
518 863 654 899 πρόσωπα
668 862 828 897 διακρίνειν,
844 861 873 887 El.

926 861 1010 887 cerni.
1038 860 1065 887 Si
1081 860 1183 887 etenim
1208 861 1281 888 idem
1305 865 1368 888 sunt
1384 861 1533 888 secundum
1560 869 1617 888 rem
1649 866 1706 887 tum

83 908 142 944 γὰρ
164 909 212 935 καὶ
235 908 266 935 τδ
289 908 355 935 αὑτό
381 910 439 935 ἐστι
459 909 533 936 κατὰ
547 908 577 935 τὸ
596 909 714 943 πρᾶγμα
729 907 760 934 τὸ
774 908 873 943 γεννᾷν

83 953 136 980 καὶ
150 954 168 988 ἡ
186 953 343 988 πατρόττις,
367 954 415 980 καὶ
437 953 468 980 τὸ
490 952 638 987 γεννᾶσθαι
653 953 700 979 καὶ
727 952 744 986 ἡ
769 951 872 985 υίότης,

83 999 158 1026 ἀλλὰ
174 999 247 1026 κατὰ
260 999 306 1025 τὸν
321 998 424 1034 τρόπον
446 998 497 1032 τῆς
514 998 653 1033 ἡμετέρας
670 997 791 1032 νοήσεως
809 997 870 1023 δια.

84 1043 228 1078 φέρει.Τδ
242 1043 294 1078 μὲν
307 1043 362 1078 γὰρ
379 1044 525 1076 γεννᾶσθαι
543 1042 593 1068 οὐκ
613 1039 686 1072 εἶδός
700 1050 726 1067 τι
747 1040 874 1076 σημαίνει

84 1089 149 1116 ὲνδν
165 1088 203 1123 τῷ
221 1089 395 1123 γεννωμένῳ,
409 1087 468 1114 ἀλλ’
485 1087 560 1114 ἐστιν
582 1086 677 1121 ὥσπερ
692 1094 735 1117 τις
749 1085 808 1117 όδὺς
827 1085 873 1111 ἐπὶ

85 1134 119 1161 τὺ
135 1133 308 1169 γεννώμενον
321 1134 368 1160 καὶ
382 1133 428 1160 τὸν
444 1133 519 1166 Υιὸν,
535 1134 551 1169 ὴ
566 1132 595 1160 δὲ
616 1133 710 1168 υίότης
732 1131 826 1167 ὥσπερ
847 1140 873 1158 τι

86 1177 158 1211 εἶδός
177 1181 269 1212 ἐστιν,
284 1180 348 1214 ὅρος
371 1179 439 1206 οὖσα
461 1179 510 1206 τοῦ
528 1178 688 1212 γεννᾶσθαι.
711 1179 772 1206 Ἔτι
795 1185 825 1204 τι
843 1178 873 1203 τὸ

89 1226 143 1261 μὲν
161 1226 258 1260 γεννᾷν
281 1225 332 1260 ήδη
353 1225 554 1260 προῦποτίθησι
579 1225 609 1252 τδ
636 1224 774 1259 πατρικὸν
789 1224 873 1258 πρόσ-

86 1278 181 1298 ωπον·
197 1271 228 1297 τδ
253 1271 282 1297 δὲ
305 1271 453 1304 γεννᾶσθαι
477 1273 605 1306 σημαίνει
630 1271 712 1306 μήπω
737 1270 784 1296 τὸν
809 1269 874 1295 Υἰδν

88 1316 260 1351 ὑφεστάναι·
274 1316 318 1343 διὰ
343 1317 422 1343 τοῦτο
438 1313 462 1352 ’ἡ
492 1317 585 1352 υίότης
607 1316 667 1352 οὐχὶ
681 1316 712 1343 τὺ
727 1316 874 1350 γεννᾶσθαι

88 1363 224 1397 διακρίνει
242 1362 259 1399 ἢ
287 1362 418 1398 ὑφίστησι
439 1363 486 1389 τὸν
508 1362 584 1396 ἴίδν,
610 1364 634 1390 ει
661 1363 698 1400 μὴ
715 1363 830 1390 καθόσον
845 1362 875 1394 ἐξ

90 1406 216 1441 ἀνάγκης
230 1407 328 1435 ἕπεται
345 1408 433 1441 τούτῳ
446 1409 463 1443 ἡ
479 1408 581 1442 υίότης·
600 1408 701 1443 ὁμοίως
722 1409 750 1434 δὲ
766 1409 812 1434 καὶ
828 1409 875 1434 ἐπὶ

88 1453 138 1479 τοῦ
156 1451 317 1488 προϐάλλειν
332 1453 379 1480 καὶ
394 1452 608 1487 προὸάλλεσοαι.
623 1452 742 1488 Πρώτως
756 1451 803 1480 οὖν
819 1452 870 1478 καὶ

90 1498 194 1534 κυρίως
219 1498 248 1525 αι
267 1498 406 1533 ἀναφοραὶ
439 1498 575 1532 ὑφιστῶσι
599 1498 649 1525 καὶ
673 1498 873 1533 διακρίνουσιν,

924 906 1066 942 generatio
1096 907 1185 934 activa
1219 911 1247 933 et
1287 907 1456 941 paternitas,
1481 912 1537 934 tum
1567 907 1708 942 generatio

924 953 1029 986 passiva
1040 956 1068 979 et
1084 952 1189 984 liliatio,
1203 957 1324 979 attamen
1345 953 1495 980 secundum
1512 957 1612 980 nostrae
1629 953 1708 980 intel-

924 997 1041 1032 ligentia:
1055 989 1165 1023 modum
1180 997 1321 1024 diderunt.
1342 997 1409 1023 Nam
1425 997 1550 1032 generari
1576 1005 1630 1024 non
1647 1004 1710 1032 spe-

924 1043 994 1070 ciem
1011 1044 1157 1077 quamdam
1174 1042 1319 1077 signilicat,
1336 1050 1396 1076 qua:
1412 1043 1503 1077 genito
1517 1042 1592 1075 insit,
1606 1043 1654 1070 sed
1666 1045 1710 1070 est

923 1088 1009 1115 veluti
1035 1088 1158 1122 quaedam
1174 1088 1216 1114 via
1238 1088 1271 1114 ad
1288 1089 1411 1122 genitum
1429 1093 1456 1116 et
1478 1087 1597 1120 Filium;
1613 1087 1710 1114 liliatio

923 1141 990 1160 vero
1005 1133 1088 1160 Veluti
1104 1133 1227 1168 quadam
1239 1134 1346 1168 species
1365 1138 1417 1167 est,
1431 1140 1494 1160 cum
1520 1133 1555 1160 sit
1577 1133 1710 1160 terminus

925 1179 1120 1214 generationis.
1140 1179 1274 1206 Prarterea
1300 1186 1431 1214 generare
1444 1180 1499 1213 jam
1522 1179 1711 1214 praesupponit

924 1229 1066 1259 paternam
1079 1232 1221 1259 personam
1232 1233 1239 1256 ',
1249 1225 1375 1260 generari
1389 1233 1455 1252 vero
1469 1224 1570 1252 Filium
1587 1226 1708 1252 nondum

926 1271 1076 1298 subsistere
1102 1270 1253 1305 signiﬁcat,
1279 1269 1381 1296 idcirco
1400 1269 1495 1297 liliatio
1510 1269 1643 1296 discernit
1668 1271 1709 1296 vel

926 1314 1070 1342 constituit
1090 1314 1201 1345 Filium,
1217 1321 1272 1340 non
1288 1321 1352 1341 vero
1374 1314 1480 1348 passiva
1491 1314 1642 1348 generatio,
1658 1313 1710 1339 nisi

926 1359 954 1386 in
965 1364 1096 1395 quantum
1109 1359 1179 1386 hanc
1192 1359 1285 1386 ﬂliatio
1299 1359 1490 1394 consequitur.
1499 1358 1632 1385 Similiter
1644 1366 1713 1393 quos

927 1412 980 1439 quc
997 1411 1042 1431 res
1055 1411 1085 1431 se
1101 1404 1184 1430 habet
1202 1411 1265 1430 cum
1279 1404 1368 1431 activa
1381 1409 1410 1430 et
1423 1404 1530 1438 passiva
1547 1404 1708 1438 spiratione.

926 1449 1062 1478 Primario
1075 1449 1158 1484 igitur
1175 1453 1203 1476 et
1214 1450 1324 1484 proprie
1338 1449 1484 1477 relationes
1497 1449 1671 1477 constituunt
1684 1455 1711 1476 τι

927 1495 1111 1531 distinguunt,
1129 1500 1330 1529 consequenter
1351 1502 1414 1522 vero
1429 1499 1456 1522 et
1470 1495 1670 1530 processioncs,
1683 1496 1711 1522 in

91 1544 236 1580 ἑπομένως
251 1544 279 1570 δι
300 1545 349 1570 καὶ
368 1545 396 1570 αἱ
426 1544 547 1580 πρόοδοι,
567 1543 684 1570 καθόσον
708 1544 806 1570 ταυτόν
819 1544 873 1570 εἰσι

927 1546 1058 1577 quantum
1073 1541 1185 1568 realiter
1200 1540 1272 1567 idem
1287 1545 1350 1567 sunt
1363 1547 1425 1567 cum
1439 1539 1629 1567 relationibus.
1637 1541 1712 1573 Quo-

91 1590 238 1625 πράγματι
263 1591 324 1620 ταῖς
348 1590 509 1624 ἀναφοραῖς.
529 1589 607 1616 Ἐπεὶ
628 1590 651 1615 δ’
676 1589 757 1621 είσὶν,
780 1588 806 1616 οἳ
829 1588 875 1616 τὸν

90 1635 205 1671 Πατέρα
222 1635 269 1662 καὶ
286 1635 351 1662 Υίδν
370 1637 431 1667 ταῖς
454 1635 634 1670 ἀναφορικαῖς
657 1635 781 1669 προόδοις
795 1634 876 1670 ἀλλή-

91 1682 147 1709 λων
157 1681 348 1716 διακρίνεσθαι
363 1681 581 1716 συγχωροῦντες,
594 1681 640 1708 τὸν
648 1681 712 1708 Υίὺν
725 1680 772 1708 τοῦ
789 1680 876 1707 Ilvati-

93 1734 178 1761 ματος
200 1726 250 1752 οὐκ
280 1726 424 1760 ἀνέχονται
447 1726 485 1761 τῷ
516 1726 591 1761 αὐτῷ
607 1726 798 1761 διακρίνεσθαι
812 1725 876 1760 τρό-

93 1780 149 1807 πῳ,
162 1771 230 1799 ἀλλὰ
243 1772 303 1802 ταῖς
316 1771 370 1798 ἀπὸ
385 1771 492 1806 Πατρδς
510 1771 650 1806 διαφόροις
665 1772 801 1806 προόδοις,
814 1771 876 1798 καθ’

92 1817 127 1850 ἃς
144 1818 267 1852 δηλονότι
284 1818 315 1844 τὸ
333 1817 382 1853 μὲν
399 1817 572 1853 γεγέννηται,
586 1818 616 1845 τὸ
631 1819 659 1845 δὲ
673 1818 875 1853 ἐκπορεύεται,

93 1865 245 1901 ὲρωτητέον
261 1865 360 1896 αὐτοὺς
375 1866 434 1896 πῶς
458 1865 582 1900 διάφοροι
601 1865 726 1898 λέγονται
749 1866 777 1892 αι
801 1865 877 1899 παρὰ

93 1910 140 1939 τοῦ
169 1911 277 1946 Πατρός
292 1911 332 1946 (Ξ)
348 1910 510 1945 ἀμφοτέροιν
541 1910 663 1944 πρόοδοι.
686 1911 718 1937 Et
745 1910 794 1944 μὲν
817 1910 871 1944 γὰρ

93 1956 161 1984 διότι
185 1957 201 1992 ἠ
222 1957 272 1992 μὲν
284 1957 413 1992 γέννησις
426 1957 502 1991 παρὰ
516 1956 564 1982 τοῦ
583 1956 689 1991 Πατρός
709 1956 793 1990 μόνον
809 1955 878 1989 ἁμέ-

95 2011 158 2036 σως,
170 2003 187 2036 ἠ
201 2001 229 2028 δὲ
243 2001 363 2037 προσολὴ
377 2001 421 2028 διὰ
434 2001 485 2036 τῆς
501 2002 667 2036 γεννήσεως,
687 2002 735 2027 καὶ
749 2001 779 2027 τὸ
793 1999 878 2027 Πνεῦ-

96 2056 145 2084 μα,
169 2048 215 2074 διὰ
239 2047 288 2073 τοῦ
314 2047 393 2080 Υίοῦ,
413 2047 483 2082 πρὸς
508 2046 587 2082 ἡμῶν
604 2047 617 2072 ό
634 2046 724 2080 λόγος·
741 2047 766 2072 εί
788 2045 811 2071 δ’
835 2046 878 2072 ὅτι

95 2093 212 2128 ἑκάτερα
228 2093 303 2128 παρὰ
322 2092 370 2119 τοῦ
394 2092 501 2127 Πατρός
520 2092 614 2127 μόνον,
635 2092 765 2124 ἴστωσαν,
780 2091 877 2117 τούτου

96 2139 276 2174 ὑποκειμένου
308 2137 346 2172 μὴ
383 2137 514 2164 δύνασθαι
544 2138 667 2172 ἀλλήλων
690 2137 878 2172 διακρίνεσθαι

95 2185 141 2211 τδν
156 2184 222 2211 Υίὺν
237 2183 286 2210 καὶ
311 2184 342 2210 ab
362 2183 485 2218 Πνεῦμα.
515 2184 548 2209 Αἱ
567 2183 622 2218 γὰρ
648 2182 773 2217 διάφοροί
797 2191 878 2209 τινων

97 2231 205 2266 πρόοδοι
223 2230 239 2266 ἢ
256 2230 332 2266 παρὰ
349 2229 378 2256 τὸ
393 2228 480 2256 αἴτιόν
493 2230 564 2256 εἰσιν
578 2229 594 2264 ἢ
609 2229 685 2263 παρὰ
697 2229 728 2254 τὸ
743 2228 877 2259 αἱτιατὸν,

97 2277 144 2304 καὶ
164 2275 242 2311 παρὰ
261 2275 292 2302 τὸ
316 2275 440 2302 αίτιατδν
460 2275 542 2309 διχῶς
553 2282 560 2290 ·
576 2275 592 2309 ἢ
608 2274 665 2310 γὰρ
683 2274 727 2301 διὰ
744 2275 775 2301 τὸ
788 2274 822 2301 τὰ
836 2275 878 2301 αἰ-

98 2322 176 2348 τιατὰ
194 2321 332 2356 διαφόρων
355 2320 434 2346 εἱδῶν
452 2318 523 2346 εἶναι
539 2320 556 2355 ἢ
575 2320 618 2346 διὰ
643 2320 674 2346 τὸ
699 2320 737 2351 είς
759 2320 879 2354 διάφορα.

97 2367 234 2404 ὁρίζεσθαι
249 2367 348 2402 ἄτομα.
361 2366 403 2393 Τὰ
427 2367 455 2393 δὲ
473 2367 537 2393 θεῖα
563 2365 646 2392 ταῦτα
662 2366 798 2400 πρόσωπα
813 2364 878 2391 Υίοῦ

97 2423 126 2442 τε
140 2415 186 2441 καὶ
200 2413 359 2448 Πνεύματος
374 2412 449 2447 παρὰ
468 2412 518 2447 μὲν
538 2412 568 2437 τὸ
583 2409 654 2442 εἶδος
668 2412 718 2437 οὑκ
736 2411 769 2438 ἂν
785 2411 880 2445 διαφέ-

99 2467 169 2495 ροιεν
182 2458 317 2493 ἀλλήλων,
335 2458 400 2491 μίαν
421 2458 469 2484 καὶ
484 2457 534 2492 τὴν
550 2457 638 2492 αὐτὴν
662 2456 773 2492 ἀριθμῷ
795 2457 879 2491 φύσιν

98 2515 126 2535 τε
151 2507 199 2533 καὶ
221 2506 297 2532 θείαν
329 2505 424 2532 οὐσίαν
453 2505 530 2540 παρὰ
557 2504 605 2532 τοῦ
638 2505 746 2540 Harpe,-
780 2507 809 2532 ὲν
840 2505 879 2540 τῷ

100 2553 221 2589 προϊέναι
233 2551 421 2587 λαμϐάνοντα·
439 2550 501 2578 οὗτε
522 2550 576 2586 μὴν
600 2551 678 2586 παρὰ
697 2551 748 2586 τὴν
762 2551 833 2578 κατὰ
846 2551 881 2578 τὰ

100 2600 190 2634 ἄτομα
199 2597 349 2632 διαφοράν·
371 2596 469 2632 πρῶτα
492 2596 542 2631 μὲν
555 2595 600 2622 διὰ
616 2595 647 2622 τὸ
661 2596 799 2631 μηδεμίαν
815 2595 881 2632 ὓλην

102 2643 170 2672 εἷναι
186 2645 245 2671 bis!
265 2644 336 2680 μήτε
354 2651 380 2669 τι
397 2642 447 2677 ὕλῃ
467 2641 630 2676 ἀναλογοῦν,
682 2641 716 2669 τὰ
731 2642 781 2676 τῆς
795 2642 881 2677 αὐτῆς

102 2692 208 2727 φύσεως
230 2689 319 2724 ἄτομα
333 2688 457 2723 ἀλλήλων
478 2687 653 2724 χωρίζονται·
674 2687 762 2714 ἔπειθ’
775 2689 816 2715 ὅτι
835 2688 882 2716 καὶ

102 2738 128 2764 ai
165 2736 221 2764 τῶν
255 2735 365 2769 ἀτόμων
400 2735 431 2759 ὲκ
456 2734 510 2761 τῶν
533 2734 623 2760 αὐτῶν
650 2733 746 2760 αἰτίων
771 2734 882 2770 πρόοδοι

119 2793 173 2855 ﬂ’H‘)
190 2793 243 2823 Sic
264 2797 338 2819 recte
372 2790 468 2823 Nam;
498 2791 601 2819 Merrae.
637 2791 656 2819 Ι.
683 2791 737 2819 2'29
767 2792 808 2819 b:
834 2792 882 2828 τῆς

135 2837 202 2855 σας.
721 2853 731 2855 μ

102 2837 202 2861 suam.

219 2875 354 2905 ΡΑτιοιι.
376 2875 434 2906 Gn.
454 2874 554 2904 CLXI.

927 1586 1000 1614 niam
1018 1590 1108 1613 autem
1124 1590 1197 1618 sunt,
1221 1585 1268 1620 qui
1291 1584 1356 1611 dum
1378 1584 1533 1612 concedunt
1555 1585 1664 1619 Patrem
1685 1591 1713 1612 et

928 1632 1026 1660 Filium
1042 1630 1163 1658 relativis
1180 1630 1405 1666 processionilaus
1432 1631 1466 1658 ab
1480 1631 1596 1658 invicem
1613 1630 1712 1658 distin-

927 1679 1092 1715 gui,Filium
1106 1686 1121 1705 a
1137 1671 1241 1712 Spiritu
1257 1677 1354 1704 eodem
1371 1677 1451 1704 modo
1466 1677 1582 1705 discerni
1599 1685 1651 1704 non
1666 1677 1713 1704 ad-

928 1718 1069 1759 mittunt,’
1078 1732 1172 1752 verum
1202 1724 1320 1751 diversis
1342 1732 1356 1751 a
1372 1723 1453 1751 Patre
1474 1724 1713 1760 progressionibus

927 1770 1057 1806 distingui
1071 1770 1174 1803 volunt.
1190 1769 1340 1797 secundum
1364 1776 1432 1803 quas
1457 1769 1526 1796 alter
1538 1769 1645 1804 genitus
1660 1774 1712 1802 εει,

928 1818 998 1844 alter
1012 1815 1147 1851 procedit,
1162 1816 1339 1850 qumrendum
1362 1820 1403 1843 est
1419 1823 1452 1843 ex
1469 1815 1520 1848 iis,
1536 1822 1654 1849 quanam
1670 1822 1714 1841 ra-

930 1863 1004 1890 tione
1029 1862 1144 1889 diversaz
1168 1861 1296 1890 dicantur
1320 1862 1464 1889 amborum
1487 1869 1520 1888 ex
1541 1861 1623 1888 Patre
1651 1868 1716 1896 pro-

928 1908 1094 1943 gressiones.
1107 1907 1135 1935 Si
1144 1907 1219 1934 enim
1231 1907 1357 1939 diversae.
1371 1907 1436 1942 quia
1451 1906 1592 1942 generatio
1603 1907 1713 1941 quidem

929 1955 1086 1982 immediate
1097 1962 1130 1982 ex
1140 1954 1232 1987 Patre,
1242 1954 1356 1989 spiratio
1370 1962 1435 1981 vero
1447 1962 1495 1988 per
1509 1954 1714 1988 generationem

929 2003 956 2026 et
973 1998 1094 2033 Spiritus
1106 2006 1155 2033 per
1181 1998 1297 2031 Filium,
1314 1999 1341 2027 id
1359 2006 1410 2033 pro
1430 1998 1511 2026 nobis
1526 2002 1568 2024 est
1582 2005 1590 2030 ;
1607 1998 1630 2024 si
1650 2005 1715 2024 vero

929 2045 993 2079 quia
1005 2050 1120 2079 utraque
1131 2052 1145 2071 a
1159 2045 1239 2072 Patre
1252 2045 1320 2077 solo,
1335 2044 1423 2071 sciant
1436 2043 1489 2070 hoc
1503 2043 1647 2078 supposito
1660 2050 1715 2069 non

928 2097 1009 2126 posse
1021 2090 1139 2126 amplius
1153 2090 1187 2117 ab
1208 2090 1323 2117 invicem
1346 2089 1477 2124 distingui
1494 2089 1592 2116 Filium
1612 2092 1639 2115 et
1654 2088 1716 2122 Spi-

929 2137 1024 2164 ritum.
1052 2136 1119 2163 Nam
1139 2135 1255 2163 diversa
1281 2134 1463 2170 quorumdam
1493 2135 1715 2170 progressionem

893 2201 916 2229 Β
931 2183 972 2210 vel
997 2183 1086 2218 quoad
1105 2189 1215 2209 causam
1240 2182 1282 2208 vel
1312 2181 1403 2216 quoad
1428 2186 1570 2208 causatmn
1599 2181 1716 2208 diversa:

931 2233 1005 2261 sunt,
1022 2233 1050 2255 et
1063 2228 1151 2263 quoad
1164 2233 1305 2255 causatmn
1323 2227 1468 2262 dupliciter
1486 2236 1493 2254 :
1508 2227 1550 2254 vcl
1567 2228 1630 2261 quia
1653 2235 1717 2254 cau-

931 2280 988 2302 sata
1003 2274 1171 2302 diversarum
1189 2279 1251 2301 sunt
1268 2273 1432 2306 specierum,
1443 2273 1484 2300 vel
1493 2273 1556 2308 quia
1566 2272 1594 2300 in
1608 2273 1715 2300 diversa

932 2321 1072 2348 individua
1087 2321 1281 2347 terminantur.
1299 2319 1345 2346 Ha:
1366 2324 1457 2347 autem
1472 2320 1572 2347 divina:
1591 2328 1716 2354 personae

931 2368 992 2395 Filii
1007 2371 1033 2394 et
1045 2366 1164 2401 Spiritus
1178 2366 1264 2393 sancti
1291 2366 1382 2401 quoad
1401 2367 1520 2401 speciem
1540 2366 1574 2392 ab
1598 2367 1715 2393 invicem

931 2420 985 2440 non
1002 2417 1116 2447 possunt
1139 2412 1261 2444 diﬂ‘erre,
1282 2419 1344 2439 cum
1364 2420 1445 2438 unam
1467 2412 1646 2446 eamdemque
1665 2419 1716 2438 nu-

932 2466 1008 2485 mero
1030 2462 1155 2485 naturam
1173 2463 1200 2485 et
1218 2458 1340 2485 divinam
1363 2458 1509 2485 essentiam
1539 2466 1553 2484 a
1580 2458 1658 2485 Patre
1689 2458 1715 2484 iu

931 2503 1105 2538 procedendo
1130 2509 1216 2531 nactae
1236 2503 1347 2536 fuerint,
1371 2511 1459 2537 neque
1478 2504 1566 2538 quoad
1589 2503 1717 2531 dilIcrcn-

933 2549 1016 2582 tiam,
1031 2557 1093 2584 qua:
1114 2554 1156 2577 est
1182 2550 1334 2577 secundum
1358 2549 1521 2583 individua;
1540 2550 1629 2584 primo
1651 2551 1716 2585 quia

933 2595 1007 2621 nulla
1022 2595 1059 2621 ibi
1078 2595 1192 2622 materia
1210 2600 1252 2622 est
1273 2603 1362 2629 neque
1380 2596 1445 2630 quid
1466 2596 1587 2623 materiae
1605 2603 1717 2630 respon-

932 2641 1011 2673 dens,
1031 2649 1084 2676 qua
1112 2641 1234 2676 ejusdem
1257 2647 1361 2669 natura
1387 2642 1528 2670 individua
1544 2643 1579 2669 ab
1598 2643 1716 2670 invicem

933 2691 1111 2722 separantur;
1141 2687 1240 2715 dcindc
1268 2688 1332 2722 quia
1355 2688 1435 2715 ctiam
1463 2688 1668 2717 individuorum
1683 2698 1718 2717 ex

934 2733 1030 2761 iisdem
1048 2734 1138 2760 causis
1154 2734 1360 2768 progressiones
1375 2734 1499 2770 ejusdem
1521 2739 1584 2763 sunt
1605 2736 1717 2771 speciei,

977 2790 1015 2826 t2;
1032 2790 1136 2826 Πατρὸς
1150 2789 1253 2818 omittit
1268 2790 1374 2819 Monac.
1389 2791 1408 2819 f.
1424 2791 1477 2819 250
1494 2800 1520 2820 a.

1506 2872 1542 2914 5.
