1913 3060
209 149 261 180 163

895 151 1152 182 BESSABIONIS

1791 149 1848 181 iiii

209 206 256 234 hic
272 211 363 234 autent
375 212 465 241 neque
480 205 567 234 amba:
586 211 651 235 sunt
675 208 881 243 generationes,
908 216 993 244 neque

1049 207 1180 243 ὁμοειδεῖς
1199 206 1280 240 είσιν,
1294 207 1412 234 ἐνταῦθα
1430 206 1469 243 (Ι)
1483 206 1510 234 δὲ
1527 206 1584 235 οὔτ’
1597 206 1680 242 ἄμφω
1699 207 1852 243 γεννήσεις

207 252 293 279 ambae
304 252 503 286 processiones.
518 252 694 288 Relinquitur
713 262 780 290 ergo
799 254 888 289 quoad
904 262 996 283 causae

206 296 340 325 rationem
355 298 578 333 progressionum
595 299 778 327 diii‘erentiam
794 301 884 327 locum
896 301 998 328 habere

205 349 286 378 posse
309 348 424 371 tantum.
440 344 474 371 At
490 345 512 371 si
528 345 604 372 solus
619 346 699 373 Pater
721 354 802 374 causa
825 347 888 378 erit,
908 355 997 381 neque

206 388 357 416 secundum
372 389 441 417 lianc
453 391 587 418 rationem
602 391 757 419 differentia
771 392 882 420 habebit
894 393 995 420 locum.

206 434 301 462 Abibit
327 443 392 471 ergo
408 436 469 464 Filii
497 441 525 465 et
551 438 639 464 sancti
669 437 790 472 Spiritus
809 438 954 465 distinctio
969 442 997 466 et

207 482 282 508 nulla
312 481 339 509 in
367 482 410 510 his
439 483 493 510 erit
508 483 685 515 differentia,
714 491 808 510 verum
847 489 997 518 utrumque

208 528 290 556 unius
308 536 432 562 persona:
452 528 525 562 erit;
541 529 592 556 hoc
610 534 701 556 autem
726 529 877 556 absurdum
903 534 944 557 est
969 534 997 557 et

207 573 272 601 lidei
289 582 457 609 repugnans.
473 574 590 602 Necesse
610 575 693 610 igitur
708 579 758 608 est,
782 575 805 602 si
821 575 920 602 divine
932 583 996 610 pcr-

206 627 280 647 sonte
296 621 330 647 ab
346 620 462 647 invicem
479 621 680 655 distinguenda:
707 626 789 653 sunt,
816 621 997 657 hypostaticis

205 665 388 692 relationibus
419 673 466 693 eas
492 671 518 693 et
547 666 677 693 constitui
696 671 724 694 et
746 667 889 702 distingui,
913 673 995 702 atqtte

205 710 380 744 oppositione
397 710 430 736 ad
447 711 564 739 inviccnt
577 719 638 746 qua:
665 716 706 738 est
731 711 803 739 sicut
833 713 993 747 relatorum,

204 760 230 782 et
243 763 275 782 ex
291 756 333 782 his
349 755 460 790 quidetn
477 763 508 783 ea
525 764 587 791 qua:
605 761 648 783 est
664 757 814 784 secundum
838 766 948 786 causam
967 763 996 787 et

205 805 358 831 cansatum,
374 806 456 836 atque
474 801 575 828 Filium
590 802 700 836 quidem
721 810 736 829 a
760 802 841 831 Patre
861 804 993 841 distingui

205 844 338 872 ﬁliatione
364 850 389 872 cl
411 846 586 879 paternitate,
615 846 748 880 Spiritum
779 855 856 880 vero,
883 850 955 877 sicut
978 858 993 877 a

1052 252 1110 280 οὔτ’
1135 254 1220 288 ἄμφω
1232 254 1425 289 ὲκπορεύσεις.
1450 253 1582 281 Λείπεται
1598 254 1688 280 τοίνυν
1704 254 1782 289 παρὰ
1798 254 1850 281 τὸν

1051 299 1099 326 τοῦ
1114 300 1201 326 αἰτίου
1218 300 1297 333 λόγον
1314 298 1383 328 εἶναι
1407 300 1456 336 τὴν
1473 301 1526 327 τῶν
1546 300 1670 334 προόδων
1693 301 1846 335 διαφοράν.

1059 345 1128 371 Ἀλλ’
1145 347 1167 372 εί
1193 346 1274 380 μόνος
1293 348 1306 372 ο
1323 347 1418 382 Πατὴρ
1446 346 1534 377 αἴτιος
1561 345 1638 372 ἔσται
1656 365 1663 379 ,
1681 347 1744 372 οὐδὲ
1775 346 1847 382 παρ’

1051 392 1156 418 ἐκεῖνον
1182 392 1269 419 ἔσται·
1287 393 1431 427 οἰχήσεται
1456 392 1511 427 ἄρα
1536 393 1552 428 ή
1572 392 1618 419 τοῦ
1639 392 1704 418 Υἱοῦ
1726 393 1845 420 καὶτοῦ

1052 436 1130 469 ἁγίου
1153 438 1315 472 Πνεῦματος
1333 437 1484 472 διάκρισις,
1502 437 1551 464 καὶ
1576 438 1691 472 οὐδεμία
1717 439 1746 464 ἐν
1776 437 1846 464 τού-

1049 490 1108 512 τοις
1128 483 1204 508 ἔσεαι
1219 483 1348 518 διαφορὰ,
1374 482 1435 509 ἀλλ’
1453 482 1513 514 ἐνὸς
1531 484 1638 510 ἔσονται
1653 484 1736 516 ἄμφω
1755 492 1846 518 προσ-

1050 525 1125 552 ώπου
1138 535 1144 542 ·
1162 527 1241 554 τοῦτο
1267 527 1294 554 δὲ
1323 527 1428 554 ἄτοπον
1455 528 1502 554 καὶ
1517 528 1549 562 τῇ
1562 527 1651 553 πίστει
1671 526 1842 561 μαχόμενον.

1057 572 1177 606 Ἀνάγκη
1191 573 1256 606 ἄρα,
1276 574 1299 599 εί
1316 573 1440 608 μέλλοιεν
1457 572 1583 608 ἀλλήλων
1596 572 1629 599 τὰ
1656 572 1716 598 θεῖα
1731 572 1845 606 διακρί-

1050 618 1144 644 νεσθαι
1159 619 1305 653 πρόσωπα,
1328 620 1389 650 ταῖς
1404 619 1599 650 ὑποστατιχαῖς
1618 618 1771 653 ἀναφοραῖς
1789 618 1844 652 ὑφ-

1053 662 1181 689 ίστασοαί
1207 672 1237 689 τε
1261 664 1308 690 καὶ
1330 664 1530 699 διακρίνεσθαι,
1549 664 1597 690 καὶ
1612 665 1646 698 τῇ
1661 664 1698 694 ὡς
1720 665 1754 689 τὰ
1768 663 1843 699 πρός

1049 717 1076 734 τι
1093 709 1161 743 πρὸς
1179 709 1283 744 ἄλληλα
1309 709 1459 740 ἀντιθέσει,
1485 710 1532 736 καὶ
1553 709 1656 736 τούτων
1672 711 1705 744 τῇ
1723 709 1795 743 κατὰ
1812 709 1844 735 τὸ

1048 752 1140 779 αἴτιον
1157 755 1205 780 καὶ
1222 754 1355 786 αίτιατὸν,
1375 755 1423 781 καὶ
1442 754 1488 781 τὸν
1508 755 1557 789 μὲν
1578 754 1642 780 Υίδν
1662 754 1709 781 τοῦ
1731 754 1843 789 Πατρὸς

1048 800 1153 834 υίὸτητι
1180 801 1228 826 καὶ
1258 801 1420 836 πατρότητι,
1446 801 1477 826 τὸ
1496 800 1525 827 δὲ
1551 800 1662 833 Πνεῦμα
1678 799 1774 835 ὥσπερ
1789 799 1840 826 τοῦ

1050 845 1169 880 Πατρὸς,
1188 846 1259 872 οὕτω
1281 845 1389 872 καὶτοῦ
1406 845 1471 871 Υίοῦ
1491 846 1524 880 τῇ
1545 844 1592 871 τοῦ
1614 845 1838 880 προϐαλλομένου

204 891 297 922 Patre,
311 892 346 918 ita
359 892 440 918 etiam
458 899 472 918 a
489 891 568 923 Filio.
586 892 719 920 relatione
741 894 840 927 spit'ati
856 895 889 922 ad
906 896 993 930 spira-

1049 891 1115 925 πρὺς
1130 891 1176 917 τὸν
1193 891 1382 925 προϐάλλοντα
1398 891 1533 926 ἀναφορᾷ,
1557 891 1605 916 καὶ
1622 890 1660 926 μὴ
1677 891 1763 922 ἄλλως
1777 892 1837 918 δια-

205 943 292 966 torem
307 946 314 968 ;
331 945 419 972 neque
434 938 487 965 alio
501 938 582 966 modo
598 938 729 974 distingui
747 944 876 974 poterunt
892 941 941 976 (a).

241 984 268 1011 5.
292 984 492 1018 Disputandutn
520 992 586 1011 vero
612 984 645 1011 ad
666 985 716 1012 hos
738 990 766 1012 et
794 985 872 1019 illud,
893 992 995 1022 quotu-

203 1029 313 1064 pliciter
338 1030 552 1064 uniuscujusque
582 1030 620 1058 rei
647 1031 814 1066 principium
852 1037 879 1059 et
911 1041 993 1061 eausa

205 1075 369 1109 accipiatur,
386 1082 418 1102 ac
432 1076 591 1109 dicettdum,
609 1076 776 1111 principium
799 1077 897 1112 duplex
915 1087 993 1112 csse;

205 1121 321 1148 alterum
336 1122 420 1149 veluti
435 1121 462 1148 id
479 1129 511 1148 ex
527 1130 577 1156 quo
591 1123 633 1149 vel
657 1131 671 1149 a
686 1131 735 1156 quo
753 1129 780 1150 et
795 1124 908 1151 omnino
923 1125 994 1152 unde

205 1167 315 1199 res,vel
332 1167 405 1201 quod
429 1167 501 1194 idem
527 1173 569 1198 est
595 1169 755 1203 principium
775 1170 860 1204 quod;
877 1178 921 1198 ex.
951 1179 992 1206 gr.

204 1212 251 1240 ltic
265 1213 363 1241 artifex
380 1218 408 1241 et
419 1213 569 1240 uttit‘ersim
587 1213 614 1240 id
630 1215 703 1248 quod
718 1216 790 1250 agit;
802 1216 917 1243 alterunt
930 1225 994 1245 vero

204 1258 371 1292 principium
388 1258 462 1285 velut
482 1258 509 1285 id
526 1266 573 1294 per
584 1259 654 1293 quod
672 1259 714 1286 vel
740 1268 791 1294 quo
809 1265 838 1287 ut
863 1262 992 1296 speciem,

203 1310 266 1336 quae
286 1304 391 1339 agentis
410 1304 502 1331 aninto
517 1304 607 1337 inest,
625 1305 668 1331 cui
689 1305 778 1332 simile
794 1306 859 1334 facit
875 1307 901 1334 id
913 1308 993 1343 quod

204 1350 278 1385 agit;
299 1358 379 1377 ontne
394 1350 467 1377 enim
480 1358 562 1385 agens
578 1350 667 1378 simile
679 1351 730 1378 sibi
751 1351 876 1386 producit
892 1361 992 1380 secun-

204 1396 270 1422 dum
305 1396 434 1431 speciem,
450 1404 503 1431 qua
533 1396 588 1431 agit
612 1396 662 1430 (ὓ).
689 1397 771 1425 Verbi
797 1399 883 1433 gratia
913 1407 992 1427 causa

204 1441 288 1477 hujus
303 1441 432 1476 imaginis
445 1447 487 1470 est
499 1447 526 1468 et
539 1441 597 1476 ipse
611 1442 698 1476 pictor
712 1447 841 1478 tanquatn
854 1444 879 1471 id
895 1452 927 1472 ex
939 1453 993 1480 qtto

204 1493 232 1516 et
249 1488 321 1516 unde
344 1487 510 1524 principiutn
531 1493 558 1514 et
577 1488 728 1516 universim
743 1491 822 1524 quod,
846 1496 873 1518 et
888 1494 993 1526 species

202 1542 264 1569 qute
288 1534 400 1569 pictoris
425 1534 516 1561 animo
535 1533 698 1560 obversatur
715 1536 789 1562 velut
816 1536 842 1563 id
861 1545 923 1572 quo,
945 1539 990 1565 cui
1004 1553 1027 1584 Β

202 1580 322 1608 similem
339 1579 405 1607 fecit
415 1579 572 1614 imaginem.
586 1578 689 1606 Eodem
703 1587 768 1607 vero
779 1581 861 1608 ntodo
874 1582 993 1610 dicitttus

203 1631 232 1654 et
260 1626 288 1653 in
316 1625 417 1652 divinis
437 1624 563 1658 personis
577 1624 698 1656 l’atrem,
722 1625 774 1652 hoc
796 1631 844 1654 est
870 1627 992 1655 divinam

203 1673 264 1708 ejus
294 1671 453 1707 hypostasin
478 1678 590 1698 causam
610 1678 671 1699 esse
689 1676 817 1706 tanquam
833 1674 993 1709 principium

203 1718 273 1752 quod
284 1717 341 1745 sive
353 1724 385 1742 ea;
403 1724 465 1750 quo,
481 1716 599 1743 divinam
616 1724 683 1744 vero
698 1717 758 1751 ejus
768 1719 918 1745 essentiam
936 1724 994 1747 tau-

203 1770 287 1798 quam
311 1762 472 1797 principium
488 1769 550 1796 quo.
575 1762 634 1796 Ipsa
651 1763 725 1790 extim
745 1768 792 1790 test
819 1764 993 1798 species,'cui

206 1808 308 1836 similia
335 1806 526 1842 producuntur
554 1815 615 1842 qua:
636 1815 670 1835 ex
694 1808 754 1843 ipso
785 1810 992 1844 producuntur;

204 1853 279 1881 unde
293 1857 322 1880 et
346 1851 432 1880 Filius
456 1857 484 1879 et
506 1852 628 1887 Spiritus
655 1854 904 1884 consubstantiales
930 1860 995 1884 sunt

205 1900 271 1934 ipsi,
285 1899 350 1934 quia
368 1906 448 1926 omne
464 1899 620 1933 producens
635 1899 725 1927 simile
741 1901 868 1935 producit
881 1904 992 1937 speciei,

204 1951 258 1979 qua
286 1943 432 1978 producit;
459 1943 531 1970 Deus
559 1951 624 1971 vero
649 1945 731 1972 Pater
753 1946 846 1973 divina
877 1948 994 1975 essentia

203 1989 333 2025 producit
352 1988 454 2016 Filium
476 1995 504 2016 et
529 1989 662 2024 Spiritum
679 1995 707 2018 et
730 1990 834 2019 idcirco
850 1992 902 2020 sibi
926 2001 993 2020 con-

204 2035 401 2064 substantiales
414 2035 553 2070 producit.
569 2035 645 2063 Unde
667 2036 770 2069 evenit,
787 2045 849 2064 cum
874 2040 994 2067 essentia

205 2082 361 2109 communis
376 2082 412 2109 sit
428 2081 580 2116 eademque
600 2089 716 2109 numero
738 2081 810 2109 l‘atri
831 2088 859 2111 et
877 2083 946 2111 Filio
967 2089 996 2112 et

205 2128 332 2164 Spiritui.
347 2134 430 2162 atque
447 2127 476 2155 iit
496 2127 618 2162 qualibet
641 2128 795 2155 divinarum
814 2136 994 2164 personarum

207 2175 349 2206 subsistat,
369 2178 450 2208 prout
468 2172 572 2199 dictum
585 2176 637 2205 est,
651 2177 680 2200 ut
697 2172 720 2200 si
734 2173 800 2207 quid
813 2181 845 2200 cx
861 2174 995 2202 ambobus

1047 936 1193 970 κρίνεσθαι
1208 935 1274 963 εἷεν.

1081 981 1116 1016 γ’.
1133 983 1294 1010 Διαλεκτέον
1319 983 1347 1010 δὲ
1376 983 1446 1019 πρὸς
1477 983 1590 1015 τούτους
1610 984 1656 1010 καὶ
1684 984 1792 1019 ὁσαχῶς
1820 985 1838 1020 ἡ

1047 1030 1161 1056 ἑκάστου
1175 1029 1339 1063 πράγματος
1355 1030 1428 1065 ἁρχὴ
1444 1030 1491 1056 καὶ
1505 1030 1582 1056 αίτία
1594 1030 1767 1065 λαμϐάνεται
1783 1030 1835 1066 (2).

1046 1074 1153 1108 Ταύτην
1164 1074 1210 1101 οὖν
1220 1075 1312 1109 διττὴν
1325 1073 1404 1107 εἶναι,
1421 1077 1468 1101 καὶ
1486 1075 1535 1110 τὴν
1552 1075 1601 1110 μὲν
1620 1076 1658 1105 ὡς
1670 1076 1700 1102 τὸ
1712 1075 1747 1108 ἐξ
1758 1073 1794 1103 οὖ
1812 1075 1832 1110 ἣ

1045 1121 1095 1152 ὑφ’
1108 1118 1144 1147 οὗ
1165 1116 1248 1152 εἶναι,
1265 1120 1312 1146 καὶ
1326 1120 1393 1150 ὅλως
1407 1120 1426 1153 ἡ
1444 1120 1522 1154 ἀρχὴ
1545 1121 1588 1155 (3)
1606 1120 1676 1146 ὅθεν
1697 1121 1727 1147 τὸ
1744 1122 1836 1155 πρᾶγ-

1047 1176 1096 1203 μα,
1113 1167 1194 1193 ταυτδ
1208 1166 1231 1193 δ’
1243 1167 1341 1198 εἰπεῖν,
1357 1166 1384 1198 ὸ,
1401 1164 1458 1192 οἷον
1472 1167 1514 1193 ὂδε
1527 1166 1542 1193 ὁ
1555 1167 1682 1202 τεχνίτης
1695 1168 1744 1193 καὶ
1761 1167 1833 1198 ὅλως

1044 1215 1074 1240 τὺ
1088 1213 1194 1240 ποιοῦν·
1213 1213 1263 1247 τὴν
1280 1213 1303 1239 δ’
1319 1212 1356 1244 ὡς
1372 1213 1402 1239 τὺ
1414 1209 1448 1246 ᾧ,
1464 1210 1520 1239 οἷον
1541 1213 1569 1239 τὸ
1588 1213 1646 1239 ἐνὸν
1660 1215 1691 1248 τῇ
1709 1213 1755 1239 τοῦ
1773 1221 1836 1240 ποι-

1044 1259 1138 1290 οὗντος
1164 1259 1236 1294 ψυχῇ
1254 1257 1334 1290 εἶδος,
1359 1255 1381 1293 ᾧ
1402 1259 1496 1293 ὅμοιον
1513 1259 1586 1285 ποιεῖ
1598 1259 1628 1285 τὸ
1647 1259 1750 1285 ποιοῦν·
1778 1260 1836 1286 πᾶν

1043 1306 1099 1340 γὰρ
1123 1306 1217 1334 ποιοῦν
1243 1305 1337 1340 ὅμοιον
1354 1305 1444 1340 ἑαυτῷ
1467 1305 1585 1341 προάγει
1609 1305 1680 1333 κατὰ
1704 1306 1734 1332 τὺ
1750 1299 1833 1339 εῐδᾶς,

1044 1347 1066 1385 ᾧ
1088 1350 1126 1386 (4)
1153 1351 1236 1377 ποιεῖ.
1257 1351 1344 1384 Λόγου
1361 1351 1444 1386 χάριν
1459 1350 1540 1386 τῆσδε
1565 1351 1616 1386 τῆς
1638 1351 1741 1383 εἰκόνος
1754 1351 1832 1379 αἰτία.

1044 1398 1091 1424 καὶ
1116 1397 1197 1428 αὐτὸς
1225 1397 1239 1423 ὁ
1269 1396 1425 1431 ζωγράφος,
1446 1396 1483 1428 ὡς
1500 1397 1531 1423 τὸ
1555 1397 1585 1429 ἐξ
1611 1394 1642 1424 οὗ
1672 1398 1718 1424 καὶ
1737 1398 1830 1434 ὅθενὴ

1044 1442 1126 1478 ἁρχὴ,
1142 1443 1189 1468 καὶ
1204 1442 1271 1474 ὅλως
1287 1442 1318 1468 τὸ
1335 1442 1350 1468 ὃ
1367 1443 1414 1469 καὶ
1429 1443 1458 1469 τὺ
1473 1443 1503 1469 ἐν
1519 1444 1551 1478 τῇ
1569 1443 1640 1479 ψυχῇ
1655 1443 1702 1470 τοῦ
1719 1444 1832 1480 ζωγρά-

1045 1498 1095 1524 φου
1118 1488 1187 1521 εἶδος
1209 1490 1247 1521 ὡς
1261 1489 1291 1516 τὸ
1313 1486 1347 1523 ᾦ,
1364 1486 1385 1524 ᾧ
1402 1489 1497 1522 ὁμοίαν
1513 1491 1646 1524 πεποίηκε
1665 1490 1713 1525 τὴν
1725 1491 1832 1517 εἰκόνα.

1044 1537 1088 1570 Τῴ
1106 1537 1127 1562 δ’
1143 1537 1218 1571 αὐτῷ
1232 1537 1325 1572 τρόπῳ
1335 1536 1383 1562 καὶ
1397 1538 1425 1563 ἐν
1440 1537 1496 1566 τοῖς
1511 1535 1594 1568 θείοις
1613 1537 1768 1572 προσώποις
1784 1536 1832 1564 τὸν

1047 1582 1097 1616 μὲν
1120 1583 1243 1617 Πατέρα,
1270 1582 1398 1608 τουτέστι
1411 1581 1461 1616 τὴν
1476 1581 1554 1608 Θείαν
1578 1582 1662 1609 αὑτοῦ
1686 1582 1835 1610 ὑπόστασιν

1046 1628 1134 1654 αἰτίαν
1152 1625 1222 1654 εἶναι
1238 1628 1276 1659 ὡς
1290 1627 1320 1654 τὸ
1337 1627 1364 1658 ὂ,
1382 1628 1438 1653 εἴτε
1457 1627 1491 1660 ἐξ
1506 1626 1554 1660 οὗ,
1571 1627 1622 1662 τὴν
1643 1628 1670 1654 δὲ
1695 1628 1770 1655 θείαν
1784 1629 1833 1656 αὺ-

1044 1674 1090 1699 τοῦ
1106 1674 1203 1700 οὐσίαν
1231 1674 1269 1704 ὡς
1293 1674 1323 1700 τὸ
1391 1672 1461 1708 αὕτη
1486 1674 1540 1708 γάρ
1571 1673 1630 1699 ἐστι
1654 1673 1685 1700 τὸ
1714 1671 1794 1706 εἶδος,
1809 1671 1833 1708 ᾦ

1044 1718 1125 1753 ὃμοια
1139 1720 1292 1754 προάγεται
1308 1718 1342 1744 τὰ
1359 1717 1389 1750 ἐξ
1403 1718 1487 1744 αὐτοῦ
1505 1718 1694 1753 προαγόμενα·
1709 1719 1771 1745 ὅθεν
1784 1719 1833 1746 καὶ

1045 1765 1091 1792 τὸν
1105 1765 1168 1791 Υἱὸν
1195 1765 1243 1792 καὶ
1267 1765 1297 1791 τὸ
1315 1764 1429 1799 Πνεῦμα
1445 1764 1579 1799 ὀμοούσια
1593 1762 1664 1791 εἶναι
1684 1765 1768 1800 αὐτῷ,
1788 1765 1834 1792 διὰ

1044 1811 1076 1838 τὸ
1089 1812 1144 1838 πᾶν
1163 1811 1201 1845 (5)
1222 1811 1253 1836 τὸ
1268 1810 1394 1846 παράγον
1407 1811 1501 1845 ὅμοιον
1516 1811 1652 1845 παράγειν
1666 1811 1706 1846 τῷ
1721 1811 1795 1843 εἴδει,
1809 1809 1833 1846 ᾧ

1045 1857 1176 1891 παράγει.
1194 1857 1247 1884 Τὸν
1262 1857 1290 1883 δὲ
1302 1857 1369 1883 Θεὸν
1385 1857 1432 1883 καὶ
1449 1857 1559 1891 Πατέρα
1575 1859 1608 1892 τῇ
1622 1857 1683 1893 Θείᾳ
1696 1858 1774 1893 οὐσίᾳ
1789 1859 1835 1884 τῖον

1045 1902 1109 1929 Υίὸν
1122 1902 1212 1929 καὶτὸ
1224 1902 1339 1936 Πνεῦμα
1360 1903 1502 1937 προάγειν,
1521 1903 1568 1929 καὶ
1581 1903 1626 1929 διὰ
1639 1902 1717 1930 τοῦτο
1732 1903 1834 1938 ὁμοσύ-

1047 1956 1093 1974 σια
1108 1948 1198 1983 ἐαυτῷ
1215 1949 1363 1983 προάγειν,
1380 1948 1453 1974 ὥστε
1481 1948 1655 1982 συμϐαίνειν,
1673 1948 1722 1982 τῆς
1742 1949 1835 1981 οὐσίας

1045 1990 1141 2025 κοινῆς
1159 1990 1205 2016 καὶ
1221 1991 1268 2025 τῆς
1285 1991 1372 2025 αὐτῆς
1391 1991 1519 2026 τάριθμῷ
1546 1992 1633 2027 Harp!
1650 1992 1696 2018 καὶ
1714 1992 1771 2027 Υίῷ
1786 1995 1833 2020 καὶ

1045 2037 1186 2072 Πνεύματι
1207 2036 1291 2072 οὔσης
1304 2056 1313 2069 ,
1330 2038 1370 2063 ἔτι
1393 2045 1422 2063 τε
1449 2038 1477 2064 ὲν
1494 2039 1597 2074 ἑκάστῃ
1615 2039 1658 2072 (ϐ)
1673 2039 1726 2065 τῶν
1751 2039 1831 2066 θείων

1045 2081 1201 2116 προσώπων
1217 2082 1414 2116 ὑφεστηκυίας,
1429 2082 1467 2113 ὡς
1488 2082 1594 2117 εἴρηται
1605 2103 1612 2115 ,
1637 2084 1664 2110 εἴ
1681 2091 1707 2109 τι
1733 2083 1762 2116 ἐξ
1778 2085 1832 2118 ἀμ.-

1045 2127 1107 2161 φοῖν
1126 2127 1227 2161 προῖοι,
1243 2127 1274 2153 οὺ
1293 2127 1395 2161 μᾶλλον
1412 2127 1450 2158 ὡς
1465 2127 1496 2153 ὲκ
1507 2127 1580 2154 δυοῖν
1596 2129 1611 2163 ἢ
1630 2127 1659 2160 ἐξ
1674 2129 1733 2160 ἑνὸς
1756 2131 1832 2164 προῖ-

1046 2171 1115 2203 έναι,
1133 2171 1177 2198 διὰ
1192 2173 1222 2198 τδ
1235 2172 1286 2206 τὴν
1302 2172 1340 2204 ὡς
1354 2171 1423 2203 εἶδος
1437 2172 1524 2207 ἀρχὴν
1543 2173 1608 2207 μίαν
1621 2171 1693 2200 εἶναι
1712 2173 1760 2200 καὶ
1781 2175 1831 2209 τὴν

206 2220 331 2256 prodeat,
348 2219 376 2246 id
398 2225 453 2245 uon
471 2218 556 2252 magis
573 2222 600 2244 ιιι
622 2217 779 2245 ειᾱυοῦυε
793 2225 874 2252 quarti
889 2225 924 2245 ex
940 2226 993 2246 uno

1049 2217 1135 2252 αὐτὴν
1151 2217 1260 2253 ἀριθμῷ
1277 2218 1323 2244 καὶ
1340 2218 1431 2253 ἄκρως
1458 2219 1535 2252 μίαν.

207 2268 333 2304 prodeat,
345 2266 411 2302 quia
427 2265 607 2301 principium,
625 2264 699 2299 quod
717 2264 794 2292 velut
807 2264 914 2300 species
942 2270 994 2300 est,
1011 2272 1098 2294 unum
1127 2265 1257 2300 idemque
1284 2272 1401 2292 numero
1426 2268 1454 2292 et
1478 2272 1560 2299 quatit
1599 2264 1716 2292 maxime
1747 2272 1832 2292 unum

207 2319 260 2342 est.

244 2360 307 2388 Hzec
328 2359 399 2387 dicta
414 2363 478 2386 sunt
493 2357 526 2385 ad
551 2361 588 2390 te,
607 2357 777 2384 sanctissime
802 2355 931 2390 domine,
949 2357 996 2391 qui

208 2407 308 2434 melius
323 2405 402 2432 nobis
427 2412 459 2432 ea
484 2404 556 2431 nosti
581 2410 613 2430 ac
638 2403 723 2429 multa
739 2410 788 2436 pro
805 2401 856 2429 hac
882 2403 996 2430 veritate

208 2453 327 2480 libenter
350 2459 448 2487 passus
475 2458 525 2483 es;
548 2450 618 2477 dicta
649 2456 715 2476 vero
738 2453 803 2475 sunt
832 2449 995 2476 obedientiae

208 2506 292 2526 causa
307 2503 333 2525 et
351 2500 415 2533 quia
437 2503 551 2532 prorsus
573 2495 650 2522 nefas
666 2495 822 2529 putavimus
839 2495 893 2522 tuis
918 2503 994 2522 man-

244 2583 283 2617 (I)
299 2581 405 2609 Monac.
423 2579 442 2606 ί.
454 2578 517 2617 259,
537 2577 564 2617 b_,
583 2575 711 2617 ἐνταςδτα..

243 2610 282 2652 (2')
295 2617 334 2644 Ad
351 2622 436 2652 marg.
453 2614 531 2640 rubr.
544 2612 581 2644 ὼς
595 2611 675 2646 διχῶς
693 2612 709 2646 ὴ
730 2610 801 2646 ἀρχὴ
814 2611 851 2642 ὼς
867 2611 897 2637 τὸ
917 2610 932 2637 δ
947 2612 993 2638 καὶ

207 2652 238 2680 τὸ
248 2650 284 2686 ib.
300 2650 396 2679 Κανῶν
408 2651 443 2683 γ’.

244 2685 282 2722 (3)
299 2687 344 2713 Sic
355 2685 438 2722 codd.

243 2716 281 2758 (4)
297 2722 342 2750 Sit:
355 2720 460 2748 Monac.
477 2719 496 2746 ι.
509 2717 561 2745 250
582 2717 616 2749 b;
630 2716 712 2744 Marc.
731 2716 750 2745 t‘.
765 2717 799 2744 66
814 2716 840 2750 δ,
860 2717 886 2744 δ.

243 2802 282 2837 (α)
295 2802 441 2840 jidepost
455 2799 483 2827 S.
500 2799 644 2840 Thomam:
666 2805 694 2831 p.
711 2803 729 2829 ι,
746 2803 772 2830 q.
788 2795 823 2822 36
837 2802 852 2821 a
865 2795 892 2828 2,
906 2794 993 2823 Plate-

207 2833 278 2864 liuin’
294 2833 390 2864 Tlteol.
409 2845 436 2870 p.
454 2843 472 2867 t,
491 2842 550 2869 cap.
565 2833 616 2868 Ξῇὲ

249 2845 273 2864 ιιι
294 2842 390 2864 't'tteot.
409 2845 436 2870 p.
454 2843 472 2867 ι,
491 2842 550 2869 cap.
565 2842 590 2865 ο,
603 2842 616 2868 5
630 2842 656 2860 ο.
781 2867 786 2871 Ι
960 2865 966 2871 .

248 2873 284 2908 (ι)
303 2872 368 2900 Vide
394 2872 427 2900 ll.
455 2871 546 2898 Kilbcr
574 2870 600 2896 itt
628 2867 724 2896 Tltcol.
744 2865 967 2901 WtrccburgenSt
983 2884 991 2899 ,

1087 2354 1182 2382 Ταῦτα
1199 2354 1309 2389 εἴρηται
1329 2353 1378 2388 μὲν
1401 2352 1469 2388 πρὸς
1487 2351 1526 2384 σὲ,
1555 2352 1677 2379 θειότατε
1702 2353 1830 2385 δέσποτα,

1049 2401 1094 2429 τὸν
1107 2401 1207 2436 μᾶλλόν
1217 2409 1245 2427 τε
1260 2400 1339 2434 ἡμῶν
1353 2400 1446 2426 εἰδότα
1459 2400 1506 2425 καὶ
1521 2399 1605 2425 πολλὰ
1621 2399 1691 2434 ὑπὲρ
1703 2400 1752 2434 τῆς
1767 2400 1832 2435 ἀλη-

1051 2448 1127 2479 οείας
1150 2447 1252 2481 ταύτης
1278 2446 1396 2480 ἄσμενον
1419 2444 1457 2480 (7)
1488 2445 1663 2471 πεπονθότα·
1680 2445 1787 2480 εἴρηται
1803 2445 1831 2471 δὲ

1049 2494 1172 2528 ὑπακοῆς
1188 2493 1282 2519 εἵνεκα
1298 2491 1346 2518 καὶ
1371 2490 1417 2517 τοῦ
1444 2491 1482 2526 μὴ
1512 2491 1617 2518 οἴεσθαι
1641 2491 1752 2526 θεμιτὸν
1765 2491 1832 2521 ὅλως

1084 2576 1123 2612 (5)
1139 2577 1196 2603 Μὲν
1210 2575 1273 2612 add.
1285 2575 1389 2602 Monac.
1406 2574 1424 2602 ί.
1443 2573 1506 2612 259,
1517 2573 1546 2602 b.

1084 2608 1134 2647 (6)
1165 2612 1203 2638 Ac
1231 2611 1254 2638 si
1285 2614 1449 2645 sequeretur
1475 2609 1663 2638 ὑποστάσεων.
1701 2608 1734 2636 L.
1767 2610 1830 2636 ἑκά.

1049 2655 1113 2682 στῳ.

1085 2682 1137 2718 (7)
1165 2680 1247 2708 lilarc.
1276 2680 1294 2707 ί.
1327 2680 1381 2714 67,‘
1409 2687 1454 2707 a:

1048 2726 1110 2748 νωε.

1482 2680 1621 2715 ἄσμενος*
1653 2679 1716 2707 fort.
1745 2680 1829 2715 adpi-

1043 2798 1124 2858 Ξιὸίὸι.
1145 2794 1182 2823 De
1199 2793 1254 2822 Deo
1271 2793 1354 2827 trino,
1371 2797 1389 2821 t.
1411 2791 1444 2826 ll,
1463 2799 1523 2826 cap.
1546 2794 1571 2827 l,
1594 2795 1647 2819 art.
1671 2791 1705 2826 2,
1723 2799 1752 2820 η.
1768 2791 1828 2827 568,
