1913 3060
166 114 215 145 167

848 107 1099 138 BESSARIONIS

1739 105 1792 140 168

164 165 282 201 Spiritus
296 163 407 197 dicitur,
424 169 472 198 per
490 162 589 190 Filium
612 161 746 190 creaturis
764 161 943 197 suppeditari,

1001 164 1177 198 μιγνύτωααν
1195 165 1262 200 ὁμοῦ
1279 166 1367 194 πά.τα
1389 165 1528 201 χρήματα’
1553 165 1586 192 δι’
1602 163 1665 192 Υἰοῦ
1692 164 1790 199 προϊέ-

163 212 192 241 in
219 210 287 238 Filio
311 216 434 242 manere,
459 209 487 236 in
504 208 571 236 Filio
594 208 785 243 requiescere.
801 210 856 235 non
881 214 947 234 vero

163 255 264 285 dicitur
279 263 328 290 per
342 254 454 283 Patrem
478 255 599 290 prodire,
617 262 668 282 nec
691 262 739 289 per
752 254 860 282 Patrem
883 261 947 288 sup-

162 303 291 339 peditari,
307 309 359 330 nec
374 302 403 329 in
427 301 507 328 Patre
527 308 650 332 manere,
665 308 716 328 nec
744 301 772 328 in
797 300 877 328 Patre
904 307 948 327 re-

162 349 315 385 quiescere,
331 348 379 376 sed
390 355 424 374 ex
435 347 515 374 Patre
532 346 694 381 procedere.
710 346 841 374 Dicantur
853 346 947 379 itaque

162 403 223 430 qua:
238 398 303 422 sunt
323 394 434 425 tradita,
448 401 508 428 qua:
522 400 589 419 vero
613 391 724 419 silentio
751 391 946 426 praetermissa,

162 442 313 474 sileantur;
332 445 361 468 et
373 439 537 475 propositio,
550 446 609 473 quae
629 438 761 473 Spiritum
778 441 901 463 sanctum
915 444 948 462 ex

162 487 232 514 Filio
255 487 322 514 dicit
348 486 499 521 procedere
524 491 651 519 tanquam
677 484 765 511 aliena
786 487 814 510 et
840 482 947 510 insolita

112 543 116 546 ~
163 532 260 567 procul
276 531 429 566 ablcgctur.

375 586 536 616 NlC/ENUS
562 585 742 614 ANTISTES.

198 646 264 679 Quae
277 644 367 672 Latini
385 644 492 676 dicunt,
506 651 537 670 ea
553 648 581 670 et
595 643 730 677 probant;
754 646 781 668 tu
806 648 873 668 vero
892 641 948 668 fru-

163 697 220 719 stra
240 692 315 725 ipsos
332 690 513 717 incriminans
529 689 597 715 nihil
614 688 707 715 el'licis.
724 687 947 722 Prmpositionem

163 738 236 766 enirn
246 746 292 773 per
303 737 362 765 loco
372 735 572 772 praepositionis
584 743 616 762 ea:
628 734 766 769 usurpari,
783 738 839 760 tum
856 734 948 762 multis

162 785 305 812 doctorum
322 782 487 810 testimoniis
502 781 657 808 ostenditur
679 785 735 808 tum
761 780 876 807 Basilius
895 784 947 812 est,

162 831 209 866 qui
224 830 328 865 primus
344 829 396 856 hoc
412 827 550 864 perspexit
569 832 597 854 et
611 827 639 854 in
663 826 740 854 libris
755 826 788 853 ad
804 826 945 860 Amphilo-
963 842 984 869 Β

162 877 255 904 chiqu
271 876 371 910 smpius
383 875 464 906 dixit,
481 881 535 900 non
555 880 665 908 semper
678 873 726 902 has
739 872 946 907 praapositiones

163 923 196 950 ad
214 922 332 949 invicem
346 920 522 948 commutari.
538 919 617 952 Quod
627 926 694 946 vero
709 918 888 953 interrogatio
900 922 945 944 tua

163 969 237 997 haud
254 967 424 996 rationabilis
438 969 490 999 est,
508 973 561 1001 qua
581 973 596 992 a
615 965 696 993 nobis
709 964 816 992 ostendi
845 964 946 999 poscis,

162 1020 254 1043 utrum
278 1019 306 1042 et
322 1022 368 1049 per
394 1013 502 1040 Patrem
515 1012 634 1047 Spiritus
659 1016 771 1039 sanctus
798 1010 946 1045 procedere

163 1061 253 1089 dictus
280 1060 364 1096 fuerit
387 1059 499 1092 alicubi,
523 1065 556 1085 ex
580 1058 624 1085 his
649 1057 834 1084 manifestum.
852 1057 946 1092 Neque

162 1109 237 1137 enim
255 1109 277 1136 si
294 1109 320 1135 in
336 1107 512 1143 quibusdam,
526 1107 581 1141 jam
597 1111 625 1133 et
642 1106 668 1133 in
684 1106 812 1133 omnibus
827 1115 834 1139 ;
858 1113 946 1140 neque

162 1155 184 1183 si
202 1162 257 1182 non
276 1155 302 1182 in
320 1153 459 1186 omnibus,
473 1153 527 1187 jam
545 1160 634 1187 neque
649 1151 677 1179 in
701 1151 864 1186 quibusdam
889 1159 948 1179 om-

162 1201 240 1233 nino,
262 1200 284 1228 si
315 1203 414 1226 tamem
440 1198 591 1233 logicarum
620 1198 777 1232 regularum
801 1204 831 1223 es
855 1196 947 1224 adhuc

162 1253 277 1274 memor.
302 1245 387 1273 Nobis
408 1244 491 1279 igitur
520 1243 546 1270 in
581 1243 725 1278 przesentia
743 1242 852 1276 suﬂicit,
869 1243 892 1270 si
918 1243 944 1269 in

162 1291 323 1328 quibusdam
341 1291 393 1318 hoc
407 1291 444 1318 ita
463 1298 491 1318 se
505 1290 607 1317 habere
628 1290 816 1316 invenerimus
833 1294 860 1316 et
876 1289 903 1316 in
918 1289 946 1316 id

162 1337 264 1372 ipsum,
290 1336 364 1372 quod
392 1335 538 1370 qumritur,
565 1334 632 1362 illud
658 1334 764 1369 aptari,
793 1335 945 1369 prazsertim

162 1383 272 1420 quando
298 1383 357 1418 ipse
377 1389 474 1410 sensus
498 1381 635 1408 dictorum
660 1380 863 1415 verborumque
883 1380 948 1415 jun-

162 1435 241 1457 ctura
266 1436 298 1456 ac
322 1429 457 1456 connexio
474 1432 557 1462 atque
582 1433 674 1454 rerum
699 1427 895 1461 consequentia
918 1426 945 1454 id

162 1476 252 1511 ipsum
269 1474 376 1502 suadet.
395 1474 491 1501 Nonne
511 1477 538 1500 et
551 1477 590 1505 tu,
607 1472 672 1499 dum
688 1480 737 1507 per
755 1471 856 1499 Filium
876 1472 945 1500 dicis

162 1521 294 1556 Spiritum
333 1525 460 1549 sanctum
485 1518 595 1554 prodire
630 1517 849 1552 progressionem
874 1517 945 1545 hanc

162 1566 341 1602 temporalem
357 1564 515 1592 missionem
542 1563 712 1596 existimans,
729 1563 811 1590 etiam
826 1571 859 1590 ex
875 1563 944 1590 Filio

160 1619 225 1640 eum
255 1610 366 1646 prodire
395 1608 521 1636 diceres?
546 1607 664 1636 Omnino
681 1607 805 1642 quidem.
827 1608 851 1635 si
879 1615 944 1635 vera

160 1656 287 1692 proferre
301 1655 353 1682 vis.
370 1654 405 1682 Et
421 1661 472 1681 nos
489 1653 572 1688 igitur
589 1660 603 1680 a
621 1652 723 1680 sanctis
738 1652 882 1680 audientes
895 1659 944 1687 per

160 1702 259 1730 Filium
279 1708 343 1728 eum
371 1698 522 1735 procedere
550 1703 577 1725 et
598 1705 648 1733 per
665 1698 764 1725 Filium
787 1705 858 1729 esse,
884 1706 944 1733 quae

160 1747 279 1776 maxime
293 1753 348 1781 pne
361 1745 491 1774 omnibus
506 1748 534 1772 et
553 1744 705 1771 secundum
720 1751 769 1771 vos
791 1744 944 1779 hypostati-

161 1801 221 1821 cam
237 1791 323 1826 ipsius
339 1795 367 1818 et
389 1790 417 1817 in
437 1789 644 1817 subsistentiam
659 1789 881 1824 progressionem
897 1790 944 1818 de-

160 1838 276 1868 clarant,
295 1835 367 1862 idem
382 1841 442 1862 esse
457 1833 655 1865 existimamus.
665 1841 698 1860 ac
711 1841 745 1860 ex
755 1833 825 1861 Filio
839 1834 941 1868 dicere,

159 1882 276 1910 maxime
292 1888 354 1908 cum
367 1884 394 1908 et
406 1880 507 1908 multos
526 1879 594 1906 alios
607 1879 733 1907 doctores
749 1879 894 1907 audiamus
910 1888 943 1908 ex

159 1927 229 1955 Filio
248 1927 337 1961 ipsum
351 1933 412 1953 esse
427 1924 551 1952 dicentes
565 1929 593 1951 et
607 1932 640 1951 ex
666 1924 747 1958 Patre
770 1933 819 1959 per
843 1925 941 1953 Filium

157 1973 201 2001 vel
215 1980 248 2000 ex
267 1971 400 2000 ambobus
418 1978 489 2003 esse.
504 1970 544 1997 Tu
563 1978 630 1998 vero
653 1970 788 1998 absurdus
808 1971 943 2006 quodam-

158 2019 242 2047 modo
265 2026 295 2046 es
321 2018 412 2046 statim
443 2018 477 2046 ab
496 2017 602 2044 initioa
631 2017 768 2046 calumnia
783 2018 942 2051 exordiens,

159 2066 223 2093 dum
239 2065 313 2101 quod
330 2064 418 2092 Latini
434 2063 639 2098 particulariter
664 2063 778 2096 dicunt,
797 2063 850 2090 hoc
863 2064 942 2098 quasi

158 2112 324 2147 generaliter
337 2117 384 2138 eos
400 2109 523 2136 dicentes
544 2108 703 2136 traducens.
727 2108 801 2135 Nihil
821 2109 894 2136 enim
915 2110 941 2136 in

157 2157 300 2185 nonnullis
313 2156 425 2183 ditl‘erre
440 2155 489 2182 has
507 2155 710 2189 propositiones
729 2155 772 2181 isti
788 2154 883 2182 dicunt
899 2162 942 2182 re-

157 2210 223 2230 vera
235 2207 263 2229 et
277 2206 304 2228 tu
320 2200 378 2234 ipse
410 2199 437 2227 id
454 2200 577 2227 declaras
600 2200 643 2233 iis,
674 2200 773 2235 quibus
803 2208 869 2227 usus
901 2207 941 2232 es,

157 2247 311 2281 exemplis;
324 2246 392 2272 nihil
404 2250 494 2272 autem
506 2246 618 2272 omnino
633 2253 680 2273 eas
699 2246 820 2278 dilIerre,
836 2246 942 2280 simpli-

159 2293 228 2320 citer
242 2299 273 2319 ea
284 2298 349 2319 voce
368 2296 486 2325 sumpta,
496 2290 549 2318 hoc
565 2296 641 2318 tuum
658 2291 873 2330 additamentum
890 2296 940 2319 est.

158 2339 266 2367 Etenim
279 2337 368 2373 quoad
384 2337 429 2365 illa
442 2337 576 2365 duntaxat
600 2337 627 2364 id
648 2345 744 2365 verum
760 2343 812 2371 cst,
832 2338 859 2365 in
882 2339 944 2372 qui-

157 2385 211 2413 bus
228 2383 398 2412 etmediatio
417 2383 542 2419 quaedam
560 2383 675 2418 intelligi
703 2389 802 2418 queat;
821 2392 874 2410 non
893 2384 941 2417 ita,

158 2437 188 2458 ut
210 2431 238 2458 in
264 2434 391 2457 creatura
415 2429 525 2464 quidem
547 2428 734 2463 intelligatur,
758 2437 813 2456 non
833 2437 898 2457 vero
913 2432 941 2457 in

158 2476 270 2510 deitate,
281 2484 332 2504 nec
343 2477 371 2503 in
383 2467 483 2503 deitate
496 2474 529 2502 de
544 2475 613 2502 Filio
625 2475 747 2510 quidem,
763 2483 817 2502 non
829 2484 895 2504 vero
909 2477 942 2504 de

158 2523 239 2550 l’atre
260 2522 329 2556 (haec
343 2529 396 2548 non
413 2525 454 2548 cst
469 2521 604 2548 sententia
618 2527 714 2547 eorum
728 2522 773 2556 qui
789 2527 862 2548 recta
878 2529 940 2549 sen-

158 2568 254 2603 tiunt).
268 2574 364 2595 verum
381 2567 409 2594 in
426 2566 480 2597 his,
506 2566 564 2593 sive
577 2566 707 2593 deitatem
725 2566 861 2602 intelligas
882 2568 940 2596 sive

157 2612 377 2645 creaturam,ubi
392 2612 520 2639 mediatio
536 2611 658 2646 quaedam
668 2612 706 2647 (a)
717 2612 828 2648 intelligi
843 2614 939 2648 possit,

158 2663 188 2687 ut
203 2663 231 2686 et
252 2657 375 2693 exempla
392 2662 535 2685 testantur.
554 2656 632 2690 Quod
649 2664 682 2685 cx
699 2659 878 2693 sequentibus
893 2668 940 2695 pa-

193 2715 232 2750 (l)
248 2715 320 2742 Mon.
335 2714 386 2742 27:
401 2712 477 2741 οὔτε.

191 2770 231 2806 (a)
257 2771 305 2807 De
320 2770 511 2807 prmpositione
537 2779 584 2806 per
605 2772 697 2799 coui'cr
727 2772 756 2800 S.
783 2773 938 2807 Thomam,

155 2812 182 2840 ρ.
199 2813 218 2838 ι,
233 2813 260 2841 q.
274 2805 359 2840 56,a.
375 2805 392 2833 5
407 2805 538 2838 ;llieron.
555 2806 663 2839 Donati,
680 2807 727 2835 lib.
744 2816 785 2840 in,
810 2809 846 2836 Dc
859 2805 935 2844 proc.

997 217 1042 236 ναι
1063 209 1183 245 λέγεται,
1206 211 1240 241 δι’
1271 211 1337 238 Υίοῦ
1363 213 1543 247 χορηγεῖσθαι
1571 212 1604 246 τῇ
1625 210 1728 242 κτίσει,
1759 210 1790 236 ἑν

998 254 1055 290 Υἰῷ
1071 256 1174 291 μένειν,
1192 257 1220 283 ὲν
1234 257 1291 293 Υιῷ
1307 258 1508 291 ἀναπαύεσθαι,
1526 257 1586 284 οὐδὲ
1608 257 1647 292 (1)
1662 256 1706 283 διὰ
1727 256 1786 282 Πα-

997 300 1062 334 τρδς
1078 302 1212 336 προϊέναι,
1234 302 1294 329 οὒτε
1320 303 1364 329 διὰ
1392 303 1500 337 Ila-rgo;
1528 301 1706 337 χορηγεῖσθαι
1722 300 1786 327 οὔτε

997 346 1025 373 ἐν
1040 347 1127 382 Πατρὶ
1142 348 1242 382 μένειν,
1263 348 1324 375 οὔτε
1340 349 1370 375 ὲν
1395 349 1483 383 Πατρὶ
1504 348 1703 379 ἀναπαύεσθαι,
1727 346 1787 374 ἀλλ’

998 392 1029 419 ὲκ
1043 393 1089 419 τοῦ
1104 394 1209 428 Πατρὸς
1222 395 1432 428 ἑκπορεύεσθαν
1448 394 1569 428 λεγέσθω
1591 394 1681 420 τοίνυν
1694 393 1729 419 τὰ
1741 401 1789 418 κε-

997 439 1172 473 κηρυγμένα,
1191 441 1238 466 καὶ
1251 440 1283 466 τὰ
1312 440 1480 475 σεσιγημένα
1501 439 1633 473 σιγάσθω,
1648 440 1695 466 καὶ
1714 440 1743 466 τὸ
1758 440 1789 473 ἐξ

999 485 1062 512 Υἱοῦ
1076 487 1107 512 τὸ
1120 486 1232 521 Πνεῦμα
1249 487 1280 513 τὺ
1297 486 1374 520 ἅγιον
1394 486 1594 522 ἐκπορεύεσθαι
1618 485 1655 519 ῶς
1670 487 1789 522 ἑκφυλόν

997 538 1027 557 τε
1043 531 1089 557 καὶ
1103 530 1186 566 ἄηθες
1202 531 1444 566 ἀπεσκορακὶσθω.

1261 587 1352 622 (ΤΟΥ)
1370 588 1525 615 ΝιιιΑιΑΣ.

1037 643 1070 669 ’Δ
1087 643 1135 678 μὲν
1150 644 1261 670 Λατῖνοί
1277 652 1354 678 φασι,
1367 644 1414 671 καὶ
1426 644 1591 670 δεικνύουσι·
1608 644 1640 670 σὺ
1653 644 1681 671 δὲ
1699 644 1789 678 μάτην

999 689 1089 720 αὐτοῖς
1105 689 1230 723 ἐγκαλῶν
1242 691 1386 724 περαίνεις
1397 690 1486 718 οὐδέν.
1499 689 1562 716 Ὅτι
1578 690 1628 724 μὲν
1644 690 1699 724 γὰρ
1713 691 1790 717 ἐστιν

999 735 1042 768 ἐφ’
1052 732 1089 762 ὦν
1105 736 1120 770 ἡ
1135 735 1184 762 διὰ
1197 735 1256 762 ἀντὶ
1270 736 1320 767 τῆς
1332 736 1366 762 ἐκ
1383 736 1554 770 λαμϐάνεται
1570 735 1679 766 πολλαῖς
1692 744 1721 761 τε
1734 735 1790 762 τῶν

1000 781 1170 808 διδασκάλων
1202 782 1371 818 μαρτυρίαις
1403 782 1560 809 δείκνυται·
1581 783 1628 808 καὶ
1649 781 1789 812 Βασίλειός

998 828 1072 855 ἐστιν
1081 830 1094 854 ὀ
1102 829 1196 862 Μέγας
1205 830 1218 855 ὁ
1228 829 1335 864 πρῶτος
1343 828 1422 855 τοῦτο
1432 828 1654 863 διανοησάμενος,
1668 828 1719 855 κὰν
1731 829 1788 859 τοῖς

1000 875 1068 911 πρδς
1087 875 1260 911 ’Δμφιλόχιον
1289 875 1418 905 πολλάκις
1437 874 1523 901 εἰπὼν
1539 875 1589 901 οὐκ
1600 875 1645 901 ἀεὶ
1656 874 1705 905 τὰς
1719 882 1789 908 προ-

999 920 1088 952 θέσεις
1101 921 1203 952 ταύτας
1225 921 1354 956 ἀλλήλαις
1375 921 1631 956 ἀντιμεθίστασθαι.
1652 921 1714 947 Ὀτι
1729 920 1751 946 δ’
1768 921 1786 955 ἡ

999 966 1033 1001 σὴ
1047 966 1183 1002 ἐρώτησις
1197 967 1246 993 οὐκ
1265 967 1376 1001 εὔλογος
1393 967 1572 998 ἀπαιτοῦντος
1596 966 1672 1001 ἡμᾶς
1689 966 1786 999 δεῖξαι,

998 1011 1022 1037 ει
1037 1011 1083 1038 καὶ
1097 1011 1146 1039 διὰ
1165 1012 1217 1038 τοῦ
1239 1012 1354 1046 [lat-pd;
1373 1011 1488 1047 εὕρηταί
1519 1020 1571 1038 που
1597 1011 1741 1047 εἰρημένον
1754 1012 1788 1038 τὸ

998 1057 1111 1092 Πνεῦμα
1133 1058 1164 1084 τὺ
1188 1057 1265 1091 ἅγιον
1288 1058 1509 1093 ἐκπορεύεσθαι,
1533 1059 1615 1093 δῆλον
1643 1058 1785 1085 ἐντεῦθεν.

999 1103 1036 1129 Οὐ
1054 1103 1108 1138 γὰρ
1124 1103 1148 1129 εἰ
1163 1103 1209 1129 ὲπί
1221 1111 1312 1137 τινων,
1325 1103 1371 1130 καὶ
1385 1104 1431 1130 ἐπὶ
1441 1104 1550 1130 πάντων
1565 1104 1627 1140 ἠδη·
1640 1104 1696 1130 οὐδ’
1709 1104 1734 1130 εἰ
1748 1103 1786 1139 μὴ

998 1149 1045 1175 ἐπὶ
1059 1150 1178 1183 πάντων,
1194 1150 1250 1177 οὐδ’
1263 1149 1309 1176 ἐπὶ
1322 1158 1404 1177 τινων
1419 1151 1499 1183 ὅλως,
1517 1150 1544 1176 εί
1554 1159 1586 1184 γε
1600 1151 1719 1177 κανόνων
1731 1150 1787 1177 τῶν

998 1195 1115 1228 λογικῶν
1131 1195 1280 1231 μέμνησαι.
1302 1195 1385 1231 Ἡμῖν
1403 1196 1449 1223 οὖν
1464 1197 1531 1231 πρὸς
1548 1205 1579 1231 γε
1593 1196 1623 1223 τὸ
1638 1196 1786 1232 προκείμε-

997 1250 1042 1268 νον
1058 1241 1148 1268 ἱκανὸν
1165 1243 1211 1268 ἐπί
1226 1250 1307 1269 τινων
1322 1242 1396 1269 τοῦθ’
1420 1242 1508 1275 οὕτως
1523 1243 1585 1277 ἕχον
1605 1243 1715 1278 εὑροῦσι
1737 1244 1786 1269 καὶ

997 1286 1085 1313 ἑπὶτὸ
1101 1285 1272 1322 ζητούμενον
1299 1288 1366 1314 αὐτὸ
1397 1288 1578 1323 ἐφαρμόζειν,
1601 1288 1648 1315 καὶ
1674 1287 1786 1323 μάλισθ’

997 1332 1060 1358 ὅταν
1076 1332 1157 1363 αὐτὸς
1171 1341 1200 1359 τε
1217 1332 1270 1359 τῶν
1291 1332 1446 1369 λεγομένων
1463 1335 1476 1360 ὀ
1489 1334 1552 1365 νοῦς
1577 1335 1626 1361 καὶ
1650 1334 1663 1359 δ
1689 1334 1786 1369 εἱρμδς

997 1377 1052 1404 τῶν
1066 1378 1208 1413 ῥημάτων,
1222 1379 1278 1404 τῶν
1292 1388 1321 1405 τε
1335 1381 1506 1415 πραγμάτων
1519 1381 1534 1416 ἡ
1548 1379 1696 1407 ἀκολουθία
1710 1379 1786 1406 τοῦτ’

998 1424 1065 1450 αὐτὸ
1088 1424 1181 1460 πείθῃ.
1215 1425 1251 1451 Ἢ
1278 1425 1310 1451 σὺ
1339 1426 1373 1454 δι’
1398 1426 1463 1452 Υῑοῦ
1496 1426 1620 1462 προϊέναι
1642 1426 1730 1460 λέγων
1749 1426 1781 1452 τὸ

998 1469 1112 1505 Πνεῦμα
1125 1470 1156 1496 τὸ
1175 1471 1252 1505 ἅγιον
1263 1471 1375 1506 πρόοδον
1391 1471 1440 1506 τὴν
1455 1472 1585 1507 χρονικὴν
1599 1473 1703 1507 ταύτην
1717 1473 1785 1499 ἁπο-

960 1510 982 1539 C
999 1516 1094 1551 στολὴν
1109 1516 1232 1551 οἰόμενος
1250 1518 1311 1552 οὐχὶ
1329 1518 1376 1544 καὶ
1388 1518 1416 1550 ἐξ
1429 1518 1496 1544 Υίοῦ
1517 1518 1590 1545 τοῦτ’
1609 1520 1675 1546 αὐτὸ
1693 1519 1783 1553 προῖὲ-

998 1567 1043 1586 ναι
1059 1560 1141 1595 φαίης
1158 1561 1201 1593 ἂν,
1217 1561 1325 1592 πάντως
1338 1571 1368 1596 γε
1379 1562 1483 1598 τάληθῆ
1497 1565 1660 1599 πρεσδεύειν
1673 1565 1784 1594 ἐθέλων.

998 1609 1054 1635 Καὶ
1068 1610 1148 1643 ἡμεῖς
1159 1609 1206 1637 οὖν
1217 1609 1250 1636 δι’
1263 1610 1328 1637 Υἱοῦ
1341 1611 1407 1638 αὐτὸ
1420 1611 1618 1645 ἐκπορεύεσθαι
1631 1613 1684 1640 τῶν
1700 1614 1785 1649 ἁγίων

998 1654 1154 1687 ἀκούοντες,
1166 1650 1218 1682 ῗαὶ
1227 1655 1260 1682 δι’
1274 1655 1338 1682 Υἱοῠ
1352 1653 1434 1688 εἶναι,
1450 1656 1471 1683 ἃ.
1482 1657 1591 1684 πάντων
1607 1659 1729 1692 μάλιστα
1740 1663 1784 1688 καὶ

998 1701 1060 1727 καθ’
1077 1701 1146 1735 ὑμᾶς
1163 1701 1200 1738 (2)
1216 1702 1264 1737 τὴν
1280 1702 1466 1738 ὑποστατικὴν
1485 1703 1567 1730 αὑτοῦ
1588 1705 1634 1731 καὶ
1648 1707 1784 1740 ὺπαρκτιη

997 1746 1049 1783 κὴν
1061 1746 1136 1782 δηλοῖ
1151 1747 1273 1782 πρόοδον,
1295 1748 1393 1774 ταυτὸν
1407 1748 1445 1783 τῷ
1469 1749 1498 1782 ἐξ
1515 1749 1578 1776 Υξοῦ
1595 1747 1663 1777 εἷναι
1678 1752 1783 1786 νομιζο-

999 1800 1059 1827 μεν,
1075 1792 1194 1828 μάλιστα
1210 1794 1258 1820 καὶ
1270 1793 1376 1822 πολλῶν
1390 1794 1478 1824 ἄλλων
1490 1794 1660 1823 διδασκάλων
1673 1797 1703 1830 ἐξ
1720 1798 1782 1826 Υευῦ

997 1838 1063 1864 αὐτὸ
1084 1837 1156 1865 εἶναι
1183 1839 1316 1873 λεγόντων
1334 1840 1478 1872 ἀκούοντες
1505 1842 1551 1868 καὶ
1566 1842 1598 1869 ἐκ
1623 1843 1728 1879 Πατρδς
1750 1845 1782 1871 δι’

998 1883 1063 1911 Υἱοῦ
1080 1885 1165 1920 ἧγουν
1181 1885 1210 1918 ἐξ
1225 1886 1328 1920 ἀμφοῖν
1346 1884 1427 1914 εῐναι.
1451 1887 1487 1914 Σὺ
1505 1888 1533 1914 δὲ
1555 1889 1602 1915 καὶ
1623 1889 1725 1922 ἄτοπός
1740 1899 1780 1923 τις

997 1927 1023 1956 εἴ
1051 1930 1132 1962 εὐθὺς
1147 1931 1176 1964 ἐξ
1206 1932 1293 1966 ἀρχῆς
1320 1932 1375 1959 ἀπὸ
1402 1934 1588 1967 συκοφαντίας
1604 1936 1780 1970 ἀρχόμενοςὲ

997 1983 1080 2009 φασιν
1091 1976 1115 2002 οἱ
1131 1977 1240 2003 Λατῖνοι
1256 1977 1302 2003 ἐπὶ
1320 1978 1432 2012 μέρους,
1449 1979 1532 2011 αὑτδς
1551 1979 1588 2011 ὡς
1603 1981 1779 2009 καθόλου”αὒ-

996 2022 1059 2052 τοὺς
1070 2021 1199 2056 λέγοντας
1220 2022 1382 2049 διαϐάλλων·
1398 2024 1482 2059 μηδὲν
1497 2026 1548 2059 μὲν
1563 2026 1617 2062 γὰρ
1633 2029 1679 2054 ἐπί
1703 2036 1782 2055 τινων

996 2065 1136 2100 διαφέρειν
1159 2067 1210 2098 τὰς
1236 2067 1380 2101 προθέσεις
1407 2070 1511 2102 ταύτας
1532 2073 1580 2098 καὶ
1613 2073 1687 2106 μάλα
1703 2075 1780 2108 φασὶ,

995 2112 1086 2146 δηλοῖς
1109 2113 1198 2139 δὲκαὶ
1225 2113 1304 2145 αὐτὸς
1323 2112 1364 2146 οἷς
1390 2115 1524 2151 κέχρησαι
1547 2119 1751 2154 παραδείγμασι
1771 2128 1779 2136 ⁸

997 2157 1081 2192 μηδὲν
1100 2158 1123 2184 δ’
1145 2158 1214 2190 ὅλως
1236 2159 1378 2195 διαφέρειν
1402 2162 1487 2194 αὑτὰς
1511 2163 1604 2196 ἁπλῶς
1627 2165 1675 2191 τοῦ
1703 2165 1779 2200 λόγου

997 2203 1214 2238 λαμϐανομένου,
1230 2204 1310 2231 τοῦτο
1324 2206 1351 2232 δὲ
1367 2207 1407 2242 (ἠ)
1422 2207 1455 2243 σὴ
1478 2209 1622 2245 προσθήκη
1643 2211 1712 2237 ἐστε.
1727 2213 1779 2239 Καὶ

996 2249 1051 2283 γὰρ
1066 2249 1109 2274 ἐπ’
1123 2249 1236 2276 ἐκείνων
1247 2251 1319 2277 τοῦτ’
1335 2252 1434 2287 ἀληθὲς
1447 2255 1542 2286 μόνον,
1559 2255 1603 2289 ἐφ’
1626 2253 1664 2282 ὧν
1677 2257 1723 2283 καί
1738 2266 1778 2288 τις

997 2295 1120 2329 μεσιτεία
1148 2295 1249 2322 δύναιτ’
1277 2296 1309 2322 ἄν
1337 2297 1468 2333 νοηθῆναι
1497 2299 1547 2325 οὐκ
1575 2300 1621 2326 ἐπὶ
1646 2301 1696 2335 τῆς
1723 2302 1778 2328 κτί-

997 2348 1065 2371 σεως
1094 2341 1154 2375 μὲν,
1173 2342 1220 2368 ἐπὶ
1235 2342 1263 2368 δὲ
1289 2342 1415 2378 θεότητος
1438 2343 1480 2377 οὓ,
1506 2346 1566 2372 οὐδὲ
1580 2347 1628 2381 τῆς
1653 2348 1777 2382 θεότητος

994 2385 1040 2412 ἐπὶ
1056 2385 1104 2412 τοῦ
1117 2386 1182 2412 Υίοῦ
1198 2388 1258 2422 μὲν,
1282 2389 1329 2415 ἐπὶ
1352 2389 1400 2416 τοῦ
1415 2390 1520 2425 Πατρδς
1534 2391 1556 2418 δ’
1572 2391 1603 2418 οὒ
1621 2393 1680 2427 (οὐχ
1707 2393 1776 2428 αῦτη

993 2432 1046 2458 τῶν
1060 2433 1093 2459 τὲι
1119 2433 1186 2466 ὀρθὰ
1203 2435 1372 2469 φρονούντων
1396 2436 1480 2471 δόξα),
1511 2437 1568 2464 ἀλλ’
1593 2439 1636 2473 ἐφ’
1659 2437 1697 2465 ἀν
1723 2440 1777 2466 εττε

994 2477 1108 2513 θεότητα
1125 2479 1179 2504 εἴτε
1195 2480 1284 2507 κτίσιν
1303 2482 1439 2516 νοήσειας,
1465 2483 1511 2509 και
1527 2492 1568 2515 τις
1591 2485 1715 2519 μεσιτεία
1732 2485 1776 2511 δύ-

992 2523 1061 2550 ναιτ’
1077 2523 1109 2550 ἃν
1131 2525 1352 2560 παραληφθῆναι,
1371 2527 1408 2559 ὡς
1421 2527 1456 2554 τὰ
1481 2530 1691 2564 παραδείγματα
1708 2539 1777 2566 μορ·

992 2570 1078 2605 τυρεῖ.
1101 2571 1156 2597 Καὶ
1169 2571 1247 2606 δῆλον
1262 2572 1398 2601 ἐντεῦθεν.
1423 2574 1650 2610 Αὖτεξουσιότητι
1665 2585 1775 2612 τετιμη-

992 2614 1048 2647 κὼς
1064 2616 1137 2651 ἡμᾶς
1152 2617 1166 2643 ὁ
1178 2617 1255 2649 Θεὸς,
1267 2617 1463 2653 καὶβυυληθεὶς
1477 2622 1509 2655 τῇ
1523 2621 1612 2657 οἰκείᾳ
1627 2622 1773 2658 ἀγαθότητι

990 2662 1046 2687 τῶν
1065 2662 1152 2696 ὀρθῶς
1171 2663 1204 2689 ἂν
1218 2664 1283 2698 ἡμῖν
1308 2664 1541 2700 πραχθησομένων
1560 2667 1677 2702 ἁμοιὸὰς
1703 2669 1771 2694 ἀπο-

1026 2718 1064 2755 (2)
1085 2718 1129 2747 Sic
1141 2719 1224 2747 Marc.
1237 2719 1258 2747 ι,
1278 2720 1345 2754 676;
1363 2721 1436 2749 Mon.
1451 2722 1471 2750 r.
1482 2723 1535 2751 232
1546 2731 1571 2757 a,
1584 2725 1668 2760 ἡμᾶς.

990 2775 1084 2818 Spirit.
1099 2781 1198 2818 sane!”
1215 2785 1241 2817 c._
1255 2777 1290 2810 9;
1316 2777 1521 2818 Petav'iumLDc
1533 2780 1644 2818 Trinit.,
1660 2781 1770 2818 librvn,

989 2819 1015 2838 ρ.
1032 2812 1081 2844 l'i;
1097 2817 1123 2839 et
1139 2812 1324 2840 Bcssarioncm
1342 2813 1441 2848 ipsum.
1457 2814 1532 2843 Orat.
1548 2812 1651 2852 dogrn.,
1668 2825 1692 2845 ρ.
1710 2817 1736 2845 5.
