1925 3056
224 154 276 186 187

430 210 551 240 EPlIES.
571 211 602 240 Ο.
632 212 652 240 ν
674 212 780 248 (XXll).

257 267 348 294 Patris
366 274 466 295 nomen
488 268 523 296 de
546 269 601 297 Deo
620 270 792 297 enuntiatum
813 278 907 299 omnes
925 272 1011 307 ipsius

221 314 403 348 proprietates
418 315 622 350 complectitur.
633 316 701 342 Nam
712 321 740 343 et
753 317 865 351 ingeniti
877 318 1011 346 rationem

222 359 250 386 in
266 367 294 386 se
309 360 435 387 continet
457 362 610 388 secundum
634 369 763 397 magnum
786 363 926 395 Basilium,
948 365 1012 399 quia

221 404 269 438 qui
291 405 403 439 proprie
422 411 450 432 et
470 406 559 433 solum
577 412 618 434 est
639 407 730 439 Pater,
751 416 782 434 cx
801 409 876 435 nullo
894 409 949 436 alio
969 415 1011 438 est

223 451 347 484 genitus,
359 456 388 478 et
401 451 434 478 ad
453 451 586 486 Spiritum
607 453 686 480 Pater
697 459 726 480 ut
743 454 893 488 productor
909 456 1011 483 dicitttr

222 496 374 523 secundum
387 496 556 532 Scripturam
570 497 724 525 dicentem:
735 499 754 526 Α
774 499 856 526 Putre
869 500 1009 529 luminum.

225 540 254 568 Si
276 542 360 576 igitur
379 542 469 569 Patris
487 551 587 570 nomen
601 551 654 570 llOll
671 544 741 570 Filio
755 545 952 577 communicat,
964 553 1011 573 ne-

224 594 279 621 que
299 587 490 621 productivam
507 589 704 624 proprietatem
718 590 769 624 ipsi
785 591 1009 625 communicabit,

224 640 259 660 ne
286 633 355 660 Filio
380 634 462 661 Pater
488 640 619 669 appareat
644 635 740 668 Filius,
763 636 836 663 sicut
859 637 932 671 apud
960 645 1011 664 nos

224 679 360 712 homines,
382 685 410 707 et
429 680 550 715 Spiritus
577 686 688 708 sanctus
712 681 812 710 exinde
835 690 921 718 nepos
945 691 1012 711 cen-

225 729 329 753 scatur.

547 782 684 811 NlC/ENL

260 837 287 866 Si
301 838 380 865 Pater
390 843 526 874 quatenus
538 846 579 868 est
592 841 671 868 Pater
683 842 834 876 productor
841 849 884 871 est
900 849 927 872 et
937 845 1010 873 idem

905 158 1166 191 BESSAEIONIS

1195 215 1265 242 τοι·
1286 216 1426 242 ἘΦΕΣΟΥ
1440 216 1517 244 ΚΕΦ.
1536 215 1562 242 E'
1577 211 1652 252 (ΚΒ)
1666 216 1714 253 (ι).
1799 162 1850 194 188

1097 273 1133 299 Τὸ
1146 273 1248 307 Πατὴρ
1256 273 1302 300 ἐπὶ
1314 273 1382 300 θεοῦ
1395 273 1541 308 λεγόμενον
1552 273 1639 309 ὄνομα
1649 275 1851 310 περιλαμϐάνει

1063 319 1152 346 πάντα
1169 320 1203 345 τὰ
1217 320 1297 346 αὑτοῦ
1325 319 1460 354 ἰδιώματα
1475 328 1482 336 ’
1500 319 1530 345 τό
1542 329 1569 346 τε
1584 320 1639 355 γὰρ
1653 322 1803 357 ἀγέννητον
1820 324 1852 350 ἐν

1063 365 1152 400 ἐαυτῷ
1167 366 1290 400 περιέχει
1308 366 1378 392 κατὰ
1402 366 1447 391 τὸν
1470 365 1557 400 μέγαν
1580 366 1719 394 Βασίλειον
1732 377 1739 384 ·
1756 370 1770 395 6
1795 370 1852 404 γὰρ

1064 411 1167 445 κυρίως
1182 412 1227 437 καὶ
1247 411 1326 445 μόνον
1342 412 1438 446 Πατὴρ
1450 410 1479 443 ἐξ
1493 411 1600 443 οὺδενὸς
1616 412 1696 439 ἅ)λου
1719 415 1850 448 γεγέννη-

1063 466 1107 483 ται
1119 465 1125 472 ·
1142 458 1189 483 καὶ
1209 457 1277 492 πρὸς
1295 458 1325 483 τὸ
1341 457 1451 492 Πνεῦμα
1468 458 1562 493 Πατὴρ
1577 458 1614 490 ὠς
1641 459 1792 493 προὸοὶεῦς
1805 461 1852 486 λέ-

1062 511 1140 536 γεται
1153 503 1222 529 κατὰ
1234 504 1282 539 τὴν
1299 504 1409 538 Γραφὴν
1424 503 1473 539 τὴν
1489 504 1631 538 λέγουσαν,
1650 505 1705 531 Τοῦ
1730 506 1849 539 Πατρός

1062 549 1122 575 τῶν
1137 549 1241 583 φώτων
1258 549 1307 584 (Ξ).
1328 550 1360 575 Et
1390 550 1480 576 τοίνυν
1507 551 1643 581 πατρικοῦ
1670 552 1802 586 ὀνόματος
1819 554 1850 579 οὺ

1064 594 1225 628 μεταδίδωσι
1242 594 1280 629 τῷ
1295 594 1362 629 mp,
1375 594 1436 620 οὐδὲ
1448 595 1497 628 τῆς
1515 594 1703 630 προϐλητικῆς
1718 595 1851 630 ἰδιότητος

1062 641 1136 676 αὐτῷ
1155 641 1317 676 μεταδώσει,
1336 641 1378 667 ἵνα
1403 641 1440 675 μὴ
1457 641 1595 675 υὶοπάτωρ
1619 643 1743 678 ἀναφανῇ
1759 645 1772 669 6
1786 643 1850 675 Υἱὸς

1064 688 1124 714 καθ’
1137 689 1211 722 ἡμᾶς
1227 689 1289 718 τοὺς
1307 686 1478 722 ἀνθρώπους,
1492 687 1538 713 καὶ
1553 687 1583 713 τὸ
1601 688 1712 723 Πνεῦμα
1724 689 1850 716 ἐντεῦθεν

1064 735 1159 766 υἱωνὸς
1174 735 1301 770 νομισθῇ.

1339 793 1409 820 ΤΟΥ
1424 794 1576 822 ΝΙΚΑῘΑΣ.

1099 851 1130 877 Εἰ
1147 850 1196 885 μὲν
1245 850 1283 885 (5)
1301 851 1394 885 Πατὴρ
1424 851 1575 887 προὸολεύς
1600 852 1674 879 ἐστιν
1699 852 1713 879 6
1741 852 1850 888 Πατὴρ,

224 884 274 911 tibi
295 886 407 912 omnino
423 886 521 912 horum
549 887 791 922 utrumque’valct,
817 898 870 917 non
892 891 918 918 id
941 892 1010 919 dun.

1065 897 1112 923 καὶ
1128 897 1226 923 ταυτὸν
1242 906 1282 923 σοι
1303 897 1390 932 πάντη
1404 897 1508 924 τούτων
1523 898 1651 933 ἑκάτερον
1665 898 1787 930 δύναται,
1799 899 1850 933 οὐχ

223 935 310 963 taxat,
327 932 401 966 quod
421 932 501 964 dicis,
518 933 564 960 sed
578 938 606 960 et
621 934 694 961 aliud
709 936 846 969 quoddam
859 938 1009 966 absurdum

223 983 290 1003 sane
310 982 406 1004 contra
428 982 452 1004 te
470 979 604 1012 sequitur,
622 979 687 1005 licet
711 979 736 1006 id
758 979 815 1014 ipse
836 989 889 1007 non
905 983 1011 1016 perspi-

223 1021 291 1048 cias.
308 1021 376 1049 Tum
391 1023 475 1049 Filius
487 1024 540 1049 erit
558 1024 688 1057 Spiritus,
712 1029 768 1052 tum
783 1025 901 1060 Spiritus
915 1026 1010 1055 Filius.

223 1064 253 1093 Si
280 1074 346 1093 vero
368 1067 436 1100 haec,
461 1067 657 1096 confundentis
679 1070 770 1096 omnia
783 1076 837 1105 que
865 1079 912 1099 sus
923 1072 1012 1107 deque

224 1113 358 1140 vertentis
380 1113 431 1140 ista
453 1118 527 1140 sunt.
550 1115 639 1149 Atque
670 1123 770 1143 nomen
789 1117 900 1151 quidem
929 1119 1012 1145 Pater

222 1158 434 1185 constitutivum
445 1164 486 1185 est
497 1164 618 1193 paterna:
632 1168 764 1194 personae,
775 1166 801 1188 et
815 1162 918 1190 idcirco
929 1166 1011 1192 etiam

225 1204 502 1237 incomtnunicabile;
518 1208 659 1240 productor
675 1214 741 1233 vero
757 1208 814 1234 sive
828 1211 945 1243 spiralor
964 1219 1013 1240 na-

223 1250 321 1276 turalis
341 1251 432 1277 virtus
448 1251 557 1278 Patrem
571 1252 627 1286 jam
643 1253 824 1280 constitutum
844 1262 973 1290 sequens,
986 1262 1013 1285 et

223 1295 327 1323 idcirco
347 1301 390 1323 est.
410 1300 438 1323 et
459 1297 529 1323 Filio
543 1305 701 1331 commune,
724 1304 753 1325 ut
771 1299 797 1326 iit
813 1301 875 1328 aliis
898 1303 1012 1330 demon-

222 1347 338 1370 stratum
356 1343 408 1370 fuit
432 1343 484 1378 (α).
500 1344 639 1371 Producet
658 1345 791 1380 Spiritum
808 1349 890 1376 etiam
914 1349 1011 1385 Filius,

224 1388 272 1415 sed
292 1396 346 1415 non
370 1389 423 1415 erit
440 1388 559 1423 Spiritus
582 1397 677 1425 nepos,
702 1399 764 1419 cum
779 1395 952 1428 productoris
977 1398 1013 1424 sit

224 1434 397 1469 productum,
419 1442 474 1460 non
491 1442 556 1462 vero
567 1435 628 1462 Filii
645 1436 728 1465 ﬁlius.
744 1438 797 1466 Sed
819 1441 876 1474 ipse
890 1442 934 1468 hic
950 1442 1013 1477 Spi-

225 1480 294 1507 ritus
315 1485 343 1507 et
366 1480 534 1514 spiraculum
558 1489 606 1508 seu
628 1482 708 1510 ﬂatus
730 1484 791 1512 Filii
813 1490 864 1512 est.
882 1487 949 1514 Nam
966 1488 1011 1516 liic

224 1525 345 1559 Spiritus
357 1525 490 1560 spiramen
505 1530 543 1552 est
562 1525 636 1559 Filii,
652 1536 765 1562 magnus
779 1530 817 1556 ait
831 1531 1010 1562 Athanasius.

224 1571 253 1598 Si
274 1579 340 1598 vero
358 1571 449 1598 Patris
467 1580 567 1600 nomen
583 1574 666 1601 etiam
680 1583 790 1603 causam
811 1577 961 1606 universiiu
975 1580 1010 1607 si-
1024 1573 1045 1601 (ἶ

223 1617 334 1652 gniﬁcat
349 1622 377 1644 et
400 1618 545 1646 amborum
567 1620 702 1647 luminum
719 1623 799 1649 Pater
815 1624 926 1657 dicitur,
956 1633 1009 1652 non

224 1668 334 1698 oportet
348 1671 381 1690 ex
396 1664 428 1691 iis
443 1672 505 1699 quae
519 1667 703 1694 communiter
718 1672 747 1694 et
767 1670 898 1697 translate
914 1671 1010 1698 dicun—

224 1710 428 1741 turea,venari.
448 1718 508 1745 qua
540 1713 652 1746 proprie
668 1718 697 1740 et
715 1713 932 1749 singularissime
948 1725 1011 1752 pro-

223 1755 282 1788 pria
298 1759 375 1781 sunt.
392 1755 514 1784 Dicimus
530 1757 604 1784 enim
624 1759 742 1793 majores
761 1768 872 1795 quoque
891 1767 1009 1796 nostros,

222 1799 281 1826 sive
303 1801 441 1828 masculos
463 1802 521 1829 sive
539 1802 667 1837 feminas,
693 1806 878 1833 communiter
899 1812 1009 1842 patres;

222 1853 278 1872 non
300 1850 390 1874 tamen
409 1847 512 1875 idcirco
533 1852 562 1876 et
576 1853 665 1877 mater
689 1851 798 1885 proprie
815 1855 893 1886 pater
911 1853 1007 1888 appel~

223 1891 340 1920 labitur.

444 1961 563 1990 EPHES.
580 1962 610 1992 C.
628 1964 662 1992 VI
680 1964 797 2001 (XXlll).

258 2019 340 2048 Pater
354 2025 380 2047 et
393 2019 480 2048 Filius
497 2029 551 2048 una
570 2030 653 2050 causa
675 2027 740 2050 sunt
761 2024 884 2059 Spiritus
908 2027 1008 2060 sancti,

221 2073 300 2093 aiunt
317 2065 422 2094 Latini.
438 2067 602 2100 Quaeramus
625 2069 710 2104 igitur
727 2078 762 2097 ex
779 2071 866 2106 ipsis,
882 2080 915 2099 an
935 2073 1009 2100 sicut

221 2111 302 2139 Pater
316 2113 392 2140 solus
415 2121 468 2140 una
482 2121 564 2141 causa
581 2115 670 2142 sancti
685 2115 819 2150 Spiritus,
842 2118 878 2144 ita
896 2125 1009 2153 quoque

221 2158 304 2185 Pater
318 2163 346 2185 et.
365 2158 452 2186 Filius
475 2159 531 2186 sint
555 2168 609 2187 una
629 2169 724 2194 causa,
740 2169 775 2188 an
793 2162 848 2189 alio
870 2164 961 2190 modo.
980 2163 1008 2190 Si

220 2205 315 2232 eodem
331 2205 413 2233 modo
426 2207 530 2240 dicent,
548 2207 630 2235 Pater
643 2216 711 2236 vero
729 2208 805 2236 solus
820 2217 873 2236 una
889 2217 1007 2244 persona

1063 943 1077 969 6
1098 944 1151 979 φῂς
1172 944 1262 978 μόνον,
1277 943 1343 970 ἀλλὰ
1359 943 1405 970 καὶ
1422 943 1516 977 ἕτερον
1531 953 1558 970 τι
1572 945 1619 970 καὶ
1634 944 1706 978 μάὶα
1717 946 1788 971 κατά
1801 945 1849 971 σοῦ

1063 990 1163 1017 ἄτοπον
1178 990 1284 1022 ἕπεται,
1301 989 1350 1016 κᾶν
1372 989 1453 1020 αὐτὸς
1479 989 1518 1024 μὴ
1543 991 1669 1024 συνορᾷς.
1687 991 1721 1016 ’⁷0
1741 998 1770 1016 τε
1793 991 1850 1024 γὰρ

1063 1035 1126 1067 Υἱὸς
1143 1036 1219 1062 ἔσται
1249 1035 1371 1070 Πνεῦμα,
1401 1036 1496 1062 καὶτὸ
1527 1036 1640 1070 Πνεῦμα
1667 1037 1742 1067 Υἱός.
1761 1035 1792 1063 Et
1820 1035 1852 1062 δὲ

1063 1082 1159 1114 ταῦτα,
1179 1082 1341 1117 συγχέοντος
1357 1082 1402 1108 καὶ
1419 1082 1499 1108 πάντ’
1516 1083 1571 1110 ἅνω
1592 1083 1639 1109 καὶ
1655 1083 1729 1109 κάτω
1743 1082 1852 1109 ποιοῦν-

1062 1135 1119 1158 τος.
1138 1127 1191 1153 Καὶ
1214 1128 1243 1154 τὸ
1258 1129 1307 1162 μὲν
1331 1127 1432 1161 Πατὴρ
1451 1128 1615 1154 συστατικὺν
1629 1129 1714 1163 ὄνομα
1731 1127 1781 1163 τῆς
1799 1128 1850 1154 τοῦ

1064 1172 1171 1207 Πατρός
1187 1173 1262 1199 ἐστιν
1276 1173 1466 1204 ὑποστάσεως,
1480 1173 1527 1199 καὶ
1550 1173 1594 1200 διὰ
1617 1172 1696 1200 τοῦτο
1713 1174 1759 1200 καὶ
1775 1175 1853 1200 ἀκοι-

1063 1217 1202 1252 νώνητον·
1223 1219 1254 1244 τὸ
1270 1218 1297 1244 δὲ
1315 1218 1481 1252 προϐουιετὶνς
1495 1220 1595 1252 φυσικὴ
1613 1219 1727 1253 δύναμις
1743 1219 1780 1253 τῷ
1795 1219 1852 1245 Πα-

1063 1265 1107 1299 τρὶ
1123 1264 1251 1291 συστάντι
1267 1265 1388 1299 ἑπομένη
1400 1265 1449 1299 (4),
1469 1265 1516 1291 καὶ
1528 1265 1570 1292 διὰ
1587 1265 1665 1292 τοῦτο
1680 1267 1725 1292 καὶ
1741 1267 1778 1301 τῷ
1792 1267 1851 1301 Υἱῴ

1063 1311 1151 1346 κοινὴ,
1179 1311 1217 1342 ὼς
1241 1312 1269 1337 ὲν
1297 1311 1386 1342 ἄλλοις
1411 1312 1558 1340 δέδεικται.
1579 1313 1714 1346 Προὸιλεί
1742 1315 1791 1348 μὲν
1821 1314 1852 1340 τὸ

1064 1356 1177 1392 Πνεῦμα
1193 1357 1240 1383 καὶ
1255 1359 1268 1383 6
1284 1357 1358 1389 Υἱὸς,
1371 1358 1447 1384 ἔσται
1461 1358 1489 1384 δὲ
1505 1359 1535 1384 το
1551 1358 1663 1393 Πνεῦμα
1680 1359 1728 1393 οὐχ
1740 1360 1850 1392 υἱωνὸς,

1064 1403 1218 1438 προόο).ἐως
1234 1403 1392 1438 πρὸὁλημα,
1408 1404 1456 1439 οὐχ
1472 1404 1535 1430 Υἱοῦ
1553 1404 1617 1436 Υἱὸς
1634 1406 1673 1431 ὗν.
1696 1405 1766 1432 ’Ᾱλϊ
1782 1406 1850 1432 αὐτὸ

1062 1450 1142 1475 τοῦτο
1157 1450 1268 1484 Πνεῦμα
1285 1451 1330 1476 καὶ
1348 1450 1416 1485 πνοὴ
1433 1450 1498 1476 Υἱοῦ
1511 1459 1518 1465 ·
1533 1450 1613 1476 τοῦτο
1631 1451 1724 1486 γὰρτὸ
1736 1451 1850 1486 Πνεῦμα

1063 1497 1143 1529 πνοή
1158 1497 1224 1523 ἐστι
1238 1496 1291 1523 τοῦ
1303 1495 1384 1529 Υίοῦ,
1398 1498 1410 1522 ὁ
1423 1497 1512 1530 μέγας
1531 1496 1612 1530 φησιν
1629 1496 1798 1526 Ἀθανασιος.
1817 1498 1848 1523 Εἰ

1063 1541 1136 1568 δὲτὸ
1159 1540 1263 1575 Πατὴρ
1287 1542 1373 1575 δνομα
1394 1543 1440 1567 καὶ
1466 1542 1556 1567 αἰτίαν
1576 1541 1690 1567 καθόλου
1714 1542 1850 1574 σημαῖνον

1061 1587 1163 1620 ἀμφοῖν
1180 1587 1237 1612 τοῖν
1253 1585 1354 1619 φώτοιν
1371 1585 1464 1620 Πατὴρ
1487 1586 1606 1619 λέγεται,
1625 1586 1654 1612 οὺ
1680 1586 1720 1612 δεῖ
1741 1586 1773 1612 ὲκ
1793 1586 1850 1612 τῶν

1061 1631 1158 1661 κοινῶς
1172 1638 1202 1655 τε
1230 1630 1278 1656 καὶ
1297 1630 1489 1665 μεταφορικῶς
1506 1630 1662 1664 λεγομένων
1689 1630 1724 1658 τὰ
1745 1632 1851 1666 κυρίως

1061 1678 1108 1702 καὶ
1134 1675 1287 1707 ιδιιιτάτως
1309 1675 1361 1702 ῐδια
1385 1675 1533 1711 Θηρᾶσθαι.
1564 1676 1688 1710 Λέγομεν
1719 1678 1774 1713 γᾴρ
1799 1678 1848 1704 καὶ

1060 1723 1122 1754 τοὺς
1150 1722 1302 1757 ἁνωτέρους
1329 1722 1418 1756 ἡμῶν,
1439 1721 1493 1747 εἴτε
1518 1722 1647 1756 ἄρῤενας,
1663 1722 1717 1748 εἴτε
1739 1722 1850 1756 θηλέας,

1060 1768 1182 1803 πατέρας
1192 1767 1288 1800 κοινῶς
1297 1776 1304 1783 ·
1318 1769 1348 1795 οὐ
1357 1768 1400 1795 διὰ
1412 1767 1491 1794 τοῦτο
1502 1768 1593 1803 μέντοι
1609 1768 1710 1803 κυρίως
1722 1769 1739 1803 ὴ
1756 1769 1851 1804 μήτηρ

1060 1815 1173 1850 κληοείη
1194 1814 1306 1849 Πατήρ.

1247 1959 1379 1986 ΕΦΕΣΟΥ
1395 1959 1473 1986 ΚΕΦ.
1496 1960 1529 1992 ς’
1548 1957 1622 1994 (ΚΓ)
1641 1958 1690 1993 (5).

1103 2018 1133 2046 '0
1149 2018 1244 2052 Πατὴρ
1261 2017 1308 2044 καὶ
1322 2018 1337 2044 6
1355 2016 1418 2047 Υἱὸς
1445 2015 1474 2042 ἓν
1490 2017 1578 2042 αῐτιον
1592 2016 1639 2041 τοῦ
1658 2015 1737 2049 ἁγίου
1764 2013 1853 2041 Ilvati—

1064 2056 1150 2101 paro;
1167 2064 1217 2100 (6),
1236 2064 1261 2090 οι
1279 2062 1389 2090 Λατῖνοι
1405 2070 1487 2096 φασιν
1499 2069 1505 2078 ·
1527 2062 1726 2096 Ἐρωτήσωμεν
1739 2060 1786 2088 οὖν
1803 2062 1853 2087 αὐ-

1060 2113 1135 2145 τοῦς,
1154 2111 1195 2146 (ἦ)
1206 2110 1302 2144 ὥσπερ
1318 2110 1332 2136 6
1352 2108 1447 2144 Πατὴρ
1468 2109 1551 2143 μόνος
1569 2108 1598 2133 ἐν
1611 2109 1698 2134 αῐτιον
1711 2108 1757 2134 τοῦ
1772 2107 1852 2142 ἁγίου

1062 2156 1230 2191 Πνεὺματος,
1246 2154 1317 2181 οὕτω
1331 2154 1379 2180 καὶ
1396 2155 1410 2180 ό
1428 2152 1523 2188 Πατὴρ
1541 2152 1587 2179 καὶ
1601 2154 1614 2178 6
1630 2151 1692 2182 Υῑδς
1706 2151 1736 2177 ἓν
1750 2153 1851 2184 αἴτιον,

1061 2203 1077 2236 ἢ
1094 2203 1180 2232 ἄλλως
1194 2201 1244 2236 (7).
1262 2201 1294 2227 Et
1313 2200 1363 2235 μὲν
1379 2199 1425 2226 οὖν
1440 2198 1511 2225 οὕτω
1525 2199 1671 2233 φήσουσιν,
1689 2198 1703 2223 6
1715 2198 1742 2224 δὲ
1755 2196 1852 2232 Πατὴρ

219 2255 272 2282 est,
289 2251 371 2278 etiam
395 2250 480 2279 Pater
503 2257 532 2280 et
554 2253 642 2280 Filius
660 2259 742 2281 erunt
757 2261 811 2280 una
831 2261 960 2288 persona,
981 2261 1010 2282 et

1065 2247 1144 2281 μόνος
1161 2246 1191 2271 ἓν
1205 2245 1362 2279 πρόσωπον,
1383 2244 1461 2270 ἔσται
1478 2243 1526 2269 καὶ
1540 2244 1554 2268 6
1576 2242 1671 2276 Πατὴρ
1689 2243 1735 2268 καὶ
1758 2242 1772 2268 6
1787 2242 1851 2273 Υἱὸς

221 2296 379 2324 Sabelliana
404 2300 559 2326 contractio
589 2299 713 2334 ingressa
735 2303 787 2326 est.
806 2299 836 2327 Si
864 2307 929 2327 vero
953 2300 1008 2327 alio

221 2343 304 2370 modo
320 2343 402 2370 Pater
416 2344 492 2372 solus
508 2353 562 2372 una
580 2353 662 2372 causa
682 2350 736 2376 est,
753 2345 808 2373 alio
824 2346 906 2373 modo
922 2346 1007 2374 Pater

220 2393 248 2416 et
263 2387 359 2420 Filius,
376 2397 409 2416 nc
429 2396 476 2416 eos
491 2390 585 2421 lateat,
601 2398 630 2417 se
645 2390 773 2424 quamvis
792 2391 920 2418 nolentes
936 2391 1006 2418 duas

220 2442 319 2462 causas
333 2440 361 2462 et
373 2435 428 2462 duo
444 2436 580 2470 principia
597 2435 739 2463 inducere.

169 2555 173 2559 ‘
211 2565 215 2567 '
254 2559 292 2594 (Ι)
307 2561 336 2588 in
354 2560 426 2587 Mon.
441 2558 495 2586 256
511 2558 529 2585 l'.
545 2558 598 2586 299
614 2567 627 2585 a
642 2563 684 2585 est
695 2565 757 2592 cap.
771 2557 818 2584 ‘23.

253 2592 291 2630 (εὶ)
312 2596 370 2624 Jac.
392 2603 411 2628 ι,
430 2595 473 2621 17.
497 2594 535 2621 De
566 2594 667 2621 divmis
700 2593 826 2628 personis
850 2592 876 2619 id
906 2600 1006 2620 nomen

217 2629 332 2658 adhibet
344 2630 496 2666 Nyssenus.

255 2666 294 2698 (δ)
313 2662 387 2693 Moti.
399 2666 420 2693 ι’.
431 2665 484 2692 238
499 2672 513 2691 a
530 2662 580 2700 ιῆ.

253 2701 291 2736 (ι)
308 2702 383 2728 Μοη.
398 2707 425 2728 et
436 2701 518 2728 Marc.
535 2701 554 2727 f.
572 2700 605 2727 75
622 2707 635 2727 a
657 2709 663 2727 :
682 2700 822 2736 ἑπόμενον.

253 2735 292 2772 (5)
308 2737 338 2764 lu
355 2737 427 2764 Moti.
446 2735 498 2763 256
513 2737 532 2763 Γ.
546 2736 598 2764 299
609 2743 634 2763 a.
652 2741 766 2770 estcap.
783 2735 831 2762 2L

1062 2293 1092 2318 ἒν
1109 2291 1266 2326 πρόσωπον,
1281 2291 1329 2317 καὶ
1341 2289 1490 2324 συναλοιφή
1505 2288 1664 2318 Σαὸέλλειος
1676 2287 1850 2322 ἐπεισῆλθεν.

1062 2339 1094 2365 Εἰ
1109 2339 1138 2365 δὲ
1151 2338 1239 2369 ἄλλως
1257 2337 1308 2372 μὲν
1334 2338 1348 2364 6
1368 2336 1465 2371 Πατὴρ
1484 2336 1564 2370 μόνος
1590 2335 1627 2370 (8)
1645 2334 1674 2360 ἓν
1690 2334 1788 2367 αῐτιον,
1803 2334 1853 2361 ἄλ-

1061 2385 1114 2417 λως
1137 2385 1164 2411 δὲ
1179 2386 1192 2411 6
1207 2385 1304 2419 Πατὴρ
1319 2383 1366 2410 καὶ
1380 2384 1394 2410 ὀ
1410 2383 1484 2414 Υἱὸς.
1501 2382 1539 2417 μὴ
1563 2381 1772 2408 λανθανέτωσαν
1784 2381 1852 2406 ἐλυ-

1060 2433 1123 2463 τοὺς
1140 2431 1187 2457 δύο
1204 2431 1279 2457 αἷτια
1297 2432 1344 2457 καὶ
1360 2431 1448 2465 ἀρχὰς
1464 2429 1522 2460 δύο,
1541 2428 1593 2455 κᾶν
1612 2428 1654 2463 μὴ
1669 2427 1784 2454 ϐάλωσιν
1798 2426 1850 2462 (9),

1058 2476 1265 2510 ἐπεισάγοντες.

1093 2560 1130 2595 (6)
1147 2559 1201 2586 Τοῦ
1230 2559 1275 2593 ἁγ.
1301 2559 1350 2585 Πν.
1379 2557 1455 2585 dccst
1486 2557 1513 2584 in
1545 2556 1615 2584 Mon.
1640 2555 1673 2582 27
1700 2554 1720 2581 i.
1750 2551 1803 2580 258
1822 2558 1850 2578 a.

1059 2595 1431 2668 ﬁll(7)p{on.27l,§7-7\°§L-
1469 2629 1473 2633 ’
1523 2664 1528 2668 -
1569 2663 1574 2668 -

1096 2668 1135 2700 (ὅ)
1149 2667 1234 2696 Μόνος
1249 2674 1281 2692 ex
1297 2665 1368 2691 Moti.
1380 2664 1432 2691 “256
1450 2664 1652 2700 supplevimus.

1098 2702 1135 2737 (9)
1151 2702 1197 2728 Sic
1212 2700 1285 2729 Moti.
1300 2700 1374 2733 255;
1391 2700 1451 2728 Man
1468 2699 1502 2726 27
1520 2707 1546 2733 ο,
1564 2699 1698 2728 θέλοντες.

252 2815 293 2850 (a)
322 2814 388 2844 Vide
412 2814 581 2844 Bessarionis
600 2815 745 2851 epistolam
770 2814 803 2842 ad
824 2813 903 2842 Alex.
922 2813 1071 2842 Lascarim.
