1925 3056
108 167 120 197 1

125 167 162 198 83

383 219 451 246 ΤΟΥ
464 219 619 248 ΝΙΚΑΙΑΣ.

142 277 222 304 Οὕτω
251 277 343 311 φαμὲν
370 277 416 304 τὸν
435 276 543 312 Πατέρα
573 277 619 304 καὶ
637 278 683 304 τὸν
706 277 771 304 Υίδν
791 278 849 312 ἅμα
867 277 896 304 ἓν

102 323 193 349 αἴτιον
220 322 267 349 τοῦ
292 322 462 358 Πνεῦματος,
480 323 518 353 ὡς
545 323 590 349 καὶ
613 322 658 349 τὸν
682 323 793 358 Πατέρα
816 324 895 358 μόνον

104 367 172 404 ίδῖᾳ,
187 367 203 403 ἢ
219 369 282 395 ὅσον
296 369 310 395 δ
337 368 434 403 Πατὴρ
453 369 504 403 μὲν
529 368 576 402 ἀφ’
591 369 700 401 ἑαυτοῦ,
714 370 728 395 ὁ
745 369 809 400 Υἱὸς
826 368 849 395 δ’
866 370 896 395 ὲκ

101 414 152 440 τοῦ
169 414 275 448 Πατρὸς
298 413 371 440 τοῦτ’
396 414 453 448 ἔχει
483 413 585 441 λαϐών.
604 415 659 449 Οὐχ
685 414 782 441 ἕπεται
798 414 826 440 δὲ
852 414 897 441 διὰ

105 460 187 487 τοῦτο
199 460 228 486 ἓν
247 460 395 495 πρόσωπον
413 460 458 487 τὸν
472 460 582 496 Πατέρα
597 461 646 487 καὶ
661 460 708 487 τὺν
725 460 789 486 Υῑὸν
804 458 875 487 εἶναι
887 467 895 475 ·

107 507 140 533 οὐ
165 507 220 542 γάρ
235 508 295 533 ἐστι
322 507 498 541 προσωπικὸν
521 507 550 533 τὸ
565 507 736 541 προϐάλλειν,
754 506 792 537 ὡς
816 506 845 531 ἐν
867 514 897 532 τε

104 551 197 581 ἄλλοις
214 552 261 577 καὶ
276 551 305 576 tv
320 551 376 582 τοῖς
396 550 465 586 πρὸς
483 550 513 577 τὸ
535 550 644 585 πρῶτόν
665 558 711 575 σου
728 550 897 583 ἐπιχείρημα

103 596 252 622 λέλεκται·
270 595 336 622 ὥστ’
358 595 412 623 οὐδ’
429 595 547 623 ἐνταῦθα
568 595 656 629 λέγεις
680 594 767 627 οὐδὲν,
783 594 854 630 μέγα
870 602 896 620 τι

105 643 155 669 καὶ
171 642 317 679 δυσνόητον
341 643 462 678 οἰόμενος
480 643 688 678 σύμπεραίνειν.

244 754 314 781 'ror
334 754 465 781 sessor
479 755 558 783 uno.
574 754 599 781 2'
624 753 699 788 (KA')
715 754 764 789 (ι).

146 809 300 836 Καθολικόν
313 818 378 837 τινα
393 810 557 845 διακρίσεως
569 810 649 844 λόγον
670 809 823 837 ἀποδιδόναι
841 811 897 842 τοῖς

108 855 328 891 διακρινομενοις
351 855 455 882 ἅπασιν
469 856 493 881 οἱ
518 856 630 882 Λατῖνοι
656 856 895 891 μεγαλαυχοῦσιν·

109 900 188 932 οὗτος
212 901 240 927 δέ
255 901 329 927 ἔστιν
345 901 362 935 ἢ
379 900 450 927 κατὰ
474 901 523 935 τὴν
550 900 617 935 ὕλην
635 901 650 935 ἢ
668 901 740 928 κατὰ
759 902 823 936 μίαν
842 901 897 928 τῶν

109 945 276 972 ἀντιθέσεων
289 945 361 972 αὐτὰ
377 945 578 980 διακρίνεσθαι.
596 945 660 972 Ὅτι
678 945 729 980 μὲν
746 946 792 972 οὖν
807 947 831 973 εἰ
850 947 897 973 καὶ

110 991 158 1018 ἰπὶ
189 991 243 1017 τῶν
270 991 355 1017 ὄντων
384 990 489 1025 ἀληθὴς
518 988 552 1026 ἦν
577 992 591 1017 ὁ
621 991 710 1025 λύγος,
728 992 777 1018 οὐκ
800 992 834 1019 ἂν
862 990 897 1028 ἦν

110 1037 220 1072 ἀνάγκη
238 1037 403 1071 μεταφέρειν
414 1037 494 1063 αὐτὸν
510 1037 579 1072 πρὸς
593 1037 627 1064 τὰ
641 1037 700 1063 θεῖα
716 1037 757 1073 (οὐ
771 1038 825 1073 γὰρ
840 1040 897 1071 τοῖς

111 1082 204 1113 αὐτοῖς
217 1082 310 1109 ἐκεῖνά
322 1090 351 1108 τε
369 1083 416 1108 καὶ
431 1082 518 1108 ταῦτα
533 1083 624 1116 λόγοις
639 1084 806 1118 ὑπόκειται),
821 1086 850 1111 τό
863 1094 896 1120 γε

112 1127 163 1154 νῦν
178 1127 238 1162 ἔχον
256 1127 464 1163 παραλελείφθω
475 1136 483 1144 ο
500 1129 658 1163 προκείσθω
672 1129 700 1156 δὲ
715 1131 781 1165 ἡμῖν
799 1131 895 1165 δεῖξαι,

111 1172 154 1200 ὅτι
170 1172 224 1198 οὐδ’
239 1173 286 1199 ὲπὶ
297 1173 352 1199 τῶν
370 1173 432 1199 καθ’
442 1174 516 1208 ἡμᾶς
528 1174 612 1201 ὄντων
627 1175 675 1201 καὶ
690 1176 816 1202 ὁπωσοῦν
831 1178 897 1211 ἡμῖν

113 1218 302 1253 ἐγνωσμένων,
319 1219 390 1253 λέγω
404 1219 436 1253 δὴ
452 1219 507 1245 τῶν
523 1220 681 1255 κτισμάτων
689 1220 737 1256 (2),
750 1222 897 1255 ἀναγκαῖος

113 1264 128 1290 ὁ
140 1263 219 1298 λόγος
241 1264 297 1290 οὐδ’
311 1263 415 1299 ἀληθὴς
433 1265 512 1297 ὅλως,
530 1265 560 1292 οὐ
578 1265 659 1299 μόνον
681 1267 722 1293 δτι
740 1267 771 1294 τὸ
796 1268 834 1303 μὴ
849 1278 898 1296 κα·

112 1309 192 1336 θόλου
209 1309 370 1337 ἀποδίδωσιν
389 1310 426 1340 ὡς
441 1310 566 1343 καθόλου,
583 1312 641 1338 ἀλλ’
656 1313 696 1339 ὅτι
711 1313 758 1339 καὶ
781 1315 810 1340 ὲν
824 1312 865 1346 οἷς
881 1316 897 1350 ἡ

115 1356 195 1390 ὑλικὴ
215 1355 351 1392 διάκρισις
372 1355 389 1391 ἢ
412 1357 429 1391 ή
443 1356 505 1383 κατ’
522 1357 660 1385 ἀντίθεσιν
676 1358 832 1393 θεωρεῖται,
847 1360 899 1386 οὐκ

113 1402 183 1437 αὐτὴ
206 1402 256 1438 τὴν
284 1402 373 1429 αἰτίαν
392 1402 444 1437 τῆς
468 1403 632 1438 διακρίσεως
656 1405 673 1438 ἡ
689 1403 739 1439 ὕλη
754 1404 769 1438 ἢ
787 1406 802 1439 ή
823 1405 897 1430 ἀντί-

115 1448 191 1480 Θισις
217 1449 284 1483 ἔχει,
302 1448 370 1475 ἀλλὰ
400 1449 630 1484 διακεκριμένοις
657 1450 706 1484 ἤδη
733 1451 859 1486 καθάπερ
873 1460 898 1478 τι

117 1496 353 1533 παρακολούθημα
368 1495 464 1522 ἕπεται
488 1494 592 1522 τούτων
608 1495 750 1532 ἑκάτερον,
766 1499 897 1532 ἐμφαῖνον

646 164 866 196 REFUTATIO
887 164 1007 194 MARCI
1026 165 1216 195 EPHESINI.

1686 165 1737 198 1ἓο

1274 216 1412 246 MOESI.

986 275 1024 302 Ita
1043 275 1162 302 dicimus
1177 275 1284 302 Patrem
1300 278 1328 301 et
1348 273 1451 301 Filiqu
1468 273 1552 302 simul
1569 283 1649 303 unam
1672 284 1736 304 cau-

951 327 1008 346 sam
1020 327 1080 347 esse
1093 319 1213 354 Spiritus
1222 319 1322 352 sancti,
1333 320 1403 347 sicut
1414 328 1466 348 una
1479 328 1560 348 causa
1572 322 1651 349 Pater
1662 323 1736 350 solus

951 366 1065 392 scorsim
1079 370 1121 392 est
1136 367 1177 392 vel
1192 366 1217 392 in
1231 371 1364 400 quantum
1386 367 1466 394 Pater
1480 375 1494 393 a
1507 375 1547 400 se,
1563 366 1650 395 Filius
1669 376 1735 396 vero

950 418 983 437 cx
997 411 1076 438 Patre
1094 411 1146 438 hoc
1159 416 1302 446 acceptum
1317 411 1410 439 habet.
1425 413 1485 440 Non
1502 413 1628 447 sequitur
1644 420 1736 441 autem

951 461 1109 492 propterea,
1125 465 1206 483 unam
1222 464 1368 491 personam
1383 465 1444 484 esse
1458 458 1566 484 Patrem
1582 465 1610 486 et
1622 458 1735 486 Filium.

952 503 1046 538 Neque
1063 503 1136 530 enim
1154 503 1308 537 producere
1325 503 1382 530 sive
1398 504 1505 538 spirare
1523 505 1668 538 personale
1681 510 1734 537 est,

952 555 982 576 ιιι
1001 555 1058 576 tum
1075 549 1101 575 in
1120 549 1181 576 aliis
1196 553 1252 576 tum
1271 549 1299 575 in
1317 549 1484 576 refutatione
1498 550 1579 583 primi
1593 550 1632 577 tui
1654 559 1736 585 argu-

952 594 1035 621 menti
1050 594 1155 621 dictum
1178 599 1229 622 est.
1251 594 1343 626 Quare
1356 603 1446 630 neque
1471 595 1516 623 hic
1532 595 1602 623 dicis
1619 596 1736 630 aliquid,

950 641 1017 668 licet
1030 649 1158 675 magnum
1192 642 1344 677 quidquam
1381 650 1413 670 ac
1445 642 1558 670 difﬁcile
1594 643 1735 670 intellectu

968 686 1115 714 oncludere
1129 688 1260 722 opineris.

1145 754 1281 787 EPHES.,
1303 756 1334 784 C.
1355 755 1400 782 VII
1425 755 1544 790 (XXIV).

987 809 1177 838 Universalem
1214 811 1361 846 quamdam
1388 812 1576 839 distinctionis
1600 812 1735 839 rationem

952 857 1080 885 omnibus
1108 865 1171 892 qua:
1207 857 1416 893 distinguuntur
1447 863 1540 893 aptare
1572 865 1601 886 se
1631 858 1737 892 iactant

913 895 1057 936 BLatini;
1088 903 1145 931 haec
1174 911 1238 941 vero
1272 908 1314 931 est
1340 904 1382 931 vel
1414 904 1566 931 secundum
1592 904 1735 931 materiam

951 948 993 976 vel
1014 949 1165 976 secundum
1194 956 1276 976 unam
1293 957 1325 976 ex
1342 949 1564 983 oppositionibus
1587 956 1619 976 ea
1638 949 1736 976 distin-

950 994 996 1028 gui
1020 994 1082 1029 (a).
1115 995 1193 1028 Quod
1225 995 1308 1030 igitur
1338 995 1402 1021 licet
1435 995 1462 1021 in
1493 995 1576 1022 rebus
1602 995 1736 1022 exsisten-

952 1039 1025 1066 tibus
1054 1047 1118 1066 vera
1146 1040 1215 1067 foret
1237 1048 1268 1068 ea
1304 1040 1452 1073 doctrina,
1480 1048 1535 1067 non
1567 1045 1657 1067 tamen
1687 1047 1736 1067 ne-

950 1092 1027 1112 cesse
1042 1090 1114 1112 esset
1146 1093 1204 1112 eam
1233 1085 1266 1112 ad
1284 1093 1328 1112 res
1355 1085 1463 1112 divinas
1495 1085 1644 1111 transferre
1668 1085 1735 1119 (non

950 1131 1023 1158 enim
1051 1130 1148 1158 iisdem
1183 1135 1239 1158 tum
1266 1130 1319 1158 illm
1351 1132 1418 1157 tum'
1437 1131 1477 1157 lue
1505 1130 1656 1157 rationibus
1672 1130 1737 1157 sub-

948 1175 1105 1211 jiciuntur).
1131 1175 1157 1202 id
1179 1176 1206 1202 in
1228 1176 1374 1210 prmeentia
1391 1176 1635 1210 przetermittalur;
1655 1175 1734 1202 nobis

951 1229 1026 1249 nunc
1041 1223 1231 1249 demonstrare
1257 1222 1428 1256 propositum
1455 1222 1501 1253 sit,
1531 1229 1565 1248 ne
1589 1221 1623 1248 de
1649 1220 1734 1248 rebus

952 1267 1074 1301 quidem,
1092 1275 1152 1300 quae
1176 1274 1260 1300 penes
1287 1273 1336 1293 nos
1357 1270 1421 1293 sunt
1439 1270 1466 1292 et
1484 1266 1732 1300 quomodOCunque

952 1319 966 1338 a
982 1312 1061 1339 nobis
1081 1312 1207 1347 cognitie,
1225 1311 1260 1338 de
1284 1311 1375 1343 rebus,
1403 1311 1526 1345 inquam,
1551 1312 1663 1344 creatis,
1684 1318 1733 1338 ne-

951 1357 1099 1384 cessariam
1128 1365 1189 1384 esse
1217 1358 1287 1385 banc
1311 1357 1465 1385 doctrinam
1498 1365 1586 1392 neque
1618 1364 1733 1391 prorsus

952 1411 1062 1435 veram;
1078 1411 1131 1431 non
1150 1404 1248 1436 solum,
1266 1404 1329 1438 quia
1345 1404 1418 1438 quod
1443 1411 1498 1430 non
1519 1409 1561 1431 est
1580 1403 1735 1430 universale

953 1453 1082 1484 tanquam
1098 1449 1254 1476 universale
1277 1450 1415 1484 proponit,
1441 1450 1488 1476 sed
1513 1449 1596 1477 etiam
1617 1449 1682 1484 quia
1706 1455 1735 1476 et

953 1495 980 1522 in
1007 1495 1107 1529 quibus
1133 1495 1284 1522 materialis
1313 1495 1454 1522 distinctio
1484 1495 1526 1522 vel
1552 1503 1583 1522 ea
1607 1503 1668 1530 qua:
1693 1500 1736 1522 est

116 1543 235 1580 μὲν,ὄτι
251 1542 298 1568 καὶ
324 1540 385 1568 κατ’
412 1541 478 1568 αὐτὸ
502 1540 671 1575 διακρίνεται
701 1542 735 1568 τὰ
762 1542 899 1578 διακεκρι-

953 1540 1103 1568 secundum
1132 1541 1335 1575 oppositioneln
1367 1541 1570 1572 consideratur.
1595 1548 1647 1567 non
1677 1541 1734 1575 ipsa

118 1589 198 1625 μένα,
229 1587 279 1622 τῆς
309 1587 338 1614 δὲ
366 1586 533 1621 διακρίσεως
570 1587 656 1613 αἴτιον
693 1586 723 1613 δν
762 1588 900 1622 οὐδαμῶς.

116 1636 256 1663 Σκεπτέον
275 1634 303 1661 δὲ
320 1634 406 1666 οὕτως
417 1642 424 1650 ”
440 1635 456 1670 ἡ
471 1634 521 1670 ’ύλη
546 1634 606 1661 καθ’
623 1635 709 1670 αὑτήν
726 1636 800 1662 ἐστιν
813 1636 900 1663 ἀδιαί-

118 1689 214 1717 ρετος·
238 1680 332 1716 ὥσπερ
356 1681 411 1715 γὰρ
435 1680 543 1711 ἄποιος.
568 1679 639 1706 οὕτω
655 1681 702 1706 καὶ
726 1676 854 1713 ἁποσοςί
870 1682 901 1709 τὸ

98 1761 102 1764 ,
116 1728 219 1756 ἀποσον
232 1727 260 1753 δὲ
274 1726 429 1760 ἀδιαίρετον
438 1733 445 1741 ·
462 1726 492 1751 τδ
505 1725 662 1760 ἀδιαίρετον
674 1726 702 1752 δὲ
720 1726 879 1762 ἀδιάκριτον
890 1736 898 1744 ’

116 1777 132 1805 ὃ
146 1778 174 1805 δὲ
189 1778 250 1805 καθ’
266 1777 332 1805 αὐτὸ
348 1777 386 1812 μὴ
408 1777 557 1812 διαιρεῖται
582 1777 628 1804 καὶ
642 1778 825 1813 διακρίνεται,
843 1780 901 1811 πῶς

118 1824 152 1851 ἂν
166 1825 251 1859 ἑτέρῳ
266 1824 315 1859 τὴν
339 1823 428 1850 αἰτίαν
443 1823 559 1858 παρέχοι
582 1823 631 1857 τῆς
656 1823 838 1858 διακρίσεωςς
855 1826 901 1852 καὶ

117 1869 132 1896 ὃ
157 1870 206 1905 τὴν
232 1869 380 1905 ἑτερότητα
408 1868 447 1903 μὴ
474 1869 619 1902 προσίεται
642 1864 735 1904 (πᾶσα
765 1870 820 1905 γὰρ
849 1870 900 1905 ὕλη

118 1915 196 1950 πάσῃ
213 1915 264 1950 ὕλῃ
282 1915 355 1941 ἐστὶν
367 1914 518 1950 ἀδιάφορος
540 1914 613 1940 κατὰ
628 1916 673 1942 τὸν
687 1916 786 1942 οἰκεῖον
799 1916 900 1952 λόγον),

119 1963 179 1994 πῶς
196 1963 229 1989 ἂν
241 1963 344 1997 ἑτέροις
357 1962 443 1989 αἴτιον
459 1962 564 1996 γένοιτο
580 1962 628 1989 τοῦ
656 1963 761 1998 ἑτέροις
778 1963 902 1999 ἀλλήλων

119 2007 210 2043 that;
227 2009 298 2035 Ἀλλ’
323 2009 365 2036 ὅτι
391 2009 421 2035 τὸ
443 2009 534 2036 ὑλικὸν
561 2009 643 2044 σῶμα
667 2010 728 2036 κατ’
754 2010 839 2045 αὐτὴν
853 2010 902 2046 τὴν

119 2056 187 2091 ὕλην
203 2057 244 2088 είς
258 2056 330 2092 μέρη
347 2056 418 2082 ποσὰ
439 2055 565 2091 διῄρηται
579 2056 625 2082 καὶ
647 2055 707 2082 ἔστι
728 2056 821 2082 λαϐεῖν
836 2057 902 2083 ἕκα-

119 2112 184 2130 στον
199 2103 302 2129 τούτων
329 2102 376 2129 καὶ⁸
399 2101 452 2128 ἀνὰ
473 2101 557 2136 μέρος
581 2101 667 2128 θεῖναι
682 2102 729 2128 καὶ
743 2102 828 2134 δεῖξαι
842 2103 902 2130 τόδε

118 2157 146 2175 τι
166 2148 196 2176 δν
225 2148 273 2174 καὶ
299 2146 349 2181 οὐχ
373 2146 444 2181 ὅπερ
471 2146 584 2181 ἓτερον,
610 2146 689 2182 ὑλικὴ
715 2147 850 2182 διάκρισις
872 2148 903 2174 τὺ

118 2193 240 2220 τοιοῦτον
266 2192 409 2219 καλεῖται’
432 2191 511 2218 τοῦτο
535 2191 563 2218 δὲ
587 2191 617 2217 οὐ
643 2191 693 2226 τὴν
721 2191 787 2226 ὓλην
813 2192 903 2219 αἰτίαν

120 2239 225 2272 εἰσάγει
241 2238 290 2273 τῆς
312 2237 475 2272 διακρίσεως
493 2236 563 2272 (πῶς
585 2236 641 2271 γὰρ
667 2237 716 2271 τὴν
737 2237 799 2264 καθ’
816 2237 902 2272 αὐτὴν
923 2250 929 2253 -

100 2271 277 2318 ’ἀδιάκριτον
287 2283 319 2318 ;),
338 2271 407 2309 ἀλλὰ
433 2281 483 2317 τὴν
498 2271 578 2309 κατὰ
602 2282 658 2324 τὴν.
678 2282 745 2318 ὓλην
761 2271 903 2319 διαίρεσιν,

119 2330 167 2364 ἀφ’
181 2327 215 2364 ἧς
230 2330 277 2355 καὶ
293 2328 322 2354 τὸ
346 2327 429 2354 ποσὸν
455 2328 511 2358 τοῖς
535 2328 754 2363 διακρινομένοις
778 2328 903 2357 ἑπεισινν

121 2375 216 2410 ὥσπερ
231 2375 281 2401 καὶ
294 2373 342 2400 τοῦ
366 2373 489 2407 ἐνεργεῖν
506 2373 537 2398 οὐ
562 2372 592 2399 τδ
614 2370 684 2404 εἶδος
707 2375 764 2405 τοῖς
781 2375 905 2410 σώμασιν

121 2422 208 2448 αῐτιον
223 2420 293 2456 (πῶς
306 2420 360 2456 γὰρ
373 2420 402 2446 τὸ
418 2419 479 2446 καθ’
500 2419 567 2446 αὐτὸ
583 2419 733 2454 ἀνέργητον
744 2420 764 2455 ;)
783 2421 832 2455 (5),
847 2422 904 2448 ἀλλ’

121 2468 138 2502 ἠ
153 2467 222 2501 πρὸς
246 2466 297 2501 τὴν
312 2465 378 2500 ὕλην
399 2465 481 2492 αὑτοῦ
509 2465 633 2496 σύνοδος·
650 2466 681 2492 οὐ
697 2466 752 2501 γὰρ
775 2466 802 2492 εἰ
824 2475 850 2493 τι
867 2467 906 2502 τῷ

123 2514 242 2548 συνθέτῳ
259 2511 332 2539 κατά
347 2520 373 2538 τι
389 2512 443 2539 τῶν
463 2512 492 2538 ὲν
507 2511 581 2546 αὐτῷ
600 2511 694 2538 ἁπλῶν
709 2512 839 2548 ὑπάρχει,
858 2513 906 2540 καὶ

121 2559 161 2594 τῷ
178 2558 257 2594 ἁπλῴ
282 2559 385 2594 κυρίως
415 2558 531 2594 ὑπάρξει
553 2558 610 2593 (4)·
626 2557 681 2584 οὔτ’
703 2559 757 2593 ἄρα
780 2560 818 2594 τῷ
842 2560 906 2586 εῖδει

122 2605 153 2632 τὸ
177 2605 298 2640 ἐνεργεῖν
322 2605 453 2640 ὑπάρχει,
472 2605 561 2631 καίτοι
579 2613 610 2639 γε
631 2603 701 2631 κατὰ
717 2605 748 2631 τὸ
762 2603 833 2637 εἶδος
852 2607 906 2638 τοῖς

159 2672 196 2706 (ι)
213 2672 242 2699 In
258 2672 361 2699 Monac.
376 2671 428 2699 256
443 2671 462 2699 f.
476 2672 528 2700 299
543 2680 557 2699 a
571 2678 614 2700 est
628 2680 688 2707 cap.
706 2673 753 2700 25.
807 2681 817 2693 ι

160 2707 316 2743 (‘2)j’erba
342 2707 413 2741 λέγω
429 2708 626 2743 (κτισμάτων,
654 2715 716 2742 qua:
749 2708 849 2735 desunt
875 2709 903 2736 in

122 2742 196 2770 Non.
208 2742 254 2774 27,
272 2750 306 2769 ex
325 2743 388 2769 cod.
401 2742 454 2770 256
466 2743 665 2777 supplevimus.

951 1585 1066 1612 materia
1082 1585 1125 1612 vel
1145 1585 1284 1620 oppositio
1305 1592 1416 1612 causam
1433 1585 1514 1612 habet
1535 1585 1735 1616 distinctionis.

951 1637 1046 1658 verum
1058 1630 1113 1665 jam
1129 1631 1276 1658 distinctas
1300 1637 1345 1657 res
1364 1630 1462 1657 borum
1485 1635 1633 1665 utrumque
1659 1632 1736 1659 velut

952 1683 1129 1711 consequens
1146 1676 1285 1710 quoddam
1302 1675 1439 1711 sequitur,
1458 1676 1602 1703 declarans
1623 1677 1733 1710 quidem

950 1729 982 1750 ea
996 1729 1058 1756 quis
1081 1722 1212 1749 distincta
1237 1726 1312 1753 sunt,
1346 1722 1429 1749 etiam
1461 1722 1614 1750 secundum
1643 1722 1733 1757 ipsum

951 1768 1094 1803 distingui,
1104 1768 1290 1795 distinctionis
1301 1776 1367 1795 vero
1376 1775 1458 1795 causa
1467 1768 1579 1796 minime
1587 1769 1734 1797 exsistens.

950 1814 1154 1842 Consideranda
1178 1822 1243 1841 vero
1262 1822 1305 1841 res
1321 1818 1363 1841 est
1386 1814 1439 1842 boc
1463 1820 1550 1849 pacto.
1565 1814 1675 1842 Materia
1691 1822 1733 1842 se.

951 1860 1070 1888 cundum
1080 1868 1108 1887 se
1118 1865 1159 1887 est
1168 1860 1358 1892 indivisibilis;
1371 1867 1432 1886 nam
1441 1864 1470 1887 ut
1480 1860 1539 1887 sine
1548 1860 1688 1895 qualitate,
1699 1860 1736 1888 ita

952 1911 979 1933 et
992 1906 1050 1933 sine
1058 1906 1211 1940 quantitate
1223 1910 1276 1937 est,
1287 1905 1360 1940 quod
1372 1913 1436 1933 vero
1447 1906 1506 1933 sine
1518 1907 1669 1940 quantitate
1683 1911 1736 1938 est,

954 1952 1122 1980 indivisibile
1137 1958 1190 1985 est;
1211 1952 1378 1979 indivisibile
1396 1959 1460 1979 vero
1474 1956 1516 1979 est
1533 1952 1734 1984 indistinctum;

952 1999 1024 2034 quod
1033 2007 1098 2026 vero
1108 1999 1258 2026 secundum
1270 1998 1391 2032 seipsum
1401 2005 1454 2024 non
1467 1997 1597 2024 dividitur
1607 2001 1634 2025 et
1643 1997 1738 2025 distin-

953 2044 1055 2079 guitur.
1066 2043 1204 2078 quomodo
1215 2043 1266 2070 hoc
1278 2042 1356 2069 alteri
1370 2049 1479 2069 causam
1494 2042 1628 2076 praeberet
1641 2043 1738 2069 distin-

953 2090 1071 2117 ctionis?
1089 2088 1198 2124 etquod
1222 2088 1407 2115 diversitatem
1426 2096 1481 2114 non
1498 2088 1618 2114 admittit
1633 2088 1733 2121 (omnis

953 2137 1025 2164 enim
1046 2137 1159 2164 materia
1173 2135 1287 2163 cuilibet
1308 2134 1429 2161 materiae
1458 2138 1500 2161 est
1517 2133 1678 2162 indiﬂ‘erens
1695 2142 1738 2162 se-

954 2182 1072 2209 cundum
1087 2182 1224 2216 propriam
1239 2180 1393 2213 rationem).
1405 2181 1544 2214 quomodo
1555 2180 1607 2207 hoc
1619 2180 1680 2207 aliis
1693 2187 1738 2208 es-

955 2232 998 2254 set
1011 2234 1103 2258 causa,
1114 2231 1143 2252 ut
1155 2225 1188 2253 ab
1201 2225 1317 2253 invicem
1332 2225 1437 2252 diversa
1447 2224 1521 2252 sint?
1534 2224 1586 2251 Sed
1599 2225 1671 2260 quod
1681 2234 1738 2253 ma-

956 2273 1050 2299 teriale
1062 2279 1163 2306 corpus
1179 2271 1331 2299 secundum
1347 2271 1431 2306 ipsam
1447 2272 1589 2298 materiam
1604 2273 1631 2299 in
1645 2278 1736 2307 partes

953 2324 1068 2354 quantas
1086 2318 1204 2345 divisum
1217 2322 1258 2345 est
1276 2322 1303 2345 et
1320 2325 1543 2353 unamquamque
1561 2326 1656 2346 earum
1675 2319 1737 2346 licet

954 2364 1079 2398 accipere
1102 2368 1129 2391 et
1154 2371 1234 2391 unam
1259 2368 1321 2398 post
1341 2364 1455 2390 alteram
1484 2371 1601 2399 ponere.
1618 2372 1733 2399 eamque

954 2409 1098 2436 ostendere
1129 2409 1181 2438 hoc
1211 2414 1316 2437 eertum
1345 2410 1447 2445 aliquid
1479 2411 1678 2443 exsistentem,
1711 2415 1738 2437 et

955 2463 1009 2482 non
1027 2455 1054 2482 id
1077 2455 1151 2491 quod
1176 2456 1238 2488 alia,
1255 2455 1283 2483 id
1311 2456 1461 2483 materialis
1482 2455 1623 2483 distinctio
1645 2457 1740 2491 appel-

955 2501 1037 2528 latur.
1071 2501 1127 2529 Iloc
1161 2506 1251 2529 autem
1285 2509 1340 2529 non
1376 2502 1516 2529 materiam
1555 2501 1659 2528 inducit
1683 2503 1738 2530 dis-

957 2547 1097 2574 linclionis
1127 2555 1234 2574 causam
1262 2548 1412 2583 (quomodo
1441 2549 1515 2576 enim
1545 2549 1658 2576 materia
1682 2549 1739 2577 luce

955 2592 1027 2619 Ioret
1042 2599 1134 2625 causa,
1154 2601 1214 2620 cum
1238 2593 1389 2620 secundum
1408 2601 1437 2621 se
1457 2595 1493 2621 sit
1520 2594 1679 2622 indistincta
1693 2595 1737 2630 Ἰ),

993 2672 1031 2709 (ἦ)
1047 2673 1123 2699 Mon.
1136 2673 1188 2699 Ξῖἱϐ
1236 2673 1298 2706 299,
1314 2674 1339 2704 ί),
1354 2674 1543 2709 ἁνενὲργητον.

996 2707 1034 2741 (4)
1049 2708 1094 2734 Sic
1108 2713 1182 2735 recte
1202 2708 1277 2736 Men.
1292 2709 1345 2736 256
1358 2718 1365 2742 ;
1381 2707 1513 2742 ΜοιίζΞῚ,
1530 2710 1654 2746 παρέξει.

158 2833 340 2873 (uLﬁespicit
355 2833 391 2873 ad
411 2833 443 2860 Ι).
458 2833 581 2873 __Thnor_n:e
600 2832 743 2873 Auitinatis
764 2835 901 2872 ptincipia
923 2835 1000 2865 Sum.
1034 2837 1119 2865 ilicol.
1149 2844 1176 2872 p.
1191 2836 1212 2870 Ι,
1226 2845 1253 2872 q.
1269 2836 1311 2864 56.
1330 2835 1430 2865 Confer
1443 2836 1477 2865 de
1494 2836 1537 2866 his
1551 2837 1666 2873 aliisque
1680 2839 1740 2866 Pla‘

123 2868 322 2904 teliiTheolog.
341 2876 366 2904 p.
384 2868 404 2902 l,
416 2876 442 2896 c.
456 2869 482 2903 5,
500 2868 513 2904 §
532 2868 734 2904 5,1».244seq.
