1925 3056
204 139 253 173 19!

887 141 1142 186 BESSARlOXlS

1769 145 1823 177 192

202 206 299 228 verum
329 196 494 224 divisionem
523 199 675 226 secundum
706 198 860 230 materiam,
885 205 899 225 a
930 205 983 231 qua

1038 197 1162 232 σώμασιν
1178 199 1194 233 ἠ
1211 197 1344 234 ἐνέργεια,
1362 197 1424 225 οὒτε
1439 199 1470 233 τῇ
1486 198 1536 234 ὕλῃ
1555 199 1585 226 τὸ
1601 199 1638 234 (ί)
1660 199 1823 236 διακρίνειν,

204 245 289 273 etiam
308 243 352 274 iis,
377 250 438 277 quae
465 241 685 277 distinguuntur,
703 244 843 279 quantitas
861 244 984 276 accedit;

203 290 275 318 sicut
287 293 314 317 et
326 288 490 324 corporibus
508 296 563 315 non
582 288 670 316 forma
683 297 766 316 causa
778 289 904 324 estquod
921 296 986 323 ope-

203 340 302 363 rantur
321 333 471 369 (quomodo
498 333 570 365 enim
598 333 670 361 foret
690 334 716 361 id
733 334 806 369 quod
832 334 985 361 secundum

202 390 234 410 Ie
258 382 318 409 sine
343 380 500 415 operatione
525 385 568 410 est
578 380 611 415 ἲ),
637 379 686 408 sed
703 380 764 415 ejus
781 388 842 408 cum
871 381 986 407 materia

204 429 272 458 unio
286 436 318 463 ac
331 434 504 464 congressus.
520 426 614 462 Neque
629 427 702 454 enim
715 427 737 454 si
751 427 816 462 quid
833 427 986 462 composito

203 475 278 503 inest
293 473 444 501 secundum
469 473 572 508 aliquid
590 480 685 500 eorum
702 481 762 508 qua:
784 473 811 500 in
837 472 897 508 ipso
923 476 987 499 sunt

203 521 353 556 simplicia,
372 519 399 546 id
423 519 506 547 etiam
522 519 650 553 ,simplici
675 520 785 554 proprie
811 519 912 551 inerit;
931 526 986 545 non

202 574 270 603 ergo
284 567 378 594 forma:
394 565 465 593 inest
479 565 600 599 operari,
620 564 684 592 licet
700 565 852 592 secundum
869 565 985 592 formam

203 612 367 648 corporibus
383 613 418 638 sit
433 611 570 645 operatio.
586 618 674 644 neque
693 609 815 637 materize
835 609 908 636 incst
930 609 986 636 dis-

205 657 342 692 tinguere.
368 655 433 682 licet
464 654 615 682 secundum
645 654 732 688 ipsam
758 655 919 689 compositis
951 656 986 682 sit

204 699 361 728 distinctio.
377 698 436 725 Non
451 706 517 733 ergo
542 699 684 725 materiam
707 699 852 726 reddentes
875 707 984 726 causam

203 745 391 773 distinctionis
408 748 483 772 recte
509 744 735 777 indicaverimus.
757 753 853 772 verum
871 745 986 772 divisio-

203 798 265 818 nem
293 789 445 818 serundum
474 789 628 821 materiam,
660 790 706 817 ubi
744 790 835 818 locum
870 791 984 818 materia

175 868 178 869 ν
202 837 295 865 liabet.
318 837 438 864 Rursum
458 832 488 863 in
513 835 613 870 quibus
629 836 743 863 maleria
757 844 810 863 non
828 841 881 868 est,
894 837 985 865 consi-

202 881 368 914 derandum,
401 887 436 907 an
465 880 498 908 ad
524 880 732 910 distinctionem
764 882 920 909 necessaria
951 883 987 909 sit

203 927 352 962 oppositio.
369 925 408 953 Ea
428 933 490 960 qua:
510 926 544 955 ab
574 926 671 955 eodem
693 931 792 962 genere
813 927 988 961 dividuntur,

203 978 300 1001 contra
323 972 410 1000 divisa
436 971 555 1000 invicem
573 972 716 1003 dicuntur,
738 972 854 1000 fortasse
876 973 986 1008 quidem

203 1017 308 1051 oumia,
324 1017 441 1049 maxime
454 1024 518 1044 vero
536 1024 567 1044 ea
583 1024 644 1052 qua:
660 1017 807 1052 plurimum
823 1017 857 1046 ab
871 1018 987 1045 invicem

203 1063 309 1093 distant
326 1062 368 1090 vel
381 1071 412 1093 ea
429 1070 490 1097 quze
504 1063 654 1098 plurimum
669 1062 836 1090 distantibus
847 1068 987 1098 segregata

204 1113 285 1142 sunt;
302 1108 376 1136 verbi
394 1109 482 1143 gratia
499 1116 515 1136 a
530 1108 622 1137 colore
637 1108 755 1141 maxime
776 1108 912 1140 distantia
924 1113 989 1136 sunt

203 1155 296 1183 album
311 1159 338 1182 et
354 1155 481 1189 nigrum;
495 1155 554 1186 haec
571 1162 638 1182 vero
653 1159 681 1182 et
697 1155 834 1183 contraria
848 1155 989 1192 appellan-

204 1206 268 1234 tur;
285 1201 320 1228 ab
337 1200 448 1229 animali
469 1208 533 1228 vero
543 1208 576 1228 ea
599 1208 661 1235 quae
685 1201 803 1228 maxime
821 1200 988 1231 distantibus

204 1250 401 1279 secernuntur,
429 1246 557 1275 rationali
583 1246 646 1274 dico
669 1250 698 1274 et
723 1247 839 1274 rationis
864 1252 986 1282 experte,

205 1297 263 1327 tum
285 1292 368 1320 homo
391 1296 448 1319 tum
473 1300 572 1327 equus.
593 1292 663 1320 Num
691 1293 771 1327 igitur
795 1293 853 1321 haec
874 1294 931 1321 sola
953 1294 988 1322 ab

204 1339 323 1366 invicem
336 1338 556 1373 distinguuntur,
574 1338 601 1370 in
618 1338 719 1373 quibus
735 1343 778 1366 est
789 1339 928 1373 oppositio
945 1340 988 1368 vel

205 1384 402 1416 contrarietas,
419 1383 461 1411 vel
479 1383 563 1411 etiam
580 1391 612 1410 ea
632 1391 694 1418 quae
717 1384 789 1411 inter
804 1385 862 1413 haec
877 1385 989 1421 intcrja-

205 1433 270 1457 cent
300 1433 328 1456 et
353 1436 414 1456 cum
445 1429 513 1463 ipsis
539 1429 820 1465 dividunturHSaue
845 1431 929 1458 etiam
957 1438 989 1458 ea

204 1474 329 1501 omnino.
363 1473 430 1502 Nam
461 1474 600 1503 communi
630 1482 729 1510 genere
750 1465 887 1510 copulata
925 1479 990 1509 sunt

204 1520 310 1553 omnia,
325 1519 453 1548 distincta
470 1526 535 1546 vero
559 1524 624 1550 sunt
647 1520 872 1549 discernentibus
890 1529 988 1551 unwn-
1001 1531 1026 1562 ο

205 1566 335 1602 quodque
359 1565 525 1599 rationibus,
555 1565 621 1593 licet
649 1570 677 1593 et
702 1573 757 1594 non
782 1566 930 1600 plurimum
953 1567 988 1594 ab

205 1613 323 1640 invicem
340 1611 453 1643 distent,
477 1611 520 1638 vel
544 1611 628 1642 etiam
649 1611 764 1639 alterius
784 1612 986 1640 contrariorum

204 1658 298 1693 potius
329 1657 508 1692 participant;
538 1664 601 1684 nam
633 1663 758 1691 quaenam
786 1657 822 1684 sit
850 1657 988 1692 oppositio

204 1703 322 1734 subﬂavi
344 1702 378 1729 ad
397 1701 514 1729 rubrum
537 1701 565 1729 in
590 1702 693 1734 colore,
716 1709 841 1737 quaenam
865 1703 928 1737 equi
953 1701 987 1732 ad

205 1748 312 1777 bovem,
335 1747 363 1776 in
388 1747 520 1778 animali?
544 1747 645 1778 Verum
674 1748 802 1782 quoniam
831 1748 865 1775 ab
889 1748 987 1775 eodem

205 1794 369 1822 dividuntur
383 1800 494 1828 genere,
510 1792 536 1819 in
552 1798 684 1828 quantum
700 1793 790 1820 abillo
802 1792 988 1821 dividuntura

205 1838 346 1867 communi
356 1838 580 1873 distinguuntur;
594 1837 619 1864 in
634 1842 768 1872 quantum
784 1845 849 1864 vero
861 1838 896 1864 ab
917 1837 988 1864 invi-

204 1892 265 1913 cem
281 1888 376 1911 contra
401 1883 577 1916 dividuntur,
603 1883 685 1910 etiam
711 1883 746 1911 ab
770 1883 888 1910 invicem
913 1888 989 1910 certe

205 1930 414 1964 distinguuntur
425 1929 544 1964 propriis
554 1928 715 1960 rationibus,
723 1928 850 1963 quamvis
865 1936 916 1956 nos
933 1936 989 1956 non

206 1983 303 2003 omnes
318 1975 397 2003 facile
413 1968 552 2010 possimus
569 1975 721 2009 assignare.
744 1974 803 2002 Non
822 1983 888 2010 ergo
903 1982 989 2010 oppo-

207 2022 336 2054 sitionem
368 2021 555 2048 distinctionis
579 2028 689 2048 causam
714 2024 836 2047 statuere
867 2025 988 2057 oportet,

206 2074 295 2102 neque
309 2067 359 2095 hac
374 2067 402 2094 in
418 2067 542 2098 materia.
564 2065 718 2099 (Quomodo
730 2066 804 2093 enim
820 2066 846 2093 id
866 2065 935 2093 foret
957 2073 990 2093 ea

206 2121 267 2148 qua:
282 2114 309 2141 in
332 2113 458 2148 plurimis
481 2120 515 2139 ne
542 2112 633 2140 locum
657 2111 768 2146 quidem
799 2111 914 2145 habet?)
941 2111 989 2138 sed

206 2163 269 2186 ante
298 2159 385 2193 ipsam
412 2158 588 2190 divisionem,
612 2165 672 2191 qua:
699 2157 733 2184 ab
760 2157 858 2184 eodem
888 2163 989 2191 genere

1038 243 1126 269 καίτοι
1141 251 1172 277 γε
1196 245 1258 270 κατ’
1273 244 1358 278 αὐτὴν
1379 244 1396 278 ἠ
1418 243 1554 278 διάκρισις
1577 247 1635 276 τοις
1658 246 1797 278 συνθέτοις
1812 255 1820 262 ·

1036 289 1086 315 οὐκ
1110 289 1164 323 ἄρα
1181 289 1229 324 τὴν
1253 289 1321 325 ὕλην
1342 289 1512 321 ἀποδιδόντες
1530 291 1622 317 αίτίαν
1639 290 1689 326 τῆς
1711 291 1821 326 διακρί-

1037 342 1107 366 σεως
1128 334 1214 368 ὑγιῶς
1242 335 1275 362 ἂν
1298 336 1501 367 ἀποδεδωκότες
1522 337 1637 371 εἴημεν,
1670 337 1739 363 ἀλλὰ
1767 338 1820 373 τὴν

1037 380 1107 407 κατὰ
1123 381 1174 414 τὴν
1188 380 1254 415 ὕλην
1270 380 1413 416 διαίρεσιν,
1433 382 1476 415 ἐφ’
1499 379 1537 409 ὦν
1553 383 1569 417 ἡ
1587 382 1634 416 ὕλη
1652 382 1701 418 τὴν
1726 383 1821 418 χώραν

1036 426 1111 459 ἔχει’
1127 426 1209 453 πάλιν
1235 427 1262 453 δὲ
1287 423 1412 462 ἐφ’ὧνὴ
1436 428 1485 462 ὕλη
1516 428 1554 463 μὴ
1579 428 1646 460 ἔστι,
1673 429 1819 461 σκεπτέον,

1036 472 1060 498 εί
1077 472 1213 506 ἀναγκαία
1238 473 1305 508 πρὶς
1324 472 1374 507 τὴν
1399 473 1538 507 διάκρισιν
1562 473 1578 506 ἡ
1603 472 1752 505 ἀντίθεσις.
1781 474 1823 500 Τὰ

1036 516 1090 543 ἀπὸ
1105 518 1150 544 τοῦ
1163 517 1246 543 αὑτοῦ
1261 518 1438 552 διαιρούμενα
1463 518 1560 551 γένους
1581 518 1823 554 ἀντιδιαιρούμενα

1036 562 1161 596 ἀλλήλοις
1188 562 1307 597 λέγεται,
1332 564 1424 589 πάντα
1459 563 1510 598 μὲν
1544 563 1618 595 ἴσως,
1646 564 1763 598 μάλιστα
1792 565 1822 591 δὲ

1035 608 1070 634 τὶ
1097 608 1223 634 πλεῖστον
1253 608 1379 644 ἀλλήλων
1407 609 1568 644 διεστηκότα
1597 609 1612 644 ἢ
1637 609 1670 636 τὰ
1696 610 1822 636 πλεῖστον

1034 654 1208 698 summm
1235 654 1441 689 ἀφοριζόμενοι’
1467 651 1523 681 οἷον
1546 654 1600 681 ἀπὸ
1625 655 1675 689 μὲν
1687 655 1734 681 τοῦ
1749 653 1824 689 χρώ,

1036 707 1120 733 ματος
1142 700 1270 726 πλεῖστον
1295 700 1461 734 διεστηκότα
1485 701 1516 726 τὸ
1540 699 1637 726 λευκὸν
1655 699 1702 726 καὶ
1719 700 1748 725 τὸ
1768 700 1820 734 μέ·

1034 744 1083 770 λαν
1096 752 1103 760 ·
1118 744 1204 772 ταῦτα
1226 745 1254 772 δὲ
1273 746 1320 773 καὶ
1347 746 1454 772 ὲναντία
1479 746 1603 773 καλεῖται
1619 754 1627 761 ·
1642 745 1696 771 ἀπὸ
1715 745 1743 771 δὲ
1771 745 1820 772 τοῦ

1035 789 1106 822 ζώου
1129 792 1185 822 τοῖς
1208 791 1334 818 πλεῖστον
1359 791 1532 825 διεστηκόσιν
1557 790 1757 826 ἀφοριζόμενα,
1781 790 1821 824 τῷ

1036 837 1138 871 λογικῷ
1154 845 1225 872 φημι
1252 837 1299 864 καὶ
1317 837 1417 872 ἀλόγῳ,
1431 837 1573 872 ἄνθρωπός
1598 845 1628 863 τε
1654 837 1702 863 καὶ
1726 835 1820 866 ἵππος.

1004 867 1024 895 Β
1037 867 1101 916 Ἆρ’
1118 867 1166 910 οὖν
1182 867 1270 910 ταῦτα
1293 867 1712 918 μόνα-διακέκριταιἀλλήλων,
1727 881 1768 916 ἐφ’
1783 878 1821 911 ὧν

1039 928 1205 964 ήάντίθεσις
1224 929 1313 956 show
1336 929 1497 960 ἑναντίωσις
1511 928 1527 963 ἢ
1548 928 1596 954 καὶ
1609 928 1644 954 τὰ
1663 927 1701 962 (2)
1717 927 1820 962 μεταξὺ

1038 974 1141 1001 τούτων
1155 975 1203 1002 καὶ
1217 975 1265 1001 σὺν
1284 975 1376 1006 αὐτοῖς
1391 974 1588 1009 διαιρούμενα;
1607 973 1720 1004 Πάντως
1734 973 1821 1008 δήπου

1039 1019 1153 1047 κάκεῖνα
1164 1027 1171 1034 ·
1186 1019 1227 1054 τῷ
1241 1020 1295 1054 γὰρ
1312 1019 1394 1054 κοινῷ
1410 1020 1486 1054 γένει
1500 1019 1636 1053 συνῆπται
1653 1020 1753 1051 πάντα,
1765 1019 1824 1046 δια-

1038 1064 1165 1099 κέκριται
1192 1064 1220 1091 δὲ
1248 1065 1304 1096 τοῖς
1333 1065 1524 1099 ἀφοριστικοῖς
1551 1064 1668 1091 ἕκαστον
1698 1064 1822 1099 δηλονότι

1038 1108 1139 1141 λόγοις,
1154 1108 1178 1135 εί
1197 1109 1245 1135 καὶ
1270 1108 1309 1142 μὴ
1335 1108 1463 1134 πλεῖστον
1487 1108 1610 1142 ἀλλήλων
1632 1109 1789 1144 διέστηκεν,
1804 1109 1821 1144 ἢ

1040 1155 1086 1181 καὶ
1101 1154 1216 1189 θατέρου
1231 1154 1285 1181 τῶν
1298 1154 1428 1181 ἐναντίων
1445 1153 1547 1189 μᾶλλον
1568 1153 1695 1190 μετέχιιο
1711 1155 1751 1186 τίς
1767 1155 1822 1190 γὰρ

1040 1199 1176 1231 ἀντίθεσις
1189 1199 1287 1235 κιρῤοὖ
1307 1199 1377 1232 πρὸς
1399 1199 1515 1234 ἐρυθρὸν
1529 1199 1558 1226 ὲν
1573 1199 1611 1235 τῷ
1627 1199 1756 1235 χρώματι
1769 1199 1823 1236 (5),

1039 1247 1081 1278 τίς
1104 1246 1132 1273 δὲ
1160 1246 1243 1272 ἵππου
1271 1245 1340 1280 πρὸς
1358 1244 1422 1280 βοῦν
1447 1245 1476 1271 ὲν
1492 1245 1531 1279 τῷ
1545 1244 1624 1280 ζώῳς
1645 1246 1823 1282 ’ΔλλῚπειδὴ

1039 1293 1087 1319 τοῦ
1111 1291 1193 1319 αὑτοῦ
1215 1291 1342 1326 διῄρηται
1367 1290 1474 1324 γένους,
1499 1290 1618 1318 καθόσον
1645 1291 1694 1326 μὲν
1715 1292 1822 1321 ἐκείνου

1039 1335 1176 1370 διῄρηται,
1204 1333 1251 1361 τοῦ
1285 1333 1375 1360 κοινοῦ
1410 1334 1603 1369 διακέκριται·
1642 1335 1758 1364 καοόῖον
1794 1337 1823 1364 δὴ

1039 1381 1086 1407 καὶ
1102 1380 1141 1414 (4)
1155 1378 1281 1413 ἀλλήλοις
1295 1379 1495 1414 ἀντιδιῄρηται,
1512 1379 1560 1406 καὶ
1576 1379 1700 1414 ἀλλήλων
1717 1380 1819 1415 δήπου-

1039 1425 1086 1453 θεν
1103 1425 1274 1459 διακέκριται
1285 1425 1340 1455 τοῖς
1356 1424 1432 1455 ίδίοις
1447 1423 1548 1458 λόγοις,
1563 1424 1587 1451 ει
1605 1425 1651 1451 καὶ
1664 1425 1702 1461 μὴ
1717 1426 1822 1459 πάντας

1040 1472 1121 1508 ἡμεῖς
1133 1471 1289 1498 ἀποδιδόναι
1304 1471 1402 1506 ῥᾳδίως
1418 1470 1528 1506 ἔχομέν.
1542 1471 1599 1498 Οὐκ
1623 1472 1676 1508 ἄρα
1699 1472 1748 1507 τὴν
1773 1473 1822 1499 ἁν-

1041 1518 1142 1551 τίθεσιν
1157 1518 1292 1545 αἰτιατέον
1305 1517 1354 1551 τῆς
1370 1517 1534 1553 διακρίσεως
1546 1518 1602 1545 οὐδ’
1618 1519 1735 1545 ἐνταῦθα
1751 1518 1823 1552 (πῶς

1040 1565 1094 1599 γὰρ
1110 1564 1172 1599 ἥτις
1185 1564 1231 1590 ἐπὶ
1246 1564 1299 1590 τῶν
1313 1564 1449 1590 πλείστων
1463 1563 1520 1590 οὐδ’
1535 1564 1591 1600 ἔχει
1605 1564 1697 1600 χώραν
1709 1565 1740 1599 ς),
1754 1565 1822 1593 ἀλλά

1039 1610 1094 1645 πρὸ
1112 1610 1197 1644 αὐτῆς
1213 1610 1261 1644 τὴν
1283 1609 1428 1644 διαίρεσιν,
1441 1610 1503 1645 ητις
1527 1610 1581 1637 ἀπὸ
1606 1610 1653 1638 τοῦ
1679 1610 1764 1638 αὑτοῦ
1783 1610 1822 1646 (5)

1039 1657 1094 1688 τοῖς
1114 1656 1189 1687 ἰδίοις
1215 1656 1306 1690 λόγοις
1330 1657 1445 1683 ἕκαστον
1467 1657 1567 1691 διαιρεῖ
1583 1665 1590 1672 ’
1607 1657 1710 1691 ταύτην
1731 1657 1760 1684 δι
1775 1658 1822 1684 καὶ

1039 1702 1088 1736 τῆς
1103 1702 1265 1733 ἀντιθέσεως
1279 1702 1369 1728 αἰτίαν
1383 1701 1541 1728 ἀποδιδόναι
1558 1702 1726 1737 πανάληθες.
1741 1702 1823 1729 Ἀλλα

1040 1749 1087 1775 καὶ
1107 1747 1154 1775 ἐπὶ
1173 1747 1227 1774 τῶν
1247 1748 1356 1782 ἀτόμων
1370 1748 1384 1774 ὁ
1396 1747 1479 1779 αὐτὸς
1496 1748 1581 1781 δήπου
1595 1749 1644 1782 τῆς
1659 1748 1822 1782 διακρίσεως

1039 1794 1127 1828 λόγος.
1144 1794 1177 1821 Τί
1196 1793 1260 1828 γὰρ,
1279 1793 1303 1820 εί
1325 1793 1362 1828 μὴ
1374 1793 1488 1820 κάκεῖνα
1501 1792 1568 1828 ὕλης
1594 1794 1720 1828 μετέχεις
1737 1793 1764 1820 τί
1778 1794 1817 1826 δὲ,

1039 1840 1064 1867 εί
1078 1839 1139 1874 μηδ’
1155 1839 1290 1866 ἀντίθεσιν
1315 1839 1391 1866 ἐστιν
1415 1839 1505 1873 εὑρεῖν
1523 1839 1551 1864 ὲν
1567 1839 1677 1870 αὐτοῖςς
1692 1835 1765 1874 ’Λρα
1778 1839 1823 1865 διὰ

1039 1883 1112 1910 τοῦθ’
1137 1883 1204 1918 ἡμῖν
1227 1883 1371 1917 ἀδιάκριτα
1395 1883 1470 1910 ἔσται
1489 1883 1538 1910 καὶ
1555 1882 1584 1909 ἓν
1598 1883 1709 1918 ἀριθμῷ
1734 1885 1822 1910 πάντα

1039 1930 1202 1964 γενήσεται;
1219 1929 1288 1955 Πολύ
1306 1928 1332 1962 γ’
1346 1929 1379 1955 ἂν
1393 1928 1464 1955 οὕτω
1480 1928 1724 1964 τερατουργήσειιν
1739 1929 1755 1963 ἠ
1769 1929 1823 1955 τῶν

1040 1976 1162 2003 Λατίνων
1187 1974 1354 2009 τιχνολογία.
1374 1974 1444 2000 Ἀλλ’
1460 1975 1476 2009 ἡ
1491 1975 1544 2000 ἀπὸ
1565 1973 1613 2000 τοῦ
1638 1973 1721 2000 αὑτοῦ
1735 1973 1823 2005 εἴδους

1041 2022 1121 2048 κάκεῖ
1132 2021 1264 2056 διαίρεσις
1291 2021 1348 2051 τοῖς
1370 2019 1480 2050 οίκείοις
1508 2019 1624 2045 ἕκαστον
1653 2019 1823 2053 ἀφορίζουσα

1040 2067 1129 2101 λόγοις
1143 2067 1192 2101 τὴν
1207 2066 1341 2101 διάκρισιν
1352 2064 1548 2100 ἀπεργάζεται.
1562 2065 1593 2091 Εί
1605 2065 1634 2092 δὲ
1650 2065 1712 2096 τοὺς
1725 2063 1824 2098 λόγους

1041 2114 1122 2148 ἡμεῖς
1145 2111 1307 2146 ἀγνοοῦμεν,
1331 2110 1489 2145 θαυμαστὸν
1514 2110 1601 2142 οὐδὲν,
1623 2110 1692 2137 ὅπου
1716 2118 1749 2143 γι
1775 2110 1824 2136 καὶ

1041 2159 1094 2185 τῶν
1119 2158 1250 2184 πλειόνων
1274 2157 1352 2184 εἰδῶν
1377 2157 1440 2188 τοὺς
1461 2156 1558 2190 λόγους
1584 2156 1635 2182 οὐκ
1659 2156 1692 2182 ἂν
1714 2155 1824 2190 ἔχοιμεν

207 2203 327 2240 propriis
361 2203 515 2233 rationibus
546 2203 761 2238 unumquodque
786 2201 893 2228 dividit.
915 2199 987 2228 Hanc

1041 2203 1187 2230 ἀποδοῦναι
1217 2202 1332 2237 ῥαδίως·
1371 2202 1459 2228 ἐκεῖνό
1494 2211 1526 2236 γε
1556 2201 1609 2239 μὴν
1647 2200 1824 2236 ὡμολογημέ-

207 2256 273 2275 vero
303 2247 384 2274 ctiam
419 2247 603 2283 oppositionis
628 2254 738 2275 causam
770 2246 911 2280 assignare
944 2252 991 2272 ve-

207 2294 346 2321 rissimum
369 2297 422 2321 est.
448 2292 549 2320 Verum
580 2294 608 2327 in
633 2291 781 2320 individuis
804 2297 914 2325 quoque
944 2297 991 2317 ea-

206 2339 268 2366 dem
291 2339 477 2367 distinctionis
498 2343 540 2365 est
556 2339 638 2370 ratio.
666 2337 737 2370 Quid
754 2338 839 2369 enim,
856 2337 878 2363 si
896 2344 949 2363 non
963 2341 991 2363 ct

207 2385 253 2413 illa
283 2385 406 2412 materia:
435 2384 621 2420 participant?
648 2383 720 2419 Quid
746 2391 823 2416 vero,
850 2383 872 2410 si
901 2390 990 2417 neque

207 2431 410 2467 oppesitioncm
425 2432 452 2458 in
472 2431 541 2466 ipsis
559 2430 681 2466 reperire
700 2429 782 2457 licet?
800 2429 870 2459 Num
887 2428 990 2455 idcirco

207 2477 367 2505 indistincta
399 2477 480 2504 nobis
515 2481 598 2510 erunt
632 2480 714 2510 atque
750 2482 834 2501 unum
874 2481 990 2501 numero

206 2528 305 2551 cuncta
335 2523 474 2550 evadent?
503 2522 585 2549 Multa
603 2529 668 2550 sane
692 2522 742 2548 hoc
765 2524 847 2556 pacto
875 2519 990 2547 artiﬁcia

207 2569 412 2604 verborumque
426 2569 564 2603 lenocinia
583 2568 655 2603 apud
672 2567 787 2594 Latinos
807 2565 932 2601 prodigia
958 2572 990 2592 ac

208 2615 345 2642 mirabilia
373 2615 570 2650 producerent.
597 2613 701 2641 Verum
724 2617 753 2640 et
779 2612 816 2640 ibi
831 2611 931 2640 divisio
955 2611 989 2638 ab

243 2707 282 2741 (ι)
298 2707 373 2735 Mon.
384 2707 431 2739 ετ,
445 2706 496 2741 τῷ.

245 2739 284 2778 (‘2)
299 2743 343 2778 :l‘b.
353 2747 443 2778 omitt.
459 2739 534 2769 Mori.
547 2739 598 2778 αι.

244 2772 282 2813 (5)
299 2776 388 2813 Verba
403 2777 444 2813 τίς
454 2775 673 2813 γᾴρ-χρῴματι,
685 2782 744 2810 qua:
761 2775 789 2803 in
807 2773 881 2802 Mon.
894 2772 929 2801 27
945 2773 992 2802 de-

209 2811 285 2844 sunt,
298 2820 330 2839 ex
348 2811 420 2839 Non.
433 2811 485 2838 256
501 2811 701 2846 supplevimus.

245 2847 284 2884 μ)
303 2847 357 2874 Καὶ
372 2847 460 2876 omitt.
477 2846 549 2875 Mon.
566 2846 611 2874 Ἢ.

1041 2257 1086 2276 νον
1105 2249 1144 2284 (ϐ)
1161 2249 1243 2281 ἐστὶν,
1257 2249 1294 2280 ὼς
1311 2249 1364 2275 ἀπὸ
1378 2247 1425 2275 τοῦ
1442 2247 1526 2275 αὐτοῦ
1554 2248 1638 2274 πλείω
1655 2247 1800 2282 διῄρηνται
1813 2254 1822 2262 '

1041 2295 1120 2322 τοῦτο
1139 2295 1166 2322 δὲ
1183 2296 1312 2322 ἀδύνατον
1327 2293 1372 2331 ἦν,
1389 2295 1413 2321 εί
1435 2295 1473 2330 μὴ
1486 2294 1610 2329 ἀλλήλων
1621 2302 1650 2320 τε
1668 2293 1715 2320 καὶ
1729 2293 1776 2319 τοῦ
1792 2292 1820 2326 ἐξ

1041 2339 1072 2368 οὗ
1098 2341 1239 2377 διῄρηνται
1261 2341 1415 2376 διεκέκριτο
1448 2340 1497 2376 (7).
1525 2339 1669 2374 [ιροσεχῶς
1695 2339 1748 2373 ἄρα
1777 2338 1824 2365 καὶ

1042 2386 1157 2421 πρώτως
1181 2388 1197 2421 ἠ
1221 2386 1354 2421 διαίρεσις
1372 2385 1447 2413 αίτίσ.
1468 2387 1519 2420 τῆς
1536 2384 1709 2418 διακρίσεως.
1734 2384 1783 2418 οὐχ
1807 2383 1823 2418 ή

1042 2433 1091 2468 ὕλη
1107 2433 1123 2468 ἢ
1137 2434 1153 2468 ὴ
1178 2433 1216 2466 (8)
1231 2432 1365 2463 ἀντίθεσις
1377 2440 1384 2447 ·
1405 2431 1467 2457 οὔτε
1482 2431 1536 2466 γὰρ
1559 2431 1606 2456 ἐπὶ
1621 2429 1729 2456 πάντων
1741 2448 1749 2461 ,
1762 2428 1824 2456 οὒτε

1042 2479 1145 2512 κυρίως
1170 2475 1251 2504 αὗται
1276 2478 1425 2511 διακρίνειν
1446 2476 1604 2511 πεφύκασι·
1629 2475 1675 2503 καὶ
1700 2474 1754 2509 μὴν
1775 2474 1824 2500 καὶ

1042 2524 1108 2552 αὐτὸ
1135 2524 1254 2558 τοῦνομα
1283 2523 1413 2558 συγγενὲς
1443 2523 1459 2557 ἡ
1496 2521 1628 2556 διαίρεσις
1657 2521 1757 2555 ἔχουσα
1788 2520 1822 2553 τῇ

1042 2570 1175 2604 διακρίσει
1199 2569 1277 2604 δῆλον
1293 2570 1358 2604 ἡμῖν
1382 2568 1551 2601 καθίστησιν,
1566 2566 1603 2596 ὡς
1623 2565 1693 2598 αὑτὴ
1717 2564 1768 2598 τὴν
1781 2564 1823 2589 αι-

1043 2616 1102 2643 τίαν
1123 2616 1192 2650 αὐτῇ
1213 2615 1374 2650 παρέχεται,
1391 2613 1423 2640 Τί
1443 2612 1483 2639 ἔτι
1500 2613 1552 2647 τὴν
1577 2610 1632 2638 τῶν
1647 2611 1716 2646 sapic
1735 2618 1761 2636 τι
1780 2610 1825 2635 ἁν-

1080 2701 1120 2734 (5)
1138 2700 1253 2729 Videtur
1270 2701 1453 2735 supplendum
1472 2699 1579 2734 γένους.

1079 2737 1117 2771 (6)
1135 2737 1197 2763 Mon
1210 2737 1244 2763 2'1
1265 2737 1284 2763 ί.
1298 2736 1350 2763 259
1365 2736 1392 2767 ι›.
1408 2735 1622 2769 ὁμολογημένον.

1080 2772 1119 2803 (7)
1138 2772 1210 2798 Mon.
1220 2771 1273 2798 256
1285 2772 1304 2798 Ι.
1318 2771 1370 2798 500
1382 2778 1408 2802 a.
1419 2771 1599 2804 διεκέκριντο.

1080 2808 1116 2841 (8)
1136 2807 1167 2834 'll
1181 2807 1269 2834 omitt.
1291 2805 1361 2833 Mon.
1374 2805 1420 2833 27.
