1925 3056
177 128 228 161 199

861 133 1115 165 BESSABIONIS

1233 91 1250 103 ιθ

1748 137 1801 169 Ξίὶο

173 186 232 213 licet
248 186 394 221 difﬁsum
411 185 443 212 ab
464 185 588 219 invicem,
604 194 656 214 non
672 191 733 215 sunt
750 188 847 216 diversi
863 197 938 217 secuit

990 191 1065 226 ,γὰρ
1081 192 1202 225 σαρκῶν
1231 192 1280 219 καί
1306 194 1451 228 ποσότητι
1472 193 1522 220 καί
1549 194 1610 227 τοῖς
1640 195 1796 228 remorare.

171 231 235 257 dum
248 230 380 264 speciem;
395 237 459 256 nam
478 230 663 258 materialibus
679 233 848 267 pressionibus
864 234 897 260 ab
912 235 957 261 in-

170 277 252 303 vicem
277 276 412 311 differunt,
439 277 486 303 sed
515 285 567 304 non
595 278 738 306 secundum
768 280 900 308 rationem
932 285 956 308 et

170 322 355 357 differentium,
371 330 429 357 qua:
440 324 468 350 in
483 323 586 350 ratione
600 329 656 356 est;
674 324 737 359 quia
753 325 885 360 qualitate
898 334 957 353 car-

168 369 242 395 nium
271 373 294 396 et
316 370 470 403 quantitate
502 374 581 404 atque
621 369 661 397 his
696 371 835 399 similibus.
867 372 956 407 Atque

165 415 350 447 Themistius,
371 415 398 442 in
415 415 487 442 libro
509 415 548 442 De
566 416 657 443 anima
682 416 839 451 inquirens,
861 422 954 445 utrum

165 460 322 488 itttellectus
338 468 421 496 agens
440 469 511 488 unus
524 462 570 493 sit,
588 469 621 489 an
644 462 748 497 plures,
769 462 799 490 Si
821 464 899 491 mulli
916 472 955 491 es-

163 512 233 538 sent,
247 507 347 542 inquit,
361 507 430 534 unde
442 508 474 534 ab
488 509 597 535 invicem
607 508 746 543 differrent
757 509 813 543 ?,In
824 511 856 537 iis
871 507 952 544 enii‘n,

163 561 222 588 qua:
237 554 323 588 specie
339 553 431 580 eadem
452 557 524 586 sunt,
543 554 634 581 divisio
656 559 694 581 est
715 556 857 583 secundum
872 561 953 584 male-

164 600 245 625 riam.
258 600 346 633 Atque
360 607 393 626 ex
409 599 546 626 industria
563 604 603 627 tot
615 599 782 628 testimoniis
793 600 952 629 Aristotelis

162 651 189 672 et
205 645 444 672 Aristotelicorum
466 653 532 673 usus
545 653 618 679 sum,
637 646 701 681 quia
717 650 773 673 tum
792 649 950 675 Graecorum

163 697 220 719 tum
247 692 407 720 Latinorum
433 700 488 719 non
511 693 590 727 pauci
612 701 668 720 non
692 694 775 729 hujus
804 695 951 723 sententia:

162 743 236 766 sunt.
256 737 355 765 Verum
372 738 408 765 illi
426 740 536 773 quidem
555 739 637 766 aliter
658 745 815 769 statuentes
837 741 888 769 has
903 749 950 769 ra-

162 783 251 811 tiones
265 785 373 811 solvere
389 785 503 812 student
526 790 553 812 et
569 785 631 813 aliis
646 794 723 813 suam
741 787 864 822 ipsorum
883 795 948 815 sen-

161 830 274 857 tentiam
303 830 486 864 conﬁrmant;
511 835 539 858 tu
570 835 663 859 autem
679 840 735 859 non
763 833 854 860 solum
878 833 946 861 nihil

159 877 232 911 quod
256 877 299 904 his
326 884 449 912 opponas
475 876 591 909 habens,
609 878 657 905 sed
686 878 800 906 fortasse
827 886 860 906 ne
884 879 949 906 visis

156 923 269 958 quidem
279 930 369 958 neque
384 923 464 950 teetis
476 923 536 958 ejus
548 923 628 951 libris
644 923 747 952 frustra
759 924 948 960 temetiatigas

158 968 303 1003 pugnando
338 967 473 994 adversus
510 968 747 1002 sapientissimum
788 970 879 997 virum
919 975 948 997 et

157 1022 251 1042 revera
273 1013 453 1040 Aristotelicas
469 1013 574 1041 scholae
594 1021 783 1042 successorem
801 1015 944 1042 Thomam.

154 1059 186 1087 ln
218 1059 354 1086 sermonis
392 1057 572 1092 appendicem
607 1059 691 1086 etiam
722 1060 795 1087 circa
825 1061 944 1095 speciem

155 1105 279 1133 ostendis
297 1105 473 1140 temetipsum
492 1105 655 1134 mendacem
672 1111 701 1134 et
717 1106 866 1134 absurdam
886 1107 946 1141 opi-

155 1153 266 1179 nionem
283 1152 433 1185 loventem,
450 1151 515 1178 dum
532 1151 601 1179 dicis
616 1153 748 1187 operandi
764 1160 875 1180 causam
889 1161 942 1180 non

154 1206 216 1226 esse
231 1198 393 1233 corporibus
408 1198 539 1233 speciem.
557 1198 649 1231 Quare
661 1198 726 1234 quid
740 1199 857 1234 turpius,
876 1199 942 1234 quid

153 1244 330 1279 insipientius
345 1244 404 1271 lteri
423 1244 534 1279 possit?
548 1244 583 1272 Et
596 1245 666 1272 ratio
683 1249 728 1272 tua
740 1250 792 1277 est,
809 1245 882 1280 quod
898 1253 940 1273 se-

150 1291 271 1318 cundum
286 1298 314 1318 se
324 1291 429 1325 absque
443 1291 603 1325 operatione
617 1291 737 1326 speciem
750 1298 811 1318 esse
827 1293 938 1320 asseris.

150 1336 260 1363 Atenim
275 1336 297 1362 si
311 1335 422 1370 quidem
436 1335 470 1363 de
497 1335 660 1370 quibusdam
673 1340 701 1363 et
718 1336 752 1363 de
775 1337 809 1364 iis
835 1330 940 1372 specie-

150 1382 213 1413 bus,
229 1388 289 1416 quae
302 1388 366 1408 cum
388 1381 503 1408 materia
524 1389 657 1409 connexa:
677 1386 751 1415 sunt,
769 1383 795 1409 id
811 1383 937 1418 dixisses,

148 1428 282 1455 rationem
301 1426 449 1462 quamdam
466 1427 493 1454 id
512 1427 643 1460 haberet;
665 1435 738 1455 nunc
754 1434 857 1463 autent,
872 1430 936 1457 dum

148 1473 311 1508 simpliciter
333 1473 368 1501 de
393 1474 470 1501 omni
491 1474 582 1508 specie
608 1474 694 1502 verba
715 1475 792 1508 iacis,
817 1484 884 1504 cave
903 1485 937 1505 ne

1011 238 1066 264 Καὶ
1079 238 1224 274 Θεμίστιος
1236 239 1263 266 δὲ
1281 241 1308 265 ὲν
1323 239 1361 275 τῷ
1377 240 1441 275 περὶ
1464 239 1552 275 ψυχῆς
1580 240 1682 275 ζητῶν,
1703 242 1726 268 εί
1759 238 1797 273 εἷς

1008 284 1022 310 ὀ
1035 284 1176 319 ποιητικὸς
1188 283 1251 315 νοῦς
1267 285 1282 319 ἢ
1297 284 1392 317 πλείω,
1408 285 1443 312 El
1460 285 1583 318 πολλοὶ,
1613 286 1706 320 φησὶν,
1724 284 1796 318 εἶεν,

1007 330 1100 357 πόθεν
1114 330 1261 365 ἀλλήλων
1277 331 1474 363 διοίσουσιν;
1495 331 1561 358 Ἐπὶ
1583 331 1638 367 γὰρ
1660 331 1795 359 τῶν”ιιὺ-
1841 340 1844 343 ·

1006 376 1066 404 τῶν
1089 376 1130 409 τῷ
1144 377 1216 404 εῖδει
1230 378 1304 405 κατὰ
1319 378 1377 412 τὴν
1409 378 1491 412 ὕλην
1515 379 1531 405 d
1549 380 1705 413 μερισμός.
1742 380 1795 405 Καὶ

1005 423 1132 458 ἐπίτηδες
1152 424 1298 456 τοσαύταις
1319 424 1521 460 Ἀριστοτέλους
1539 425 1585 451 καὶ
1600 425 1654 451 τῶν
1675 426 1796 459 Ἀριστο-

1003 468 1120 494 τελικῶν
1134 469 1297 505 ἐχρησάμην
1314 471 1491 505 μαρτυρίαις,
1509 471 1611 497 arma).
1625 471 1679 497 τῶν
1701 471 1795 505 Ἑλλή-

1004 523 1057 542 νων
1071 516 1118 542 καὶ
1146 516 1201 542 τῶν
1226 517 1350 543 Λατίνων
1369 517 1418 543 οὐκ
1446 517 1531 551 ὀλίγοι
1558 517 1589 544 οὒ
1614 517 1717 551 ταύτης
1745 517 1794 551 τῆς

1002 559 1080 598 δόξης
1097 563 1176 591 εἰσιν.
1198 562 1267 590 Ἀλλ’
1280 563 1379 590 ἐκεῖνοι
1395 563 1444 598 μὲν
1471 563 1558 596 ἄλλως
1572 564 1708 599 τιθέμενοι
1731 565 1794 590 τού-

1001 617 1064 640 τους
1079 619 1108 635 τε
1126 610 1190 642 τοὺς
1214 610 1311 644 λόγους
1331 611 1406 638 λύειν
1433 611 1604 646 ἐπιχειροῦσι
1629 611 1676 638 καὶ
1702 611 1792 643 ἄλλοις

1001 655 1050 691 τὴν
1065 656 1172 684 ἑαυτῶν
1188 657 1334 685 συνιστῶσι
1346 657 1427 689 δόξαν
1443 666 1450 673 ·
1474 658 1506 684 σὺ
1523 657 1552 683 δὲ
1566 657 1596 683 οὐ
1612 657 1692 692 μόνον
1716 658 1792 684 οὐδὲν

1001 701 1070 735 πρὸς
1087 700 1173 728 ταῦτα
1196 702 1335 729 ἀντειπεῖν
1359 702 1441 738 ἔχων,
1463 703 1522 730 ἀλλ’
1544 704 1610 734 ἴσως
1636 704 1698 730 οὐδὲ
1727 704 1789 730 ίδών

1001 756 1065 774 ποτε
1081 748 1141 774 οὐδὲ
1157 748 1291 783 ἀναγνοὺς
1307 748 1370 785 εικῆ
1386 749 1563 785 κατατρίϐεις
1581 750 1692 783 σαυτὸν,
1711 750 1789 784 ἀνδρὶ

1000 795 1150 830 σοφωτάτῳ
1164 795 1318 830 μαχόμενος
1333 795 1372 830 τῷ
1392 795 1477 831 Θωμᾷ
1501 797 1549 822 καὶ
1563 796 1611 830 τῆς
1635 796 1788 831 Ἀριστοτε-

999 841 1079 877 λικῆς
1099 842 1198 877 σχολῆς
1213 842 1253 878 τῷ
1282 842 1338 869 ὄντι
1372 842 1496 878 διαδόχῳ.
1535 842 1579 874 Ὠς
1597 843 1635 878 (Ι)
1651 843 1789 879 πάρεργον

999 886 1047 913 τοῦ
1071 887 1152 921 λόγου
1184 888 1232 914 καὶ
1255 887 1321 922 περὶ
1346 887 1393 914 τοῦ
1415 888 1502 919 εἴδους
1531 888 1664 919 δεικνύεις
1690 888 1788 914 σαυτὸν

999 933 1084 969 ψευδῆ
1097 942 1127 961 τε
1155 935 1200 961 καὶ
1225 934 1328 962 ἄτοπον
1351 934 1448 969 ἔχοντα
1472 935 1564 968 δόξαν,
1592 935 1640 962 τοῦ
1663 936 1787 969 ἐνεργεῖν

999 982 1037 1016 μὴ
1051 981 1081 1008 τὸ
1112 979 1182 1013 sibe:
1215 981 1329 1016 φάσκων
1349 981 1434 1008 αῐτιον
1463 984 1519 1013 τοῖς
1550 981 1674 1017 σώμασιν
1704 979 1783 1009 εἶναι.

998 1024 1035 1054 Οὗ
1048 1028 1073 1054 τί
1095 1027 1144 1061 μὲν
1159 1028 1276 1064 αἴσχιον,
1304 1028 1331 1055 τί
1362 1028 1385 1054 δ’
1407 1029 1584 1064 ἀνοητότερον
1606 1027 1704 1062 γένοιτ’
1731 1029 1784 1061 ᾰνς

996 1074 1077 1101 Καὶὸ
1093 1074 1182 1109 λόγος,
1197 1076 1238 1102 ὃτι
1262 1075 1323 1103 καθ’
1343 1076 1409 1102 αὐτὸ
1437 1076 1489 1112 φῂς
1506 1076 1535 1102 τὸ
1548 1074 1618 1107 εἶδός
1633 1076 1707 1102 ἐστιν
1722 1076 1785 1102 ἀνε-

995 1120 1136 1155 νέργητον.
1152 1121 1207 1148 Καὶ
1223 1122 1247 1148 εί
1264 1121 1314 1156 μὲν
1332 1122 1378 1148 ἐπί
1393 1130 1474 1148 τινων
1500 1122 1546 1148 καὶ
1570 1122 1624 1148 τῶν
1645 1122 1695 1158 τῆς
1718 1122 1785 1157 ὕλης

994 1167 1157 1204 ἠρτημένων
1171 1168 1250 1195 εἱδῶν
1266 1168 1339 1194 τοῦτ’
1365 1167 1484 1201 ἔφασκες
1499 1168 1549 1204 (2),
1577 1166 1699 1204 εἷχεν“ἇν
1722 1177 1783 1195 τινα

993 1213 1072 1246 λόγον
1087 1220 1093 1228 ·
1111 1213 1159 1240 νῦν
1176 1213 1200 1240 δ’
1214 1213 1310 1245 ἁπλῶς
1327 1214 1372 1240 ἐπὶ
1390 1214 1489 1246 παντὸς
1513 1214 1600 1246 εἴδους
1631 1214 1676 1241 τὸν
1701 1213 1781 1248 λόγον

993 1259 1155 1294 ποιούμενος
1175 1259 1236 1295 ὅρα,
1261 1259 1298 1295 μὴ
1330 1260 1380 1295 τὴν
1397 1259 1496 1287 σαυτοῦ
1519 1260 1610 1295 ψυχὴν
1643 1260 1781 1292 παντελῶς

991 1305 1171 1341 ἁνενέργητον
1180 1306 1260 1341 ποιῇς
1276 1306 1345 1340 μετὰ
1357 1307 1402 1333 τὸν
1417 1306 1470 1332 ἀπὸ
1487 1306 1533 1333 τοῦ
1545 1305 1669 1341 σώματος
1696 1306 1781 1341 αὐτῆς

990 1351 1141 1388 χωρισμόν.
1157 1352 1255 1379 Καίτοι
1271 1352 1361 1379 καὶτὸ
1379 1352 1531 1388 ἀχώριστον
1555 1352 1628 1386 εἶδος
1654 1351 1671 1392 ᾖ
1697 1352 1778 1386 εἶδος,

990 1399 1057 1425 αὐτό
1074 1406 1104 1425 τε
1127 1398 1177 1434 τῆς
1195 1399 1338 1434 ἐνεργείας
1371 1399 1444 1435 ἀρχὴ
1475 1400 1522 1427 καὶ
1549 1401 1633 1434 αἰτία,
1664 1402 1709 1428 καὶ
1740 1403 1779 1437 τῷ

990 1445 1112 1481 crquier
1122 1446 1170 1473 τοῦ
1184 1446 1307 1481 ἐνεργεῖν
1322 1445 1409 1473 αῐτιον
1426 1447 1493 1473 πᾶσι
1511 1448 1585 1474 δοκεῖ
1601 1449 1657 1480 τοῖς
1674 1450 1777 1483 σοφοῖς.

990 1491 1125 1518 ’Έκαστον
1142 1491 1196 1527 γὰρ
1208 1492 1266 1518 ἐστι
1280 1493 1350 1519 κατὰ
1366 1494 1396 1519 τδ
1410 1492 1480 1525 εἶδος
1499 1502 1507 1510 ·
1529 1494 1590 1521 καθ’
1616 1494 1630 1521 ὃ
1654 1494 1677 1522 δ’
1705 1497 1777 1523 ἔστιν

151 1525 226 1547 luant
257 1520 344 1554 ipsius
378 1520 497 1547 animam
530 1520 605 1547 omni
637 1528 750 1556 prorsus
777 1524 936 1557 operatione

990 1537 1114 1570 ἕκαστον,
1135 1520 1204 1564 κατὰ
1220 1537 1299 1564 τοῦτο
1317 1539 1363 1565 καὶ
1379 1520 1495 1574 ἐνεργεῖ.
1593 1520 1687 1568 τουτου

148 1566 308 1594 destitutam
324 1566 410 1593 factas
431 1570 493 1601 post
514 1566 601 1600 ipsius
613 1574 628 1594 ι
647 1574 766 1602 corpore
783 1570 936 1603 separatio-

147 1620 223 1640 ncm.
239 1612 403 1647 Quanquam
414 1616 442 1639 et
458 1612 651 1647 inseparabilis
665 1614 783 1648 species,
798 1620 936 1650 quatenus

146 1659 265 1694 species,
285 1657 344 1693 ipsa
366 1657 536 1692 operationis
550 1658 720 1693 principium
746 1663 774 1687 et
800 1668 883 1688 causa
907 1665 935 1688 et

146 1705 300 1740 composito
310 1711 393 1732 causa
408 1704 543 1739 operandi
556 1705 686 1733 omnibus
700 1705 811 1733 videtur
824 1707 934 1742 sapien-

147 1751 231 1778 tibus.
247 1750 316 1777 Nam
336 1749 480 1784 quodlibet
502 1755 545 1777 est
561 1751 716 1779 secundum
741 1753 878 1788 speciem;
896 1760 935 1781 se-

147 1795 268 1822 cundum
297 1795 371 1828 quod
405 1798 497 1822 autem
524 1795 670 1830 quodlibet
700 1800 753 1830 est,
781 1799 932 1827 secundum

139 1842 200 1871 hoc
217 1845 245 1868 et
262 1845 404 1875 operatur.
421 1840 507 1876 Cujus
528 1842 568 1869 rei
581 1843 667 1870 multa
692 1848 758 1871 sunt
775 1845 933 1873 testimonia

146 1892 201 1914 lum
218 1887 341 1915 Platonis
356 1890 385 1915 et
402 1887 509 1916 Platoni
523 1888 735 1923 adhaerentium,
750 1893 808 1917 tum
823 1891 932 1918 Aristo-

147 1934 209 1961 telis
224 1938 253 1961 et
273 1933 525 1967 Aristotelicorum,
541 1934 588 1969 qui
611 1935 705 1963 dicunt
728 1936 849 1970 speciem
876 1936 932 1964 for-

100 2005 102 2012 ,
146 1987 232 2013 mare,
262 1987 361 2007 ornare
387 1984 416 2007 et
441 1980 628 2009 determinsre
660 1982 815 2015 materiam,
849 1987 932 2018 atque

146 2026 246 2062 speciei
259 2026 403 2053 materiam
421 2031 515 2061 utpote
530 2027 656 2054 nocivam
671 2028 813 2064 cujusdam
828 2029 868 2057 rei
882 2036 931 2065 ap-

145 2073 233 2108 petitu
250 2074 336 2101 teneri
351 2078 379 2101 et
391 2081 561 2108 quaecunque
577 2073 620 2101 his
643 2078 708 2101 sunt
728 2075 838 2103 similia.
859 2076 932 2109 Quo-

142 2128 201 2147 rum
217 2120 320 2148 nullius
340 2121 503 2148 recordatus
525 2120 594 2148 adeo
611 2120 760 2148 absurdam
780 2121 815 2149 de
835 2122 928 2157 specie

140 2167 255 2194 emisisti
270 2174 382 2199 vocem,
396 2171 423 2193 et
439 2166 612 2193 concludens
625 2173 715 2201 neque
731 2167 852 2202 speciem
862 2175 928 2202 ope-

141 2213 219 2240 randi
244 2220 332 2247 neque
357 2213 500 2240 materiam
528 2212 714 2240 distinctionis
732 2219 843 2240 causam
867 2220 928 2241 esse
943 2207 966 2234 Β

139 2260 236 2292 edicis,
256 2259 301 2286 sed
314 2259 476 2286 divisionem
494 2260 647 2287 secundum
658 2259 812 2292 materiam,
834 2260 927 2288 nescio

139 2305 204 2340 quid
218 2305 374 2340 intelligens
385 2305 456 2332 hanc
473 2306 626 2333 secundum
651 2306 796 2340 materiam
816 2305 928 2333 divisio-

139 2359 213 2386 nem,
226 2351 263 2378 ita
279 2351 388 2378 insolita
399 2351 583 2386 philosophia
598 2352 682 2379 verba
698 2359 730 2378 ac
745 2352 845 2386 placita
861 2358 926 2387 pro-

138 2398 275 2432 loqueris,
297 2397 483 2424 distinctionis
494 2397 700 2425 distinctionem
719 2404 847 2424 asserens
861 2404 926 2424 cau-

138 2451 196 2471 sam
216 2450 245 2471 et
261 2444 349 2479 ipsum
374 2444 415 2471 sui
432 2443 528 2478 ipsius.
555 2442 663 2471 Etenim
679 2447 707 2470 et
731 2443 925 2478 progrediente

138 2491 369 2517 sertitocinatione
387 2490 491 2517 diserte
504 2489 669 2517 divisionem
691 2496 802 2516 causam
823 2489 923 2517 distin-

137 2535 238 2563 ctionis
251 2543 313 2563 esse
327 2535 509 2570 pronuntias;
531 2534 581 2563 sed
595 2535 694 2562 divisio
703 2534 774 2562 nihil
791 2535 867 2563 aliud
880 2540 924 2563 est

137 2587 220 2615 quam
232 2580 389 2613 distinctio;
407 2586 474 2614 ergo
485 2579 637 2607 secundum
650 2583 676 2607 te
686 2578 828 2607 distinctio
839 2586 922 2608 causa

138 2626 324 2653 distinctionis
332 2630 376 2653 est
391 2629 420 2653 et
442 2625 531 2660 ipsum
545 2625 588 2653 sui
599 2624 697 2660 ipsius.
711 2625 812 2654 Erecto
824 2625 919 2661 igitur,

138 2677 168 2700 ut
177 2672 310 2707 opinaris,
318 2675 413 2698 contra
423 2670 589 2698 materialem
599 2671 805 2700 distinctionem
819 2677 923 2707 tropao

137 2718 221 2746 etiam
244 2718 279 2745 ad
308 2716 512 2745 distinctionem
536 2717 691 2746 secundum
714 2719 918 2754 oppositionem

170 2788 213 2823 (I)
225 2786 299 2823 μοι).
314 2787 332 2814 ί.
347 2786 400 2815 ΞΗ
417 2795 444 2821 a,
459 2788 497 2820 ὃς.

169 2823 209 2858 {2)
222 2822 295 2858 Mori.
311 2823 441 2857 ἔφασκεν.

171 2856 210 2893 (5)
225 2857 297 2885 lllon.
317 2856 337 2886 ίζ
354 2858 406 2886 242
424 2867 450 2893 a,
467 2856 581 2896 ἦθείου.

987 1581 1031 1607 λαὶ
1044 1581 1094 1616 μὲν
1106 1581 1250 1613 Πλάτωνος
1265 1582 1377 1609 καὶτῶν
1397 1584 1521 1611 Πλάτωνι
1537 1585 1690 1621 ἑπομένων,
1710 1588 1776 1615 πολ-

986 1625 1031 1652 λαὶ
1046 1626 1070 1652 δ’
1092 1626 1295 1662 Ἀριστοτέλους
1327 1628 1374 1654 καὶ
1389 1628 1453 1655 τῶνν
1469 1630 1694 1665 Ἀριστοτελικῶν
1721 1634 1775 1660 είσι

988 1671 1148 1707 μαρτυρίαι,
1167 1672 1198 1698 τὸ
1224 1669 1294 1704 εἶδος
1319 1673 1428 1700 τάττειν
1459 1683 1488 1702 τε
1515 1676 1563 1703 καὶ
1584 1680 1697 1713 κοσμεῖν
1727 1681 1773 1706 καὶ

985 1717 1088 1752 ὁρίζειν
1107 1717 1157 1753 τὴν
1173 1717 1240 1754 ὓλην
1258 1719 1429 1754 φασκόντων
1444 1722 1492 1749 καὶ
1521 1722 1571 1758 τὴν
1597 1723 1663 1760 ὓλην
1689 1726 1773 1752 αὐτοῦ

985 1763 1033 1790 ἅτε
1048 1764 1195 1790 κακοποιὸν
1212 1764 1304 1800 ἡθείου
1324 1766 1363 1801 (5)
1375 1767 1448 1799 τινὸς
1476 1768 1612 1803 ἐφίεσθαι,
1647 1773 1694 1798 καὶ
1723 1772 1772 1799 ὅσα

984 1808 1089 1842 τούτοις
1126 1810 1216 1845 ὃμοια.
1251 1808 1301 1839 Ὧν
1338 1813 1445 1846 οὐδενὸς
1474 1814 1556 1847 αὐτὸς
1587 1815 1773 1854 ἀναμνησθεὶς

984 1855 1070 1887 οὕτως
1081 1855 1182 1882 ἄτοπον
1200 1857 1263 1892 περὶ
1276 1857 1323 1884 τοῦ
1355 1859 1442 1892 εἴδους
1468 1861 1578 1897 ἀφῆκας
1597 1864 1700 1900 φωνὴν,
1725 1868 1772 1893 καὶ

985 1902 1236 1938 συμπεραινόμενος
1248 1903 1310 1930 οὔτε
1334 1905 1364 1932 τὺ
1390 1904 1460 1939 εἶδος
1474 1907 1520 1934 τοῦ
1549 1909 1670 1945 ἐνεργεῖν
1685 1913 1771 1939 αἴτιον

984 1948 1048 1984 φῂς,
1059 1947 1120 1975 οὒτε
1135 1949 1184 1984 τὴν
1200 1949 1266 1985 ὓλην
1282 1951 1331 1986 τῆς
1349 1951 1523 1988 διακρίσεως,
1542 1954 1610 1981 ἀλλὰ
1634 1957 1684 1992 τὴν
1700 1959 1770 1985 κατὰ

982 1994 1031 2029 τὴν
1047 1994 1114 2029 ὓλην
1128 1994 1271 2030 διαίρεσιν,
1296 1997 1346 2023 οὐκ
1374 1996 1443 2032 οἴδα,
1470 1999 1497 2026 τί
1526 2002 1598 2028 κατὰ
1627 2003 1677 2038 τὴν
1705 2003 1771 2039 ὓλην

981 2040 1113 2076 διαίρεσιν
1128 2041 1207 2075 νοῶν,
1220 2041 1305 2074 οὕτως
1322 2043 1360 2079 (4)
1374 2044 1462 2080 dijqu
1477 2046 1623 2084 φιλοσοφίᾳ
1658 2050 1771 2085 ῥήματά

980 2094 1011 2112 τε
1026 2087 1073 2113 καὶ
1084 2087 1210 2132 δόγματα
1229 2089 1349 2125 φθέγγῃ,
1363 2090 1501 2126 διάκρισιν
1531 2093 1694 2129 διακρίσεως
1719 2098 1771 2132 φά-

981 2140 1055 2158 σκων
1069 2131 1138 2159 εῐναι
1166 2133 1257 2160 αἰτίαν
1283 2135 1331 2161 καὶ
1355 2136 1421 2163 αὐτὸ
1451 2138 1547 2165 ἑαυτοῦ
1564 2140 1615 2175 (5).
1633 2141 1689 2169 Καὶ
1715 2131 1769 2179 γὰρ

981 2178 1029 2204 καὶ
1054 2178 1156 2213 προῖὼν
1176 2179 1230 2214 φῂς
1258 2181 1419 2217 διαρρήδην,
1443 2183 1493 2219 τὴν
1524 2185 1656 2222 διαίρεσιν
1679 2178 1769 2217 αίτίαν

983 2222 1031 2257 τῆς
1046 2223 1208 2259 διακρίσεως
1223 2222 1293 2252 εἶναι
1310 2234 1317 2242 ·
1335 2226 1468 2264 διαίρεσις
1483 2230 1511 2256 δὲ
1527 2231 1604 2258 οὐδὲν
1618 2232 1683 2260 ἄλλο
1696 2236 1768 2263 ἐστὶν
1781 2246 1785 2248 ·

981 2268 998 2304 ἢ
1016 2269 1152 2304 διάκρισις
1171 2277 1178 2285 ·
1194 2269 1264 2298 ὥστε
1279 2271 1415 2308 διάκρισις
1431 2275 1506 2302 αίτία
1523 2277 1594 2304 κατὰ
1615 2279 1644 2305 σὲ
1658 2279 1764 2316 διακρί-

981 2323 1050 2354 σεως
1061 2315 1108 2341 καὶ
1127 2316 1193 2343 αὐτὸ
1203 2317 1299 2345 αὐτοῦ.
1319 2319 1427 2354 Στήσας
1443 2321 1476 2355 δ’,
1493 2322 1530 2354 ὡς
1542 2323 1603 2356 olet,
1632 2326 1704 2353 κατὰ
1717 2315 1766 2362 τῆς

981 2360 1076 2396 ὑλικῆς
1093 2361 1257 2397 διακρίσεως
1268 2365 1411 2399 τρόπαιον,
1441 2368 1486 2394 καὶ
1503 2369 1549 2395 ἐπὶ
1564 2370 1614 2405 τὴν
1642 2372 1702 2398 κατ’
1715 2360 1763 2400 ἀν-

978 2406 1081 2433 τίθεσιν
1091 2407 1230 2442 διάκρισιν
1243 2410 1312 2443 μετὰ
1330 2411 1447 2446 σοϐαροῦ
1459 2415 1556 2448 χωρεῖς
1571 2414 1608 2450 (6)
1625 2416 1672 2442 τοῦ
1697 2426 1764 2452 φρο-

979 2452 1107 2486 νήματος,
1143 2453 1210 2490 μηδὲ
1233 2453 1336 2492 ταύτην
1357 2457 1510 2491 ἀναγκαίαν
1536 2457 1605 2488 εἶναι
1627 2462 1763 2490 δεικνύναι

979 2497 1159 2533 πειρώμενος,
1171 2500 1196 2526 εί
1211 2501 1258 2527 καὶ
1282 2501 1320 2537 μὴ
1337 2502 1403 2538 δύνῃ
1420 2511 1426 2518 ·
1455 2505 1484 2530 ἐν
1556 2508 1620 2541 περὶ
1650 2508 1701 2543 μὲν
1725 2507 1763 2536 ὦν

978 2543 1068 2570 ἄλλων
1083 2543 1147 2580 φῂς,
1162 2545 1292 2581 Κυδώνης
1303 2547 1354 2583 ἤδη
1369 2548 1476 2582 φθάσας
1509 2551 1578 2586 θιρδς
1603 2553 1763 2581 Κασασίλαν

977 2589 1098 2622 ἀντεῖπε,
1129 2591 1177 2617 καὶ
1203 2591 1265 2618 λίαν
1278 2592 1378 2625 ίκανῶς
1408 2593 1476 2629 πρὸς
1504 2597 1595 2624 ἐκεῖνα
1625 2598 1673 2626 οὖν
1699 2601 1762 2632 τοὺς

976 2634 1115 2669 ἀκροατὰς
1138 2637 1350 2673 ἁναπέμπομεν.
1368 2640 1417 2667 Ἐν
1446 2641 1475 2668 δέ
1500 2650 1547 2668 σου
1573 2644 1688 2672 ἐνταῦθα
1713 2647 1760 2673 καὶ

977 2681 1050 2716 μάλα
1063 2681 1207 2716 θαυμάζω,
1218 2683 1263 2710 ’δτι
1275 2685 1309 2711 τά
1318 2693 1400 2713 τινων
1414 2687 1543 2715 ἐναντίων
1576 2691 1647 2724 μέσα
1677 2691 1762 2727 ἀλλή-

974 2725 1028 2753 λων
1042 2727 1236 2762 διακρινόμενα
1250 2729 1289 2766 μὴ
1299 2731 1368 2758 κατὰ
1383 2732 1432 2767 τὴν
1447 2734 1506 2760 κατ’
1528 2735 1637 2762 ἐναντία
1652 2725 1759 2764 ἀντίθε-

1010 2792 1049 2825 (4)
1066 2790 1138 2818 Μοη.
1151 2792 1249 2824 οὕτως.

1013 2827 1050 2859 (5)
1068 2826 1115 2854 Sic
1131 2827 1227 2858 Marc..
1248 2828 1321 2858 Mon.
1341 2829 1422 2857 αὺὲόο
1456 2830 1550 2858 αὐτοῦ.

1011 2863 1048 2895 (ϐ)
1065 2861 1135 2888 Μοιι.
1151 2865 1245 2897 χωρίς.
