1925 3056
126 165 189 196 205-

640 168 863 199 REFUTATIO
874 146 1000 198 ἰιιΑιιρι
1021 165 1219 196 EPHESlNL

1391 129 1423 137 ,..

1693 161 1753 193 206⁷

125 221 207 248 αὐτὸν
223 223 324 258 τρόπον
339 223 399 250 οὐδὲ
416 222 485 258 πρὸς
500 223 549 260 τὴν
564 224 686 260 ἀλλήλων
703 225 821 261 ὕπαρξιν
837 225 913 252 οὐδὲν

976 222 1117 250 ccundum
1133 222 1263 250 eumdem
1281 221 1399 249 modum
1408 228 1499 256 neque
1513 218 1547 247 ad
1563 224 1650 247 'suatn
1677 225 1751 253 Ipso-

125 269 200 304 αὐτῷ
220 268 382 296 συντιλέσει.
400 269 463 296 Οὕτ*
479 271 534 305 ἄρα
550 270 589 305 τῷ
610 272 698 306 Πατρὶ
719 272 856 298 συναίτιον
873 271 914 302 εἰς

125 314 175 349 τὴν
195 314 241 340 τοῦ
262 314 326 341 Υἱοῦ
347 316 475 350 γέννησιν
494 316 524 343 τὸ
545 317 657 352 Πνεῦμα
676 317 705 344 τὸ
726 317 813 352 ἅγιον,
831 317 888 344 οὗθ’
901 318 916 344 ὁ

127 359 192 392 Tib;
207 360 245 395 τῷ
261 362 348 397 Πατρὶ
365 363 434 397 πρὸς
450 363 562 398 τὴνητοῦ
580 364 739 399 Πνεύματος
757 365 894 400 προϐολήν
905 372 913 380 ·

128 408 237 442 πλήρης
257 408 310 442 γὰρ
329 409 346 443 ἠ
366 409 513 445 γεννητικὴ
532 409 579 437 καὶ
599 411 770 445 προδλητικὴ
788 411 915 445 ινέργεια

127 455 174 481 καὶ
192 454 244 489 μία
259 455 326 489 παρ’
341 455 399 486 ἑνὸς
418 455 538 490 ἑκατέρα
556 456 625 491 πρὸς
641 456 690 491 τὴν
708 457 766 488 ἑνὸς
785 456 915 492 ὓπαρξιν.

337 599 405 626 ΤΟΥ
424 599 534 627 ΣΟΦΟΥ
554 600 707 628 ΝΙΚΑΙΑΣ.

165 654 215 680 Διὰ
232 654 257 680 τί
272 654 311 687 δὲ,
327 654 351 680 sl
368 655 405 690 μὴ
421 655 489 690 πρδς
502 656 551 690 τὴν
566 655 671 683 ἑαυτῶν
688 655 807 692 ὓπαρξιν
822 665 918 684 συντε-

128 701 171 728 λετ
183 711 208 728 τι
223 701 262 737 τῷ
275 702 364 737 [la-rp).
377 702 415 738 (l)
428 704 463 729 τὰ
478 703 537 730 θεῖα
552 703 699 738 πρόσωπα,
712 704 772 731 οὐδὲ
788 705 856 739 πρὸς
868 705 918 740 τὴν

128 747 243 781 θατέρου
267 747 381 783 θάτερον
405 749 496 775 αὐτῶν
523 749 695 783 συντελέσει;
720 750 806 776 Πόθεν
831 751 846 785 ή
870 750 917 776 τοῦ

126 791 206 826 λόγου
232 792 301 828 αὕτη
325 794 433 829 ἀνάγκη
458 794 574 829 Exstat;
599 796 687 830 Καινή
711 804 753 827 τις
777 795 846 830 αῦτη
872 796 918 822 καὶ

127 838 251 873 θεολογία
272 839 319 866 καὶ
341 840 485 874 φιλοσοφία
506 842 591 873 ἐστὶν,
610 841 647 873 ὡς
669 842 695 868 εἴ
713 851 739 868 τι
760 842 858 869 ἑαυτοῦ
881 841 918 878 μὴ

967 275 1027 295 rum
1043 267 1229 295 exsistentiam
1247 267 1370 295 vicissim
1397 266 1502 302 aliquid
1520 265 1569 300 ipsi
1597 264 1751 295 conferent.

966 315 1003 342 ita
1019 318 1049 341 ut
1064 314 1152 341 altera
1170 314 1286 341 alteram
1304 313 1449 348 producat.
1475 313 1571 348 Neque
1595 311 1678 346 igitur
1704 312 1753 338 Pa-

968 361 1002 388 tri
1027 360 1061 387 ad
1092 360 1154 387 Filii
1179 360 1385 395 generationem
1411 366 1544 386 concausa
1568 363 1608 385 est
1634 357 1753 391 Spiritus

967 411 1090 438 sanctus,
1107 413 1194 440 neque
1209 405 1294 432 Filius
1310 405 1385 432 Patri
1402 404 1435 431 ad
1451 404 1569 438 Spiritus
1578 403 1665 430 sancti
1683 410 1745 436 pro-

968 452 1138 480 ductionem.
1158 451 1241 479 Pleua
1257 452 1331 478 enim
1351 456 1394 478 est
1418 449 1577 486 generativa
1602 452 1629 476 et
1652 448 1754 482 produ-

970 499 1040 526 ctiva
1055 499 1181 533 operatio
1201 503 1226 526 el
1245 505 1299 525 una
1320 498 1354 525 ab
1378 504 1434 524 uno
1460 500 1580 530 utraQue
1609 494 1644 521 ad
1674 494 1756 520 unius

968 544 1169 572 exsisteutiam.

1195 583 1528 630 sanemus-utemur.

1004 662 1060 689 Cur
1076 668 1178 694 autem,
1195 661 1217 689 si
1232 661 1301 688 nihil
1321 661 1354 687 ad
1372 668 1450 689 suam
1469 658 1661 688 exsistentiam
1686 665 1755 686 con-

969 707 1063 735 ferunt
1082 708 1155 735 Patri
1173 707 1272 734 divinae
1288 714 1431 741 personae,
1446 714 1538 741 neque
1553 706 1639 732 altera
1657 712 1753 733 earum

970 753 1003 780 ad
1013 752 1128 780 alterius
1140 753 1330 780 exsistentiam
1341 752 1443 787 aliquid
1456 751 1600 779 conferat?
1614 750 1691 778 Unde
1707 751 1757 777 ista

970 798 1152 833 consequitur
1169 798 1284 825 rationis
1302 797 1476 825 necessitas?
1492 797 1568 825 Nova
1591 797 1651 824 haec
1677 796 1757 823 theo-

971 844 1044 879 logia
1059 848 1087 872 et
1105 844 1282 879 philosophia
1297 849 1339 871 est
1355 864 1362 875 ,
1380 843 1453 879 quod
1473 844 1494 870 si
1509 843 1574 878 quid
1591 850 1646 869 non
1663 842 1699 869 sit
1715 843 1757 869 sui

127 887 170 920 εῐη
184 885 282 919 αῐτιον,
296 887 350 913 οὐδ’
363 887 443 914 ἄλλου
457 888 542 914 αῐτιον
554 889 642 915 ἔσται.
657 889 738 921 Ἀλλ’,
753 887 775 916 ὧ
785 890 844 922 τὰν,
858 890 920 916 ἑαυ-

976 890 1061 925 ipsius
1071 898 1165 922 causa,
1180 898 1271 925 neque
1289 890 1405 918 alterius
1417 897 1499 917 causa
1516 896 1576 916 esse
1588 889 1685 924 possit.
1704 888 1757 915 Sed

126 930 177 957 τοῦ
195 931 246 966 μὲν
263 929 333 958 εἶναι
349 940 374 958 τι
393 931 479 958 αἴτιον
495 933 541 960 καὶ
559 933 641 959 ταυτὸ
659 933 748 961 αἴτιον
764 935 812 961 καὶ
828 934 920 961 αἰτια-

127 977 175 1003 τδν
194 975 265 1004 εἶναι
284 978 351 1012 πρὸς
371 977 402 1003 τὸ
422 978 487 1004 αὐτὸ
507 978 595 1014 πάντη
616 979 763 1012 ἀδύνατον,
784 979 872 1006 ἄλλων
888 980 917 1007 δέ

129 1033 212 1051 τινων
229 1024 316 1051 αἴτιον
332 1023 400 1052 εἶναι.
412 1046 420 1057 ,
437 1026 484 1053 καὶ
504 1027 575 1060 μάλα
596 1027 745 1061 συμσαῖνον
763 1027 820 1062 (‘2),
839 1028 871 1054 ἄν
888 1036 916 1054 τε

130 1071 186 1098 τῶν
202 1070 365 1106 συνωνύμως
376 1091 383 1103 ,
401 1071 433 1098 ἄν
450 1080 479 1098 τε
496 1072 550 1098 τῶν
567 1073 721 1107 ὁμωνύμως
744 1074 918 1107 προαγόντων

129 1114 147 1154 ᾖ
164 1117 194 1143 τὸ
211 1117 344 1152 παράγον.
363 1118 449 1144 Πὸϐεν
463 1115 510 1145 οὖν
525 1118 557 1145 ὲκ
572 1119 619 1144 τοῦ
635 1120 723 1154 πάντη
740 1119 871 1146 ἀδυνάτου
887 1120 918 1146 τὸ

132 1164 250 1197 μάλιστα
267 1164 378 1191 δυνατὸν
395 1165 534 1199 ἀναιρεῖς,
552 1166 606 1191 κὰκ
623 1165 669 1192 τοῦ
691 1165 824 1200 μηδαμῶς
840 1165 918 1197 ὄντος

129 1209 160 1235 sb
179 1209 209 1236 όν
225 1217 254 1236 τε
273 1209 321 1236 καὶ
341 1210 483 1245 γινόμενον
500 1210 649 1246 όσημέραι;
667 1211 748 1237 Ἀλλὰ
769 1211 806 1246 μὴ
827 1212 918 1246 πάντη

131 1255 179 1290 τὴν
198 1255 251 1282 τῶν
270 1255 355 1283 ὄντων
374 1255 455 1290 φύσιν
475 1256 645 1290 ἀγνοούντων
699 1258 795 1284 ταῦτα.
814 1257 844 1284 ’0
865 1257 919 1292 γὰρ

132 1302 195 1333 Υἱὸς
213 1302 259 1328 καὶ
273 1303 360 1336 Λόγος
374 1302 421 1328 τοῦ
437 1301 505 1329 Θεοῦ
521 1302 560 1338 τῷ
577 1303 627 1338 μὶν
642 1303 740 1330 ἑαυτοῦ
756 1302 827 1330 εἶναι
842 1304 919 1330 οὐδὲν

133 1348 331 1382 συμϐαλεῖταιι
348 1349 378 1374 οὐ
399 1348 509 1375 δύναται
528 1349 582 1385 γὰρ
604 1350 701 1376 ἑαυτοῦ
722 1350 808 1382 αἰτιος
830 1347 919 1377 εἶναι’

132 1395 172 1430 τῷ
189 1394 218 1421 δὲ
235 1394 281 1421 τοῦ
300 1395 459 1429 Πνεῦματος
476 1395 524 1422 καὶ
541 1395 614 1429 μάλα
627 1404 635 1412 ·
661 1396 709 1431 οὐχ
725 1396 766 1422 ὅτι
785 1396 884 1431 ἀτελὴς
903 1396 922 1431 ἡ

132 1441 165 1466 ἐκ
188 1441 236 1467 τοῦ
261 1441 370 1476 Πατρδς
394 1441 516 1477 προϐολὴ
537 1441 585 1468 τοῦ
611 1443 780 1477 Πνεύματος,
806 1443 853 1468 καὶ
876 1442 921 1470 διὰ

132 1486 213 1513 τοῦτο
227 1488 274 1514 καὶ
288 1487 338 1522 τῆς
354 1487 384 1519 ἐξ
400 1487 466 1514 Υἱοῦ
483 1488 597 1522 δεομένη
613 1488 714 1524 (ἄπαγε
728 1488 783 1515 τῶν
799 1497 922 1523 σωματι-

134 1531 190 1558 κῶν
205 1531 308 1558 τούτων
324 1532 371 1558 καὶ
389 1532 500 1568 παχέων
515 1532 648 1567 ἐννοιῶν),
665 1533 721 1561 ἀλλ’
734 1535 776 1561 ὅτι
793 1535 822 1561 ὲν
837 1534 876 1569 τῷ
890 1534 922 1560 ἔκ

971 936 1040 964 heus
1058 941 1097 968 tu,
1126 936 1168 963 sui
1188 936 1275 971 ipsius
1292 936 1405 972 quidem
1438 935 1542 970 aliquid
1563 942 1624 962 csse
1647 942 1758 961 causam

970 987 1053 1017 atque
1072 982 1144 1009 idem
1168 982 1202 1009 ad
1229 981 1302 1009 idem
1330 988 1440 1009 causam
1469 985 1497 1008 et
1525 986 1668 1008 causatum
1699 988 1760 1006 esse

970 1036 1085 1064 prorsus
1098 1033 1140 1055 est
1157 1027 1340 1062 impossibile,
1363 1028 1481 1055 aliorum
1495 1034 1562 1054 vero
1576 1025 1758 1062 quorumdam

971 1081 1032 1102 esse
1045 1081 1155 1101 causam
1171 1074 1301 1108 possibile
1314 1079 1340 1101 et
1351 1081 1447 1101 revera
1461 1073 1623 1108 contingens
1637 1077 1688 1103 est,
1702 1071 1760 1098 site

971 1129 1066 1149 eorum
1100 1129 1160 1156 qua:
1179 1122 1296 1149 univoce
1329 1121 1387 1149 sive
1415 1129 1510 1149 eorum
1535 1129 1595 1156 qua:
1620 1121 1762 1154 mquivoce

972 1168 1129 1202 producunt
1149 1168 1185 1195 sit
1211 1167 1380 1203 producens.
1399 1167 1477 1195 Unde
1494 1167 1577 1202 igitur
1601 1175 1635 1193 ex
1648 1165 1762 1193 omnino

972 1213 1135 1247 impossibili
1149 1213 1177 1240 id
1195 1213 1269 1249 quod
1283 1221 1366 1248 quam
1391 1213 1512 1240 maxime
1526 1212 1656 1247 possibile
1670 1216 1721 1243 est,
1743 1218 1760 1238 ο

972 1259 1064 1286 medio
1081 1259 1172 1292 tollis,
1188 1263 1270 1294 atque
1295 1267 1328 1286 ex
1356 1267 1390 1286 eo
1410 1258 1484 1293 quod
1509 1265 1644 1292 nusquam
1667 1262 1710 1284 est
1731 1257 1757 1283 id

973 1302 1047 1337 quod
1061 1307 1105 1330 est
1118 1308 1145 1330 et
1160 1302 1217 1330 fere
1236 1304 1362 1339 quotidie
1376 1303 1487 1331 evenit?
1505 1302 1557 1331 Sed
1574 1301 1632 1330 hac
1647 1302 1774 1331 omnino.

973 1353 1100 1374 naturam
1118 1355 1212 1376 rerum
1229 1348 1416 1384 ignorantium
1442 1356 1504 1376 esse
1527 1347 1668 1376 videntur.
1693 1346 1761 1374 Nam
1781 1372 1784 1375 ,
1820 1369 1822 1371 μ

974 1393 1062 1421 Filius
1080 1398 1107 1422 et
1124 1394 1244 1422 Verbum
1268 1395 1314 1422 Dei
1337 1395 1370 1422 ad
1396 1394 1439 1422 sui
1464 1394 1553 1428 ipsius
1573 1393 1779 1421 exsistentianr

975 1440 1043 1467 nihil
1059 1439 1192 1472 conferet,
1209 1441 1273 1476 quia
1289 1441 1331 1468 sui
1348 1441 1437 1475 ipsius
1458 1447 1521 1467 esse
1542 1447 1624 1467 causa
1652 1438 1764 1473 nequit,

976 1487 1010 1514 ad
1025 1487 1214 1515 exsistentiam
1230 1491 1321 1514 autem
1337 1482 1460 1521 Spiritus
1470 1486 1557 1514 sancti
1573 1486 1615 1512 vel
1629 1485 1764 1518 maxime;

976 1542 1030 1561 non
1064 1534 1130 1569 quia
1164 1533 1324 1568 imperfecta
1357 1533 1477 1568 Spiritus
1507 1532 1594 1560 sancti
1621 1539 1654 1559 ex
1687 1532 1766 1558 Patre

134 1576 242 1611 Πατρδς
257 1577 271 1602 ό
288 1576 350 1608 Tib;
367 1577 515 1611 γεννᾶσθαι
532 1578 620 1605 πάντα
636 1578 668 1605 τὰ
686 1579 787 1613 φυσικὰ
803 1578 850 1606 τοῦ
869 1579 921 1606 Πα-

976 1580 1085 1608 emissio
1104 1585 1185 1615 atque
1202 1584 1346 1615 propterea
1372 1579 1455 1606 etiam
1474 1578 1626 1606 emissione
1643 1585 1675 1605 ex
1689 1575 1761 1605 Filio
1779 1597 1790 1602 -

134 1621 199 1656 τρδς
213 1621 304 1649 λαϐὼν
319 1623 411 1657 ἀγαθὰ
425 1624 472 1650 καὶ
488 1623 567 1650 τοῦτο
584 1624 654 1658 μετὰ
670 1624 779 1651 πάντων
793 1624 855 1660 ἔσχε
868 1625 923 1651 τῶν

135 1669 234 1701 ἄλλων,
249 1670 279 1696 τὸ
294 1670 341 1697 καὶ
356 1670 384 1702 ἐξ
399 1670 513 1706 αὑτοῦὴ
529 1671 562 1697 δι’
573 1671 655 1698 αὐτοῦ
671 1672 702 1697 ἐκ
718 1672 826 1706 Πατρὸς
841 1671 924 1697 ἔκπο-

135 1715 265 1750 ρεὺεσθαι
278 1717 309 1743 τὸ
324 1716 436 1752 Πνεῦμα
450 1717 480 1743 τὸ
494 1717 572 1752 ἅγιον
585 1725 593 1734 ο
610 1718 678 1753 ὅπερ
693 1716 771 1753 ἔσχεν
784 1718 817 1744 ἂν
831 1718 879 1744 καὶ
895 1717 925 1743 τὸ

136 1762 265 1798 Πνεῦμα,
286 1763 311 1790 ει
335 1763 373 1799 μὴ
396 1763 435 1798 τῷ
457 1763 554 1790 ἑαυτοῦ
576 1763 649 1799 λόγῳ
669 1764 858 1800 ἀντικείμενον
879 1762 923 1799 ἦν.

137 1808 286 1843 ageam“
306 1809 334 1836 δὲ
355 1810 385 1836 οὺ
410 1809 542 1845 πρότερον
564 1811 578 1837 ό
601 1810 706 1846 Πατὴρ,
728 1808 788 1836 εἶτα
813 1811 827 1836 ό
849 1810 925 1843 Υἱὸς,

136 1854 192 1880 οὐδ’
205 1854 271 1894 ἄλλῃ
289 1855 336 1882 καὶ
351 1855 417 1891 ἄλλῃ
437 1856 569 1892 προὸολῇ,
584 1856 638 1882 οὐδ’
650 1856 714 1882 ἄλλο
730 1856 769 1890 (5)
785 1856 832 1882 καὶ
849 1855 926 1888 ἄλλο.

136 1900 193 1927 οὐδῗ
203 1901 290 1932 ἄλλως
307 1901 344 1936 (4)
362 1902 408 1928 καὶ
424 1901 523 1934 ἄλλως,
539 1901 596 1929 ἀλλ’
608 1902 667 1937 ἅμα
683 1903 731 1929 καὶ
745 1903 779 1937 τῇ
796 1902 864 1936 αὐτῇ
880 1902 927 1930 καὶ

136 1946 167 1972 τὸ
185 1947 251 1973 αὐτὸ
269 1947 315 1973 καὶ
333 1947 464 1979 ὡσαύτως
477 1956 484 1963 ·
507 1947 547 1974 διὸ
563 1948 609 1974 καὶ
628 1947 678 1982 μία
694 1947 741 1974 καὶ
757 1948 774 1982 ή
792 1947 862 1982 αὑτὴ
879 1946 928 1973 καὶ

138 1993 244 2028 πλήρης
258 1993 274 2028 ἠ
292 1993 503 2028 παρ’·ἑκατέρου
520 1993 693 2030 προϐλητικὴ
709 1993 836 2029 ὶνέργεια
851 1992 928 2019 οὐδὲν

137 2037 219 2075 ἦττον
234 2039 251 2075 ἦ
266 2041 282 2075 ἡ
299 2041 375 2075 παρὰ
391 2041 498 2076 Πατρὺς
516 2040 609 2076 μόνου.

976 1626 1069 1662 indiga
1092 1626 1189 1661 (apage
1214 1633 1277 1653 cum
1304 1625 1497 1661 corporalibus
1528 1629 1557 1652 et
1579 1623 1764 1658 crassioribus

977 1672 1053 1700 hisce
1068 1672 1307 1707 cogitationibus),
1327 1672 1374 1700 sed
1392 1672 1458 1707 quia
1474 1671 1560 1698 Filius
1585 1671 1650 1697 dum
1668 1677 1702 1696 ex
1718 1668 1767 1696 Pa-

977 1723 1019 1746 tre
1036 1723 1197 1753 generatur,
1210 1718 1303 1746 omnia
1319 1718 1456 1745 naturalia
1464 1717 1553 1744 Patris
1568 1716 1639 1743 bona
1657 1719 1765 1747 nactus,

976 1763 1060 1791 etiam
1091 1763 1144 1792 hoc
1169 1771 1233 1791 cum
1261 1764 1369 1791 caeteris
1401 1762 1530 1791 omnibus
1557 1761 1668 1793 habuit,
1694 1759 1782 1795 quod.

977 1810 1060 1837 etiam
1074 1817 1108 1837 ex
1121 1810 1182 1845 ipso
1194 1810 1239 1838 vel
1253 1817 1302 1845 per
1316 1810 1405 1845 ipsum
1425 1817 1457 1837 ex
1473 1809 1553 1837 Patre
1569 1807 1693 1843 procedit
1708 1806 1769 1841 Spi-

977 1858 1047 1884 ritus
1063 1861 1193 1890 sanctus;
1210 1856 1283 1890 quod
1305 1855 1449 1883 habuisset
1470 1855 1553 1882 etiam
1571 1854 1702 1889 Spiritus,
1714 1853 1767 1880 nisi

980 1902 1081 1929 rationi
1098 1903 1186 1938 ipsius
1210 1906 1285 1931 esset
1311 1902 1482 1937 oppositum.
1510 1900 1616 1928 Emittit
1631 1907 1696 1927 vero
1714 1907 1769 1926 non

980 1948 1059 1983 prius
1071 1949 1163 1981 Pater,
1182 1949 1281 1976 deinde
1297 1948 1395 1980 Filius,
1406 1955 1497 1982 neque
1510 1947 1563 1974 alia
1578 1951 1605 1973 et
1619 1946 1671 1972 alia
1686 1946 1770 1973 emis-

979 1994 1070 2026 sione,
1089 2001 1180 2029 neque
1196 1994 1272 2022 aliud
1299 1999 1329 2022 et
1354 1983 1556 2028 aliud,‘nequ,e
1582 1992 1635 2020 alio
1660 1996 1687 2019 et
1715 1991 1770 2018 alio

981 2040 1073 2072 modo,
1095 2041 1144 2068 sed
1168 2040 1251 2068 simul
1266 2044 1294 2068 et
1319 2039 1592 2068 eadememissione
1613 2043 1640 2065 et
1655 2038 1725 2064 idem
1742 2042 1771 2064 et

139 2086 237 2113 eodem
264 2086 355 2114 modo.
382 2086 488 2115 Idcirco
514 2091 543 2114 et
569 2095 622 2114 una
657 2087 812 2122 eademque
841 2090 931 2122 atque.
943 2087 1082 2122 completa
1098 2092 1158 2116 _est
1192 2086 1355 2124 productira
1376 2085 1500 2121 operatio
1514 2085 1548 2113 ab
1562 2089 1679 2119 utroque
1695 2083 1787 2113 nihil.

141 2136 242 2168 minus,
258 2142 339 2170 quam
356 2142 398 2168 ea,
414 2143 474 2170 qua:
486 2135 559 2163 foret
573 2143 591 2162 a
604 2136 685 2164 Patre
699 2136 770 2164 solo.

305 2191 437 2218 sessor
456 2191 534 2218 suo.
556 2191 584 2218 θ’
605 2191 690 2228 (κς)
714 2193 763 2228 (5).

1165 2185 1286 2214 EPHES.
1307 2185 1382 2214 CAP.
1397 2183 1433 2213 ιχ
1448 2184 1565 2221 (xxvr).

178 2252 283 2285 Ὥσπερ
296 2251 325 2276 τὺ
338 2249 466 2285 ἐνεργοῦν
479 2250 639 2285 ὡρισμένως
653 2251 810 2286 ὡρισμένην
823 2251 923 2285 εἰσάγει

1018 2245 1096 2273 Sicut
1110 2244 1136 2271 id
1151 2243 1225 2278 quod
1238 2246 1368 2276 operatur
1388 2240 1504 2268 deﬁnito
1520 2240 1603 2268 modo
1628 2239 1770 2267 deﬁnitam

141 2299 189 2325 καὶ
209 2297 258 2332 τὴν
278 2297 430 2331 ἐνέργειαν,
451 2295 523 2322 οὕτω
542 2297 589 2322 καὶ
610 2297 626 2331 ὴ
646 2297 786 2332 ὡρισμένη
808 2297 932 2332 ἐνέργεια

142 2345 210 2380 πρὸς
225 2342 431 2379 ὡρισμένονιαὶ)
445 2342 475 2369 τὸ
490 2342 621 2378 ἐνεργοῦν
635 2343 813 2378 ἀναφέρεται.
830 2344 859 2370 Εἰ
875 2344 932 2370 τοί-

143 2398 189 2418 νυν
201 2390 231 2417 τὺ
244 2390 341 2424 γεννᾷν
353 2389 421 2424 ὁμοῦ
435 2390 482 2416 καὶ
495 2388 657 2423 προὸάλλειν
670 2388 729 2420 ἑνός
743 2389 800 2415 ἐστι
813 2389 860 2416 τοῦ
876 2390 932 2416 Πα-

143 2437 207 2473 τρδς
220 2435 360 2472 ὡρισμένη
376 2435 511 2470 ἐνέργεια,
526 2435 557 2461 τὸ
569 2434 598 2461 δὲ
613 2434 776 2468 προϐάλλειν
793 2435 885 2470 μόνον,
900 2435 931 2461 οὐ

146 2483 200 2518 μὴν
211 2483 259 2509 καὶ
271 2482 379 2517 γεννᾷν,
392 2482 451 2512 ἑνός
463 2482 521 2508 ἐστι
534 2481 690 2516 προϐολέως
702 2480 843 2516 ὡρισμένη
857 2481 933 2516 ἐνέρ-

144 2536 207 2562 γεια
218 2527 265 2554 τοῦ
278 2527 386 2562 Πατρὸς
398 2527 445 2553 καὶ
459 2526 524 2552 Υξοῦ
539 2527 610 2552 κατὰ
623 2526 684 2557 τοὺς
699 2526 830 2557 Λατίνους
839 2546 846 2559 ,
860 2527 890 2552 τό
903 2526 931 2552 δὲ

145 2572 292 2608 γεννᾶσθαι
306 2571 352 2598 τοῦ
368 2571 432 2598 Υίοῦ
446 2569 523 2602 αὖθις
537 2571 678 2605 ὡρισμένη
692 2571 828 2606 ἐνέργεια,
842 2571 889 2597 καὶ
903 2571 933 2597 τὸ

145 2619 344 2655 ἐκπορεύεσθαι
360 2618 407 2645 τοῦ
427 2618 506 2652 ἁγίου
526 2617 701 2652 Πνεύματος,
717 2617 839 2651 τέσσαρα
855 2616 932 2644 ἔσται

146 2668 180 2693 τὰ
194 2665 353 2702 ὡρισμένως
368 2664 530 2699 ινεργιιῦντα
544 2665 573 2690 ὲν
587 2665 640 2695 τοῖς
656 2664 740 2695 Θείοις
757 2663 932 2698 προσώποις·

182 2745 221 2780 (ι)
238 2744 283 2780 Τῷ
298 2743 387 2778 nat-rp).
407 2742 499 2780 opmitt.
513 2742 588 2769 Bion.
606 2743 640 2780 27
655 2742 675 2770 Γ.
688 2741 742 2769 244
757 2748 773 2768 a
796 2745 824 2780 et
848 2741 930 2780 lllarc.

147 2782 168 2810 f.
182 2777 226 2811 80,
243 2777 310 2813 b;'in
326 2777 473 2813 posteriori
491 2783 580 2804 tamen
595 2779 646 2805 alia
669 2784 767 2804 manus
780 2777 894 2812 adjecit,
905 2781 933 2804 et

148 2825 210 2844 cuin
225 2815 307 2842 Marci
331 2813 415 2841 verba
434 2814 479 2840 hic
497 2818 670 2848 repetantur,
690 2814 846 2847 ponendum
866 2813 934 2839 sane

147 2857 221 2921 obii)
242 2871 324 2914 Marci
341 2883 499 2920 συμϐαίνειι

984 2293 1066 2320 etiam
1092 2290 1199 2318 inducit
1226 2289 1428 2324 operationem.
1459 2288 1496 2315 ita
1523 2294 1633 2322 quoque
1659 2286 1772 2314 deﬁnita

984 2338 1107 2373 operatio
1123 2338 1156 2365 ad
1172 2337 1317 2364 deﬁnitum
1333 2335 1443 2370 aliquod
1459 2341 1577 2370 operans
1592 2334 1723 2361 refertur.
1744 2334 1782 2360 Si

984 2385 1067 2420 igitur
1080 2391 1212 2419 generare
1236 2383 1317 2410 simul
1343 2386 1371 2409 et
1394 2380 1551 2420 producere
1573 2380 1655 2407 unius
1683 2380 1773 2406 Patris

983 2418 1026 2458 est
1038 2418 1151 2458 deﬁnita
1175 2428 1313 2464 operatio,
1338 2427 1495 2463 producere
1511 2418 1578 2453 vero
1600 2427 1701 2457 solum,
1718 2433 1779 2452 norr

983 2478 1064 2505 etiam
1096 2483 1246 2512 generare,
1271 2475 1355 2502 unius
1385 2473 1565 2509 productoris
1592 2476 1634 2499 est
1659 2471 1785 2498 deﬁnita:

984 2522 1108 2557 operatio
1124 2521 1214 2549 Patris
1234 2525 1262 2547 et
1288 2519 1352 2547 Filii
1370 2518 1524 2546 secundum
1547 2517 1670 2548 Latinos,
1687 2524 1773 2550 gene-

986 2568 1056 2595 ratio
1074 2571 1166 2595 autem
1178 2566 1240 2594 Filii
1253 2565 1384 2602 (passiva)
1399 2571 1495 2592 rursus
1510 2562 1622 2590 deﬁnita
1636 2561 1783 2596 operatio,_

985 2615 1050 2642 item
1066 2613 1188 2648 Spiritus
1208 2612 1297 2640 sancti
1312 2611 1453 2646 processio
1469 2618 1477 2636 :
1494 2613 1614 2644 quatuor
1632 2612 1714 2635 erunt
1727 2607 1777 2634 ιΙει

987 2661 1062 2688 ﬁnite
1076 2660 1217 2695 operantia
1233 2658 1261 2686 in
1280 2658 1383 2686 divinis
1406 2656 1535 2693 personis
1554 2664 1561 2683 :
1586 2663 1658 2682 unus
1681 2653 1779 2689 Patert

1021 2738 1059 2774 (5)
1080 2737 1154 2774 Mon.
1169 2738 1216 2774 27,
1230 2737 1250 2765 ἰ.
1267 2737 1320 2774 2H
1343 2744 1370 2769 a,
1389 2736 1470 2771 ἄλλη.

1023 2773 1061 2808 (4)
1082 2773 1154 2800 Μοιι.
1171 2773 1255 2804 idem,
1273 2773 1364 2808 60.10;,

1022 2805 1060 2843 (ις)
1081 2809 1108 2834 In
1127 2808 1232 2835 iilouac.
1245 2808 1308 2839 256,
1325 2808 1343 2835 ί.
1357 2807 1405 2835 3m
1425 2815 1450 2839 a,
1463 2811 1582 2841 estcap.
1599 2805 1647 2832 ‘21.

1022 2842 1058 2881 l6)
1080 2843 1152 2872 Μοιι.
1171 2843 1216 2877 27,
1231 2843 1250 2871 f.
1262 2843 1315 2871 246
1331 2843 1357 2876 ι),
1371 2842 1543 2879 ὡρισμένην.
