1925 3056
137 140 189 171 illi

820 145 1072 178 BESSARIONIS

1705 144 1764 175 208

140 204 211 222 unus
227 195 387 231 productor,
403 196 451 231 qui
477 196 578 225 diversi
596 198 629 225 ab
646 199 762 227 invicem
780 206 844 228 sunt
869 209 918 228 nu-

989 202 1013 235 ἴς
1026 205 1131 240 Πατὴρ,
1144 201 1184 235 εἷς
1199 203 1358 242 προεολεὺς,
1370 203 1459 237 ἕτεροι
1471 201 1592 237 ἀλλήλων
1604 201 1642 234 τῷ
1652 201 1766 235 ἀριθμῷ

138 247 226 274 mero,
252 249 321 268 unus
334 241 420 270 Filius
436 247 463 270 et
486 251 557 271 unus
574 243 692 279 Spiritus
709 251 831 274 sanctus.
847 246 919 280 Qua-

139 293 202 314 tuor
231 292 322 315 autem
354 288 467 317 deﬁnite
495 295 674 326 separateque
700 296 783 327 atquo
809 292 919 321 diverso

139 334 220 361 modo
236 335 380 369 operantia
395 335 460 370 quid
476 337 551 364 aliud
562 337 615 364 nisi
631 339 842 372 quaternitatem
860 348 920 374 per-

137 387 267 406 sonarum
292 381 352 408 loco
383 381 527 410 Trinitatis
545 383 700 411 inducunt?
720 384 832 413 Frustra
856 393 921 420 ergo

137 425 227 453 Latini
244 428 349 461 jactant
364 428 446 455 fidem
465 429 492 455 in
515 434 636 457 sanctam
658 430 831 464 Trinitatem,
858 440 921 459 cum

139 471 175 497 ita
191 479 250 499 eam
269 473 388 507 pl'Opl‘llS
409 473 517 507 placitis
532 474 633 509 injuria
649 475 777 503 alliciant.

362 529 542 559 SAPIENTIS
558 531 695 560 NICENI.

173 586 310 619 Quantum
328 591 421 619 temet,
440 595 456 614 ο
481 588 574 620 homo,
598 588 711 616 fallaciis
728 589 814 625 fallis!
831 590 921 617 Primo

141 633 252 666 quidem
278 634 321 661 his
348 633 446 661 Filium
471 635 623 666 accipiens,
652 639 708 662 tum
726 635 921 669 productorem

140 684 197 705 tum
213 679 311 706 Filium
326 687 390 706 eum
412 680 571 714 appellans,
597 680 639 707 bis
664 688 728 707 vero
749 681 832 708 etiam
858 690 922 716 pro-

139 725 348 759 dneere,atque
372 730 530 760 separatum
554 734 569 753 ιι
595 725 675 754 Patre
701 726 802 754 Filium
826 729 923 755 existi-

140 776 228 799 mans,
250 769 404 804 exindeque
429 770 598 798 concludens
624 772 839 806 quaternitatem
862 774 924 801 loco

138 815 282 842 Trinitatis
299 815 326 842 in
341 815 454 846 deitate,
476 824 538 843 cum
555 818 707 845 secundum
724 824 799 846 tuam
815 820 924 854 sapien-

971 254 1063 287 ὄντες,
1083 251 1123 286 εἷς
1141 251 1205 285 Tib;
1225 255 1272 280 καὶ
1289 253 1318 280 ἓν
1338 253 1451 288 Πνεῦμα
1472 252 1550 286 ἅγιον
1563 258 1572 268 ⁸
1592 251 1713 285 τέτταρα
1733 249 1765 276 δὲ

972 300 1132 335 ὡρισμένως
1153 302 1199 327 καὶ
1218 300 1354 334 διαφόρως
1374 298 1537 334 ἐνεργοῦντα
1553 297 1579 324 τί
1599 297 1662 324 ἄλλο
1682 296 1699 330 ἢ
1714 304 1764 322 τε-

971 346 1058 381 τράδα
1073 346 1228 382 προσώπων
1244 347 1304 373 ἀντὶ
1321 346 1435 381 Τριάδος
1452 345 1577 378 είσάγει;
1595 343 1692 377 Μάτην
1706 342 1766 375 ἄρα

973 393 1082 420 Λατῖνοι
1098 393 1147 428 τὴν
1163 394 1202 423 εἰς
1220 392 1323 428 Τριάδα
1341 391 1432 418 πίστιν
1449 390 1591 425 αὐχοῦσιν,
1607 387 1694 420 οὕτως
1710 387 1765 415 αὐ-

973 438 1022 472 τὴν
1035 439 1090 470 τοῖς
1105 437 1217 469 οἰκείοις
1230 437 1345 472 δόγμασι
1361 435 1585 471 καθυβρίζοντες.

1181 535 1250 561 ΤΟΥ
1271 535 1381 562 ΣΟΦΟΥ
1401 535 1554 561 ΝΙΚΑΙΑΣ.

1011 590 1063 618 οἷα
1082 591 1197 624 σαυτὸν,
1216 591 1342 625 ἄνθρωπε
1355 612 1361 623 ,
1381 590 1570 626 κατασοφίζῃί
1591 591 1691 625 Πρῶτα
1712 591 1766 625 μὲν

974 637 1013 667 δὶς
1029 637 1074 663 τὸν
1090 636 1155 663 Υἱδν
1169 636 1328 670 λαμϐάνων,
1344 635 1482 671 προσολέα
1496 644 1525 661 τε
1541 635 1622 663 αὑτὸν
1637 636 1684 662 καὶ
1700 635 1767 673 γίὺν

974 683 1134 717 ὀνομάζων,
1154 683 1194 714 δἰς
1210 683 1238 708 δὲ
1253 682 1301 709 καὶ
1317 682 1348 708 τὺ
1364 681 1526 716 προϐάλλειν
1543 681 1589 707 καὶ
1606 681 1767 715 ἀπεσχοινιο

977 729 1075 764 σμένον
1097 729 1144 755 τοῦ
1169 728 1275 763 Harpe;
1297 728 1420 762 οἰόμενος
1445 728 1491 754 τὴν
1515 727 1592 760 Υίὺν,
1615 726 1768 752 κάντεῦθεν

977 775 1171 809 συμπεραίνων
1187 774 1303 809 τετράδα
1322 773 1383 800 ἀντὶ
1400 773 1518 808 Τριάδος
1539 774 1568 798 ὲν
1585 774 1618 808 τῇ
1642 771 1764 805 θεότητι,

977 821 1036 848 δέον
1049 821 1167 847 πεντάδα
1181 821 1252 847 κατὰ
1263 821 1311 855 τὴν
1324 821 1373 855 σὴν
1389 820 1485 854 σοφίαν
1499 820 1632 852 εἰσάγειν.
1645 819 1766 844 Ἔπειτα

138 861 204 887 tiam
226 861 385 895 quinarinm
402 862 534 889 inducere
550 867 688 897 oporteat.
702 863 806 892 Deinde
830 869 857 891 et
879 873 926 901 ge-

984 867 1007 893 ιδ
1019 866 1164 900 γεννᾶσθαι
1180 867 1228 892 καὶ
1241 866 1442 901 προὸάλλεσθαι
1455 865 1596 899 ἐνέργειαν
1608 862 1764 898 ὀνομάζων,

141 908 229 933 uerari
244 911 272 933 et
285 906 398 939 produci
419 908 607 942 operationem
622 909 780 941 nominans,
800 911 926 944 quamvis

140 953 318 986 grammatica
337 952 493 987 disciplina,
518 953 545 980 in
572 962 626 989 qua
651 954 764 986 frustra,
789 960 820 982 ut
833 955 925 988 video,

141 999 200 1033 ipse
215 1003 340 1026 versatus
353 1007 394 1032 es,
413 1000 530 1036 sanciat,
554 1008 650 1028 eorum
673 1009 734 1036 qua:
750 1002 858 1036 passiva
872 1002 928 1029 for-

141 1051 185 1071 ma
205 1043 357 1072 eﬂ‘eruntur
371 1045 450 1080 plura
475 1047 631 1080 passionem
646 1046 816 1082 significare,
834 1047 927 1082 qualia

142 1097 251 1124 quoque
273 1097 335 1117 esse
357 1090 482 1125 generari
501 1096 528 1118 et
554 1091 671 1126 produci
695 1099 776 1119 nemo
802 1092 926 1127 negabit.

142 1135 244 1163 Verum
266 1136 336 1164 scito
361 1141 389 1163 et
415 1141 443 1164 tu
463 1141 490 1164 et
513 1138 559 1172 qui
584 1137 659 1166 hisce
693 1138 745 1165 luis
772 1138 928 1166 rationibus

144 1183 265 1210 animum
282 1183 439 1215 intendunt,
452 1184 526 1218 quod
544 1183 624 1211 Pater
641 1191 704 1211 cum
730 1184 765 1212 sit
788 1184 928 1219 ingenitus

144 1235 172 1257 et
187 1238 202 1258 a
217 1231 293 1258 nullo
310 1231 410 1258 habeat
424 1238 496 1263 esse,
509 1237 626 1266 persona
643 1230 736 1258 divina
751 1230 778 1257 in
791 1230 927 1258 Trinitate

142 1282 171 1304 et
190 1277 325 1305 exsisteus
349 1281 378 1304 et
406 1276 561 1304 subsistens
585 1276 737 1312 generandi
765 1276 928 1311 operatione

144 1321 257 1348 deﬁnita
278 1326 306 1349 et
322 1326 447 1356 separata
464 1321 675 1349 subsistentiam
693 1321 739 1349 dat
758 1321 838 1355 Filio,
864 1329 926 1349 cum

144 1370 204 1402 ipso
216 1375 279 1394 vero
294 1368 336 1394 vel
348 1375 397 1402 per
409 1367 498 1402 ipsum
510 1367 637 1401 producit
649 1367 784 1403 Spiritum
801 1367 926 1402 spirandi

144 1414 304 1448 operatione
325 1413 451 1445 deﬁnita.
470 1417 554 1448 atque
580 1421 634 1440 una
657 1413 821 1448 cadentque.
837 1413 928 1448 Atque

145 1461 185 1487 sic
197 1460 276 1487 nobis
289 1459 410 1487 Trinitas
420 1463 547 1486 servatur
559 1460 671 1487 adorata
683 1465 711 1487 et
722 1465 804 1494 prout
813 1460 927 1494 dignum

144 1511 187 1533 est
202 1514 215 1532 a
233 1506 313 1533 nobis
328 1505 479 1536 honorata.
499 1513 513 1531 a
532 1509 557 1532 te
574 1509 666 1532 autem
681 1506 717 1532 ob
732 1506 926 1540 ignorantiam,

145 1560 200 1578 non
217 1553 292 1579 enim
310 1552 428 1580 dixerim
447 1552 591 1586 malitiam,
607 1553 653 1580 vel
674 1553 792 1580 maxime
818 1553 928 1588 injuriis

146 1598 256 1626 uirecta.

333 1657 454 1685 EPUES.
475 1657 551 1685 CAP.
572 1657 596 1685 X
614 1657 744 1692 (XXVII).

184 1716 299 1743 Deitatis
328 1716 495 1751 principium
521 1716 567 1744 vel
595 1716 779 1752 hypostaseon
807 1723 848 1746 est
869 1726 932 1753 pro-

147 1764 239 1799 prium
255 1762 342 1790 Patris
354 1768 381 1790 et
397 1763 458 1790 Filii
474 1763 623 1791 secundum
639 1764 752 1792 Latinos
771 1765 814 1792 vel
835 1772 931 1793 eorum

147 1817 252 1838 naturae
268 1811 310 1838 vel
329 1811 508 1846 operationis.
527 1811 555 1838 Si
581 1811 665 1844 igitur
689 1812 873 1847 hypostaseon
890 1818 932 1840 cst

149 1859 303 1894 proprium,
318 1858 455 1894 quomodo
472 1865 527 1885 non
543 1858 598 1885 duo
612 1864 695 1885 erunt
707 1859 854 1894 principia,
868 1867 931 1886 cum

150 1906 210 1933 dna:
237 1912 347 1940 quoque
369 1905 424 1932 sint
448 1904 630 1940 liypostases.
651 1904 883 1939 quemadmodum
905 1909 933 1932 et

151 1951 362 1987 principiatum,
379 1952 451 1985 quod
466 1950 574 1978 duabus
594 1951 788 1986 hypostasibus
801 1952 933 1979 convenit

151 1998 207 2024 duo
226 1997 309 2025 etiam
335 1997 499 2032 principiata
523 1996 637 2024 omnino
660 1996 787 2024 inducit?
807 1996 837 2024 Si
866 2005 933 2024 vero

149 2045 293 2080 proprium
306 2041 349 2072 est
362 2048 468 2071 natura:
480 2050 588 2074 eorum,
603 2043 708 2077 a’qnale
730 2051 844 2077 prorsus
869 2050 932 2070 cum

150 2099 181 2118 ea
199 2091 252 2118 erit
268 2094 296 2117 et
319 2097 374 2117 non
395 2090 468 2117 ultra
493 2089 695 2121 exlendentur.
722 2089 841 2124 Spiritus
858 2090 932 2116 enim

150 2145 206 2164 non
230 2141 272 2164 est
289 2136 464 2171 principium.
482 2135 511 2162 Si
536 2135 601 2170 quid
617 2143 683 2170 ergo
709 2135 799 2163 Patris
820 2139 847 2162 et
872 2135 933 2162 Filii

151 2188 262 2215 natura,
280 2182 333 2209 hoc
347 2182 402 2209 erit
425 2181 536 2208 deitatis
560 2181 745 2216 principium;
771 2186 800 2208 et.
822 2181 845 2208 si
868 2181 934 2216 quid

978 912 1065 940 καίτοι
1080 913 1128 948 τῆς
1143 914 1172 939 έν
1219 911 1315 938 σαυτὸν
1332 912 1340 947 (
1353 912 1451 946 μάτην⁹
1466 911 1504 943 ὡς
1517 911 1590 946 ὁρῶ)
1606 910 1766 943 κατατέτρι-

980 967 1032 992 φας
1054 958 1252 993 γραμματικῆς
1268 957 1322 984 τῶν
1341 957 1501 992 παθητικῶς
1518 957 1713 991 ἐκφερομένων
1728 955 1765 982 τὰ

978 1003 1063 1031 πλείω
1081 1005 1166 1036 πάθος
1183 1003 1326 1038 σημαίνειν
1343 1003 1550 1038 κανονιζούσης,
1569 1000 1615 1030 οἷα
1629 1001 1698 1029 εἷναι
1717 1004 1766 1029 καὶ

978 1050 1008 1076 τὸ
1028 1050 1173 1085 γεννᾶσθαι
1193 1050 1241 1077 καὶ
1262 1050 1292 1076 τδ
1313 1048 1514 1084 ἐκπορεύεσθαι
1534 1049 1621 1080 οὐδεὶς
1642 1050 1763 1084 ἀντερεῖ.

985 1096 1054 1123 Ἀλλ’
1067 1096 1122 1123 ἴσθι
1133 1095 1165 1123 σύ
1177 1105 1207 1122 τε
1221 1096 1269 1122 καὶ
1279 1096 1306 1122 οι
1315 1096 1371 1127 τοῖς
1384 1096 1442 1127 σοῖς
1453 1094 1558 1126 τούτοις
1571 1094 1603 1129 δὴ
1617 1094 1765 1129 προσέχον-

978 1150 1022 1174 τες
1036 1142 1139 1176 λόγοις,
1152 1142 1190 1173 ὡς
1203 1142 1218 1168 ὸ
1232 1141 1326 1177 Πατὴρ
1340 1141 1488 1177 ἁγέννητος
1500 1140 1538 1167 ὢν
1552 1141 1600 1167 καὶ
1613 1141 1679 1176 παρ’
1690 1141 1767 1168 οὐδε-

978 1187 1022 1219 νὸς
1038 1187 1107 1222 ἔχων
1123 1187 1154 1214 τὸ
1170 1185 1256 1219 εἶναι,
1274 1186 1420 1223 πρόσωπόν
1434 1195 1466 1213 τε
1485 1186 1556 1214 Θετον
1573 1187 1600 1213 ὲν
1616 1187 1649 1221 τῇ
1668 1186 1765 1221 Τριάδι

979 1235 1025 1261 καὶ
1044 1234 1082 1261 ὢν
1098 1234 1145 1261 καὶ
1165 1233 1300 1269 ὑφεστὼς,
1320 1235 1353 1269 τῇ
1377 1233 1425 1268 μὶν
1442 1232 1493 1259 τοῦ.
1509 1233 1606 1267 γεννᾷν
1625 1232 1765 1267 ὡρισμένῃ

979 1280 1105 1316 ἐνεργείᾳ
1118 1280 1248 1315 ὑφίστησι
1260 1280 1305 1306 τὸν
1320 1279 1396 1313 Υῑὺν,
1410 1280 1458 1305 σὺν
1471 1279 1546 1313 αὐτῷ
1561 1279 1590 1305 δὲ
1605 1279 1621 1314 ἢ
1637 1278 1670 1305 δι’
1682 1277 1764 1305 αὑτοῦ

979 1327 1094 1363 προάγει
1112 1327 1142 1353 τὸ
1163 1326 1274 1361 Πνεῦμα
1293 1326 1433 1361 ὡρισμένῃ
1457 1326 1506 1361 μιᾷ
1525 1334 1555 1352 τε
1577 1325 1622 1352 καὶ
1641 1326 1674 1360 τῇ
1695 1324 1764 1359 αὐτῇ

977 1372 1026 1401 τοῦ
1047 1373 1210 1407 προϐάλλειν
1226 1372 1363 1408 ἐνεργείᾳ..
1380 1373 1435 1399 Καὶ
1454 1371 1542 1403 οὕτως
1563 1371 1629 1406 ἡμῖν
1646 1371 1662 1405 ὴ
1681 1370 1765 1405 Τριὰς

980 1418 1160 1454 περισώζεται
1178 1418 1402 1454 προσκυνουμένη
1419 1426 1448 1445 τε
1466 1418 1513 1444 καὶ
1531 1417 1614 1449 ἀξίως
1631 1416 1676 1450 ὑφ’
1688 1415 1771 1450 ἡμῶν

978 1466 1139 1501 τιμωμένη,
1159 1465 1211 1492 ὑπὸ
1234 1465 1281 1492 σοῦ
1303 1465 1331 1492 δὲ
1352 1464 1386 1490 δι’
1398 1464 1527 1497 ἄγνοιαν,
1547 1463 1578 1489 οὗ
1601 1463 1654 1498 γὰρ
1676 1461 1709 1488 ἂν
1727 1461 1765 1487 ιτ-

979 1522 1060 1548 ποιμι
1077 1513 1242 1548 μοχθηρίαν,
1259 1513 1306 1539 καὶ
1323 1511 1396 1546 μάλα
1411 1511 1587 1547 ὐόριζομὲνη.

1158 1660 1289 1688 sessor
1306 1659 1384 1687 nec.
1403 1660 1422 1685 ιν
1441 1658 1514 1694 (KZ')
1536 1658 1585 1694 (l).

1019 1721 1056 1748 Τὸ
1072 1720 1121 1755 τῆς
1141 1720 1266 1755 θεότητος
1288 1719 1376 1746 αἴτιον
1394 1718 1409 1753 ἢ
1426 1717 1481 1744 τῶν
1499 1716 1674 1743 ὑποστάσεὼν
1692 1717 1765 1744 ἐστιν

984 1767 1048 1793 ῐδιον
1063 1765 1110 1792 τοῦ
1125 1765 1232 1800 Πατρός
1247 1764 1294 1791 καὶ
1308 1763 1354 1790 τοῦ
1370 1762 1435 1790 Υἱοῦ
1451 1762 1520 1789 κατὰ
1534 1762 1597 1791 τοὺς
1614 1760 1746 1792 Λατίνους
1756 1781 1763 1793 ,

983 1812 999 1846 ἢ
1017 1811 1067 1846 τῆς
1086 1810 1174 1837 αὐτῶν
1192 1810 1299 1844 φύσεως
1320 1809 1337 1843 ἢ
1356 1807 1505 1843 ἐνεργείας.
1525 1807 1556 1833 Εἰ
1578 1807 1627 1841 μὲν
1647 1806 1693 1833 οὖν
1712 1806 1764 1832 τῶν

983 1857 1159 1884 ὑποστάσεών
1176 1856 1250 1882 ἐστιν
1268 1855 1351 1886 ἴδιον,
1369 1854 1427 1884 πῶς
1448 1854 1478 1879 οὐ
1501 1853 1547 1879 δύο
1564 1853 1596 1879 τὰ
1619 1852 1693 1879 αἴτια
1711 1851 1766 1885 (δύο

984 1904 1038 1939 γὰρ
1058 1904 1105 1930 καὶ
1117 1903 1146 1929 αι
1166 1901 1358 1935 ὑποστάσει;)·
1379 1899 1507 1934 καθάπερ
1528 1899 1576 1925 καὶ
1595 1899 1624 1924 τὸ
1646 1898 1765 1924 αἰτιατὺν

984 1951 1044 1977 δυσὶ
1061 1950 1162 1984 προσὸν
1177 1948 1342 1974 ὑποστάσεσι
1359 1946 1405 1972 δύο
1422 1945 1470 1971 καὶ
1484 1945 1518 1971 τὰ
1534 1944 1642 1970 αίτιατὰ
1659 1944 1766 1975 πάντως

984 1997 1106 2030 είσάγει;
1124 1995 1154 2022 El
1169 1994 1197 2020 δὲ
1211 1993 1259 2028 τῆς
1275 1992 1365 2020 αὐτῶν
1381 1991 1506 2026 φύσεως.
1524 1990 1643 2022 ἑξισάοει
1658 1989 1764 2021 πάντως

985 2043 1053 2077 αὐτῇ
1069 2042 1116 2068 καὶ
1131 2040 1181 2066 οὐκ
1198 2038 1243 2064 ἐπὶ
1261 2037 1340 2064 πλέον
1356 2035 1433 2063 ἔσται
1445 2045 1452 2051 ·
1469 2035 1501 2062 τὸ
1519 2035 1702 2070 γὰρ-Πνεῦμα
1717 2036 1765 2062 οὐκ

985 2088 1058 2114 ἐστιν
1069 2086 1165 2113 αἴτιον.
1180 2084 1213 2111 Et
1221 2089 1248 2110 τι
1260 2084 1313 2118 ἀρα
1326 2083 1431 2116 Πατρὺς
1444 2082 1490 2108 καὶ
1503 2081 1568 2108 Υῑοῠ
1584 2081 1674 2115 φύσις,
1689 2082 1765 2108 τοῦτο

986 2134 1111 2166 θεότητος
1133 2131 1218 2157 αἴτιον
1231 2137 1238 2144 ·
1258 2129 1304 2155 καὶ
1327 2127 1355 2154 εἴ
1373 2136 1399 2154 τι
1422 2127 1550 2163 θεότητος
1570 2128 1668 2158 αἴτιον,
1690 2127 1766 2154 τοῦτο

985 2177 1090 2211 Harpe;
1111 2175 1158 2202 καὶ
1175 2174 1240 2200 Υἱοῦ
1260 2173 1340 2208 φύσις
1351 2181 1358 2188 ⁶
1379 2173 1520 2208 ἀλλότριον
1536 2173 1590 2208 ἄρα
1607 2172 1639 2198 τὸ
1656 2172 1766 2208 Πνεῦμα

152 2227 265 2254 deitatis
291 2226 479 2261 principium,
504 2226 558 2253 hoc
587 2226 676 2254 Patris
702 2231 730 2253 et
748 2225 810 2253 Filii
837 2229 929 2252 natura

987 2224 1018 2250 ἰδ
1031 2224 1107 2257 ἅγιον
1119 2222 1157 2256 (‘2)
1170 2221 1217 2256 τῆς
1229 2219 1275 2247 τοῦ
1290 2220 1393 2255 [ἰατρὸς
1407 2220 1455 2246 καὶ
1466 2219 1532 2246 Υἱοῦ
1546 2219 1663 2253 φύσεως,
1676 2219 1767 2253 ὥσπερ

152 2274 217 2302 erit.
241 2273 354 2300 Alienus
369 2279 433 2307 ergo
457 2275 500 2298 est
522 2271 642 2306 Spiritus
664 2276 775 2299 sanctus
798 2279 814 2298 a
837 2276 936 2298 natura

152 2319 243 2348 Patris
259 2323 287 2346 et
315 2317 376 2345 Filii
390 2338 396 2350 ,
418 2317 651 2352 quemadmodum
669 2322 695 2344 et
711 2325 726 2344 a
742 2317 871 2352 principii
889 2324 934 2344 ra-

155 2366 230 2392 tione
251 2365 359 2392 alienus
380 2369 441 2397 est;
459 2367 487 2391 et
511 2363 603 2391 adhuc
632 2363 723 2390 Latini
746 2362 936 2390 Macedonium

153 2411 334 2446 vituperant?
350 2409 378 2438 Si
390 2410 457 2438 'vero
471 2409 641 2445 operationis
654 2409 797 2445 cujusdam
815 2413 857 2437 est
875 2416 939 2443 pro-

155 2457 260 2493 prium,
277 2456 473 2491 inquirendum
486 2476 493 2488 ,
511 2459 602 2482 utrum
621 2462 674 2482 una
698 2462 730 2481 ea
754 2461 870 2482 numero
892 2454 936 2486 sit,

155 2512 191 2532 an
206 2504 276 2531 duae.
293 2503 332 2530 Ac
348 2503 370 2530 si
386 2502 501 2537 quidem
517 2501 579 2529 duae
594 2505 676 2534 sunt,
690 2500 746 2528 duo
765 2508 873 2528 rursum
891 2509 939 2528 ne-

156 2549 279 2577 cessario
292 2552 375 2577 erunt
392 2548 545 2583 principia;
559 2547 581 2574 si
601 2554 666 2574 vero
683 2554 748 2578 una,
759 2546 939 2581 quaerendum

156 2597 318 2626 cstrur'sus.
338 2598 428 2621 utrum
447 2593 601 2628 pcrsoualis
616 2599 648 2619 ea
673 2592 710 2619 sit
734 2599 769 2619 an
795 2592 938 2619 naturalis.

160 2639 188 2666 Si
208 2639 352 2672 naturalis,
367 2644 433 2666 tunc
449 2637 569 2672 Spiritus
589 2645 605 2664 a
621 2637 739 2664 naturali
764 2637 855 2671 aliqua
875 2645 940 2671 ope-

161 2687 267 2713 ratione
280 2686 388 2712 alienus
405 2685 469 2719 erit,
490 2689 572 2719 atque
589 2684 687 2711 exinde
699 2685 781 2711 etiam
794 2692 808 2710 a
824 2688 938 2716 natura;

159 2732 182 2760 si
201 2736 293 2758 autem
310 2731 482 2766 personalis,
511 2731 545 2758 ad
572 2739 652 2758 unam
669 2738 815 2767 personam
831 2731 941 2759 delinite

193 2799 232 2836 (Ι)
253 2800 325 2836 Moti.
340 2799 403 2831 εδδ,
421 2799 554 2836 ίεῖιθίηο,
568 2805 611 2827 est
625 2808 686 2836 cap.
703 2800 748 2829 28.

195 2836 234 2869 (2)
255 2835 291 2860 Τὸ
305 2835 382 2866 am
397 2835 487 2862 oniilt.
506 2835 542 2862 Μ.
559 2836 621 2863 256.

197 2871 235 2906 ᾤ)
255 2870 290 2898 Μ.
304 2869 366 2899 256.
382 2870 550 2907 Μακεδονία).

987 2272 1035 2298 καὶ
1048 2269 1096 2296 τοῦ
1111 2268 1197 2296 αἰτίου
1213 2267 1353 2301 ἀλλότριον
1366 2275 1373 2281 ·
1392 2267 1440 2293 καὶ
1455 2266 1495 2292 ἔτι
1512 2265 1676 2293 Μακεδόνων
1692 2265 1732 2299 (5)
1744 2265 1767 2292 oi

987 2317 1096 2343 Λατῖνοι
1123 2315 1298 2349 μέμφονταιης
1314 2313 1344 2338 Εἰ
1367 2311 1396 2338 δὲ
1420 2312 1560 2346 ἐνεργείας
1584 2312 1666 2342 τινος,
1689 2311 1768 2345 ζητη-

987 2363 1058 2395 τέον,
1077 2362 1101 2388 εἰ
1123 2361 1171 2396 μία
1187 2359 1226 2395 τῷ
1244 2359 1351 2394 ἀριθμῷ
1370 2359 1444 2385 ἐστιν
1463 2357 1544 2392 αὕτη,
1563 2357 1580 2392 ἢ
1599 2357 1656 2385 δύο.
1677 2357 1731 2383 Καὶ
1746 2357 1768 2383 ει

990 2409 1039 2444 μὲν
1052 2407 1114 2440 δύο,
1129 2406 1175 2433 δύο
1191 2406 1271 2433 πάλιν
1284 2407 1313 2439 ἐξ
1328 2406 1450 2441 ἀνάγκης
1463 2406 1540 2432 ἔσται
1553 2405 1586 2431 τὰ
1600 2405 1674 2432 αἴτια
1684 2414 1691 2421 ·
1706 2406 1729 2431 εί
1743 2405 1768 2431 δὲ

990 2457 1049 2490 μία,
1065 2454 1194 2489 ζητητέον
1210 2453 1247 2488 (ὦ)
1262 2450 1350 2485 αὖθις,
1365 2453 1389 2479 ει
1405 2452 1569 2488 πηροσωπική
1585 2453 1658 2478 ἐστιν
1671 2451 1741 2487 αὕτη
1755 2452 1768 2488 ἢ

989 2501 1101 2536 φυσική.
1117 2501 1171 2526 Καὶ
1184 2501 1209 2526 εἰ
1224 2499 1274 2534 μὲν
1289 2498 1400 2534 φυσικὴ,
1416 2498 1534 2533 φυσικῆς
1547 2507 1618 2530 τινος
1634 2498 1770 2534 ἐνεργείας

990 2547 1067 2572 ἔσται
1085 2546 1114 2572 τὸ
1133 2545 1245 2580 Πνεῦμα
1263 2545 1419 2580 ἀλλότριον,
1441 2543 1590 2571 κάντεῦθεν
1609 2544 1640 2579 δὴ
1661 2545 1707 2571 καὶ
1725 2544 1770 2579 τῆς

991 2593 1107 2626 etiam);
1126 2593 1157 2619 Εἰ
1175 2592 1203 2618 δὲ
1225 2591 1400 2627 προσωπικὴ,
1423 2591 1489 2626 πρὺς
1506 2591 1536 2617 ἓν
1552 2591 1695 2626 πρόσωπον
1711 2591 1771 2625 ὠρι-

993 2640 1099 2673 σμένως
1117 2639 1324 2674 ὀνενεχθήσεται
1337 2646 1343 2653 ’
1362 2638 1409 2672 μία
1427 2637 1480 2672 γὰρ
1494 2637 1532 2672 τῷ
1547 2637 1656 2672 ἀριθμῷ
1671 2646 1771 2672 προσω-

993 2688 1060 2720 π,κὴ
1081 2687 1206 2721 ἐνέργεια
1226 2686 1326 2717 πάσαις
1344 2686 1477 2718 ἀνάγκαις
1497 2684 1555 2715 ένδς
1574 2683 1650 2711 ἔσται
1669 2684 1769 2718 προσώ-

992 2742 1044 2759 που
1060 2733 1127 2767 πρὸς
1142 2732 1170 2758 ἓν
1185 2733 1324 2767 ἐνέργημα
1337 2731 1473 2757 τείνουσα.
1489 2730 1584 2765 Μάτην
1599 2730 1652 2764 ἄρα
1668 2731 1770 2756 Λατῖνοι

1030 2800 1067 2831 (ὁ)
1085 2799 1120 2826 Μ.
1138 2800 1172 2826 27
1195 2799 1215 2828 ί.
1240 2799 1293 2826 ﬁlii
1324 2807 1338 2826 ει
1365 2799 1456 2825 omitt.
1473 2798 1555 2825 verba
1580 2798 1603 2824 εἰ
1620 2797 1667 2831 μία
1688 2796 1770 2830 τῷ-

996 2835 1142 2868 ζητητέονς
1156 2834 1387 2861 homoeoteleuton
1400 2834 1562 2869 exemplaris
1575 2833 1601 2860 in
1617 2840 1682 2859 roee
1695 2831 1771 2866 ζητη-

995 2871 1053 2896 τέον
1072 2871 1099 2897 in
1115 2877 1195 2896 causa
1212 2877 1256 2897 csc
1275 2870 1391 2897 \idetur.
