1925 3056
172 129 221 160 211

858 130 1111 161 BESSARIGNIS

1744 124 1805 158 212

173 186 295 220 operatio
310 186 356 212 ubi
373 185 406 218 G,
422 186 586 216 intermedia
598 196 663 216 vero
675 189 748 217 inter
758 189 816 216 hate
827 189 954 224 operatio

1016 187 1074 222 τρδς
1088 187 1103 213 ὃ
1119 187 1132 222 ἡ
1150 186 1274 221 ἐνέργεια
1299 181 1374 220 ὲφ”οὗ
1390 185 1421 217 Γ,
1437 183 1539 219 μεταεῦ
1565 182 1594 210 δὲ
1607 182 1697 209 αὐτῶν
1721 182 1804 217 ἐνέρ-

174 239 384 262 unanumero.
411 232 542 260 videlicet
568 234 632 266 AG;
659 242 692 262 ac
724 234 808 270 etiam
835 242 919 270 agens
935 234 958 262 Α

173 283 258 303 unum
276 284 336 304 esse
359 285 487 305 numero.
513 279 566 307 Sed
585 281 641 307 sint
659 281 713 307 duo
733 281 796 313 AB;
820 281 840 307 Β
866 286 957 308 autem

173 321 215 348 vel
233 329 295 356 pars
311 327 353 349 est
369 323 455 358 ipsius
472 325 505 357 Α,
523 325 565 352 vel
587 331 664 353 extra
681 327 770 360 ipsum
786 327 917 361 positum.
929 327 958 354 Si

173 366 259 400 igitur
276 368 364 402 ipsius
378 376 460 402 pars,
482 378 536 397 non
567 370 640 397 aliud
665 377 764 405 prretcr
789 372 878 406 ipsum
904 376 958 404 cst,

174 411 222 438 scd
240 420 323 440 unum
351 421 414 440 cum
443 414 512 448 ipso,
530 420 558 442 et
585 416 625 442 sic
650 423 759 443 rursum
791 422 876 444 totum
905 418 960 444 erit

175 465 261 484 unum
288 466 412 486 numero.
428 459 455 487 Si
473 468 538 487 vero
554 462 668 488 sem-sim
693 468 722 490 et
745 468 822 490 extra
841 464 907 490 iliud
923 464 959 490 si-

175 509 233 530 tum
260 509 311 536 est,
334 505 423 539 primo
449 507 485 532 sit
511 507 630 540 positum
657 508 691 534 ab
715 508 807 541 infra,
834 509 960 543 operatio

175 556 242 575 vero
267 549 352 581 ipsius
368 551 385 576 A
405 551 437 577 ad
453 551 475 578 G
494 552 535 578 vel
555 553 697 586 mquahiiis
714 558 742 580 et
755 555 886 581 continua
906 558 958 586 est,

176 595 218 620 vel
238 595 411 630 inaequabilis
429 598 479 632 (a).
495 598 522 625 Si
541 600 684 633 aequabilis
699 605 726 626 et
741 601 882 633 continua,
895 608 958 628 cum

177 647 231 666 una
251 648 365 668 numero
393 643 438 674 sit,
469 644 646 671 manifestum
666 650 720 677 est,
746 646 813 672 nihil
832 647 856 673 ei
877 647 961 674 colla-

179 690 270 712 Iurum
293 694 354 714 esse
377 687 417 720 B,
441 689 515 723 quod
544 690 738 717 intermedium
769 693 888 726 positum
905 697 959 725 est,

177 730 224 757 sed
243 731 262 757 Β
277 737 325 759 aut
347 733 418 760 nihil
443 739 569 762 acturum
594 741 642 763 aut
657 744 712 763 non
728 742 858 764 acturum
880 739 913 765 ad
926 739 960 772 Ο,

177 777 249 803 sicut
266 778 320 812 agit
333 779 364 805 A.
387 779 416 806 Si
432 788 496 808 vero
511 781 685 816 iuaequabilis
699 789 751 816 est,
767 784 865 818 liquet,
882 786 956 819 quod

177 831 282 850 nmram
298 825 444 858 quamdam
470 828 601 861 suscipiet
616 830 768 856 secundum
791 829 811 856 Β
825 835 852 857 et
870 831 960 866 seipsa

179 868 278 895 fortior
293 871 356 901 erit,
376 871 445 897 sicut
461 871 561 900 ﬂuvius
579 873 689 908 aliquis,
708 875 755 909 qui
771 875 844 902 aliud
859 875 962 904 ﬂumen

179 915 205 941 in
222 923 250 942 se
265 917 374 951 recipit.
391 916 448 945 Hoc
461 927 528 946 vero
543 928 597 947 non
621 926 664 948 est
685 923 766 949 unius
793 923 964 957 operationis

178 968 209 987 ac
223 962 360 989 continua!
376 965 527 998 proprium.
555 965 620 992 Nam
641 967 760 1001 irruptio
788 969 912 1003 quaedam
935 975 964 997 et

179 1005 308 1033 incursus
326 1009 437 1042 quidam
455 1010 638 1040 intertuedius
651 1013 697 1040 [iet
712 1015 892 1048 operationis,
903 1024 964 1050 quat

178 1058 221 1079 est
241 1061 255 1079 a
271 1053 301 1086 Β,
328 1057 355 1081 et
371 1055 411 1082 sic
432 1056 534 1091 duple‘
552 1059 677 1093 operatio
691 1061 756 1091 erit,
773 1066 801 1088 et
825 1069 879 1088 non
894 1062 963 1089 sint-

179 1098 253 1132 plex.
267 1098 366 1127 Eadem
383 1109 447 1128 vero
462 1104 600 1136 evenient,
617 1104 640 1131 si
656 1112 738 1140 supra
753 1105 774 1132 Α
790 1106 909 1140 positum
920 1111 965 1134 est

179 1145 211 1177 B,
227 1146 274 1172 sed
294 1151 412 1181 ponatur
426 1156 459 1174 ex
473 1149 586 1183 obliquo
598 1150 645 1176 τοῦ
662 1151 702 1183 A;
721 1151 898 1179 manifestum
917 1153 964 1180 hic

181 1192 269 1219 multo
290 1193 375 1228 magis
400 1199 457 1226 est;
480 1194 548 1223 duas
562 1204 623 1232 esse
645 1198 833 1231 operationes,
848 1199 962 1225 alteram

179 1237 291 1272 quidem
315 1247 387 1273 eam,
413 1248 474 1275 qua:
493 1246 535 1269 est
549 1242 584 1269 ab
599 1243 617 1269 A
634 1243 667 1270 ad
684 1244 717 1275 G,
748 1245 862 1271 alterum
897 1253 964 1273 vero

179 1293 251 1316 eam,
269 1293 330 1319 qua:
345 1291 385 1313 est
400 1294 413 1312 ιι
429 1286 449 1312 Β
465 1287 497 1313 ad
513 1287 584 1315 idem
600 1288 632 1315 Gl.
650 1288 823 1324 impossibile
834 1295 877 1317 est
886 1299 963 1326 ergo,

179 1339 261 1358 unam
284 1340 398 1359 numero
413 1334 603 1367 operationem
630 1339 662 1362 ad
689 1335 743 1364 duo
763 1337 871 1371 agentia
894 1338 965 1364 τοία-

180 1377 283 1404 tionem
301 1378 413 1410 habere,
437 1380 669 1414 quemadmodum
691 1382 861 1416 impossibile
881 1384 964 1412 unius

179 1421 261 1449 linea:
299 1431 332 1450 ex
362 1424 494 1451 alterutra
534 1430 612 1460 parte
640 1426 710 1454 duos
731 1435 792 1455 esse
821 1429 963 1457 terminos.

180 1468 267 1502 Igitur
296 1477 351 1496 uno
380 1477 497 1498 numero
520 1472 646 1506 operatio
674 1473 708 1499 ad
738 1481 823 1500 unum
849 1482 965 1503 numero

977 854 1000 884 Β

1010 242 1072 268 γεια
1093 233 1142 268 μία
1159 233 1197 268 τῷ
1210 231 1317 267 ἀριθμῷ
1332 232 1400 266 ἠΑΓ
1409 240 1417 246 -
1436 230 1506 264 λέγω
1519 230 1559 256 ὅτι
1570 229 1617 255 καὶ
1631 227 1661 254 τὸ
1669 227 1806 262 ἐνεργοῦν

1009 279 1030 304 Λ
1047 279 1075 304 ἒν
1086 279 1159 304 ἐστιν
1172 276 1291 312 ἀριθμῷ.
1303 277 1348 309 Μὴ
1361 277 1415 311 γὰρ
1423 276 1480 302 ἀλλ’
1493 275 1563 302 ἔστω
1572 274 1618 307 δύρ
1629 274 1663 313 τᾲ
1672 274 1762 304 ΑΒ,·τὺ
1771 273 1804 299 δὲ

1010 325 1031 350 Β
1046 320 1104 360 ἦτοι
1126 324 1208 360 μέρος
1217 323 1290 350 ἐστὶν
1300 323 1383 350 αὐτοῦ
1394 321 1440 349 τοῦ
1452 321 1473 348 Δ
1485 321 1501 356 ἢ
1512 321 1596 356 χωρὶς
1608 319 1692 346 αὐτοῦ
1704 319 1805 353 κείμε-

1009 380 1063 398 νον.
1077 371 1106 397 Εὶ
1117 371 1166 404 μὲν
1175 370 1221 397 οὖν
1232 370 1265 402 μέ
1271 378 1315 405 ρος
1328 369 1401 396 ἐστὶν
1411 367 1505 401 αὑτοῦ,
1518 367 1568 393 οὐκ
1579 366 1644 394 ἄλλο
1656 365 1721 401 παρ’
1732 365 1805 392 αὑτό

1011 418 1094 449 ἐστιν,
1105 417 1162 444 ἀλλ’
1171 417 1199 444 ἓν
1208 416 1363 452 μετάὖτοῦ,
1375 415 1420 442 καὶ
1432 414 1502 441 οὕτω
1517 413 1598 441 πάλιν
1610 412 1688 439 ἔσται
1698 412 1727 438 τὸ
1739 411 1804 438 ἧλον

1012 464 1040 490 ἓν
1055 463 1177 498 ἀριθμῷ.
1196 463 1226 489 Ei
1241 462 1269 489 δὲ
1289 461 1372 496 χωρὶς
1398 459 1481 487 αὐτοῦ
1506 460 1606 489 κεῖται,
1624 457 1723 484 κείσθω
1749 457 1804 482 κά-

1013 509 1102 535 τωθεν
1122 511 1248 544 πρῶτον·
1261 508 1321 542 ἡδὲ
1334 505 1445 534 ἀπὸτοῦ
1462 505 1484 532 Δ
1501 505 1568 540 πρὸς
1584 504 1614 530 τὸ
1627 504 1647 529 Γ
1673 503 1805 537 ἐνέργεια
1840 506 1845 509 ’

1013 556 1075 590 ᾕτοι
1117 555 1208 590 ὁμαλὴ
1239 554 1285 581 καὶ
1306 553 1422 588 συνεχής
1440 553 1514 578 ἐστιν
1541 551 1558 586 ἢ
1585 549 1739 585 ἀνώμαλος.
1771 549 1805 574 Εἰ

1014 602 1068 636 μὲν
1084 598 1131 627 οὖν
1149 599 1238 635 ὁμαλὴ
1265 599 1312 626 καὶ
1327 598 1444 632 συνεχής
1469 598 1526 622 ἐστι
1552 595 1601 631 μία
1625 595 1664 629 τῷ
1691 593 1805 628 ἀριθμῷ

1015 645 1094 678 οὖσα,
1106 647 1185 681 δῆλον
1196 647 1237 672 ὅτι
1259 645 1336 672 οὐδὲν
1346 645 1414 678 αὐτῇ
1430 642 1610 677 συμϐαλεῖται
1621 641 1651 667 τὸ
1664 639 1682 666 Β
1696 640 1803 674 μεταξὺ

1013 693 1148 726 κείμενον,
1163 691 1220 718 ἀλλ’
1238 692 1296 727 ῆτοι
1319 691 1371 717 οὐκ
1397 690 1541 724 ἐνεργήσει
1556 687 1615 722 ῆοὺ
1633 687 1700 722 «pb;
1716 686 1747 712 τὸ
1772 686 1805 718 Γ,

1013 738 1138 773 καθάπερ
1163 738 1192 764 τὸ
1207 738 1240 764 Α.
1262 737 1292 763 El
1304 735 1471 771 δ’ἀνὼμαλός
1487 736 1557 766 ἐστι,
1573 733 1664 768 δῆλον,
1682 733 1720 759 ὅτι
1742 732 1806 758 Erti-

1014 782 1109 809 στασίν
1121 791 1182 808 τινα
1193 782 1299 814 δέξεται
1314 782 1384 808 κατὰ
1396 781 1426 807 τὸ
1437 781 1468 813 Β,
1485 781 1532 807 καὶ
1544 779 1720 814 σφοδρῳτέρα
1738 779 1805 804 ἑαυ-

1013 829 1061 864 τῆς
1078 828 1153 855 ἔσται
1164 828 1289 862 καθάπερ
1302 835 1345 856 τις
1360 826 1484 860 ποταμὸς
1501 824 1722 860 προσλαμϐάνων
1742 823 1805 849 ἓτε-

1017 882 1062 909 ρον
1078 873 1178 908 ῥεῦμα.
1189 872 1274 900 Τοῦτο
1289 871 1363 898 δὀὐκ
1374 871 1430 897 ἐστι
1447 870 1511 905 μιᾶς
1523 869 1667 904 ἐνεργείας
1681 868 1726 894 καὶ
1738 876 1804 893 συν-

1017 918 1096 954 εχοῦς
1124 919 1189 945 [διον
1200 925 1206 932 ο
1222 916 1341 951 διακοπὴ
1355 916 1409 950 γάρ
1424 923 1465 946 τις
1479 914 1580 949 μεταξὺ
1591 915 1739 949 γενήσεται
1754 913 1803 939 καὶ

1018 964 1142 999 συμϐολὴ
1169 963 1218 998 τῆς
1242 963 1296 989 ἀπὸ
1321 961 1399 988 τοῦΒ
1416 961 1571 995 ἐνεργείας,
1596 961 1644 987 καὶ
1664 959 1736 986 οὕτω
1760 959 1802 985 δι-

1015 1011 1068 1045 πλῆ
1083 1011 1100 1045 ἡ
1115 1009 1240 1045 ἐνέργεια
1254 1009 1342 1040 ἔσται,
1366 1007 1413 1033 καὶ
1428 1007 1478 1041 οὐχ
1494 1005 1578 1040 ἁπλῆ,
1605 1005 1666 1032 οὐδὲ
1684 1005 1743 1039 μία.
1759 1004 1802 1032 Ti

1014 1057 1108 1084 δἀὐτὰ
1125 1057 1175 1083 και
1195 1055 1220 1081 εἰ
1243 1055 1281 1090 (Ι)
1307 1053 1364 1080 ἄνω
1377 1053 1424 1079 τοῦ
1442 1053 1464 1078 Α
1478 1053 1508 1078 τὸ
1534 1052 1554 1079 Β
1571 1052 1670 1083 κεῖται,
1691 1051 1802 1086 συμϐή·

1015 1112 1101 1130 σεται.
1122 1102 1204 1128 Ἀλλὰ
1230 1101 1262 1136 δὴ
1283 1099 1386 1127 κείσθω
1402 1100 1436 1126 ἐκ
1461 1098 1582 1132 πλαγίου
1605 1098 1652 1124 τοῦ
1671 1099 1693 1124 Α
1715 1098 1797 1132 δῆλον

1014 1149 1046 1183 δὴ
1062 1148 1178 1176 ἐνταῦθα
1197 1147 1287 1182 πολλῷ
1318 1145 1431 1181 μᾶλλον,
1451 1145 1493 1172 ὅτι
1518 1144 1566 1170 δύο
1580 1143 1649 1170 εἰσιν
1673 1143 1701 1170 at
1721 1143 1802 1177 ἐνέρ-

1015 1204 1098 1230 γειαι,
1117 1195 1165 1230 μία
1181 1194 1231 1229 μὲν
1247 1194 1263 1229 ἡ
1279 1192 1333 1220 ἀπὸ
1357 1191 1405 1218 τοῦ
1433 1192 1455 1217 Λ
1469 1191 1541 1225 πρὸς
1563 1189 1592 1216 τὸ
1608 1189 1639 1221 Γ,
1665 1188 1746 1223 ἑτέρα
1772 1187 1802 1214 δὲ

1015 1242 1033 1276 ἡ
1055 1242 1109 1268 ἀπὺ
1128 1239 1174 1267 τοῦ
1195 1240 1214 1266 Β
1237 1239 1305 1273 πρὸς
1322 1238 1353 1265 τὸ
1375 1237 1442 1264 αὐτὸ
1455 1236 1642 1264 Γ,Ἀδύνατον
1660 1234 1716 1270 ἄρα
1736 1233 1803 1269 μίαν

1015 1287 1053 1321 τῷ
1068 1285 1179 1322 ἀριθμῷ
1199 1285 1340 1320 ἐνέργειαν
1357 1283 1426 1318 πρὸς
1448 1282 1496 1308 δύο
1517 1281 1552 1307 τὰ
1570 1278 1736 1315 ἐνεργοῦντα
1751 1279 1803 1313 τὴν

1016 1333 1156 1368 ἀναφορὰν
1171 1331 1256 1367 ἔχειν,
1282 1330 1408 1364 καθάπερ
1426 1328 1557 1355 ἀδύνατον
1584 1328 1651 1361 μιᾶς
1667 1326 1802 1361 γραμμῆς

1016 1381 1053 1406 ὲκ
1063 1379 1176 1414 Θατέρου
1195 1378 1294 1413 μέρους
1311 1376 1357 1403 δύο
1378 1375 1413 1402 τὰ
1425 1375 1534 1409 πέρατα
1554 1371 1635 1400 εἶναι.
1663 1373 1720 1399 Μία
1746 1371 1803 1406 ἄρα

1015 1425 1054 1461 τῷ
1066 1424 1176 1461 ἀριθμῷ
1193 1424 1319 1458 ἐνέργεια
1335 1422 1404 1458 πρδς
1428 1421 1457 1448 ἓν
1487 1419 1598 1456 ἀριθμῷ
1613 1419 1643 1446 τὸ
1669 1417 1801 1453 ἐνεργοῦν

1016 1473 1194 1507 ἀναφέρεται.
1224 1470 1314 1496 Ἔστω
1345 1468 1375 1495 τὺ
1402 1467 1530 1503 ινεργοῦν
1543 1466 1577 1499 Α,
1593 1465 1689 1500 Πατήρ
1702 1473 1732 1491 τε
1753 1464 1802 1490 καὶ

178 1522 264 1549 agens
278 1514 407 1542 refertur.
424 1515 489 1543 Esto
501 1524 585 1552 agens
608 1517 644 1548 Δί
655 1518 737 1546 Pater
748 1523 775 1546 et
792 1519 962 1554 productor;

1016 1517 1175 1554 πρσὸολεὺς,
1193 1517 1223 1543 τὸ
1238 1515 1306 1551 πρὸς
1321 1514 1335 1541 ὂ
1356 1515 1373 1549 ὴ
1399 1515 1524 1549 ἐνέργεια
1542 1513 1580 1544 I‘,
1594 1514 1611 1548 ὴ
1640 1512 1688 1538 τοῦ
1714 1511 1794 1544 ἁγίου

181 1560 208 1588 id
226 1561 262 1587 ad
279 1561 351 1595 quod
368 1561 492 1596 operatio
507 1562 540 1596 G,
566 1563 687 1598 Spiritus
703 1565 789 1592 sancti
807 1565 964 1594 subsisten-

182 1605 416 1647 tinbintermedia
427 1613 497 1633 vero
512 1606 584 1633 inter
600 1607 658 1634 haec
683 1608 845 1642 productiva
862 1617 914 1636 una
940 1614 967 1637 et

181 1650 298 1684 simplex
319 1655 402 1685 atque
418 1651 586 1686 sempiterna
598 1653 733 1686 operatio,
751 1653 771 1680 Β
783 1661 849 1681 vero
869 1655 905 1682 sit
921 1655 967 1681 Fi-

181 1695 246 1723 lius.
268 1696 309 1723 Ad
327 1703 414 1723 unum
431 1703 498 1735 ergo
512 1695 632 1731 Patrem,
643 1701 671 1724 et
689 1705 744 1725 non
760 1698 794 1726 ad
811 1698 910 1726 Filium
926 1706 968 1725 re-

183 1742 272 1768 fertur
286 1742 450 1776 productiva
476 1742 566 1770 sancti
587 1742 711 1778 Spiritus
736 1745 879 1779 operatio,
906 1752 968 1779 quae

183 1796 236 1815 una
251 1796 284 1815 ac
299 1788 453 1823 personalis
472 1793 523 1816 est.

510 1846 650 1876 ΝΙΟᾹΞΝΙ.

218 1902 299 1930 Subit
319 1911 362 1930 me
379 1902 462 1936 risus,
477 1903 555 1938 isque
577 1904 736 1937 vehemens,
753 1905 864 1940 quando
882 1909 909 1933 te
929 1906 971 1934 vi-

183 1949 235 1976 deo
252 1948 539 1977 demonstrationihus
553 1956 588 1976 ex
611 1949 711 1977 litteris
721 1954 749 1977 et
779 1949 860 1978 lineis
876 1951 971 1986 petitis

182 1996 217 2023 de
231 1995 265 2022 iis
279 2003 340 2030 quze
354 1996 454 2023 mentis
471 1995 559 2023 aciem
575 1995 775 2023 transcendunt
791 1997 868 2032 quasi
885 1990 971 2025 ratio-

182 2042 319 2070 cinanlem
332 2047 361 2070 et
378 2050 410 2070 ea
433 2050 494 2078 qua:
511 2045 578 2070 sunt
604 2049 688 2077 supra
705 2050 814 2071 omnem
834 2044 970 2072 rationem

181 2088 357 2123 geometricis
376 2087 588 2116 necessitatibus
616 2088 851 2122 comprehendere
869 2097 972 2117 conan-

183 2141 248 2167 tem,
265 2139 293 2162 et
304 2135 415 2169 quando
430 2135 504 2162 nulla
526 2135 575 2162 tibi
595 2140 695 2170 praesto
709 2141 751 2163 est
773 2135 854 2167 ratio.
874 2136 970 2164 Eccle-

1018 1565 1181 1600 Πνεύματσς
1198 1562 1333 1597 ὖπαρξις·
1352 1560 1456 1597 μεταξὺ
1485 1560 1514 1586 δὲ
1537 1559 1628 1586 αὐτῶν
1645 1559 1662 1594 ἡ
1683 1558 1802 1593 προσλη-

1018 1612 1083 1646 τικῆ
1102 1610 1149 1637 τιιῦ
1171 1609 1332 1643 Πνεύματος
1349 1608 1398 1643 μία
1416 1607 1464 1634 καὶ
1478 1605 1568 1640 ἁπλῆς
1591 1606 1638 1633 καὶ
1653 1605 1739 1636 ἀίδιος
1759 1606 1803 1630 ὲν-

1017 1658 1111 1692 έργεια
1123 1664 1131 1672 ·
1147 1656 1177 1682 τὸ
1188 1655 1209 1681 Β
1221 1655 1250 1681 δὲ
1264 1656 1278 1682 ὁ
1294 1655 1369 1686 Υἱός.
1380 1653 1453 1688 Πρὸς
1467 1652 1549 1687 μόνον
1566 1651 1620 1687 ἄρα
1634 1651 1680 1678 τὸν
1694 1650 1802 1686 Πατέρα

1017 1705 1065 1731 καὶ
1082 1703 1112 1730 οὗ
1141 1703 1210 1738 πρὸς
1225 1701 1271 1729 τον
1293 1700 1357 1728 Υίὺν
1386 1700 1556 1736 ἀναφέρεται
1582 1700 1598 1734 ἡ
1629 1698 1802 1734 προϐλητικὴ

1018 1747 1065 1775 τοῦ
1084 1747 1245 1782 Πνεύματος
1273 1747 1324 1782 μία
1349 1746 1514 1782 προσωπικὴ
1540 1745 1667 1780 ἐνέργεια
1684 1744 1735 1781 (9.).

1289 1823 1359 1875 ΤΟΫ
1376 1846 1529 1874 ΝΙΚΑΙΑΣ.

1056 1906 1167 1935 Ἔπεισί
1183 1906 1287 1942 μοικαὶ
1301 1904 1405 1940 σφόδρα
1420 1904 1514 1939 γελᾷν,
1528 1902 1592 1929 ὅταν
1609 1901 1697 1929 σὲκαὶ
1715 1909 1802 1936 γραμ-

1022 1956 1116 1991 μικαῖς
1144 1952 1314 1986 ἀποδείξεσιν
1337 1950 1394 1986 ὁρῶ
1409 1949 1474 1985 περὶ
1489 1950 1544 1976 τῶν
1562 1948 1632 1983 ὑπὲρ
1648 1948 1711 1975 νοῦν
1725 1947 1804 1974 οίονει

1022 1997 1315 2035 συλλογιζόμενον,καὶ
1338 1997 1372 2024 τὰ
1392 1995 1464 2031 ὑπὲρ
1480 1995 1570 2022 πάντα
1594 1995 1672 2029 λόγον
1695 2001 1804 2028 γεωμε-

1021 2048 1130 2082 τρικαῖς
1156 2046 1291 2079 ἀνάγκαις
1318 2042 1534 2079 περιλαμϐάνειν
1560 2040 1740 2076 πειρώμενον,
1758 2039 1804 2066 καὶ

1022 2094 1086 2120 ὅταν
1101 2092 1150 2126 μὲν
1178 2089 1291 2126 μηδενὸς
1312 2090 1434 2123 εὐπορῇς
1455 2087 1547 2122 λόγου,
1571 2088 1620 2121 τῆς
1643 2085 1803 2120 Ἐκκλησίας

1022 2137 1085 2166 τοὺ;
1102 2135 1301 2170 συλλογισμοὺς
1319 2134 1356 2166 ὡς
1371 2133 1403 2169 δὴ
1417 2135 1447 2160 οὺ
1462 2132 1574 2168 θεμιτὸν
1595 2131 1624 2158 ὃν
1638 2132 1727 2161 αὐτοῖς
1743 2129 1803 2165 χρῆ-

183 2182 229 2208 size
247 2181 428 2216 syllogismos,
445 2181 523 2215 quasi
536 2181 578 2209 eis
591 2181 630 2209 uti
647 2182 683 2209 sit
698 2174 787 2212 nefas.
817 2182 893 2209 clare
905 2190 963 2217 pro-

1023 2183 1085 2209 σθαι
1109 2181 1243 2216 λαμπρῶς
1269 2179 1445 2215 ὲξορίζοντα·
1464 2179 1529 2206 ὅταν
1551 2178 1579 2205 δὲ
1608 2176 1709 2213 μικρᾶς
1736 2183 1803 2206 τινος

182 2227 227 2254 cui
260 2227 438 2260 relegantem,
455 2226 566 2262 quando
583 2234 648 2255 vero
666 2227 805 2255 inveneris
834 2228 876 2254 vel
903 2235 964 2263 par-

1023 2227 1198 2263 ὲπιλαμσάνῃ
1224 2226 1364 2261 ἀφορμῆς,
1397 2225 1506 2261 μεγάλα
1534 2223 1686 2260 φρονοῦντα
1705 2222 1752 2248 ἐπὶ
1768 2221 1803 2256 τῷ

218 2284 257 2319 (α)
278 2283 315 2311 De
333 2284 376 2311 his
392 2283 453 2311 vide
475 2284 593 2311 Aristot.
610 2284 691 2320 Phys.
718 2284 838 2312 auscult.
856 2284 874 2311 Ι.
893 2292 926 2318 v,
942 2291 963 2312 c.

1028 2284 1056 2321 §§
1075 2284 1106 2311 15
1121 2292 1180 2319 seq.
1198 2291 1227 2319 p.
1246 2283 1310 2310 514.

217 2343 256 2380 (Ι)
276 2341 350 2370 Mon.
367 2342 412 2376 27,
429 2341 448 2369 f.
463 2341 516 2369 246
530 2349 545 2369 a
564 2351 570 2369 :
588 2342 616 2378 ή.

490 2534 515 2571 Ξ

493 2613 509 2625 )-

493 2629 510 2646 ρ

493 2669 518 2686 ςιι

486 2688 511 2716 τε

493 2719 511 2740 ἒ

495 2739 511 2748 ι

1053 2342 1092 2378 (2)
1108 2341 1137 2368 in
1152 2339 1274 2376 margine
1294 2340 1352 2368 haec
1369 2339 1506 2375 reperitur
1519 2338 1605 2374 ﬁgura
1620 2345 1629 2364 :
1655 2334 1657 2336 ⁷

1480 2391 1506 2412 Ξ

1480 2414 1496 2431 s1

1479 2433 1497 2447 τι

1469 2449 1505 2465 εν

1470 2470 1495 2486 ὀ
