1925 3056
193 119 247 150 2ῐῦ

878 117 1133 148 ΒΕΞΞΑΗῙΟἫΞ

1780 120 1847 152 Ξῖδ

192 173 354 201 Latinorum
373 177 509 200 statuunt.
522 173 638 206 Quando
654 173 738 208 igitur
766 178 880 208 propter
896 180 979 200 voces

1054 173 1120 199 οινδν
1136 174 1212 201 ἔσται
1234 175 1265 201 rb
1281 175 1315 202 ἐκ
1338 176 1454 210 Πατρός
1467 173 1545 204 εῖναι
1571 175 1614 212 (οὐ
1631 176 1686 211 γὰρ
1712 176 1847 209 ἐπίσης,

192 220 342 247 immediate
355 223 383 246 et
406 219 523 246 mediale
540 227 593 246 non
620 219 740 255 amplius
754 219 820 254 ipsis
836 227 982 246 commune

191 265 246 292 crit
260 272 292 292 ea:
311 265 395 292 Patre
409 273 465 292 esse
482 266 584 300 (neque
598 266 682 298 enim,
711 267 763 298 ais,
782 265 925 301 aequaliter
949 265 982 292 de

191 312 435 347 eoparticipant),
460 313 597 348 siquidem
639 313 734 341 eadem
754 313 813 340 haec
829 317 894 340 sunt
918 318 981 339 cum

192 358 307 386 vocibus
326 367 372 392 per
387 361 582 394 generationem
598 365 626 387 et
645 368 691 393 per
700 360 903 395 processionem,
918 363 984 385 tunc

193 405 276 430 etiam
299 405 347 431 tibi
365 405 509 432 nobiscum
540 405 723 432 nihilominus
749 404 982 431 considerandum

194 455 248 479 est.
262 450 401 484 quomodo
419 451 491 478 hanc
507 457 581 478 tuam
598 451 733 478 rationem
754 451 890 477 dissolvas
907 450 985 483 (con-

196 500 236 522 tra
256 496 427 531 letnotipsum
450 505 566 532 namque
586 505 647 524 eam
666 497 858 532 proicrebas);
894 497 916 522 si
939 503 986 522 ve-

196 550 226 568 ro
241 551 323 569 voces
338 551 385 578 per
399 545 599 578 generationem
613 549 641 571 et
659 553 705 579 per
722 544 916 579 processionem
929 550 987 569 ma-

192 589 280 623 jorem
297 590 443 618 quamdam
465 590 498 616 ad
518 591 636 618 invicem
671 590 854 617 differentiam
883 590 986 623 impor-

197 640 263 664 l‘tlll,
279 643 359 669 quum
373 636 522 662 immediate
537 641 562 662 et
579 637 704 668 mediate,
721 636 812 662 adhuc
830 635 916 670 magis
936 634 987 662 tibi

195 682 474 715 cirrumspiciendum
527 687 590 713 est.
637 682 777 717 quutnodo
817 681 989 717 labyrinthos

196 727 293 753 harum
309 728 446 754 rationum
461 728 584 763 cﬂ‘ugias.
604 728 708 756 Deinde
723 728 779 755 noli
817 732 912 755 contra
934 727 984 753 La-

199 774 272 799 tinos
292 774 344 800 hoc
361 774 513 801 absurdum
541 775 653 807 inferre,
672 775 718 803 sed
746 780 841 802 contra
856 779 983 802 sanctum

196 818 358 852 Gregorium
378 818 552 854 Nyssenum;
575 821 654 847 vobis
683 819 756 847 enim
785 819 848 846 talia
879 825 989 854 quoque

1037 217 1100 252 φῇς.
1115 218 1198 246 αὐτοῦ
1223 220 1395 256 μετέχουσιν)
1407 229 1414 236 ⁸
1433 222 1457 248 ei
1481 221 1531 256 μὲν
1546 222 1645 248 ταυτὸν
1668 221 1723 248 εἰσὶ
1740 222 1848 249 ταῦτα

1035 265 1075 298 τῷ
1092 264 1245 299 γεννητῶς
1259 267 1306 292 καὶ
1320 266 1520 301 ἐκπορευτῶς,
1544 267 1591 293 καὶ
1607 267 1650 293 σοὶ
1671 266 1732 302 μεθ’
1750 266 1848 302 ἡμῶν

1037 309 1114 335 οὐδὲν
1129 307 1211 346 ἦττον
1235 311 1381 344 σκεπτέον,
1400 313 1476 345 ὅπως
1501 321 1549 340 σου
1565 313 1661 340 τοῦτον
1677 313 1767 349 λύσῃς
1791 313 1849 340 τδν

1037 355 1116 390 λόγον
1132 357 1192 390 (καὶ
1211 358 1281 384 κατὰ
1304 359 1403 385 σαυτοῦ
1424 359 1479 394 γὰρ
1498 359 1580 386 αὐτὸν
1606 359 1712 394 ἔξέθοα)
1725 367 1734 375 ·
1763 361 1792 386 εί
1811 360 1847 386 δὲ

1037 401 1068 427 rb
1088 401 1238 437 rermtég
1263 404 1310 430 καὶ
1329 405 1517 438 ἐκπορευτῶς
1542 405 1655 440 μείζονά
1671 414 1732 432 τινα
1762 405 1847 440 πρδς

1039 447 1143 483 ἄλληλα
1166 448 1300 485 διαφορὰν
1316 449 1332 486 ἦ
1351 450 1381 477 rb
1403 451 1524 485 ἁμέσως
1538 450 1586 477 καὶ
1603 451 1747 485 ἐμμέσως
1764 452 1847 486 ἔχει.

1039 496 1087 522 καὶ
1106 494 1206 529 μᾶλλόν
1223 503 1263 521 σοι
1287 496 1429 530 σκεπτέον,
1447 496 1521 528 ὅπως
1544 496 1592 523 σοῦ
1615 496 1678 528 τοὺς
1699 497 1847 532 λαϐυρίν-

1040 539 1104 572 θους
1116 540 1172 567 τῶν
1189 541 1277 574 λόγων
1295 541 1398 569 τούτων
1415 542 1550 578 ἐκφεύξῃ.
1567 543 1683 569 Ἔπειτα
1701 543 1739 577 μὴ
1762 542 1846 569 κατὰ

1041 586 1175 618 Λατίνων,
1192 587 1263 614 ἀλλὰ
1280 589 1352 614 κατὰ
1367 588 1414 614 τοῦ
1433 589 1507 623 ίεροῦ
1529 588 1681 624 Γρηγορίου
1694 587 1744 614 τοῦ
1764 589 1846 614 Νύσ-

1042 640 1092 665 σης
1105 632 1214 667 πρῶτον
1230 632 1310 659 τοῦτο
1333 632 1364 659 τὸ
1377 632 1478 660 ἄτοπον
1493 633 1593 667 σύναγε
1607 641 1614 648 ”
1633 633 1698 667 ὑμῖν
1715 633 1774 668 γὰρ
1793 633 1847 659 καὶ

1041 676 1153 704 τοιαῦτα
1175 677 1248 704 κατὰ
1260 677 1315 703 τῶν
1329 677 1459 713 Πατὲρων
1477 678 1565 710 ἔξεστι
1578 677 1692 713 τολμᾷν.
1712 677 1847 710 Ἐκεῖνος

1042 722 1097 756 γὰρ
1118 723 1192 748 ἐστὶν
1208 723 1224 749 6
1238 722 1284 749 τὸν
1306 722 1357 757 μὲν
1375 722 1439 749 Υἱὺν
1453 723 1614 758 προσεχῶς
1628 724 1663 751 ἐκ
1686 724 1742 751 τοῦ
1757 723 1846 758 πρὼ-

1041 778 1096 796 του
1109 769 1138 795 τὸ
1149 769 1177 795 δὲ
1193 769 1306 803 Πνεῦμα
1327 769 1376 796 διὰ
1390 770 1444 797 τοῦ
1466 770 1624 805 προσεχῶς
1640 770 1674 797 ἐκ
1687 771 1741 797 τοῦ
1760 771 1846 804 πρώ-

1043 815 1296 851 του,θεολογήσας,
1318 815 1424 848 Ἄλλως
1445 825 1475 843 τε
1493 816 1561 851 μηδὲ
1585 817 1664 844 τοῦτό
1686 825 1716 843 σε
1733 817 1845 844 λανθα-

198 870 295 891 contra
311 865 408 892 Patres
422 865 525 892 audere
541 866 617 893 licet.
636 866 702 893 Nam
719 866 764 893 ille
789 870 842 897 est,
865 865 912 900 qui
942 864 988 891 Fi-

1054 864 1119 897 ηέτω,
1136 863 1173 897 ὡς
1190 864 1216 890 εί
1236 865 1284 890 καὶ
1299 863 1437 899 ἐμμέσως
1453 865 1523 892 εἰσὶν
1545 865 1570 891 οἳ
1589 865 1644 892 τῶν
1667 864 1845 892 διδασκάλων

197 911 265 938 lium
282 911 309 938 id
328 912 399 946 quod
414 913 536 947 proxime
551 921 582 939 ex
598 914 695 948 primo,
712 912 847 947 Spiritum
864 919 930 939 vero
943 919 990 946 per

198 957 226 982 id
242 957 311 991 quod
324 958 443 992 proxime
459 965 490 984 ex
501 958 587 993 primo
604 958 774 993 praedicavit.
791 958 924 985 Praeterea
941 965 991 984 ue-

201 1010 254 1037 que
278 1003 330 1030 hoc
344 1007 370 1031 te
384 1003 572 1038 laleat,quod
598 1005 650 1031 etsi
680 1008 745 1031 sunt
773 1004 911 1036 doctores,
943 1003 990 1038 qui

203 1049 317 1075 medinle
333 1049 466 1083 Spiritum
485 1058 516 1077 ex
545 1049 625 1077 Patre
643 1050 793 1084 procedere
810 1050 918 1081 dicunt,
935 1058 989 1076 non

203 1098 295 1121 tamen
314 1094 357 1121 isti
389 1095 558 1130 negaverint,
576 1097 659 1122 etiam
679 1095 830 1122 immediate
848 1103 879 1122 ex
911 1095 991 1122 Patre

200 1147 264 1166 eum
283 1147 360 1173 esse;
379 1140 444 1167 illud
463 1141 510 1175 qui
523 1142 585 1173 lem,
602 1141 714 1176 quando
729 1141 885 1175 respiciunt
901 1141 934 1168 ad
948 1149 992 1167 or-

200 1187 293 1215 dinem
310 1188 336 1214 in
349 1188 440 1214 divina
462 1188 615 1220 Trinitale,
634 1187 787 1214 secundum
800 1195 880 1221 quem
899 1187 987 1214 Filius

201 1236 243 1259 est
264 1233 381 1266 medius,
398 1233 516 1267 Spiritus
536 1241 601 1260 vero
630 1233 727 1260 tertius
752 1240 766 1259 a
789 1233 867 1259 l’atre
893 1237 920 1260 et
945 1240 993 1267 per

201 1276 300 1304 Filium
314 1285 347 1304 ex
365 1278 443 1305 Patre
461 1278 609 1312 prodiens;
623 1277 674 1304 hoc
692 1281 785 1304 autem
808 1282 920 1312 propter
937 1278 993 1304 sin-

202 1324 324 1359 gularem
342 1329 370 1352 et
388 1324 507 1352 maxime
522 1324 632 1351 unicam
653 1324 714 1358 ejus
733 1331 768 1350 ex
792 1329 910 1358 utroque
926 1331 990 1357 pro-

203 1370 382 1404 gressionem,
399 1374 426 1396 et
444 1370 507 1404 quia
521 1369 602 1397 Pater
617 1369 678 1397 fons
693 1374 721 1397 et
751 1377 880 1404 suprema
910 1376 993 1397 causa

202 1414 312 1442 deitatis
330 1420 383 1448 est,
402 1416 438 1442 ita
456 1420 484 1442 ut
499 1416 521 1443 si
538 1416 597 1450 ipse
609 1424 664 1442 non
677 1420 761 1447 esset,
790 1416 876 1443 FllillS
904 1423 994 1450 neque

203 1462 320 1496 alicujus
334 1469 416 1489 causa
433 1462 502 1489 foret
530 1469 620 1496 neque
646 1462 760 1489 omnino
778 1462 924 1489 exsisteret
942 1462 992 1496 (a).

204 1507 294 1540 Quare
309 1508 452 1541 theologus
467 1507 616 1542 Gregorius
632 1508 734 1542 optime
748 1508 828 1535 docet
843 1515 875 1534 ac
892 1507 994 1541 pradi-

202 1559 258 1586 cat,
274 1554 339 1581 dum
360 1554 469 1586 statuit,
483 1561 629 1581 commune
643 1561 707 1581 esse
739 1553 807 1581 Filio
822 1561 854 1580 ac
875 1552 992 1587 Spiritui

203 1605 299 1627 sancto
312 1608 344 1627 ex
362 1600 442 1628 Patre
464 1607 523 1628 esse
537 1609 544 1632 ς
558 1603 586 1627 et
607 1601 654 1635 qui
671 1600 744 1628 idem
761 1604 824 1627 cum
841 1607 874 1627 eo
890 1607 990 1626 nomen

1041 909 1071 935 rb
1093 909 1208 944 Πνεῦμα
1233 910 1265 936 ὲκ
1284 910 1392 944 Πατρὸς
1408 910 1610 946 ἐκπορεύεσθαι
1633 909 1773 944 λέγουσιν,
1788 911 1845 937 οὐκ

1043 957 1076 984 ἃν
1091 957 1151 984 οὐδὲ
1163 957 1194 984 rb
1207 956 1258 984 καὶ
1272 957 1393 992 ἁμέσως
1409 957 1438 990 ὲξ
1459 957 1541 984 αὑτοῦ
1556 955 1626 984 εἶναι
1650 957 1823 992 ἁρνήσαιντο
1836 964 1844 972 ο

1044 1005 1133 1031 ἐκεῖνο
1151 1004 1212 1039 μὶν,
1229 1003 1298 1039 πρὸς
1310 1003 1361 1038 τὴν
1379 1004 1408 1030 ὲν
1422 1004 1455 1038 τῇ
1474 1003 1534 1038 θείᾳ
1557 1003 1653 1038 Τριὰὃι
1673 1003 1751 1035 τάξιν
1770 1004 1845 1030 ἁπο-

1043 1052 1201 1085 6λέποντες,
1222 1051 1284 1078 καθ’
1297 1052 1331 1086 ἠν
1347 1052 1362 1078 ὀ
1378 1051 1428 1086 μὲν
1445 1050 1509 1083 Υἱός
1526 1051 1585 1077 ἐστι
1601 1051 1694 1085 μέσος,
1717 1051 1767 1077 καὶ
1779 1050 1841 1084 τρί-

1042 1107 1089 1124 τον
1104 1098 1159 1124 ἀπὸ
1173 1097 1220 1124 τοῦ
1239 1097 1347 1133 Πατρὸς
1363 1097 1394 1124 rb
1413 1096 1526 1131 Πνεῦμα
1544 1097 1591 1123 καὶ
1607 1097 1642 1123 δι’
1659 1096 1724 1123 Υἱοῦ
1741 1096 1842 1131 πρόει-

1044 1152 1087 1170 σιν
1101 1143 1133 1170 ἐκ
1148 1143 1257 1178 Πατρός
1268 1152 1276 1160 ι
1309 1143 1389 1170 τοῦτο
1409 1143 1438 1169 δὲ
1455 1143 1501 1170 διὰ
1517 1143 1567 1178 τὴν
1583 1142 1734 1178 μοναδικήν
1748 1150 1777 1168 τε
1793 1142 1842 1168 καὶ

1044 1188 1150 1216 ἑνιαίαν
1171 1189 1201 1220 ἐξ
1229 1189 1332 1224 ἀμφοῖν
1355 1188 1439 1216 αὑτοῦ
1462 1188 1587 1223 πρόοδον,
1611 1188 1660 1215 καὶ
1685 1187 1729 1214 διὰ
1743 1188 1774 1214 rb
1792 1187 1841 1214 τὸν

1045 1234 1157 1269 Πατέρα
1185 1235 1279 1269 πηγήν
1293 1243 1322 1260 τε
1349 1234 1396 1260 καὶ
1415 1234 1508 1260 αἰτίαν
1530 1234 1581 1268 τῆς
1607 1233 1735 1269 θεότητος
1753 1231 1838 1266 εἶναι,

1044 1282 1082 1314 ὼς
1101 1281 1185 1308 αὑτοῦ
1201 1281 1240 1316 μὴ
1261 1281 1350 1314 ὄντος,
1368 1281 1437 1316 μηδὲ
1451 1281 1497 1309 τὸν
1519 1281 1584 1308 Υὶὺν
1603 1281 1674 1316 μήτε
1692 1289 1738 1308 του
1752 1280 1792 1315 (Ι)
1804 1281 1839 1307 ἂν

1045 1328 1132 1354 αἴτιον
1160 1327 1226 1354 ὄντα
1251 1326 1317 1362 μήθ’
1332 1328 1400 1359 ὅλως
1421 1326 1497 1354 ὅντα.
1513 1327 1594 1354 ’Ὥστε
1613 1327 1662 1354 καὶ
1682 1328 1696 1354 ὸ
1712 1327 1840 1361 θεολόγος

1046 1371 1198 1409 Γρηγόριος
1223 1372 1324 1408 ἄριστα
1345 1373 1478 1408 θεολογεί,
1494 1375 1583 1401 κοινὸν
1606 1374 1665 1409 Υῑῷ
1683 1374 1732 1400 καὶ
1752 1374 1839 1400 Πνεύ-

1048 1423 1113 1455 ματι
1127 1420 1158 1446 τὺ
1172 1421 1205 1446 ἑκ
1218 1419 1326 1455 Πατρός
1340 1417 1410 1447 εἶναι
1424 1420 1566 1454 τιθέμενος
1579 1427 1586 1436 ·
1599 1421 1646 1448 καὶ
1662 1421 1676 1446 ὁ
1692 1421 1838 1455 ὁμώνυμος

1047 1466 1123 1501 αὐτῷ
1160 1466 1210 1501 τῆς
1240 1466 1370 1493 Νυσσὲων
1395 1466 1434 1502 (2)
1467 1467 1580 1502 φωστὴρ
1607 1468 1741 1502 σύμφωνα
1762 1467 1837 1502 αὐτῷ

1047 1512 1220 1546 φθέγγεται·
1237 1512 1284 1538 καὶ
1304 1513 1414 1539 Λατῖνοι
1433 1512 1536 1547 σφόδρα
1555 1512 1719 1548 ἀληθεύουσι
1733 1513 1790 1544 τοῖς
1803 1520 1835 1538 τι

1045 1554 1219 1587 διδασκάλοις
1243 1556 1291 1582 καὶ
1317 1556 1373 1586 τοῖς
1400 1555 1457 1583 ἀπὸ
1469 1556 1523 1583 τῶν
1545 1556 1632 1591 λόγων
1653 1557 1834 1593 συμϐαίνουσι

1047 1599 1121 1634 μάλα
1137 1600 1266 1634 εὐμαθῶς
1283 1609 1313 1627 τε
1328 1601 1376 1627 καὶ
1391 1600 1511 1632 εὐσεϐῶς
1531 1601 1589 1637 ἅμα
1605 1602 1748 1637 ἑπόμενοι.

204 1647 318 1674 sortitus
334 1653 386 1679 est,
402 1647 579 1682 Nyssensium
599 1647 726 1675 Ecclesia),
743 1648 847 1680 lumen,
882 1653 1004 1674 consona
1024 1645 1077 1680 ipsi
1107 1646 1257 1681 eloquitur,
1275 1647 1365 1675 Latini
1382 1655 1464 1683 quam
1479 1648 1597 1676 maxime
1609 1657 1704 1676 verum
1720 1649 1823 1677 dicunt.

204 1694 366 1723 doctoribus
377 1700 460 1731 atque
476 1695 520 1728 iis,
542 1703 603 1730 quae,
625 1703 657 1724 ex
675 1695 829 1723 rationibus
864 1695 1008 1727 resultant,
1030 1701 1129 1728 magna
1164 1702 1227 1723 eum
1245 1695 1385 1724 docilitate
1411 1703 1443 1724 ac
1460 1695 1541 1724 simul
1556 1704 1622 1724 cum
1647 1697 1749 1732 pietate
1778 1698 1829 1725 ob-

206 1745 405 1775 temperantes.

383 1802 505 1830 El’HES.
537 1802 613 1831 CAP.
630 1802 690 1831 Xlll
707 1802 816 1839 (XXX).

253 1860 410 1887 Essistendi
429 1861 540 1887 modum
558 1866 586 1887 et
602 1860 798 1895 proprietatem
808 1858 895 1887 sancti
908 1858 996 1894 Spiri-

209 1913 253 1933 tus
268 1895 394 1940 'theologi
410 1905 505 1932 dicunt
519 1912 575 1932 non
590 1904 751 1939 simpliciter
779 1904 930 1940 procedere,
947 1911 996 1931 ve-

207 1959 268 1978 rum
282 1951 423 1985 procedere
440 1957 472 1977 ea:
490 1949 582 1977 Patre.
603 1949 663 1977 lam
678 1956 745 1976 vero
762 1949 785 1976 si
802 1949 855 1976 hoc
883 1948 935 1984 ipsi
951 1954 995 1977 est

211 1997 473 2025 exsistendimodus
489 2003 571 2032 atque
596 1996 759 2032 proprietas.
799 1995 940 2031 processio
957 2002 993 2023 ex

209 2043 280 2071 Filio
308 2044 350 2071 vel
370 2044 532 2079 frustratpsi
548 2043 636 2076 adest,
651 2043 695 2070 vel
709 2043 869 2078 superaddit
895 2042 997 2078 aliquid

209 2091 382 2118 exsistentiaa
396 2095 424 2118 et
438 2091 576 2125 duplicem
595 2089 686 2117 reddit
701 2090 762 2125 ejus
777 2089 974 2125 proprietatem
991 2097 999 2122 ;

208 2142 237 2163 et
251 2141 302 2167 est,
323 2137 345 2163 si
364 2137 473 2171 quidem
491 2136 634 2172 proprium
655 2129 770 2164 necesse
797 2141 841 2163 est
869 2135 998 2162 converti

1223 1799 1357 1827 sessor
1376 1799 1456 1826 ΚΕΦ.
1476 1800 1509 1826 tr
1529 1799 1582 1834 (A’)
1598 1800 1650 1834 (δ).

1082 1857 1192 1892 Τρόπον
1206 1856 1419 1891 ὑπάρξεωςτκαὶ
1447 1855 1569 1890 ἰδιότητα
1587 1855 1635 1882 τοῦ
1658 1855 1736 1889 ἁγίου
1752 1856 1832 1882 lived-

1048 1911 1133 1939 ματος
1148 1903 1173 1929 οι
1186 1902 1308 1935 θεολόγοι
1322 1901 1406 1936 φασὶν
1418 1900 1449 1927 οὺ
1461 1900 1492 1927 τὺ
1503 1901 1721 1935 ἐκπορεύεσθαι
1733 1901 1830 1933 ἁπλῶς,

1047 1950 1118 1978 ἀλλὰ
1129 1950 1160 1977 τὸ
1174 1950 1209 1976 ἐκ
1222 1949 1277 1976 τοῦ
1292 1948 1409 1982 Πατρός
1421 1947 1649 1981 ἐκπορεύεσθαι.
1665 1947 1697 1974 Εἰ
1711 1948 1743 1982 δὴ
1759 1948 1831 1974 τοῦτο

1047 1995 1150 2030 τρόπος
1167 1993 1241 2028 αὐτῷ
1259 1992 1405 2028 ὑπάρξεως
1422 1991 1470 2019 καὶ
1485 1992 1586 2027 ἰδιότης
1606 1992 1675 2025 ἐστὶ,
1692 1991 1722 2019 rb
1736 1993 1768 2020 ἐκ
1781 1993 1832 2020 τοῦ

1049 2039 1371 2073 Υισῠὲκπσρσύεσθω,
1395 2037 1412 2073 ἢ
1443 2038 1532 2073 μάτην
1557 2038 1632 2073 αὐτῷ
1658 2039 1829 2075 πρόσεστινῆ

1051 2085 1214 2121 προεκτίθησι
1229 2094 1255 2111 τι
1269 2085 1312 2119 (4)
1326 2085 1359 2120 τῇ
1376 2084 1504 2118 ὑπάρξει,
1520 2085 1567 2112 καὶ
1587 2084 1686 2120 διπλῆν
1705 2087 1774 2112 ποιεῖ
1787 2085 1832 2120 τὴν

1051 2131 1135 2158 αὐτοῦ
1159 2131 1280 2165 ἰδιότητα
1295 2130 1332 2166 (5)
1346 2137 1354 2145 ⁸
1370 2131 1418 2157 καὶ
1438 2129 1523 2163 ἐστιν,
1539 2131 1564 2157 εί
1577 2131 1606 2157 τὸ
1621 2131 1685 2158 ἴδιον
1699 2132 1829 2166 ἀντιστρέ-

209 2187 271 2206 cum
291 2188 333 2213 eo,
346 2181 426 2216 cujus
441 2181 582 2215 proprium
595 2185 649 2213 est,
665 2186 693 2208 et
707 2188 798 2215 neque
829 2180 991 2214 superabun-

1054 2185 1116 2210 φειν
1130 2176 1240 2211 ἀνάγκη
1261 2176 1328 2210 πρὸς
1342 2175 1372 2202 rb
1388 2175 1420 2202 οὗ
1431 2176 1506 2203 ἐστιν
1522 2176 1599 2208 ἴδιον,
1617 2176 1664 2203 καὶ
1683 2176 1744 2203 οὔτε
1760 2177 1831 2203 πλεοι

209 2226 276 2253 dare
295 2234 383 2261 neque
403 2227 567 2260 deiicere,et
579 2227 637 2262 ipse
649 2227 762 2262 duplex.
777 2227 817 2254 Ex
832 2227 913 2254 Patre
928 2233 991 2262 (ει-κε

1054 2221 1144 2253 νάξειν
1169 2219 1232 2247 οὕτε
1258 2220 1393 2247 ἐλλείπειν
1411 2220 1462 2255 (6),
1489 2222 1536 2248 καὶ
1561 2221 1628 2247 αὐτὸ
1652 2222 1770 2250 διπλοῦν.
1790 2223 1831 2248 Ἐκ

211 2272 270 2299 solo
297 2273 422 2307 procedit
454 2273 575 2308 Spiritus
604 2278 729 2300 sanctus.

1054 2267 1100 2293 τοῦ
1123 2267 1229 2302 Πατρδς
1249 2266 1304 2302 ἄρα
1329 2266 1410 2301 μόνου
1426 2268 1457 2294 rb
1481 2267 1594 2302 Πνεῦμα
1613 2267 1644 2293 τὸ
1667 2267 1744 2302 ἆγιον
1758 2269 1830 2294 ἐκπο-

996 2322 1003 2327 ο
1055 2313 1175 2348 ρεύεται.

423 2374 604 2402 SAPIENTIS
624 2372 760 2402 ΝΙΟίΕΝΙ.

248 2433 286 2459 Ιικ
300 2432 379 2460 Patre
397 2431 547 2466 procedere
567 2430 636 2458 nihil
651 2434 694 2457 est
707 2429 783 2457 aliud
796 2429 849 2456 nisi
866 2436 900 2456 ex
916 2429 999 2456 Patre

214 2478 349 2513 FiliOquc,
365 2479 408 2506 vel
422 2485 457 2506 ex
472 2477 552 2505 Patre
576 2484 624 2511 per
642 2476 742 2504 Filium
761 2475 923 2510 procedere,
952 2483 1001 2503 ne-

214 2533 267 2559 que
284 2524 358 2551 aliud
378 2524 444 2551 illud
460 2522 548 2550 Latini
564 2522 670 2550 dicunt.
684 2522 716 2548 Et
730 2521 850 2548 rationes
861 2521 918 2556 jam
950 2528 1001 2548 sae-

252 2581 291 2616 (l)
306 2590 353 2608 του
369 2581 472 2608 habent
484 2579 557 2608 Mon.
578 2579 614 2606 27
628 2579 647 2606 ί.
663 2578 714 2606 ΞΠ
732 2586 747 2605 a
764 2585 793 2605 et
819 2576 904 2606 Marc.
926 2578 945 2605 l‘.
966 2577 1002 2605 85

215 2616 233 2643 ιδ
248 2615 495 2661 ξιιτοητξγοςὴηημ

262 2625 310 2650 pro
325 2624 420 2650 τινος).

253 2649 291 2684 {9)
309 2651 375 2678 Sril.
398 2649 574 2686 Ἐκκλησίας.

252 2686 292 2721 (3t
308 2687 380 2714 Mou.
396 2685 459 2718 256,
475 2685 494 2712 ί.
516 2685 568 2712 502
589 2693 615 2717 a,
632 2690 749 2720 estcap.
763 2686 808 2713 3L

253 2722 292 2757 (ι)
312 2722 386 2750 Man.
403 2721 450 2748 9.7.
466 2721 486 2748 f.
509 2721 560 2748 247
577 2721 605 2754 ι),
627 2721 720 2753 habet,
735 2729 789 2753 τις.

253 2779 444 2814 («)Respectu
473 2778 565 2806 habito
593 2777 627 2806 ad
658 2777 789 2814 virtutem
814 2776 1000 2814 spiratricem,

216 2811 378 2842 immediate
391 2823 424 2842 ex
441 2815 520 2842 Patre
538 2814 639 2841 dicitur
656 2813 776 2848 Spiritus
791 2821 799 2839 ε
814 2818 940 2847 respectu
952 2811 1002 2848 ha-

217 2849 276 2878 bito
288 2849 320 2877 ad
335 2857 470 2886 personas
486 2850 559 2886 spira
579 2854 630 2882 tes,
645 2846 758 2877 eatenus
776 2848 888 2874 mediate
903 2855 935 2875 cx
950 2846 1000 2874 l‘a-

1261 2370 1331 2398 ΤΟΥ
1350 2371 1461 2399 ΣΟΦΟΥ
1480 2371 1634 2398 ΝΙΚΑΙΔΣ.

1092 2428 1128 2456 Τὸ
1143 2429 1178 2456 ὲκ
1201 2429 1319 2463 Πατρὸς
1338 2429 1557 2463 ἐκπορεύεσθαι
1579 2429 1631 2456 οὐκ
1656 2429 1721 2456 ἄλλο
1740 2427 1781 2455 τοῦ
1798 2427 1830 2455 ex

1053 2475 1169 2510 Πατρός
1191 2475 1240 2502 καὶ
1258 2475 1328 2502 Υίοῦ
1343 2476 1359 2510 ἢ
1376 2476 1410 2502 ἐκ
1433 2476 1548 2510 Πατρός
1560 2475 1598 2501 δι’
1616 2474 1686 2503 Υίοῦ
1701 2473 1830 2507 ἐκπορεύ-

1053 2524 1150 2554 εσθαι,
1165 2521 1222 2548 οὔτ’
1238 2522 1313 2548 ἐστιν
1323 2521 1384 2548 οὗτε
1400 2521 1481 2556 φασὶν
1492 2523 1517 2547 ot
1534 2522 1715 2548 Aarivot.Kal.
1731 2521 1753 2546 oi
1765 2519 1829 2554 λόγοι

1091 2578 1130 2614 (5)
1148 2579 1214 2612 Quae
1228 2584 1289 2613 post
1305 2580 1425 2614 ἰδιότητα
1438 2583 1602 2614 sequuntur,
1618 2578 1718 2606 desunt
1735 2578 1758 2604 in
1773 2576 1828 2605 cod.

1054 2613 1159 2641 Monac.
1177 2615 1240 2642 256.

1092 2649 1130 2683 (6)
1150 2649 1200 2676 Hic
1217 2656 1311 2676 revera
1325 2649 1428 2684 aliquid
1447 2649 1474 2676 in
1489 2653 1563 2677 textu
1584 2654 1680 2677 nostro
1700 2649 1828 2684 deﬁciens,

1056 2685 1129 2719 quod
1155 2684 1354 2719 supplevimus.

1054 2781 1095 2804 tre
1110 2781 1161 2807 est.
1176 2780 1359 2810 quatenusest
1371 2784 1386 2804 a
1396 2776 1474 2808 Filio,
1486 2777 1531 2811 qui
1542 2786 1555 2804 ο
1574 2778 1650 2805 Patre
1666 2778 1768 2811 genitus
1782 2781 1828 2810 est,

1055 2813 1206 2838 immediate
1235 2819 1311 2844 vero,
1345 2817 1481 2846 quatenus
1510 2818 1574 2840 esta
1592 2814 1671 2840 Patre
1693 2814 1757 2847 ipso.
1770 2812 1828 2840 Vide

1054 2848 1081 2874 S.
1100 2846 1244 2878 Thomam,
1276 2847 1303 2874 in
1319 2847 1336 2876 ι.
1357 2847 1456 2874 tScnt.
1475 2847 1502 2874 ιι.
1530 2848 1572 2881 12,
1588 2855 1616 2882 q.
1632 2849 1658 2881 1,
1674 2846 1725 2875 art.
1742 2849 1763 2876 ὅ.
