1925 3056
80 129 132 162 917

593 135 816 167 REFUTATIO
838 134 958 164 MARCI
979 133 1174 166 EPHESINI.

1648 132 1706 168 218
1734 129 1736 132 ’

82 187 214 220 πολλάκις
231 188 420 226 προείρηνται.
442 190 486 218 Ἑν
509 191 563 226 γὰρ
585 191 624 226 τῷ
646 192 679 218 ὲκ
703 191 809 226 Πατρδς
827 191 866 217 ὲκ-

923 196 957 224 pe
971 194 1051 216 antea
1068 190 1180 224 prolata
1192 196 1266 218 sunt.
1308 189 1375 218 Nam
1403 190 1431 218 in
1463 190 1594 223 dictione.
1617 198 1708 226 prooe~

81 231 249 266 πορεύεσθαι
268 233 358 261 καὶτὸ
382 235 416 268 ἐξ
444 235 513 262 Υίοῦ
529 237 543 271 ἢ
560 235 598 262 δι’
612 236 683 264 Υιοῦ
701 236 867 271 περιέχεται,

82 280 161 316 εἰπερ
185 277 253 316 μὴ
269 281 375 317 Πατρὸς
391 283 423 310 ἐκ
447 282 494 310 τοῦ
513 283 631 318 Πατρδς.
656 280 746 320 άλλ”ᾖ
766 283 868 317 προδο-

81 325 153 358 λέως
166 326 195 359 ἐξ
212 326 295 353 αὑτοῦ
308 328 338 354 τδ
356 328 466 364 Πνεῦμα
479 330 509 355 τὸ
522 330 600 363 ἅγιον
613 329 794 364 ἐκπορεύεται
806 336 813 345 '
828 325 869 361 εἷς

81 371 109 397 δὲ
127 371 279 406 προσολεὺς
297 374 310 399 6
325 374 421 409 Πατὴρ
437 374 498 409 μεθ’
512 374 590 407 Υίοῦ,
605 376 653 402 καὶ
667 375 712 402 διὰ
727 375 805 402 τοῦτο
821 375 869 401 καὶ

82 417 133 449 μία
150 419 165 452 ἡ
187 417 216 451 ἑξ
242 419 344 453 ἀμφοῖν
360 420 483 455 πρόοδος.
505 420 582 448 Ὢστ*
600 420 664 448 οὔτε
682 422 771 458 μάτην
794 420 868 456 αὑτῷ

82 463 229 498 πρόσεστιν
244 464 275 491 τὺ
291 465 326 497 ἐξ
344 465 423 499 Υίοῦ,
442 466 505 493 οὔτε
520 476 546 493 τι
563 468 598 502 τῇ
626 467 742 503 ὑπάρξει
758 467 868 502 προστί-

82 509 172 544 Θησιν,
201 509 263 537 οὔτε
279 511 392 548 διπλόην
416 514 532 548 ιίσάγει,
557 515 595 547 ὡς
611 515 693 546 αὐτὸς
719 515 782 548 olet,
810 513 868 541 ἀλλ’

80 555 217 589 άνώτερός
233 564 263 582 τι
279 556 368 592 πάσης
385 559 568 593 συκοφαντίας
582 561 596 587 6
613 560 703 593 λόγος,
719 560 766 586 καὶ
783 559 868 594 τάλης

81 601 128 633 Θὲς
145 602 243 629 ἑαυτοῦ
265 604 404 639 πανταχοῦ
428 605 584 640 σύμφωκον,
597 607 645 633 καὶ
665 607 692 633 τὶ
718 607 783 633 τδιον
801 606 868 641 πρὸς

80 647 110 673 τὸ
124 648 154 674 οὗ
172 648 237 675 ἴδιον
253 649 432 685 ἀντιστρέφον
444 651 583 679 κάνταῦθα
598 653 640 689 (τὸ
657 653 711 688 γὰρ
722 652 868 688 πρόϐλημα

82 693 150 728 r96,-
169 695 213 721 τὶν
229 695 373 729 προϐολέα,
397 697 445 723 καὶ
467 697 482 724 6
499 699 652 733 προσολεὺς
670 699 739 734 πρὸς
760 698 789 724 τὸ
803 697 869 733 πρό-

80 740 172 774 σλημα
188 741 376 777 ἀναφέρεται),
395 742 440 769 τὸν
461 743 608 783 Δατινικδν
627 745 728 780 ἄριστα
755 744 868 778 συνιστᾷ

79 785 109 812 λά
113 796 169 821 γον.

249 889 382 918 sessor
400 889 479 918 nso.
498 891 537 918 ny
552 889 626 926 (AA')
646 889 696 926 (t).

118 947 203 974 Ὅταν
231 946 296 982 μίαν
317 948 406 982 ἀρχὴν
422 947 478 974 τῶν
503 947 663 983 κτισμάτων
686 947 810 983 λέγωμεν
823 949 869 975 τὸν

80 993 192 1027 Πατέρα
206 993 254 1020 καὶ
265 993 310 1020 τὸν
322 994 387 1021 ἰ’ίδν
400 995 447 1021 καὶ
463 995 492 1021 τδ
506 995 618 1029 Πνεῦμα
630 995 661 1022 τὺ
672 995 760 1029 ἅγιον,
777 995 867 1030 δῆλον,

77 1038 123 1064 ὅτι
137 1039 187 1073 τὴν
202 1038 278 1066 θείαν
300 1039 382 1074 φύσιν
402 1040 472 1076 πρὸς
494 1042 543 1072 τὰς
557 1041 653 1073 λοιπὰς
675 1042 868 1077 συγκρίνοντες

78 1084 163 1111 τοῦτο
179 1085 304 1120 λέγομεν,
319 1087 380 1121 ἥτις
408 1086 467 1113 ἐστὶ
485 1087 534 1122 μία
558 1087 664 1114 πολλῶν
693 1088 805 1114 ἐκείνων
821 1089 868 1115 καὶ

77 1129 220 1164 διαφόρων
230 1131 328 1158 οὐσῶν.
343 1132 421 1159 Κατὰ
434 1132 479 1158 τὸν
494 1132 576 1159 αὑτὸν
585 1132 617 1167 δὴ
633 1133 733 1168 τρόπον
745 1134 793 1160 καὶ
804 1134 868 1161 ὅταν

80 1176 148 1210 μίαν
167 1177 255 1212 ἀρχὴν
270 1177 398 1212 οεὸτητος
416 1178 551 1213 λέγωμεν,
571 1178 602 1205 ἓν
614 1179 761 1214 πρόσωπον
776 1180 867 1215 δῆλον,

77 1223 122 1248 ὅτι
138 1223 205 1257 1:96;
221 1222 257 1249 τὰ
280 1223 363 1250 λοιπὰ
380 1224 574 1258 συγκρίνοντες
588 1224 668 1251 τοῦτο
682 1226 784 1260 φαμέν.
813 1226 868 1253 Καὶ

77 1268 176 1303 ὥσπερ
202 1269 279 1303 οὑδξν
296 1270 350 1296 τῶν
378 1271 539 1305 κτισμάτων
558 1271 599 1302 είς
624 1271 674 1306 τὴν
691 1271 756 1306 μίαν
781 1273 868 1308 ἀρχὴν

78 1315 154 1342 κατὰ
169 1316 219 1349 τὴν
235 1316 419 1351 δημιουργίαν
445 1318 702 1353 παραλαμϐάνεται,
721 1318 806 1350 οὕτως
821 1320 867 1345 οὐ·

78 1362 190 1397 δέτερον
202 1364 258 1389 τοῖν
283 1363 358 1389 δυοῖν
376 1363 533 1398 προσώποιν
555 1365 594 1396 είς
618 1365 668 1400 τὴν
693 1365 759 1400 μίαν
782 1365 868 1401 ἀρχὴν

80 1408 154 1434 κατὰ
167 1407 216 1442 τὴν
232 1409 349 1443 θεότητα
366 1409 562 1444 παραληπτέον
573 1410 641 1436 ἐστι.
656 1409 691 1436 Τὸ
704 1411 759 1445 γὰρ
772 1410 801 1436 ἓν
813 1412 868 1438 τῶν

81 1452 216 1481 πλειόνων
233 1454 322 1490 ἀρχὴν
336 1452 407 1481 εῖναι
434 1455 535 1490 μᾶλλον
563 1455 649 1488 είκὺς,
667 1455 683 1491 ἤ
707 1455 742 1482 τὰ
757 1456 869 1483 πλείονα

77 1498 129 1525 τοῦ
143 1499 213 1530 ἑνός.
232 1499 320 1530 Μόνο;
336 1499 390 1534 ἄρα
409 1500 446 1535 (2)
464 1501 479 1527 6
491 1501 584 1536 Πατὴρ
599 1501 670 1536 ἁρχὴ
686 1501 733 1536 μία
745 1502 791 1528 τοῦ
803 1501 868 1529 Υίοῦ

921 236 982 263 dere
994 243 1025 262 σα
1039 235 1132 269 Pam,
1146 236 1306 264 continetur
1320 241 1349 265 et
1363 237 1516 264 includitur
1524 237 1606 265 etiam
1623 237 1708 265 dictio

920 291 952 310 ea:
966 281 1039 310 Filio
1057 283 1100 310 vel
1118 291 1165 318 per
1180 281 1292 316 Filium,
1305 283 1528 319 quandoquidem
1543 291 1599 310 non
1613 274 1647 310 τι
1659 284 1708 311 Pa—

920 333 961 356 tre
975 333 1028 361 est,
1043 334 1182 364 quatenus
1200 334 1241 356 est
1267 329 1362 361 Pater,
1377 330 1424 357 sed
1442 334 1579 364 quatenus
1593 334 1636 356 est
1650 329 1706 364 spi-

921 379 1004 406 rator.
1020 382 1054 401 ex
1070 375 1128 409 ipso
1144 375 1264 409 Spiritus
1278 380 1391 402 sanctus
1406 375 1542 410 precedil.
1564 375 1641 402 Unus
1652 383 1700 402 ve-

920 428 950 447 ro
963 421 1083 455 spirator
1096 425 1137 448 est
1149 420 1298 448 Patercum
1316 420 1397 452 Filio,
1420 425 1444 448 et
1463 426 1606 455 propterea
1623 421 1705 446 etiam

920 474 973 493 una
992 471 1034 494 est
1049 467 1207 502 progressio
1217 474 1251 494 ex
1267 471 1395 500 utroque.
1417 466 1602 499 Quamobrem
1617 472 1708 500 neque

919 512 1021 539 frustra
1038 512 1064 539 ei
1086 513 1163 540 adest
1177 512 1202 539 id
1221 520 1254 538 ea:
1271 511 1352 544 Filio,
1368 520 1457 546 neque
1471 511 1620 546 quidquam
1645 512 1708 546 ejus
1744 525 1755 544 ,ν

919 558 1087 585 exsistentias
1105 558 1211 593 adjicit.
1225 565 1315 592 neque
1333 558 1522 593 duplicitatem
1542 557 1658 588 inducit.
1675 561 1706 583 ut

920 604 978 639 ipse
993 609 1084 638 putas,
1100 604 1147 630 sed
1162 611 1245 638 super
1260 611 1369 630 omnem
1384 603 1550 630 calumniam
1566 603 1624 630 hare
1656 603 1708 629 do-

921 649 1010 676 ctrina
1029 653 1070 676 est
1085 648 1190 676 elevata
1203 653 1230 676 et
1242 649 1344 676 veritas
1359 649 1460 683 ubique
1475 648 1527 676 sibi
1545 649 1595 683 ipsi
1610 655 1710 675 conso-

920 700 966 721 nat
980 700 1008 722 et
1020 696 1162 729 proprium
1179 702 1242 722 cum
1259 703 1291 722 eo
1305 696 1384 730 cujus
1398 695 1541 730 proprium
1555 699 1597 722 est
1610 699 1638 721 et
1654 695 1707 721 hoc

921 740 983 768 loco
999 740 1181 767 eonvertibile
1203 742 1276 775 (nam
1302 741 1434 775 spiratum
1451 740 1484 766 ad
1504 741 1654 775 spirantem
1681 743 1709 766 ct

919 787 1028 821 spirans
1045 787 1078 814 ad
1104 787 1237 821 spiratum
1256 787 1385 821 refertur)
1404 786 1566 814 Latinorum
1596 792 1708 814 senten-

921 833 986 860 tiam
1002 833 1106 868 optimo
1125 833 1205 860 modo
1220 833 1337 861 stabilit.

1103 889 1224 918 EPHES.
1240 889 1318 917 CAP.
1333 890 1404 918 XIV.
1425 889 1534 926 (XXXI)

955 945 1072 978 Quando
1090 953 1174 972 unum
1188 950 1377 974 creaturarum
1390 947 1557 982 principium
1589 947 1706 974 dicimus

919 992 1026 1020 Patrem
1048 996 1075 1018 ct
1089 991 1188 1019 Filium
1214 997 1242 1019 et
1260 991 1392 1027 Spiritum
1427 998 1564 1025 sanctum,
1593 993 1708 1020 manile-

919 1041 992 1064 s‘nm
1008 1041 1061 1071 est,
1077 1037 1103 1064 id
1124 1045 1174 1064 nos
1190 1037 1241 1064 fari
1264 1027 1384 1065 divinam
1405 1043 1531 1066 naturam
1547 1046 1709 1073 comparan-

920 1088 960 1110 tes
971 1090 1031 1110 cum
1048 1083 1171 1118 reliquis,
1187 1092 1246 1118 quae
1265 1092 1318 1111 una
1332 1089 1384 1116 est,
1407 1084 1473 1112 dum
1503 1085 1554 1111 illa:
1571 1085 1661 1111 multa:
1675 1091 1708 1111 ac
1738 1116 1745 1123 I

919 1128 1033 1156 diversre
1055 1133 1129 1156 sunt.
1145 1129 1231 1157 Porro
1253 1131 1404 1158 secundum
1441 1131 1569 1158 eumdem
1594 1131 1705 1158 modum

919 1174 1002 1200 etiam
1022 1174 1132 1208 quando
1150 1183 1234 1202 unum
1253 1176 1365 1204 deitatis
1389 1177 1559 1212 principium
1577 1177 1704 1210 dicimus,

919 1219 1017 1255 liquet,
1035 1227 1086 1248 nus
1102 1221 1128 1248 id
1143 1221 1235 1248 dicere
1251 1230 1334 1249 unam
1360 1230 1505 1257 personam
1522 1231 1583 1251 eum
1601 1224 1708 1251 caeteris

920 1271 1121 1300 comparantes.
1142 1267 1175 1294 Et
1191 1269 1424 1302 quemadmodum
1450 1271 1524 1297 nulla
1537 1278 1570 1296 ex
1595 1275 1705 1296 creatu—

920 1312 958 1338 ris
972 1312 999 1339 in
1016 1320 1101 1339 unum
1121 1315 1288 1349 principium
1317 1315 1471 1342 secundum
1498 1323 1589 1343 rerum
1611 1317 1707 1343 condi-

921 1357 1026 1385 tionem
1040 1359 1201 1392 assumitur,
1227 1360 1265 1387 ita
1282 1365 1379 1387 neutra
1402 1369 1434 1387 ex
1462 1361 1567 1388 duabus
1583 1361 1711 1395 personis

920 1403 948 1429 in
961 1411 1045 1430 unum
1064 1405 1229 1439 principium
1251 1406 1402 1433 secundum
1421 1407 1551 1434 deitatem
1564 1415 1707 1434 assumen-

921 1449 954 1476 da
976 1455 1026 1476 est.
1041 1449 1109 1477 Nam
1127 1458 1209 1477 unum
1227 1451 1349 1487 plurium
1366 1460 1428 1480 esse
1455 1454 1621 1488 principium
1647 1462 1707 1481 tua-

921 1495 962 1530 gis
982 1495 1149 1523 conveniens
1165 1499 1220 1528 est,
1236 1505 1315 1531 quam
1333 1498 1409 1532 plura
1423 1499 1514 1525 tritius.
1546 1499 1625 1526 Solus
1640 1507 1706 1534 ergo

79 1545 129 1571 καὶ
144 1546 191 1571 τοῦ
208 1546 379 1580 Πνεύματος.
398 1545 493 1582 ὥσπερ
513 1548 560 1574 καὶ
576 1549 645 1582 μόνη
660 1548 675 1582 ἡ
693 1547 779 1582 Τριὰς
796 1549 866 1583 ἀρχὴ

920 1540 1003 1567 Pater
1025 1548 1108 1567 unum
1139 1542 1305 1576 principium
1330 1542 1390 1571 Filii
1417 1549 1445 1570 et
1463 1545 1549 1571 sancti
1577 1544 1707 1580 Spiritus,

80 1592 132 1626 μία
146 1592 235 1626 πάσης
255 1593 304 1626 τῆς
321 1593 449 1624 κτίσεως.
466 1593 552 1619 Τοῦτο
568 1592 597 1619 δὲ
621 1593 668 1619 καὶ
681 1594 695 1619 6
718 1594 791 1625 θεῖος
808 1595 867 1620 Διο-

77 1637 172 1669 νύσιος
188 1638 339 1673 διαρρήδην
366 1639 444 1674 φησί·
465 1640 549 1673 Μόνη
566 1638 648 1674 πηγὴ
667 1638 723 1674 τῆς
738 1641 866 1675 ὑπεραυ-

78 1685 152 1712 σίου
170 1684 310 1719 θεότητος
325 1686 342 1712 ὀ
358 1684 460 1720 Πατήρ
473 1685 526 1720 (ὅ).

351 1783 419 1810 ΤΟΥ
436 1782 590 1809 ΝΙΚΔΙΔΣ.

115 1840 199 1870 Τίνας
218 1840 268 1874 μὲν
291 1839 409 1867 ἐνταῦθα
428 1839 579 1875 λαμϐάνεις
595 1840 754 1874 προτάσεις,
778 1840 813 1868 δι’
828 1837 866 1868 ὦν

75 1888 113 1914 ἄν
124 1895 167 1913 σοι
182 1886 215 1912 τὸ
226 1886 409 1921 προκείμενον
422 1886 581 1921 συναχθείη,
595 1885 651 1920 ἑγὼ
664 1886 715 1921 μὶν
727 1887 776 1913 οὐκ
789 1885 848 1914 οῐδα
857 1895 864 1902 ·

76 1932 175 1968 θαῦμα
192 1933 233 1966 δὲ,
249 1933 274 1960 ιι
289 1933 370 1964 αὐτὸς
387 1933 494 1968 συνίης,
510 1930 548 1960 ὧν
563 1932 654 1967 λέγεις
667 1940 676 1948 ·
692 1933 734 1960 ὃτι
748 1934 776 1960 δὲ
791 1934 866 1961 ἀδια-

75 1979 164 2014 νόητα
179 1979 243 2015 φῂς,
261 1980 313 2006 κᾶν
335 1979 416 2010 αὐτὸς
441 1978 547 2014 βέλτιον
572 1979 743 2014 σκεψάμινος
770 1980 864 2015 φαίης.

76 2027 144 2054 Δέον
173 2026 227 2062 γάρ
243 2034 273 2052 σε
288 2026 394 2052 είπεῖν·
416 2027 465 2052 Διὰ
491 2025 571 2052 τοῦτο
595 2026 646 2060 τὴν
673 2026 776 2060 Τριάδα
801 2027 865 2061 μίαν

77 2073 168 2108 ἀρχὴν
192 2072 240 2107 τῆς
256 2072 371 2104 κτίσεως
390 2069 461 2098 εῖναι
477 2071 578 2107 φαμὲν,
603 2072 671 2098 διότι
698 2073 748 2107 μία
775 2072 865 2099 αὐτῶν

77 2119 126 2145 καὶ
142 2119 159 2152 ὴ
177 2117 247 2153 αὑτὴ
269 2118 380 2153 ἀριθμῷ
406 2117 526 2152 θίλησις,
551 2118 614 2144 καθ’
631 2118 665 2153 ἢν
702 2117 752 2152 τὴν
774 2117 864 2144 κτίσιν

78 2167 244 2200 προάγουσι.
264 2165 301 2192 Σὺ
318 2164 340 2192 δ’
355 2165 407 2192 οὐκ
426 2163 474 2192 οἶδ’
489 2166 503 2192 ὅ
519 2174 546 2192 τι
559 2166 696 2200 συνείρεις
708 2167 755 2192 καὶ
767 2165 864 2201 ἥντινα

920 1586 991 1614 sicut
1005 1591 1032 1613 et
1055 1587 1111 1615 sola
1131 1586 1253 1615 Trinitas
1272 1596 1358 1615 unum
1384 1589 1550 1624 principium
1571 1592 1707 1618 universa;

919 1638 1064 1660 creaturas.
1078 1633 1134 1661 Hoc
1160 1639 1250 1660 autem
1270 1634 1350 1661 divus
1369 1643 1480 1670 quoque
1500 1635 1648 1672 Dionysius
1665 1637 1707 1663 di-

919 1676 992 1706 serte
1019 1679 1090 1706 dicit
1119 1688 1127 1706 :
1155 1678 1236 1707 Solus
1252 1680 1310 1715 fons
1340 1682 1568 1716 tuperessenlialis
1601 1684 1706 1711 deitulit

919 1728 957 1751 est
972 1723 1061 1752 Pater.

1246 1783 1386 1811 NICENI.

953 1837 1052 1871 Quales
1062 1839 1171 1874 quidem
1188 1839 1240 1867 hoc
1256 1839 1317 1868 loco
1333 1848 1459 1868 assumas
1490 1843 1702 1877 propositiones,

916 1891 1032 1919 quarum
1056 1893 1108 1920 ope
1137 1893 1196 1912 rem
1224 1887 1394 1921 propositam
1417 1888 1539 1923 colligas,
1574 1898 1625 1924 ego
1641 1891 1705 1925 qui-

917 1930 979 1958 dem
1001 1931 1110 1965 nescio;
1142 1932 1242 1959 mirum
1271 1940 1338 1960 vero
1363 1934 1425 1965 erit,
1451 1936 1473 1962 si
1491 1935 1548 1969 ipse
1565 1937 1706 1972 intelligas

916 1983 977 2010 quas
989 1975 1076 2009 dicis;
1095 1982 1121 2003 te
1137 1983 1198 2004 vero
1219 1977 1311 2004 dicere
1327 1986 1388 2013 qum
1407 1979 1523 2013 cogitari
1541 1988 1695 2014 nequeunti.

916 2022 959 2048 vel
990 2022 1060 2056 ipse,
1083 2023 1106 2049 si
1137 2023 1237 2050 melius
1270 2031 1327 2050 rem
1344 2029 1482 2052 scrutatus
1506 2026 1699 2058 fueris,ditrc..

915 2066 1066 2102 Oportebat
1078 2067 1151 2095 enim
1181 2073 1207 2095 te
1232 2069 1349 2096 dicere:
1373 2070 1521 2105 Propterea
1537 2071 1699 2100 Trinitatem

916 2122 1000 2141 unum
1020 2122 1112 2142 rerum
1127 2120 1282 2143 creatarutn
1308 2117 1476 2151 principium
1494 2127 1554 2146 esse
1571 2119 1700 2153 diClIllu>,

915 2161 979 2196 quia
1012 2169 1065 2189 una
1099 2170 1197 2190 earum
1229 2171 1408 2198 personarum
1421 2164 1571 2199 eademque
1586 2173 1718 2193 nutnero'

78 2211 149 2246 πρὸς
165 2212 215 2246 τὴν
229 2212 319 2237 κτίσιν
333 2210 494 2245 παραὸολὴν
507 2211 557 2246 τῆς
569 2211 686 2246 Τριάδος
698 2213 772 2247 ποιῇ.
791 2212 863 2238 Ἀλλ’

920 2208 1054 2241 voluntas,
1076 2210 1228 2236 secundum
1246 2217 1328 2244 quam
1343 2218 1387 2238 res
1405 2215 1513 2238 creatas
1529 2211 1698 2246 producunt.

77 2258 161 2292 ἡμεῖς
176 2266 217 2284 σοι
242 2258 344 2292 φαμὲν,
362 2257 502 2292 ἄνθρωπε,
523 2258 561 2289 ὡς
576 2257 606 2284 6v
630 2258 731 2293 τρόπον
746 2259 791 2285 διὰ
815 2259 864 2294 τὴν

77 2303 241 2336 ὁμοσουλίαν
265 2303 355 2329 καὶτὸ
378 2303 476 2329 ταυτὸν
490 2303 539 2338 τῆς
560 2302 696 2338 θελήσεως
720 2303 769 2339 μία
792 2303 865 2339 ἀρχὴ

78 2350 195 2378 κτίσεως
210 2349 227 2383 ὴ
246 2348 341 2383 Τριὰς,
357 2349 447 2375 καίτοι
468 2349 532 2384 τρία
554 2349 689 2385 πρόσωπα
706 2349 793 2382 δντες,
820 2349 865 2376 οὓ-

77 2403 133 2425 τως
149 2394 197 2421 καὶ
211 2394 255 2421 διὰ
269 2394 319 2428 τὴν
331 2394 381 2429 τῆς
398 2394 586 2430 προδλητικῆς
607 2394 749 2428 δυνάμεως
761 2396 791 2421 ὲν
809 2396 864 2421 Πα-

77 2441 123 2475 τρὶ
141 2441 188 2466 καὶ
213 2440 272 2475 Υίῷ
290 2441 444 2476 ταυτότητα
460 2441 477 2477 ἢ
494 2441 595 2476 μᾶλλον
621 2441 734 2476 ἑνότητα
751 2441 800 2474 μία
816 2441 863 2468 τοῦ

78 2485 239 2520 Πνεύματος
255 2486 339 2521 ἀρχὴ,
356 2488 401 2513 καὶ
417 2487 433 2522 η
447 2486 517 2521 αὐτὴ
533 2486 658 2521 τάριθμῷ
671 2487 685 2513 6
696 2488 789 2522 Πατήρ
806 2488 864 2514 ἐστι

77 2533 127 2559 καὶ
142 2532 216 2564 Υἱός.
229 2533 296 2559 Οῖαν
312 2533 340 2559 δὲ
355 2532 403 2558 καὶ
417 2532 580 2559 ἀκολουθίαν
595 2534 714 2567 εἰσάγεις
732 2533 802 2567 πλὴν
817 2533 863 2559 σοῦ

78 2577 166 2604 οὐδενί
191 2586 231 2612 τῳ
247 2578 376 2610 δόξουσαν
403 2578 474 2611 ἄλλῳ
489 2586 496 2611 ;
512 2578 549 2604 Τὸ
566 2578 616 2613 μὲν
630 2578 685 2614 γὰρ
711 2579 794 2613 μηδὲν
811 2579 864 2605 τῶν

79 2623 239 2658 κτισμάτων
268 2622 366 2650 εαυτοῦ
380 2623 466 2659 ἀρχὴν
492 2620 562 2650 εἶναι
581 2623 651 2658 μετὰ
676 2623 726 2658 τῆς
747 2623 864 2658 Τριάδος

79 2668 158 2703 ὁμοῦ,
183 2669 333 2702 ἀναγκαῖον
349 2669 418 2704 (πῶς
432 2669 486 2704 γὰρ
510 2668 543 2696 ἂν
561 2670 603 2705 εῐη
629 2670 741 2704 κτίστης
760 2670 791 2697 τδ
805 2669 864 2696 κτία

80 2714 159 2748 σμα),
175 2715 217 2741 ὅτι
240 2714 268 2740 δι
287 2715 331 2741 διὰ
348 2714 428 2741 τοῦτο
444 2714 505 2741 οἱδὶ
525 2715 584 2742 τοῖν
604 2715 688 2742 θείοιν
703 2716 863 2750 προσώποιν

79 2760 221 2796 οὐδέτερον
250 2762 301 2796 μία
316 2761 431 2796 θατέρου
457 2761 526 2797 ἀρχὴ
554 2764 623 2796 μετά
645 2761 759 2796 θατέρου
777 2763 862 2795 ἐστὶν,

114 2815 152 2850 (l)
169 2816 240 2843 Mon.
256 2815 309 2843 256
325 2816 343 2843 l'.
362 2816 414 2843 302
422 2824 448 2849 a,
465 2821 507 2844 est
521 2825 580 2851 cap.
596 2817 640 2844 52.

114 2851 153 2877 t2)
168 2850 222 2878 ἄρα
235 2851 318 2879 habet
334 2851 405 2878 Mon.
419 2851 488 2887 .256.
504 2850 605 2879 omittit
624 2851 695 2879 Mon.
710 2852 744 2878 27
760 2852 778 2878 ί.
797 2852 859 2879 ἳίϐ.

917 2254 957 2282 'l‘u
968 2262 1033 2282 vero
1050 2255 1144 2282 nescio
1158 2255 1222 2290 quid
1234 2256 1347 2291 copules
1361 2260 1389 2283 et
1408 2264 1554 2291 quamnaut
1572 2259 1702 2286 instituas

916 2301 1059 2328 Trinitatis
1078 2301 1112 2329 ad
1128 2309 1172 2329 res
1196 2306 1302 2330 creatas
1330 2305 1575 2337 comparationem.
1598 2306 1697 2332 Verum

915 2348 1056 2376 enimvero
1067 2348 1184 2376 dicimus
1199 2349 1258 2381 tibi,
1278 2356 1296 2376 ο
1313 2350 1471 2384 homo,quu
1492 2351 1573 2377 modo
1589 2358 1700 2386 propior

916 2395 1048 2430 aequalem
1069 2395 1228 2423 volitionem
1272 2401 1300 2423 et
1340 2397 1490 2424 voluntatis
1527 2397 1699 2425 identitatcm

916 2449 1000 2468 unum
1017 2449 1110 2468 rerum
1139 2447 1297 2469 creatarum
1320 2442 1486 2476 principiqu
1502 2447 1544 2469 est
1565 2442 1697 2474 Trinitas.

914 2487 980 2514 licet
1007 2492 1061 2514 tres
1088 2495 1210 2521 persona:
1226 2488 1292 2520 sint,
1306 2487 1403 2515 eodem
1418 2488 1498 2522 plane
1515 2489 1595 2515 modo
1612 2491 1696 2516 etiam

914 2535 1027 2565 propter
1054 2531 1191 2565 spirativa:
1212 2531 1322 2559 virtutis
1346 2532 1374 2558 in
1393 2531 1473 2559 Patre
1490 2537 1517 2559 et
1534 2533 1601 2559 Filio
1620 2534 1697 2560 iden-

915 2575 1019 2602 titatem
1044 2576 1087 2602 vel
1115 2577 1206 2610 potius
1233 2577 1365 2604 nnitatetn
1391 2585 1475 2604 unum
1497 2578 1623 2612 idemque
1645 2587 1697 2605 nu-

914 2629 992 2648 mero
1014 2620 1133 2656 Spiritus
1164 2623 1252 2649 sancti
1279 2623 1447 2658 principiutn
1465 2631 1525 2651 esse
1545 2624 1653 2652 Patrem
1669 2630 1698 2653 et

914 2666 1025 2694 Filium.
1043 2666 1156 2700 Qualem
1172 2675 1238 2695 vero
1254 2669 1478 2696 consecutionem
1498 2669 1609 2698 inducis
1627 2680 1697 2706 pra:-

914 2717 956 2740 ter
978 2718 1004 2740 le
1027 2713 1097 2740 nulli
1124 2713 1245 2748 cuipiam
1273 2714 1352 2741 alteri
1386 2715 1493 2742 visaml
1525 2716 1602 2749 Quod
1619 2718 1695 2744 enim

914 2759 989 2786 nulla
1012 2766 1044 2786 ex
1066 2759 1202 2787 creaturis
1229 2760 1271 2787 sui
1303 2760 1389 2795 ipsius
1401 2761 1437 2788 sit
1449 2761 1616 2797 principium
1633 2771 1697 2790 cum

951 2817 990 2851 (3)
1008 2817 1174 2854 Dionys._Dc
1194 2817 1248 2854 div.
1274 2824 1350 2854 nom.
1367 2825 1392 2845 c.
1408 2817 1440 2854 2:
1462 2819 1533 2854 apud
1567 2820 1695 2850 Caritate-

915 2860 984 2879 rum.
1001 2860 1026 2880 c.
1042 2852 1161 2880 ηδιον.
1178 2853 1251 2881 ortlt.
1271 2858 1291 2880 t.
1317 2852 1347 2885 ll,
1366 2860 1392 2886 ιι.
1411 2852 1486 2883 467.}
