1925 3056
124 126 162 158 ’ἳέ
169 125 178 157 l

640 125 859 156 REFUTATIO
877 127 999 157 MARCI
1020 128 1214 162 EPHESINI.

1695 135 1747 165 22?

129 183 200 218 μέσα
216 181 245 209 δὲ
262 181 308 208 καὶ
325 180 374 213 τὰς
387 182 466 208 τοῦτο
483 180 660 212 δεικνυούσας
679 181 828 216 προτάσεις
840 182 901 208 εἰσ-ξπ

962 182 1096 218 Spiritum
1122 192 1218 212 omnes
1239 192 1416 220 asseverant;
1438 188 1512 216 circa
1534 189 1623 217 media
1637 197 1703 218 vero
1718 195 1744 218 et

125 230 152 256 οῖ
172 229 219 255 καὶ
246 227 431 263 διαφέρονται.
456 227 543 254 Τοῦτο
558 227 586 253 δὲ
602 227 650 253 καὶ
672 227 702 253 ὲν
718 228 799 253 παντὶ
823 227 908 263 ζητή-

129 284 195 310 ματι
215 275 332 309 γίνεται.
354 275 416 301 Ἐπὶ
429 274 587 309 οίουδήποτε
600 274 654 309 γὰρ
675 273 909 308 συμπεράσματος

127 319 265 355 γνωρίμου
279 328 309 346 τε
331 321 380 346 καὶ
401 319 621 354 ὁμολογουμένου
645 318 715 345 πᾶσι
735 318 833 344 πολλαὶ
852 319 909 349 τοῖς

126 367 218 400 copti;
243 365 464 400 ἀμφισϐητήσεις
483 364 547 400 περὶ
569 364 618 396 τὰς
640 365 737 391 τούτου
757 363 909 396 ἀποδείξεις

124 413 258 446 γίνονται,
274 412 329 438 τῶν
353 412 402 446 μὲν
419 411 452 438 δι’
466 411 565 443 ἄλλων,
586 410 642 437 τῶν
657 410 685 437 δὲ
700 410 734 436 δι’
756 410 844 437 ἀλλων
862 410 910 445 μέ-

125 466 180 484 σων
194 457 224 484 τὸ
237 456 302 483 αὐτὸ
316 456 495 483 δεικνυόντων
507 463 514 471 ³
531 455 594 482 ὅθεν
609 454 637 481 εῐ
657 463 699 486 τις
713 455 835 488 ἀναιρεῖν
849 454 910 480 ίιιαυ

123 503 177 534 νῶς
193 503 315 538 βούλοιτο
339 503 370 528 τὸ
385 502 577 537 προκείμενον,
601 500 663 528 οὔτε
679 501 728 531 τὰς
753 500 820 530 ἰδίας
838 501 908 526 ἀπο-

122 549 221 581 δείξεις
244 549 365 575 ἐκθεῖναι
396 548 477 583 μόνον
496 548 586 583 ἀρκεῖ,
614 547 638 574 ει
667 547 706 582 μὴ
722 546 769 573 καὶ
791 545 841 578 τὰς
860 545 907 572 τοῦ

122 596 211 627 ἄλλως
225 595 350 630 λέγοντος
363 595 465 627 ἀνέλοι,
482 593 544 620 οὔτε
561 593 640 619 τοῦτο
654 593 767 627 ποιῆσαι
780 592 907 618 καταλεί-

124 650 211 668 ποντα
228 641 343 677 θάτερον
354 648 362 655 ’
379 640 437 667 ἀλλ’
452 639 510 674 ἅμα
531 639 578 666 καὶ
592 639 656 670 τοὺς
673 637 811 668 ἐναντίους
827 637 907 663 λῦσαι

122 686 220 720 λόγους
236 687 282 714 καὶ
298 687 362 718 τοὺς
378 686 458 717 ἰδίους
476 685 583 719 ἀνάγκη
599 684 780 719 προαγαγεῖν.
805 683 859 709 Καὶ
874 683 906 708 σὺ

121 732 224 764 τοίνυν,
242 732 285 758 ὅτε
302 733 343 758 σοὶ
358 732 396 767 (Ι)
409 733 455 758 καὶ
470 731 550 758 τοῦτο
564 730 653 765 δοθείη
665 729 765 764 ἀληθὲς
780 726 863 760 εἶναι,
878 728 907 754 τὸ

119 780 154 813 τῇ
168 779 289 814 διαφόρῳ
307 778 413 813 προόδῳ
428 777 527 808 ἱκανῶς
544 776 667 811 ἀλλήλων
679 775 724 802 τὸν
737 775 800 801 Υίδν
817 774 864 800 καὶ
877 773 907 800 τὸ

121 822 236 858 Πνεῦμα
261 822 462 858 διακρίνεσθαι,
491 821 568 848 οὐδὲν
600 819 681 846 πλέον
706 819 779 854 ἔχεις
804 817 906 850 λαϐὼν,

119 868 170 900 ἕως
185 869 218 895 ἄν
230 867 260 894 τὸ
274 868 464 903 συμπέρασμα
480 867 528 894 καὶ
551 866 585 893 δι’
617 865 705 894 ἄλλων
725 862 831 892 πολλῶν
850 865 904 891 δει-
918 859 941 889 Β

120 915 240 948 κνύοιτο,
251 915 303 941 καὶ
317 914 389 941 οὕτω
403 913 564 946 δεικνύοιτο,
576 913 614 944 ὡς
624 912 708 948 μηδέν
722 920 752 938 σε
766 911 904 938 ἀντειπεῖν

119 961 353 996 Εχειν.Κάνταῦθα
363 961 392 988 δὲ
406 961 481 996 ὅμως
489 960 518 993 ὲε
531 960 660 995 ἡμισείας
670 958 684 984 ὃ
700 958 789 993 βούλει
803 958 901 988 ποιεῖς,

118 1008 153 1034 τὰ
169 1007 270 1034 σαυτοῦ
289 1007 338 1042 μὲν
362 1007 546 1042 ἐκτιθέμενος,
560 1005 623 1037 τοὺς
646 1004 674 1031 δὲ
688 1004 846 1034 δεικνύντας
860 1003 903 1029 λόι

119 1061 195 1086 γους,
212 1053 251 1088 μὴ
267 1052 398 1079 δύνασθαι
415 1052 538 1087 ἀλλήλων
553 1050 753 1086 διακρίνεσθαι,
766 1050 790 1075 el
807 1050 844 1084 μὴ
857 1048 904 1075 θά-

118 1106 198 1134 τερον
214 1100 246 1125 ἐκ
269 1098 384 1134 θατέρου
401 1098 457 1133 εἴη,
473 1098 518 1124 διά
539 1097 569 1124 τὸ
588 1097 628 1132 μὴ
644 1096 775 1123 δύνασθαι
793 1095 902 1126 πάντως

117 1145 148 1171 οὑ
166 1144 342 1178 διαλυόμενος
353 1152 362 1159 '
373 1144 444 1171 ὥστε
458 1144 500 1170 σοὶ
511 1143 556 1169 τὸν
568 1143 647 1177 λόγον
658 1141 808 1177 ἀμφίὸολον
820 1149 904 1168 κατα-

114 1189 270 1216 λείπεσθαι.
288 1189 320 1216 Τί
345 1189 399 1224 γάρ
415 1189 448 1216 ἂν
472 1189 519 1215 καὶ
534 1188 618 1224 φαίης
637 1188 705 1223 πρὸς
729 1188 792 1219 τοὺς
808 1187 902 1221 λέγον-

92 1234 96 1237 “
116 1244 178 1268 τας,
196 1236 230 1262 τὰ
254 1236 305 1270 μὲν
334 1236 531 1271 διακρινόμενα
550 1235 673 1269 ἀλλήλων
699 1234 715 1269 ἢ
739 1235 772 1268 τῇ
798 1232 901 1267 ἀρχῇη

117 1283 173 1313 τοῖς
189 1282 263 1316 ὅροις
277 1281 477 1316 διακρίνεσθαι,
497 1282 544 1308 τὸν
558 1281 586 1308 δὲ
603 1281 668 1306 Υίδν
683 1279 731 1306 καὶ
745 1279 776 1305 τὸ
789 1279 902 1312 Πνεῦμα

116 1330 174 1360 τοῖς
192 1328 242 1363 μὲν
261 1329 335 1364 ὅροις
350 1328 399 1354 οὑκ
415 1327 449 1354 ἂν
466 1326 654 1362 διακρίνεσθαι
670 1325 806 1360 ἀλλήλων,
823 1324 902 1358 εῖπερ

70 1389 74 1391 -
118 1376 153 1402 τὰ
167 1377 224 1407 τοῖς
249 1376 322 1410 ’ὁροις
337 1375 534 1410 διακρινόμενα
552 1374 568 1409 ἢ
592 1375 625 1408 τῇ
641 1372 691 1408 ὕλη
716 1370 902 1405 διακρίνεσθαι

116 1423 183 1454 δεῖν,
198 1423 215 1458 ἠ
230 1422 280 1457 τῆς
295 1422 463 1457 ἀτομότητός
477 1423 551 1447 ἐστιν
572 1420 646 1446 αίτία
661 1420 732 1454 (ἐκεῖ
748 1418 777 1444 δὲ
791 1417 903 1452 οὐδεμία

117 1469 192 1495 ἐστὶν
207 1467 281 1503 ὕλη),
298 1468 315 1503 ἦ
327 1468 365 1502 τῷ
379 1467 446 1494 εῖδει
461 1468 530 1503 (ἐκεῖ
542 1467 569 1494 δὲ
582 1465 665 1492 ταυτὸ
678 1462 747 1496 εἶδος
765 1463 814 1499 τὴν
828 1463 902 1490 θείαν

117 1504 211 1542 οὐσίαν
232 1516 260 1542 ἐν
276 1515 378 1550 ἀμφοῖν
400 1512 484 1548 εἶναι)
497 1522 504 1528 ·
527 1513 598 1539 ὥστε
620 1511 760 1538 λείπεσθαι
782 1512 814 1545 τῇ
831 1510 900 1544 ἀρχῇ

116 1563 215 1593 αὐτοὺς
232 1561 419 1596 διακρίνεσθαι
434 1570 441 1576 ·
452 1559 600 1587 κάντεῦθεν
615 1560 639 1585 ει
652 1558 737 1592 ἄμφω
751 1559 783 1584 εκ
796 1556 900 1591 Πατρὸς

116 1603 173 1632 εἷεν
189 1605 228 1640 (2)
245 1605 336 1640 μόνου,
349 1605 398 1631 οὐχ
409 1605 441 1631 ἆν
454 1603 575 1638 ἀλλήλων
593 1602 791 1638 διακρίνεσθαι·
809 1601 901 1627 λείπε-

117 1651 182 1678 σθαι
200 1651 290 1678 τοίνυν
308 1651 354 1677 τὸν
373 1650 422 1685 μὲν
439 1650 502 1677 Υιδν
519 1651 551 1676 ἐκ
570 1650 688 1685 Πατρδς,
701 1648 769 1674 τὸδὲ
788 1646 900 1682 Πνεῦμα

117 1699 150 1724 ὲκ
165 1697 272 1732 Πατρὸς
292 1697 339 1723 καὶ
355 1696 421 1723 Υῑοῦ
439 1693 528 1730 εἷναις
543 1696 576 1722 EE
597 1704 639 1727 τις
657 1694 703 1721 οὖν
718 1693 805 1720 ταῦτα
820 1694 899 1728 φαίη,

115 1744 144 1770 τί
160 1744 241 1774 αὐτὸς
270 1743 449 1778 ἀπολογήσῃ;
477 1740 535 1769 οῖδα
556 1742 605 1777 μὲν
629 1741 666 1773 ὡς
689 1741 766 1767 οὐδὲν
784 1741 798 1767 ὃ
813 1749 838 1767 τι
853 1740 900 1767 καὶ

115 1789 191 1821 ἀξιον
211 1789 291 1823 λόγου
307 1789 390 1823 ἐρεῖς.
412 1788 522 1815 Λατῖνοι
546 1787 574 1813 δὲ
593 1787 690 1822 ἄνδρες
712 1786 789 1821 σοφοί
803 1795 833 1812 τε
850 1786 899 1812 καὶ

113 1836 280 1862 διαλεκτικοὶ
295 1836 364 1870 πρὸς
384 1835 434 1866 τὰς
446 1833 571 1861 Λατίνων
585 1833 690 1864 ταύτας
712 1832 898 1867 ἐπιχειρήσεις

114 1879 208 1914 σοφῶν
224 1888 254 1906 τε
272 1880 318 1906 καὶ
334 1879 514 1906 διαλεκτικῶν
528 1879 575 1904 καὶ
589 1877 672 1904 αὑτοῦ
688 1877 774 1904 πολλά
790 1877 839 1912 μὲν
852 1876 899 1902 καὶ

113 1926 186 1952 καλά
212 1925 305 1960 ὲροῦσί
327 1934 359 1964 fre
381 1925 427 1952 καὶ
442 1924 598 1960 είρήκασιν,
613 1923 643 1950 οὐ
661 1923 752 1957 μέντοι
769 1932 799 1958 γε
821 1923 899 1958 παρά
912 1948 921 1957 ,

112 1972 196 2000 τοῦτο
210 1972 249 2008 τῷ
268 1972 484 2007 συμπεράσματι
502 1971 644 2005 μάχονται,
658 1969 726 1996 ἀλλὰ
735 1969 857 2009 ,πολλαῖς
869 1977 899 1995 τε

112 2019 162 2046 καὶ
177 2017 315 2052 γενναίαις
327 2016 422 2047 ἄλλαις
439 2015 593 2048 ἀποδείξεσι
606 2015 638 2041 τό
651 2013 765 2049 Πνεῦμα
779 2014 809 2041 τὸ
821 2014 900 2048 ἀγιον

111 2066 145 2092 ὲκ
161 2065 268 2098 Πατρδς
285 2064 333 2090 καὶ
356 2062 420 2089 Υῖοῦ
446 2060 516 2088 εῖναι
533 2062 582 2088 καὶ
608 2061 681 2097 μάλα
703 2061 897 2096 ἰσχυρίζονται.

112 2111 149 2136 Σὺ
162 2110 191 2136 δὲ
206 2108 272 2141 ῐσθι,
288 2108 326 2140 ὡς
338 2108 386 2134 καὶ
401 2107 449 2143 τὴν
459 2107 588 2142 διάφορον
600 2106 703 2141 ταύτην
715 2114 757 2132 σοι
770 2106 826 2132 τῶν
843 2105 900 2139 φώ-

111 2165 171 2183 τοιν
186 2157 219 2182 ἐκ
238 2155 343 2189 Πατρὸς
367 2153 480 2189 πρόοδον
497 2154 536 2184 είς
551 2153 634 2179 ταντδ
649 2153 705 2184 τοῖς
726 2151 832 2178 ἑαυτῶν
850 2152 894 2178 λό-

961 229 1034 256 circa
1060 231 1274 265 propositiones,
1306 241 1340 260 ex
1368 233 1469 268 quibus
1497 235 1569 262 istud
1593 236 1744 271 probatur.

960 279 1025 301 sunt
1043 276 1089 309 qui
1118 276 1191 303 inter
1219 284 1249 304 se
1272 278 1407 307 dissident
1425 288 1456 308 ac
1468 276 1671 309 controversias
1685 282 1743 316 agi-

960 323 1028 347 tant.
1060 319 1118 347 Hoc
1129 328 1195 347 vero
1220 321 1246 348 in
1264 324 1337 350 omni
1353 332 1462 359 quoque
1478 327 1629 360 quastione
1645 334 1741 353 usuve-

959 365 1010 393 nit.
1028 365 1058 392 ln
1075 366 1259 401 qualicunque
1284 368 1357 395 enim
1385 371 1562 398 conclusione
1581 376 1642 398 nota
1655 373 1742 398 omni-

959 412 1011 440 bus
1032 417 1061 441 et
1084 413 1207 442 omnium
1232 416 1404 443 confessione
1438 417 1557 444 admissa
1580 418 1671 445 multae
1701 426 1739 445 sa-

957 458 1098 493 pientibus
1128 461 1322 496 ambiguitates
1350 462 1423 488 circa
1437 462 1559 496 ejusdem
1574 463 1738 490 demonstra-

959 504 1048 532 tiones
1064 506 1238 539 exoriuntur,
1256 514 1318 534 cum
1338 507 1384 534 alii
1402 514 1452 541 per
1465 507 1518 534 alia
1544 508 1632 534 media
1649 509 1742 535 eadem

958 550 1073 584 probare
1096 551 1241 585 studeant;
1265 553 1442 588 quamobrem
1466 554 1489 581 si
1500 553 1563 588 quis
1574 553 1743 581 suilicientcr

958 596 1024 623 velit
1040 598 1206 631 propositam
1221 598 1373 626 doctrinam
1403 604 1539 631 evertere,
1559 608 1612 627 non
1629 600 1741 633 stimcit,

958 646 989 668 ιιι
1015 642 1141 676 proprias
1167 643 1300 670 duntaxat
1322 644 1719 679 demonstrationes:exponat
1733 665 1740 677 .

957 687 1011 714 nisi
1025 692 1052 715 et
1068 689 1187 715 rationes
1204 688 1264 722 ejus
1280 689 1327 724 qui
1346 689 1539 724 alitcrstatuil,
1557 699 1571 717 ο
1583 692 1673 717 Ιιιιιιίίο
1689 693 1741 718 to!-

957 733 1007 766 lat,
1037 741 1128 768 neque
1150 739 1180 760 ut
1205 734 1257 761 hoc
1288 734 1369 761 faciat
1390 735 1505 762 alterum
1536 738 1649 763 omnino
1662 738 1741 764 omit-

959 780 1051 812 tondo,
1080 788 1175 807 verum
1205 780 1286 807 simul
1316 781 1399 808 debet
1413 783 1606 809 etcontrarias
1622 784 1740 810 rationes

957 826 1106 853 dissolvere
1125 831 1153 853 et
1171 827 1297 861 proprias
1322 827 1348 853 in
1374 828 1494 855 medium
1515 829 1649 862 proferre.
1664 829 1696 856 l‘lt
1711 835 1739 856 tu

955 871 1048 906 igitur,
1076 872 1185 906 quando
1203 872 1285 899 etiam
1301 876 1328 898 et
1347 872 1399 899 hoc
1417 873 1465 899 tibi
1494 881 1587 900 verum
1598 882 1658 901 esse
1676 883 1741 901 con-

955 919 1107 947 cerleretur.
1141 918 1249 945 diversa
1280 920 1472 954 progressione
1501 919 1672 946 sulﬁcienter
1705 922 1739 946 ab

955 962 1072 990 invicem
1101 963 1200 990 Filium
1230 968 1258 991 et
1287 964 1420 999 Spiritum
1454 966 1738 997 sanctumdistingm,

955 1009 1022 1035 nihil
1050 1010 1168 1043 amplius
1194 1009 1293 1037 exinde
1323 1015 1420 1037 nactus
1440 1018 1526 1042 esses,
1540 1011 1661 1045 quandiu
1677 1021 1739 1037 un.-

954 1054 1041 1082 clnsio
1065 1055 1147 1082 etiam
1176 1062 1224 1089 per
1251 1055 1302 1081 alia
1327 1056 1412 1082 multa
1440 1055 1644 1083 demonstretur
1659 1063 1684 1083 et
1702 1063 1738 1083 ita

954 1101 1169 1133 demonstretur,
1200 1105 1229 1128 ut
1261 1100 1330 1144 nillil
1354 1101 1455 1128 habeas
1472 1102 1545 1137 quod
1562 1102 1740 1136 opponas.Et

954 1147 999 1173 hic
1024 1155 1133 1182 quoque
1161 1155 1195 1175 ex
1218 1148 1334 1175 dimidio
1363 1150 1453 1176 solum
1478 1149 1549 1184 quod
1568 1156 1738 1184 proles-lum

954 1193 1038 1219 habes
1065 1192 1161 1224 elﬁcis,
1189 1194 1255 1220 dum
1282 1199 1328 1221 tua
1349 1195 1461 1229 quidem
1477 1202 1736 1235 argumenta'expo

953 1237 1006 1268 nis.
1039 1238 1162 1265 rationes
1188 1246 1252 1266 vero
1279 1246 1336 1272 eas,
1365 1247 1426 1274 quae
1442 1240 1570 1274 probant.
1586 1248 1641 1266 non
1657 1249 1736 1274 posse

952 1283 987 1310 ab
1002 1283 1118 1310 invicem
1132 1284 1264 1319 distingui
1283 1284 1382 1311 Filium
1399 1290 1427 1311 et
1441 1284 1585 1319 Spiritum,
1600 1286 1648 1312 nisi
1667 1287 1737 1312 alter

953 1335 986 1354 ex
1000 1328 1087 1355 altero
1099 1335 1160 1356 esse
1174 1329 1286 1361 habeat,
1303 1330 1368 1364 quia
1385 1337 1440 1356 non
1453 1335 1548 1364 potes,
1566 1331 1643 1358 nullo
1658 1339 1736 1364 pror-

953 1381 1000 1401 sus
1029 1375 1109 1402 modo
1140 1375 1268 1403 dissolvis
1283 1384 1291 1408 ;
1309 1381 1478 1411 quapropter
1488 1384 1502 1402 a
1516 1381 1541 1403 te
1557 1377 1626 1403 ratio
1638 1383 1737 1404 nutans

953 1425 980 1447 et
996 1421 1123 1454 ambigua
1142 1421 1319 1455 relinquitur.
1334 1421 1405 1454 Quid
1430 1422 1504 1449 enim
1519 1422 1626 1449 diceres
1641 1424 1738 1450 κάνοι--

953 1473 1000 1492 sus
1026 1473 1072 1494 eas
1101 1467 1149 1501 qui
1181 1467 1290 1500 dicunt,
1318 1475 1350 1495 ea
1375 1475 1435 1502 qua
1455 1469 1489 1495 ab
1505 1469 1621 1496 invicem
1639 1470 1737 1496 distin-

954 1517 1088 1546 gunntur.
1122 1513 1164 1540 vel
1193 1514 1331 1548 principio
1361 1515 1493 1550 distingni
1522 1516 1565 1542 vel
1592 1517 1736 1547 terminis.

953 1558 1051 1585 Filium
1076 1564 1166 1586 autem
1192 1565 1220 1587 et
1245 1560 1377 1595 Spiritum
1398 1562 1521 1589 terminis
1540 1570 1593 1589 non
1606 1562 1736 1598 distingui

952 1606 986 1631 ab
1003 1604 1133 1637 invicem.
1159 1607 1384 1641 quandoquidem
1403 1615 1444 1638 ea,
1459 1616 1520 1642 quae
1537 1608 1663 1635 terminis
1679 1610 1736 1635 uis-

953 1652 1125 1685 tinguuntur,
1157 1652 1199 1678 vel
1231 1653 1343 1680 materia
1369 1653 1499 1689 distingui
1527 1659 1661 1688 oporteat.
1677 1663 1736 1688 qua:

952 1697 1181 1724 individualitatis
1195 1698 1231 1725 sit
1247 1706 1329 1726 causa
1358 1699 1444 1733 (nulla
1463 1707 1530 1727 vero
1545 1701 1600 1728 illic
1615 1703 1735 1732 exsistit,

952 1743 1084 1778 materia)
1108 1744 1150 1771 vel
1170 1744 1262 1779 specie
1287 1745 1343 1780 (ibi
1365 1753 1430 1773 vero
1456 1746 1579 1773 eamdem
1606 1755 1735 1781 ενι-οων,

953 1788 1073 1815 divinam
1088 1790 1235 1817 essentiam
1249 1791 1276 1817 in
1289 1791 1422 1819 ambobus
1438 1793 1525 1826 esse);
1542 1793 1656 1827 relinqu:
1673 1803 1736 1828 ergo

952 1842 998 1862 eos
1026 1835 1162 1870 principio
1187 1836 1321 1871 distingui
1336 1842 1363 1864 et
1375 1838 1476 1865 exinde
1493 1839 1514 1864 si
1533 1840 1612 1866 ambo
1629 1848 1660 1866 ex
1678 1845 1736 1866 δωιο

950 1880 1032 1908 Patre
1051 1886 1155 1914 essent,
1167 1889 1221 1908 non
1237 1881 1272 1909 ab
1290 1882 1406 1910 invicem
1434 1883 1672 1917 fore‘distincms;
1696 1894 1735 1911 rc-

951 1927 1056 1960 liquum
1087 1927 1172 1962 igitur
1198 1935 1273 1960 esse,
1300 1933 1329 1955 ut
1361 1928 1447 1956 Filius
1463 1930 1500 1956 sit
1516 1937 1549 1956 ex
1570 1930 1659 1962 Patre,
1674 1931 1736 1966 Spi-

951 1972 1021 1998 ritus
1039 1980 1104 1999 vero
1129 1979 1163 1999 ex
1188 1971 1267 1999 Patre
1297 1978 1324 1999 et
1347 1973 1432 2001 Filio?
1449 1975 1476 2002 Si
1491 1975 1656 2010 quisitaquc
1687 1985 1736 2003 nn-

950 2025 1032 2053 quam
1062 2018 1127 2044 talia
1146 2018 1261 2051 diceret,
1278 2019 1342 2054 quid
1365 2025 1393 2046 tu
1425 2028 1475 2054 pro
1500 2021 1661 2048 defensione
1692 2031 1736 2049 rc-

950 2063 1194 2099 sponderes?‘Scio
1229 2069 1254 2092 te
1268 2065 1347 2098 nihil,
1360 2065 1433 2100 quod
1451 2068 1669 2095 consideratione
1695 2070 1736 2095 di-

950 2118 1033 2146 gnum
1050 2111 1098 2143 sit,
1129 2110 1300 2146 prolaturum
1319 2118 1391 2138 esse.
1409 2111 1498 2138 Latini
1515 2117 1606 2140 autem
1626 2114 1676 2140 viri
1692 2123 1736 2141 sa-

950 2157 1056 2191 pientes
1070 2161 1098 2184 et
1117 2157 1253 2185 dialectici
1268 2158 1301 2185 ad
1317 2158 1460 2185 ratiocinia
1472 2166 1487 2185 a
1503 2158 1609 2186 Latinis
1622 2163 1735 2195 sapien-

112 2211 173 2238 γοις
189 2203 258 2230 εἰσὶν
273 2202 298 2228 οἶ
313 2201 368 2228 τῶν
390 2200 513 2228 Λατίνων
529 2200 664 2233 ἀπάξουσι
681 2200 728 2225 καὶ
750 2199 833 2225 ταυτδ
849 2198 897 2233 δη-

953 2203 1026 2231 tibus
1050 2208 1078 2230 et
1102 2203 1264 2231 dialecticis
1272 2208 1301 2231 et
1316 2203 1383 2239 ipsis
1397 2204 1504 2239 prolata
1523 2206 1607 2233 multa
1622 2208 1735 2241 quidem

111 2249 178 2276 λοῦν
191 2247 362 2280 ἀποδείξουσι
378 2247 415 2280 τῷ
432 2247 478 2273 τὸν
495 2246 544 2281 μὲν
559 2245 623 2272 Υίὸν
635 2246 667 2271 ἐκ
690 2241 812 2280 Πατρδς,
824 2245 854 2270 τὸ
870 2244 898 2270 δὲ

113 2296 228 2331 Πνεῦμα
249 2295 278 2328 ἐξ
295 2294 398 2329 ἀμφοῖν
416 2293 550 2328 προϊέναι.
572 2292 610 2318 Τὸ
630 2293 685 2327 γὰρ
704 2291 751 2318 τὸν
771 2291 821 2326 μὲν
834 2290 898 2317 Υὶδν

112 2341 263 2376 γεννητῶς,
288 2339 463 2374 ἑκπορευτῶς
488 2338 516 2364 δὲ
533 2338 563 2364 τὸ
594 2338 706 2372 Πνεῦμα
732 2338 764 2363 ὲκ
792 2337 898 2371 Πατρδς

111 2388 249 2423 προϊέναι,
277 2386 354 2412 οὐδὲν
372 2385 435 2412 ἀλλο
460 2381 530 2411 εῖναι
558 2383 665 2415 πολλοῖς
681 2391 710 2409 τε
731 2384 779 2409 καὶ
804 2383 897 2414 καλοῖς

112 2435 203 2468 λόγοις
216 2432 387 2467 πείσουσινμη
402 2431 448 2458 τὸν
463 2431 512 2466 μὲν
529 2430 638 2465 ἀμέσως
646 2431 678 2456 ἐκ
689 2430 793 2463 [hspes
803 2429 897 2464 προῖό-

111 2489 156 2508 ναι
178 2479 216 2514 τῷ
230 2480 280 2511 τῆς
291 2479 449 2514 γεννήσεως
462 2477 567 2513 τρόπῳ,
580 2475 610 2502 τὸ
621 2475 650 2501 δὲ
664 2473 776 2509 Πνεῦμα
794 2475 837 2501 διὰ
850 2473 897 2500 τοῦ

111 2528 145 2554 ὲκ
161 2512 268 2560 Πατρὸς
290 2512 643 2559 ’γεννηθέντοςνάφράστως
666 2521 896 2555 ἐκπορευόμενον,

112 2575 160 2599 καὶ
178 2573 228 2607 τὴν
252 2571 417 2607 ἔκπόρευσιν
431 2569 476 2596 διὰ
499 2570 549 2604 τῆς
566 2567 732 2603 γεννήσεως,
750 2566 786 2597 ὥς
810 2566 858 2593 καὶ
873 2566 898 2592 οι

111 2620 243 2655 ἡμέτεροι
262 2617 383 2652 θεολόγοι
400 2616 492 2650 φασιν,
507 2615 641 2650 προϊέναι.
659 2614 730 2648 [Ιρδς
755 2612 802 2643 οὓς
816 2613 898 2643 αὐτὸς

111 2668 163 2693 οὐκ
176 2667 209 2693 ἂν
223 2665 279 2692 οὐδ’
295 2663 454 2698 ἀντιϐλέψαι
471 2662 654 2697 δυνησόμενος
671 2661 761 2696 μάτην
776 2659 896 2686 ἐνταῦθα

110 2714 204 2743 πονεῖς
227 2713 286 2743 ταῖς
301 2710 476 2746 γραμμικαῖς
495 2717 543 2735 σου
566 2708 641 2743 μέγα
665 2706 772 2741 φρονῶν
787 2705 898 2732 ἀποδείς

111 2761 182 2794 East,
201 2759 250 2786 καὶ
271 2757 357 2793 ταύτῃ
373 2757 435 2787 τοὺς
452 2755 568 2790 ἀμαθεῖς
589 2753 760 2788 ἐκπλήττων.
776 2752 809 2778 Τί
825 2752 848 2777 δ’
863 2753 896 2778 ἂν

148 2818 187 2853 (l)
207 2817 245 2853 lt_a
259 2815 332 2843 Mon.
353 2814 426 2853 ῖ.
442 2821 474 2845 a;
488 2813 560 2853 blant
576 2811 622 2853 2‘7,
641 2810 660 2837 ί.
742 2817 839 2853 atram”.

951 2254 978 2277 et
1010 2249 1109 2277 eximia
1127 2253 1154 2276 et
1173 2250 1265 2277 dicent
1288 2256 1315 2278 et
1340 2250 1395 2285 jam
1414 2250 1554 2284 dixerunt,
1576 2259 1630 2278 non
1645 2257 1734 2281 tamen

949 2297 985 2324 ob
1009 2303 1069 2323 eam
1088 2303 1196 2323 causam
1217 2297 1299 2323 etiam
1322 2297 1492 2324 conclusioni
1506 2304 1675 2332 repugnant,
1692 2309 1735 2326 \e—

950 2348 1009 2368 rum
1026 2341 1119 2368 multis
1132 2341 1324 2377 nobilibusque
1340 2342 1402 2370 aliis
1417 2343 1586 2377 argumentis
1602 2345 1734 2378 Spiritum

948 2390 1074 2414 sanctum
1102 2393 1135 2412 ex
1162 2386 1242 2414 Patre
1266 2392 1294 2414 et
1309 2387 1378 2414 Filio
1391 2395 1452 2415 esse
1464 2396 1544 2423 quam
1560 2390 1605 2423 qui
1619 2397 1679 2415 max
1693 2397 1734 2415 me

948 2439 1132 2468 propugnant.
1156 2433 1197 2460 Tu
1223 2441 1288 2460 vero
1313 2434 1395 2467 scito,
1411 2442 1444 2461 ex
1456 2434 1559 2462 Latinis
1573 2442 1633 2461 csse
1653 2443 1734 2468 quo--

948 2481 1021 2511 dam,
1045 2479 1092 2514 qui
1115 2480 1163 2506 tibi
1183 2479 1264 2507 etiam
1296 2481 1366 2506 Itane
1391 2481 1508 2507 duorum
1541 2481 1678 2508 luminum
1701 2490 1734 2508 ex

947 2525 1027 2552 Patre
1053 2526 1190 2553 diversam
1221 2526 1442 2560 progressionem
1464 2527 1490 2553 in
1508 2526 1579 2553 idem
1599 2535 1661 2554 cum
1677 2529 1733 2554 suis

947 2571 1083 2599 doctrinis
1107 2572 1233 2607 redigent
1251 2577 1279 2600 et
1297 2573 1368 2600 idem
1392 2573 1548 2608 signiﬁcare
1577 2574 1734 2608 probabunt

946 2625 1009 2644 cum
1035 2618 1234 2652 propositione,
1263 2619 1362 2646 Filium
1391 2619 1502 2654 quidem
1521 2628 1553 2648 ex
1567 2620 1655 2652 Patre,
1674 2621 1734 2656 Spi-

945 2663 1029 2689 ritum
1049 2671 1114 2690 vero
1130 2671 1163 2690 ex
1185 2669 1301 2698 utroque
1328 2665 1449 2699 prodire.
1471 2665 1538 2692 Nam
1554 2667 1627 2699 quod
1649 2665 1734 2694 Filius

946 2716 995 2742 per
1005 2709 1220 2743 generationem,
1236 2709 1353 2744 Spiritus
1381 2719 1447 2737 vero
1463 2720 1512 2746 per
1528 2713 1732 2746 pruressioncm

945 2761 978 2780 ex
997 2755 1076 2781 Patre
1092 2755 1193 2789 prodit,
1219 2756 1270 2783 hoc
1291 2756 1360 2783 nihil
1390 2758 1464 2784 aliud
1481 2766 1542 2785 esse
1554 2765 1582 2786 et
1598 2759 1692 2786 inuitis
1706 2765 1734 2787 et

150 2844 188 2886 ἰή
205 2851 265 2879 ειεν
279 2856 352 2879 recte
382 2844 471 2876 Marc;
493 2850 510 2875 ι’.
529 2848 572 2880 ss,
590 2847 625 2879 1;;
645 2854 671 2872 ιιι
691 2844 809 2873 nonum
827 2844 901 2874 Lati

953 2866 956 2876 .
974 2846 1034 2873 duo:
1048 2849 1194 2880 postremae
1206 2845 1305 2872 litterae
1318 2845 1368 2875 (ev)
1381 2852 1553 2876 evanuerunt
