1925 3056
208 134 261 165 2313

892 130 1144 165 BESSARIONlS

1782 134 1840 168 224

207 192 346 228 pracllris
358 191 512 219 rationibus
528 190 695 223 suadebunt.
711 189 764 218 nisi
782 189 860 217 illum
877 190 986 226 quidem

1044 192 1090 218 καὶ
1106 192 1201 226 φαίης,
1219 192 1247 218 ετ
1267 192 1308 224 τίς
1331 201 1372 219 σοι
1395 192 1443 224 τὰς
1463 193 1510 220 δύο
1527 194 1628 226 ταύτας
1646 195 1780 230 γραμμὰς
1797 196 1840 225 είς

207 237 364 265 immediate
387 244 420 264 ex
437 236 518 264 Patre
542 236 653 271 prodire
672 243 721 272 per
736 237 924 272 generationis
938 244 996 264 mo-

206 284 284 315 dum,
310 283 445 318 Spiritum
471 288 562 311 autem
590 286 718 311 sanctum
744 291 795 318 per
811 283 940 311 Genitum
955 291 990 311 ex

203 328 286 356 Patre
301 329 435 357 ineﬂabili
453 329 536 358 modo
564 329 778 364 procedentem,
791 337 824 357 ac
835 331 993 364 processio-

205 382 267 402 nem
279 383 327 409 per
339 376 560 410 generationem,
580 375 654 402 sicut
666 375 748 402 etiam
770 376 858 403 nostri
873 376 994 412 theologi

204 421 310 454 dicunt,
327 422 445 456 prodire.
463 422 502 450 Ad
515 429 585 457 quos
597 423 661 450 dum
679 430 713 450 ne
728 423 865 458 respicere
884 423 995 458 quidem

205 468 319 500 valebis.
341 468 453 497 frustrac
466 468 520 496 hoc
551 469 611 496 loco
630 469 751 502 laboras,
764 469 927 504 superbiens
940 470 995 497 tuis

204 521 237 541 ex
261 514 342 542 lineis
363 519 391 542 et
420 515 522 543 litteris
547 515 640 550 petitis
673 515 884 551 probationibus
906 521 934 544 et
948 517 994 544 tali

204 565 286 593 pacto
316 560 441 588 indoctos
471 562 604 589 territans
630 566 658 590 et
687 567 800 597 stupore
829 563 992 597 percellens.

204 604 284 637 Quid,
296 613 400 640 quaeso,
413 612 441 633 et
454 607 572 640 diceres,
593 608 616 636 si
633 609 696 643 quis
712 609 780 636 duas
800 609 849 637 tibi
865 609 952 637 lineas
966 611 992 637 in

204 659 286 678 unam
304 653 480 680 contraheret
493 657 521 680 et
535 654 642 681 Patrem
658 653 719 682 Filii
740 661 857 690 poneret
870 663 993 689 causam,

204 697 302 724 deinde
329 705 362 724 ex
387 702 504 733 utroque
541 699 651 733 prodire
677 700 810 735 Spiritum
826 701 994 729 aﬂlrrnaret?

203 743 344 771 Manifeste
376 745 591 778 lamentaberis,
622 747 670 781 qui
705 754 753 782 per
781 755 864 775 unam
892 749 992 775 lineam

205 790 363 824 perdideris
389 792 514 827 gloriam,
549 796 580 820 ut
610 792 728 820 rudibus
760 798 898 828 geometra
932 803 993 822 esse

202 836 334 864 videaris.
351 838 384 865 Et
401 843 491 875 tamen
507 839 559 866 hoc
578 839 741 866 doctoribus
767 840 853 874 magis
870 845 911 868 est
924 848 992 867 con-

202 890 299 909 sonum
328 888 357 910 et
390 889 618 912 consentaneum.
661 884 758 911 Mona:
783 885 867 918 enim,
903 886 994 921 inquit

203 927 361 963 Theologus
385 929 544 964 Gregorius,
581 931 615 957 ab
629 930 705 957 initio
725 931 754 957 in
769 931 904 958 binarittm
918 938 989 960 mota

202 969 284 1010 usque
299 975 333 1001 ad
352 974 506 1002 Trinitatem
518 977 613 1007 stetit;
633 983 667 1003 ex
684 976 787 1010 quibus
797 978 891 1004 verbis
906 983 990 1012 patet,

200 1028 264 1047 eum
292 1026 322 1048 ut
347 1021 373 1048 in
406 1029 459 1048 una
487 1022 560 1054 linea
575 1021 651 1049 hunc
668 1028 772 1049 motum
789 1023 991 1051 considerasse.

203 1067 281 1094 Dices
311 1067 440 1099 fortasse,
470 1068 543 1095 hanc
554 1068 743 1102 operationem
758 1068 817 1096 fore
835 1070 987 1104 inaequabi-

199 1110 266 1141 lem,
292 1115 320 1137 et
345 1112 475 1146 majorem
496 1112 610 1146 quidem
639 1120 714 1146 eam,
738 1121 798 1148 quae
816 1121 851 1141 es
865 1116 947 1142 Patre
962 1120 991 1142 et

200 1155 270 1183 Filio
294 1156 328 1183 ad
345 1157 491 1191 Spiritum,
518 1166 600 1192 quam
615 1166 676 1186 eam
687 1167 748 1194 quae
762 1165 845 1187 estex
861 1161 941 1188 Patre
957 1161 991 1188 ad

200 1200 314 1234 Filitun,
326 1203 369 1230 vel
388 1211 448 1230 eam
461 1211 523 1238 quae
532 1211 565 1230 ex
593 1208 712 1240 utroque
726 1206 759 1232 ad
772 1205 916 1240 Spiritum,
935 1214 991 1234 ma-

198 1248 286 1283 jorem
302 1257 347 1280 ea,
361 1258 421 1285 quae
439 1255 480 1278 est
497 1258 530 1278 ex
560 1251 697 1279 alterutro
726 1257 832 1280 tantum
862 1253 895 1280 ad
911 1260 988 1281 eum-

200 1295 263 1321 dem
276 1294 424 1328 Spiritum;
446 1297 518 1324 sicut
531 1305 647 1325 cursum
666 1298 813 1332 quemdam
829 1298 919 1330 ﬂuvii,
940 1300 988 1334 qui

200 1340 274 1366 aliud
305 1340 406 1368 ﬂumen
436 1342 464 1368 in
499 1343 592 1370 medio
623 1344 764 1379 suscepit;
796 1352 860 1371 nam
881 1349 909 1372 et
922 1345 986 1373 alibi

1048 237 1112 271 μίαν
1129 238 1312 270 αυστὲλλειεν,
1334 240 1382 265 καὶ
1395 239 1440 266 τὸν
1454 240 1564 275 Πατέρα
1581 241 1628 267 τοῦ
1642 240 1709 268 Υίοῦ
1723 240 1840 275 Θέμενος

1046 284 1146 316 αἰτίαν,
1171 283 1221 311 εἶτ’
1244 285 1275 318 ἐξ
1288 286 1392 320 ἀμφοῖν
1411 287 1484 313 εῐποι
1500 287 1625 322 προϊέναι
1642 287 1673 314 τὸ
1698 286 1814 322 Πνεῦμα
1829 295 1838 319 ς

1046 333 1132 368 Δῆλον
1144 332 1181 363 ὼς
1191 331 1320 367 οἰμώξεις
1335 332 1375 368 (Ι)
1396 333 1472 369 παρὰ
1492 334 1557 368 μίαν
1573 334 1707 370 γραμμὴν
1726 334 1839 360 ἀπολω-

1046 379 1133 410 λεκὼς
1149 378 1179 405 τὸ
1195 379 1243 405 καὶ
1256 380 1419 414 γεωμέτρης
1437 381 1493 411 τοῖς
1508 380 1628 415 ἀμαθέσι
1646 380 1747 407 δοκεῖν.
1765 380 1839 407 Καί-

1046 430 1089 452 τοι
1107 425 1186 452 τοῦτο
1218 425 1266 452 καὶ
1291 426 1347 456 τοῖς
1371 426 1543 458 διδασκάλοις
1564 427 1666 462 μᾶλλον
1689 427 1838 462 ὁμόλογον.

1047 470 1149 503 Μονὰς
1162 472 1225 504 γὰρ,
1241 472 1324 507 φησὶν
1334 473 1348 498 ό
1358 471 1483 506 θεολόγος
1500 472 1660 507 Γρηγόριος,
1671 473 1723 500 ἀπ’
1737 473 1839 507 ἀρχῆς

1045 517 1089 548 είς
1102 515 1200 543 δυάδα
1215 517 1373 550 κινηθεῖσα
1390 518 1481 553 μέχρι
1499 516 1621 552 Τριάδος
1634 518 1709 552 ἔστη
1722 518 1761 553 (2)
1775 527 1782 533 ·
1798 519 1838 549 ὼς

1045 561 1125 596 δῆλον
1138 559 1221 595 εἶναι,
1238 563 1276 595 ὡς
1290 563 1336 590 ἐπὶ
1364 565 1429 598 μιᾶς
1444 565 1578 599 γραμμῆς
1592 564 1676 591 αὑτὸν
1691 565 1742 598 τὴν
1758 565 1839 600 κινη-

1046 616 1088 634 σιν
1104 607 1206 644 ταύτην
1222 609 1437 645 τεθεωρηκέναι.
1460 612 1559 646 Φήσει;
1576 612 1652 645 ῐσως,
1671 612 1708 642 ὡς
1724 612 1839 646 ἀνώμα-

1045 653 1090 685 λος
1104 656 1122 690 ἡ
1143 656 1268 690 ἐνέργεια
1284 656 1370 690 ἔσται,
1389 658 1435 683 καὶ
1453 657 1556 692 μείζων
1570 658 1587 693 ἡ
1605 658 1636 684 ἐκ
1658 657 1766 692 Πατρός
1782 659 1832 684 καὶ

1045 699 1111 726 Υἱοῦ
1129 702 1196 736 πρὸς
1206 703 1237 728 τὸ
1251 702 1363 738 Πνεῦμα
1376 704 1426 739 τῆς
1441 705 1473 731 ὲκ
1489 705 1595 740 Πατρός
1605 705 1674 740 πρὶς
1682 705 1756 738 Υίδν,
1769 707 1787 741 ἡ
1796 706 1836 740 (5)

1046 745 1075 778 ἐξ
1091 747 1193 781 ἀμφοῖν
1211 750 1280 784 πρὸς
1292 749 1322 775 τὸ
1342 749 1455 785 Πνεῦμα
1469 751 1521 785 τῆς
1536 752 1568 777 ἐκ
1583 751 1699 785 θατέρου
1720 751 1789 786 πρὸς
1805 752 1838 777 τὸ

1045 792 1111 819 αὐτὸ
1131 794 1252 829 Πνεῦμα,
1277 794 1371 830 ὥσπερ
1390 797 1462 828 τινὸς
1486 796 1534 831 ῥοὴ
1561 797 1685 831 ποταμοῦ
1704 799 1750 823 καὶ
1767 798 1834 824 ἄλλο

1046 839 1136 875 ῥεῦμα
1151 841 1180 867 ὲν
1197 841 1236 876 τῷ
1253 843 1329 877 μέσῳ
1345 842 1567 877 προσλαϐομὲνου
1582 851 1589 858 ·
1605 844 1654 869 xa‘t
1667 844 1720 878 γὰρ
1737 843 1837 870 ἄλλοτε

1044 886 1119 913 τοῦτ’
1135 888 1214 922 ἔφης.
1239 888 1321 915 Ἀλλά
1334 897 1375 914 σοι
1393 889 1442 922 μὲν
1457 888 1542 916 ταῦτα
1556 889 1646 923 λέγειν
1659 889 1775 924 ἁρμόζει
1790 890 1835 916 οὑ-

1045 932 1089 959 δὲν
1104 933 1270 969 ὑψηλότερον
1284 935 1355 961 νοεῖν
1371 934 1523 970 δυναμένῳ,
1542 937 1598 967 τοῖς
1612 936 1639 961 δὲ
1665 937 1836 969 σωματικοῖς

1045 979 1242 1013 ὶναπομένοντι
1260 980 1340 1013 μόνον
1353 987 1360 994 ·
1374 981 1455 1015 ἡμεῖς
1466 980 1488 1006 δ’
1500 980 1519 1008 ᾇ
1534 981 1602 1016 πρὶς
1617 982 1709 1008 ἐκεῖναι
1722 982 1836 1016 εὶρήκαυ

1046 1033 1106 1060 μεν¹
1124 1026 1170 1051 καὶ
1190 1026 1258 1061 πρὸς
1278 1026 1367 1053 ταῦτα
1383 1026 1576 1061 ἀντιθήσομεν,
1601 1027 1649 1053 καὶ
1665 1028 1715 1062 τὴν
1728 1028 1759 1053 ὲκ
1774 1027 1831 1053 Πα-

1043 1072 1107 1105 τρὺς
1125 1071 1190 1098 Υίοῦ
1205 1072 1333 1108 γέννησιν
1350 1072 1412 1099 οὔτε
1433 1074 1520 1108 μείζω
1540 1073 1603 1100 οὔτε
1619 1074 1724 1101 ἐλάττω
1738 1074 1787 1109 τῆς
1799 1075 1833 1101 ἐκ

1044 1117 1151 1152 Harpe;
1167 1118 1213 1144 καὶ
1228 1118 1293 1144 Υίοῦ
1308 1118 1355 1145 τοῦ
1369 1119 1532 1154 Πνιύματος
1554 1120 1670 1154 προόδοῦ
1686 1120 1810 1154 φήσομεν
1822 1136 1831 1152 ,

1044 1162 1101 1189 ἀλλ’
1118 1164 1202 1198 ἄμφω
1222 1165 1338 1198 τελείας,
1355 1166 1404 1201 τήν
1425 1167 1449 1192 τ’
1465 1167 1496 1193 ἐκ
1513 1167 1617 1202 Πατρδς
1635 1167 1682 1192 καὶ
1698 1166 1763 1192 Υίοῦ
1782 1166 1830 1193 ⁴τοῦ

1044 1209 1202 1244 Πνεύματος
1230 1211 1396 1247 ἑχπόρευσιν
1419 1214 1468 1248 τὴν
1497 1214 1583 1248 αὐτὴν
1600 1214 1647 1241 καὶ
1670 1215 1734 1248 μίαν
1750 1214 1782 1248 τῇ
1796 1213 1829 1239 ὲκ

1043 1256 1181 1292 Πατρδςῆ
1204 1257 1242 1293 (ι)
1259 1258 1323 1284 Υίοῦ
1345 1259 1509 1294 ἔκπορεύσει
1527 1260 1576 1286 τοῦ
1598 1260 1681 1287 αὑτοῦ
1700 1259 1829 1294 Πνεῦμα-

1041 1311 1096 1334 τος.
1114 1304 1168 1330 Καὶ
1183 1304 1208 1330 οι
1227 1305 1302 1339 λόγοι
1317 1305 1449 1338 πολλάκις
1467 1307 1608 1342 είρημένοι
1629 1307 1720 1342 μάτην
1738 1305 1771 1332 ἂν
1786 1307 1831 1332 ὲν-

1041 1348 1131 1375 ταῦθα
1145 1349 1275 1384 λέγοιντο.

201 1386 253 1413 hoc
271 1387 392 1414 dicebas.
410 1388 508 1416 Verum
535 1393 561 1416 te
575 1389 689 1424 quidem
720 1390 801 1418 decet
835 1391 888 1419 ista
921 1391 1026 1427 dicere,
1047 1395 1094 1429 qui
1121 1396 1188 1424 nihil
1209 1398 1355 1427 sublimius
1385 1400 1504 1435 cogitare
1519 1405 1615 1435 potes,
1635 1400 1684 1428 sed
1701 1407 1830 1435 corpora-

199 1433 272 1459 libus
290 1433 421 1461 duntaxat
437 1435 519 1462 rebus
542 1436 676 1468 inhaeres;
692 1444 743 1465 nos
759 1442 850 1465 autem
884 1446 946 1474 quae
982 1440 1016 1468 ad
1049 1442 1094 1468 illa
1121 1442 1242 1471 diximus
1264 1446 1347 1473 etiam
1375 1433 1450 1475 hisce
1478 1433 1648 1482 opponentes
1675 1453 1702 1476 et
1719 1433 1781 1476 Filii
1793 1455 1829 1476 ex

200 1478 282 1505 Patre
308 1481 513 1514 generationem
539 1489 629 1517 neque
641 1484 773 1518 majorem
805 1491 896 1520 neque
929 1487 1064 1515 minorem
1092 1488 1213 1524 Spiritus
1234 1493 1321 1519 sancti
1355 1500 1388 1519 ex
1404 1494 1483 1521 l‘atre
1503 1494 1628 1530 Filioque
1653 1496 1828 1530 processione

200 1522 335 1558 dicemus,
366 1526 414 1553 sed
442 1530 585 1562 utramque
616 1528 767 1562 perfectam
804 1534 833 1557 et
866 1528 1072 1567 proéessionem
1103 1522 1192 1564 sancti
1223 1538 1342 1572 Spiritus
1373 1547 1406 1566 ex
1420 1539 1501 1567 Patre
1534 1546 1562 1568 et
1576 1522 1741 1569 Pilio-unam
1752 1522 1827 1569 eam-

200 1571 318 1606 demque
345 1581 406 1601 esse
430 1581 493 1601 cum
518 1576 640 1610 ejusdem
671 1576 792 1612 Spiritus
820 1580 909 1607 sancti
940 1582 1117 1615 processione
1143 1592 1177 1612 ex
1206 1571 1287 1614 Patre
1307 1588 1349 1614 vel
1367 1595 1400 1614 ex
1428 1586 1508 1616 Filio.
1537 1589 1572 1617 Et
1586 1591 1707 1619 rationes
1740 1597 1826 1626 saepe-

200 1627 316 1648 numero
350 1622 462 1656 prolata:
493 1622 595 1651 frustra
630 1624 683 1652 hoc
718 1626 780 1653 loco
817 1631 1024 1662 repeterentur.

357 1680 480 1709 EPHES.
507 1681 583 1710 CAP.
612 1683 669 1711 XVI
686 1683 830 1721 (XXXIII.)

231 1737 404 1773 lnterrogant
427 1747 489 1772 nos,
515 1741 561 1774 qui
590 1748 652 1769 cum
679 1741 784 1770 Latinis
803 1743 936 1776 sentiunt,
952 1752 987 1772 an

198 1793 261 1813 cum
278 1793 327 1813 sua
341 1786 446 1814 virtute
458 1791 486 1814 et
506 1787 642 1822 sapientia
660 1788 740 1815 Pater
769 1788 904 1824 Spiritum
920 1797 987 1817 san-

198 1839 271 1860 ctuttl
291 1833 435 1868 producat,
463 1841 497 1860 an
519 1834 578 1861 sine
607 1834 740 1868 sapientia
775 1839 802 1862 et
842 1836 902 1863 sine
929 1837 986 1864 vir-

200 1881 267 1910 tute,
285 1878 324 1913 (a)
345 1883 374 1906 ut
389 1879 411 1907 si
421 1880 541 1907 alterum
563 1881 698 1916 lugientes
717 1881 796 1916 prius
812 1883 986 1918 responderi-

198 1931 270 1956 mus,
294 1933 344 1953 nos
367 1925 400 1952 ad
420 1933 496 1952 suam
512 1926 633 1960 ipsorum
660 1927 771 1962 adigant
802 1929 979 1963 sententiam,

199 1971 341 2003 nimirum,
375 1971 398 1998 si
414 1971 548 2006 sapientia
579 1978 608 2000 et
623 1973 710 2001 virtus
727 1973 815 2002 Patris
832 1979 874 2002 est
888 1976 984 2010 Filius,

197 2025 257 2044 cum
268 2017 339 2045 Filio
348 2025 414 2053 ergo
425 2018 530 2045 Patrem
541 2019 694 2054 producere
701 2020 833 2055 Spiritum
844 2028 982 2057 sanctum,

198 2068 226 2091 et
242 2073 296 2091 non
308 2065 396 2092 solum
412 2065 516 2099 ipsum.
528 2065 622 2100 Itaque
637 2065 744 2093 Patrem
758 2074 820 2094 cum
838 2068 907 2096 Filio
921 2077 984 2104 pro-

198 2111 300 2138 ducere
322 2110 454 2145 Spiritum
482 2116 618 2144 sanctum,
637 2112 695 2139 sive
713 2120 774 2140 cum
804 2113 904 2148 Verbo,
918 2123 982 2143 cum

196 2157 344 2192 sapientia.
374 2161 401 2185 et
421 2158 535 2189 virtute,
551 2165 639 2192 neque
665 2167 716 2186 nos
733 2159 842 2188 inﬁcias
859 2161 980 2196 ibimus;

194 2211 258 2231 nam
289 2203 370 2230 simul
398 2211 460 2230 cum
490 2202 578 2230 Verbo
610 2204 701 2238 prodit
726 2204 846 2239 Spiritus
858 2213 980 2242 sanctus,

195 2249 347 2276 secundum
365 2249 443 2276 divos
460 2249 564 2281 Patres,
584 2254 610 2277 et
622 2258 684 2277 eum
698 2251 846 2279 comitatur
859 2258 887 2280 et
901 2260 980 2288 pate.

193 2296 269 2328 facit,
304 2300 331 2322 et
345 2303 434 2331 neque
449 2296 568 2323 Verbum
586 2303 629 2323 est
644 2297 747 2332 absque
760 2297 876 2333 Spiritu,
890 2308 980 2336 neque

1205 1691 1339 1718 ΕΦΕΣΟΥ
1358 1693 1436 1720 xeo.
1452 1693 1499 1728 ιτ
1511 1694 1586 1732 (ιω)
1602 1696 1651 1732 (5).

1082 1747 1234 1782 Ἐρωτῶσιν
1261 1750 1334 1784 ἡμᾶς
1357 1751 1382 1776 οἱ
1404 1751 1439 1778 τὰ
1463 1752 1586 1779 Λατίνων
1609 1756 1782 1790 φρονοῦντες,
1799 1756 1823 1785 ει

1040 1795 1109 1827 μετὰ
1119 1795 1168 1829 τῆς
1183 1796 1281 1822 ἑαυτοῦ
1293 1797 1433 1831 δυνάμεως
1446 1800 1493 1825 καὶ
1506 1801 1604 1834 σοφίας
1621 1802 1635 1828 ό
1647 1801 1742 1838 Πατὴρ
1755 1812 1824 1839 προ-

1038 1839 1132 1866 cans;
1159 1841 1190 1867 τὸ
1206 1841 1317 1877 Πνεῦμα
1335 1843 1366 1870 τὸ
1393 1843 1483 1878 ἃγιον,
1497 1845 1514 1881 ἢ
1541 1846 1652 1881 ἀσόφως
1667 1849 1714 1876 καὶ
1726 1850 1824 1878 ἀδυνά-

1036 1895 1100 1919 τως,
1120 1887 1154 1914 i’v‘
1169 1888 1193 1915 at
1209 1889 1239 1915 τὸ
1255 1889 1384 1924 δεύτερον
1408 1891 1559 1926 φεύγοντες
1573 1893 1603 1920 τὸ
1623 1896 1732 1930 πρῶτον
1754 1898 1823 1924 ἀπο.

1008 1964 1014 1969 λ
1037 1933 1223 1970 κρινοὺμεθα,
1250 1935 1319 1970 πρὸς
1347 1936 1397 1970 τὴν
1422 1937 1528 1963 ἑαυτῶν
1556 1938 1629 1973 ἡμᾶς
1656 1940 1821 1975 ἀπαγάγωσι

1034 1977 1125 2011 δόξαν,
1140 1979 1182 2005 ὅτι
1199 1980 1225 2006 εί
1244 1980 1327 2014 σοφία
1341 1981 1388 2006 καὶ
1405 1981 1521 2015 δύναμις
1534 1984 1582 2009 τοῦ
1602 1985 1708 2020 Πατρός
1722 1986 1796 2013 ἑστιν
1807 1988 1822 2014 ὸ

1039 2022 1099 2054 Υἱὸς
1115 2022 1164 2058 (6),
1181 2026 1251 2058 μετὰ
1267 2025 1314 2051 τοῦ
1336 2025 1401 2051 Υίοῦ
1423 2026 1478 2061 ἄρα
1494 2028 1641 2061 προϐάλλει
1658 2030 1688 2056 τὸ
1708 2031 1821 2067 Πνεῦμα

1034 2068 1064 2095 τὸ
1078 2068 1156 2102 ἅγιον
1171 2071 1185 2095 ό
1208 2070 1314 2105 Πατὴρ,
1335 2071 1382 2098 καὶ
1405 2072 1434 2098 οὐ
1458 2073 1540 2107 μόνος
1557 2074 1649 2106 αὐτός.
1675 2076 1736 2103 Ὀτι
1770 2079 1821 2112 μὲν

1033 2112 1080 2142 οὗν
1097 2115 1167 2149 μετὰ
1185 2116 1232 2141 τοῦ
1248 2116 1312 2142 Υιοῦ
1327 2117 1472 2151 προϐάλλει
1491 2119 1521 2145 τὸ
1542 2120 1653 2154 Πνεῦμα
1668 2122 1698 2148 τὸ
1713 2122 1792 2156 ἅγιον
1805 2125 1819 2151 ό

1034 2161 1140 2196 Πατὴρ,
1163 2162 1252 2188 εῑτουν
1268 2163 1337 2197 μετὰ
1353 2164 1400 2190 τοῦ
1417 2164 1499 2198 λόγου
1524 2167 1571 2193 καὶ
1588 2167 1638 2201 τῆς
1655 2169 1753 2203 σοφίας
1770 2171 1819 2197 καὶ

1032 2209 1081 2241 τῆς
1095 2208 1248 2242 δυνάμεως,
1267 2209 1321 2235 οὐδ’
1337 2210 1417 2245 ἡμεῖς
1438 2211 1614 2247 ἀρνησόμεθα
1629 2221 1636 2229 ·
1652 2217 1818 2250 συμπρόεισι

1031 2255 1086 2289 γὰρ
1098 2254 1137 2290 τῷ
1149 2255 1229 2289 Λόγῳ
1242 2255 1272 2281 τὸ
1288 2256 1399 2291 Πνεῦμα
1414 2257 1442 2284 τὺ
1465 2258 1542 2292 ἅγιον
1558 2260 1628 2287 κατὰ
1646 2261 1709 2293 τοὺς
1724 2262 1814 2295 Θείους

1031 2300 1155 2335 Πατέρας
1172 2300 1222 2336 (7),
1243 2302 1290 2333 καὶ
1308 2306 1539 2340 συμπαρομαρτεῖ
1560 2306 1607 2333 καὶ
1621 2309 1815 2343 συναναφαίνει

194 2341 313 2376 Spiritus
328 2343 419 2376 prodit
431 2342 489 2369 sine
506 2341 606 2369 Verbo.
632 2342 733 2370 Verum
759 2344 900 2373 enimvero
923 2355 978 2375 non

1041 2348 1122 2381 ιὺτὺν,
1143 2349 1189 2375 καὶ
1204 2349 1267 2376 οὔτε
1281 2342 1368 2384 ΛόΫος
1387 2352 1461 2378 ἐστὶν
1482 2352 1547 2379 ἄνευ
1564 2341 1737 2388 ιινεύματοςέ
1753 2355 1814 2381 οὔτε

192 2395 254 2414 eum
266 2387 293 2414 in
310 2387 432 2420 modum,
453 2393 483 2415 ut
498 2388 585 2415 Filius
601 2395 712 2422 quoque
741 2395 823 2416 causa
840 2391 876 2419 sit
900 2392 977 2419 exsi-

193 2435 301 2460 stentiac
322 2434 443 2469 Spiritus
471 2434 569 2466 sancti,
592 2433 672 2461 sieuti
696 2442 785 2469 neque
801 2435 922 2470 Spiritus
936 2443 979 2467 est

192 2479 253 2507 Filii
265 2487 344 2507 causa
360 2489 368 2513 ;
382 2489 442 2515 qua:
461 2480 536 2507 enim
555 2480 635 2508 simul
647 2485 675 2507 et
691 2481 844 2509 secundum
856 2483 930 2511 idem
942 2493 976 2513 ex

192 2528 319 2562 quopiam
349 2527 498 2562 prodeunt,
510 2527 594 2554 etiam
614 2527 667 2555 sibi
693 2527 727 2554 ad
747 2528 865 2558 invicem
878 2538 976 2561 causas

226 2607 266 2641 (l)
285 2607 368 2634 Marc.
387 2607 406 2633 f.
421 2605 454 2632 86
471 2613 486 2632 a
509 2615 516 2632 :
538 2606 671 2668 οἰμώξας.

226 2643 262 2668 t2)
284 2642 443 2668 Grez.Naz.
464 2646 535 2668 orat.
550 2642 567 2668 5
588 2661 595 2668 .
624 2649 651 2668 ι).
664 2641 727 2668 562.
745 2642 831 2668 ed.Bi

226 2643 262 2678 (2)
281 2642 443 2692 gemitu.
464 2646 535 2668 orat.
550 2641 595 2673 55,
623 2649 651 2676 ρ.
664 2641 727 2676 562,
745 2643 790 2671 ed.
801 2642 862 2671 Biil.
882 2645 971 2680 (Nunc

188 2677 261 2705 orat.
281 2677 336 2710 ιθ).
712 2703 716 2706 .

225 2714 263 2748 (5)
285 2714 301 2748 ἡ
316 2711 481 2739 addendum.

224 2781 262 2816 (α)
278 2781 342 2813 Quae
368 2781 561 2814 Damascenus,
591 2781 627 2809 De
656 2782 708 2810 ﬁde
724 2782 893 2815 orthodoxa,
910 2790 929 2816 ι,
944 2791 970 2810 c.

188 2817 215 2842 6.
233 2817 257 2847 7,
271 2819 403 2850 disputat,
417 2824 469 2842 non
494 2824 589 2850 parum
612 2820 664 2845 huc
696 2819 841 2848 faciebant,
857 2823 887 2844 ut
909 2819 971 2845 talis

188 2852 264 2878 ticrct
281 2853 406 2886 quaestio;
423 2852 466 2879 ubi
482 2859 571 2880 tamen
589 2852 732 2888 Sapientia,
746 2862 806 2889 qua:
821 2854 968 2889 personati-

1029 2394 1059 2420 τὸ
1079 2394 1192 2430 Πνεῦμα
1213 2396 1338 2430 πρόεισιν
1353 2396 1418 2423 ἄνευ
1432 2398 1479 2424 τοῦ
1494 2399 1593 2432 Λόγου.
1610 2399 1684 2434 Πλὴν
1698 2400 1747 2435 οὐχ
1767 2400 1814 2427 οὖ-

1028 2448 1092 2472 τως,
1109 2441 1180 2466 ὥστε
1206 2442 1252 2468 χαὶ
1273 2442 1319 2469 τὸν
1335 2443 1399 2469 Υίὺν
1414 2444 1501 2470 αττιον
1524 2444 1573 2478 τῆς
1586 2445 1633 2471 τοῦ
1655 2445 1814 2480 Πνεύματος

1029 2485 1170 2522 ὑπάρξεως
1185 2486 1267 2521 εἶναι,
1285 2489 1410 2524 καθάπερ
1423 2489 1482 2516 οὐδὲ
1496 2490 1527 2516 τὸ
1542 2491 1655 2527 Πνεῦμα
1675 2491 1723 2519 τοῦ
1748 2492 1812 2518 Υἱοῦ

1027 2533 1112 2559 αἴτιον
1124 2541 1130 2548 ·
1144 2534 1178 2560 τὰ
1192 2535 1247 2569 γὰρ
1259 2534 1327 2570 ὁμοῦ
1344 2537 1415 2562 κατά
1432 2536 1530 2564 ταυτὸν
1544 2536 1577 2564 εκ
1594 2546 1668 2571 τινος
1681 2538 1812 2574 προϊόντα

1062 2611 1100 2646 (4)
1112 2611 1200 2640 Codd.
1220 2612 1278 2640 καί.

1061 2646 1099 2685 (ξ)
1114 2646 1226 2685 [ΠᾼΜοη.
1241 2649 1294 2675 256
1310 2649 1332 2685 f.
1347 2649 1399 2676 302
1417 2651 1443 2682 ι),
1455 2654 1498 2677 est
1511 2658 1571 2685 cap.
1587 2651 1632 2679 54.

1061 2682 1101 2717 16}
1116 2682 1125 2709 1
1141 2682 1206 2709 Cur.
1226 2692 1243 2715 I,
1261 2684 1306 2714 50,
1321 2684 1366 2710 24.

1061 2717 1099 2752 (7)
1114 2718 1185 2745 non.
1198 2717 1260 2746 ⁸256.
1286 2719 1311 2746 θ.
1330 2720 1398 2746 Πατ.
1416 2720 1446 2746 τὸ
1463 2720 1576 2756 Πνεῦμα
1588 2721 1619 2748 τὸ
1635 2721 1724 2756 ἅγιον.

1027 2791 1066 2814 (er
1079 2787 1207 2825 sumitur,
1220 2795 1235 2825 a_
1247 2787 1384 2825 Sapientia
1400 2789 1581 2825 essentiaiiter
1593 2795 1704 2825 accepta
1718 2790 1809 2818 omni-

1026 2829 1062 2850 no
1078 2822 1206 2857 distiugui
1221 2822 1312 2856 debet,
1329 2827 1359 2850 ut
1374 2823 1442 2851 infra
1454 2831 1565 2860 quoque
1580 2822 1700 2853 notatur.
