1925 3056
84 161 137 192 225

596 163 822 195 REFUTATIO
843 164 964 194 MARCI
993 163 1189 196 EPllESINI.

1652 161 1705 191 ΞῖΞὸ

85 223 132 251 καὶ
144 223 267 259 ἀλλήλων
282 224 356 252 αἴτια
368 221 438 252 εἰναι
453 223 582 260 ἀδύναψν
594 233 601 241 ·
618 226 648 251 οὒ
661 225 749 252 τοίνυν
763 225 787 251 εἰ
804 225 872 260 μετὰ

934 231 984 252 asse
996 224 1166 260 impossibile
1183 229 1233 252 est.
1261 223 1320 252 Non
1339 231 1403 260 ergo
1416 231 1527 252 necesse
1545 228 1596 255 est,
1612 223 1634 250 si
1647 230 1705 249 cum

83 269 132 296 τοῦ
156 270 223 296 Υἱοῦ
242 269 281 305 (1)
307 271 427 305 πρόεισι,
452 270 500 296 καὶ
522 270 554 296 ἐκ
581 270 629 296 τοῦ
656 270 722 296 Υιοῦ
745 271 871 305 προϊέναι

83 315 191 350 ἀνάγκη
207 317 236 342 τὸ
251 316 364 351 Πνεῦμα
378 317 408 343 τὸ
424 317 503 348 ἅγιον
514 325 521 332 ·
538 316 562 343 εί
577 316 606 343 δὲ
622 317 668 352 μὴ,
684 316 738 343 τῶν
754 317 871 352 κτισμά-

83 369 138 388 των
153 361 229 388 οὐδὲν
243 362 340 389 διοίσει
355 363 409 388 τῶν
421 363 466 389 διὰ
480 362 560 396 λόγου
575 362 642 388 Θεοῦ
661 363 710 389 καὶ
730 361 872 396 δυνάμεως

84 408 133 435 καὶ
147 408 243 442 σοφίας
258 408 451 443 γεγενημένων
463 416 470 423 ·
486 407 588 435 Πάντα
600 407 665 443 γὰρ,
682 408 758 444 φησι,
770 407 807 434 δι’
821 407 872 434 αὺ-

84 454 139 481 τοῦ
153 453 284 489 ἐγένετο,
301 453 350 481 καί
365 453 455 488 χωρίς
469 454 564 482 αὐτοῦ
578 454 697 489 ἐλέγετο
713 453 785 482 οὐδὲ
803 453 838 480 ἐν
857 453 874 480 ὃ

86 500 211 534 γέγονεν
228 500 278 535 (Ξ).
296 500 328 527 '0
341 500 395 536 ἄρα
416 499 453 535 μὴ
468 500 592 534 γέγονεν,
608 499 669 526 οὐδὲ
690 500 724 527 δι’
740 499 825 526 αὐτοῦ
843 500 874 526 τδ

86 544 156 572 εἶναι
173 546 246 580 ἔχειν
273 546 393 581 ἀνάγκη.
412 546 530 573 Ἔπειτα
558 546 607 580 οὑχ
627 546 699 572 οὓτω
720 545 802 580 σοφία
828 545 875 573 καὶ

85 590 200 626 δύναμις
217 590 265 618 τοῦ
282 591 389 626 Πατρός
403 591 478 618 ἐστιν
491 592 505 618 ὁ
521 591 596 623 Υἱὸς,
611 591 649 622 ὼς
664 591 728 623 Υιὺς
741 592 757 627 ἢ
772 591 874 624 Λόγοςο

86 637 151 669 Υἱὸς
169 638 219 672 μὲν
235 639 288 673 γὰρ
305 638 352 664 καὶ
364 638 451 672 Λόγος
465 637 551 669 οὕτως
567 638 624 664 ἐστὶ
646 637 693 664 τοῦ
709 637 825 672 Πατρὶς,
838 637 877 668 ὡς

88 685 127 718 μὴ
142 684 219 716 ὄντος
234 684 318 711 αὑτοῦ
340 684 405 711 Υιοῦ
420 684 488 719 μηδὲ
506 683 594 718 Λόγου
610 684 690 719 (πρὸς
703 683 748 710 τὸν
765 684 878 719 Πατέρα

88 731 142 765 γὰρ
156 732 169 757 ὀ
185 731 250 762 Υἱὸς
266 730 434 766 ἀναφέρεται
451 731 500 758 καὶ
517 731 587 766 πρὸς
603 731 649 757 τὸν
664 730 779 765 λέγοντα
792 731 806 757 ὁ
824 730 877 757 Λό-
891 754 894 757 ,

87 777 147 812 γος)
158 785 165 794 ·
188 777 269 811 σοφία
284 777 312 803 δὲ
329 777 377 803 καὶ
392 777 507 812 δύναμις
521 776 610 808 οὕτως
623 777 682 803 ἐστὶ
697 776 743 803 τοῦ
759 777 878 812 Πατρδς,

87 822 126 855 ὡς
141 823 189 850 καὶ
215 822 297 850 αὑτοῦ
315 823 410 858 σοφίας
438 824 486 850 καὶ
508 823 655 858 δυνάμεως
678 823 765 857 δντος,
782 823 830 850 καὶ
847 823 878 850 οὑ

90 868 173 902 σοφοῦ
188 869 236 895 καὶ
257 868 374 895 δυνατοῦ
396 869 479 903 μόνου
492 876 499 883 ·
516 870 598 903 σοφία
616 868 671 903 γάρ
689 869 764 895 ἐστιν
786 869 818 896 ἐκ
834 877 879 895 σο-

89 914 156 949 φίας
182 915 230 941 καὶ
253 915 369 949 δύναμις
396 916 428 941 ἐκ
458 914 615 950 δυνάμεως,
642 914 737 950 ὥσπερ
757 914 823 947 Θεὸς
845 916 878 942 ὲκ

89 961 169 994 Θεοῦ,
185 961 234 987 καὶ
262 960 320 995 φῶς
336 962 368 987 ἐκ
388 961 479 995 φωτός
492 969 499 976 ·
526 961 635 996 λέγεται
651 960 680 988 δὲ
704 960 752 988 τοῦ
773 961 878 996 Πατρδς

90 1006 174 1040 σοφία
193 1007 242 1033 καὶ
269 1006 396 1042 δύναμις,
413 1007 451 1038 ὡς
475 1007 540 1041 ὃλην
557 1006 640 1034 αὐτοῦ
653 1007 704 1042 τὴν
720 1007 817 1041 σοφίαν
832 1007 879 1033 καὶ

89 1052 209 1086 δύναμιν
225 1053 306 1088 ἔχων,
326 1052 364 1085 ὡς
386 1052 420 1078 ἃν
435 1053 517 1079 είκὼν
536 1052 704 1088 ἀρχετύπου.
735 1051 815 1079 Ἀλλὰ
832 1052 880 1079 καὶ

89 1099 122 1125 τὺ
142 1099 255 1134 Πνεῦμα
266 1099 296 1125 τὺ
312 1099 390 1133 ἅγιον
402 1098 479 1125 οὐδὲν
491 1096 573 1135 ἦττον
589 1098 671 1132 σοφία
683 1098 730 1125 καὶ
744 1097 859 1133 δύναμις
872 1106 880 1114 ·

90 1145 141 1171 καὶ
156 1144 236 1171 τοῦτο
252 1145 342 1177 οὐδεὶς
359 1145 470 1180 ἀντερεῖ
484 1145 538 1171 τῶν
554 1145 601 1176 τὰς
618 1145 730 1179 Γραφὰς
747 1145 857 1172 εἰδότων
871 1154 879 1162 ·

92 1189 141 1216 καὶ
157 1191 197 1216 ὅτι
215 1191 291 1217 κοινὰ
306 1191 352 1217 καὶ
366 1190 484 1225 οὺσιώδη
494 1190 548 1217 τῶν
565 1190 646 1217 θείων
656 1191 710 1217 εἰσὶ
728 1193 881 1224 προσώπων

91 1236 179 1263 ταῦτα
194 1236 231 1271 (5)
243 1236 277 1263 τὰ
292 1236 423 1271 ὀνόματα,
437 1238 484 1263 καὶ
499 1237 513 1263 ὁ
530 1236 602 1270 θεῖος
617 1237 645 1264 δὲ
658 1237 842 1272 Αὕγουστῖνος
852 1240 881 1265 ὲν

92 1283 132 1317 τῷ
147 1282 212 1318 περὶ
233 1282 345 1318 Τριὰδος
371 1282 467 1318 βιϐλίῳ
492 1283 598 1315 τούτοις
623 1285 833 1319 συμμαρτυρεῖ·
850 1285 882 1311 Ei

92 1329 183 1355 τοίνυν
200 1330 281 1364 σοφία
306 1329 353 1356 καὶ
371 1328 488 1364 δύναμις
510 1329 542 1356 ὲκ
560 1330 655 1365 σοφίας
670 1331 718 1357 καὶ
741 1330 883 1365 δυνάμεως

93 1376 142 1402 τοῦ
155 1375 260 1410 Πατρὺς
275 1375 456 1410 ἐκπορεύεται
468 1375 499 1402 τὸ
511 1375 624 1411 Πνεῦμα
639 1376 670 1402 τὺ
685 1376 774 1411 ἅγιον,
789 1385 885 1412 περιτ-

94 1421 141 1448 τόν
158 1422 214 1448 ἔστι
233 1422 278 1448 καὶ
304 1421 420 1456 μάταιον
434 1422 552 1458 ἐρωτᾷν,
571 1423 595 1448 εί
614 1423 686 1457 μετὰ
713 1423 763 1456 τῆς
783 1423 884 1450 ἑαυτοῦ

95 1468 193 1502 σοφίας
207 1468 254 1495 καὶ
267 1467 410 1502 δυνάμεως
422 1468 436 1493 ό
452 1468 547 1503 Πατὴρ
564 1468 711 1503 προϐάλλει
727 1470 757 1495 τὸ
773 1469 885 1504 Πνεῦμα

93 1512 125 1538 -ιὺ
138 1513 226 1547 ἅγιον,
243 1514 267 1539 ει
282 1513 319 1549 μή
332 1522 373 1545 τις
386 1513 452 1540 αὐτὸ
466 1513 570 1549 κτίσμα
583 1514 704 1549 βούλοιτο
716 1516 886 1543 κατασκευά-

923 269 994 296 Filio
1009 269 1205 304 prodit;etiam
1220 276 1251 295 ατ
1263 268 1332 296 Filio
1351 268 1462 303 prodire
1485 269 1618 304 Spiritum
1645 277 1708 296 san-

923 319 1008 343 ctum.
1025 315 1075 342 Sin
1088 319 1180 342 autem
1197 314 1236 351 (a)
1251 315 1319 342 nihil
1330 315 1440 342 ditl'eret
1455 323 1469 342 a
1485 315 1629 348 creaturis,
1647 324 1708 350 quae

924 368 972 396 per
987 361 1034 388 Dei
1053 361 1173 388 Verbum
1189 367 1216 388 et
1236 362 1365 388 virtutem
1386 360 1603 396 sapientiamque
1630 361 1708 389 facta!

924 412 997 436 sunt.
1011 407 1104 435 Omnia
1111 407 1196 441 enim,
1208 408 1307 442 inquit,
1318 415 1364 443 per
1373 407 1457 441 ipsum
1467 407 1537 442 facta
1544 411 1615 439 sunt,
1623 412 1646 433 et
1655 409 1710 434 sine

924 457 979 492 ipso
988 458 1086 491 factum
1096 461 1132 483 est
1150 455 1225 488 nihil,
1238 455 1306 490 quod
1325 455 1423 490 factum
1443 460 1490 482 est.
1503 455 1581 487 Quod
1590 462 1656 490 ergo
1669 455 1711 482 fa-

925 508 1000 530 ctum
1008 509 1063 529 non
1071 507 1124 534 est,
1137 502 1162 529 id
1175 509 1264 536 neque
1273 508 1321 535 per
1331 501 1418 535 ipsum
1427 499 1591 528 essehabeat
1599 507 1712 527 necesse

926 554 978 576 est.
997 547 1101 576 Deinde
1115 555 1170 575 non
1188 554 1221 574 eo
1231 548 1312 574 modo
1325 546 1410 574 Filius
1426 551 1467 574 est
1478 546 1566 573 Patris
1577 545 1712 580 sapientia

927 599 956 622 et
972 594 1071 626 virtus,
1087 601 1142 628 quo
1154 596 1195 620 est
1207 591 1294 619 Filius
1305 592 1349 619 vel
1362 592 1494 619 Verbum.
1507 591 1593 619 Filius
1600 592 1674 618 enim
1685 597 1713 619 et

927 639 1048 667 Verbum
1068 639 1160 666 Patris
1189 646 1223 666 eo
1252 638 1333 666 modo
1358 641 1410 670 est,
1443 643 1473 665 ut
1503 638 1585 665 Pater
1603 646 1657 665 non
1676 639 1713 666 sit

928 686 1015 713 Filius
1028 685 1245 720 nequeVerbum
1261 684 1304 719 (ad
1320 684 1451 718 Patrem);
1468 684 1714 718 namquefrcl'ertur

929 732 1017 760 Filius
1033 736 1062 759 et
1076 731 1108 758 ad
1126 731 1264 758 dicentem
1292 729 1443 764 Verbum);
1471 729 1603 764 sapientia
1621 735 1713 757 autem

929 784 957 806 et
970 779 1058 806 virtus
1082 776 1122 804 sic
1135 781 1177 805 est
1191 776 1289 810 Patris,
1300 781 1330 804 ut
1344 779 1372 803 et
1389 775 1447 810 ipse
1461 774 1540 803 Pater
1553 775 1590 803 sit
1608 776 1715 810 sapien-

931 825 968 852 tia
993 828 1022 852 et
1048 824 1148 857 virtus,
1177 827 1204 850 et
1238 830 1292 849 non
1323 821 1412 849 solum
1441 821 1551 856 sapiens
1589 826 1617 849 et
1657 822 1714 849 vir-

931 876 989 899 tute
1018 870 1157 906 prreditus.
1184 867 1324 904 Sapientia
1363 867 1437 895 enim
1454 872 1497 894 est
1516 875 1549 894 ex
1580 867 1714 902 sapientia

929 921 957 945 et
970 917 1058 944 virtus
1083 923 1117 944 ex
1136 915 1249 948 virtute,
1266 914 1338 942 sicut
1363 914 1435 941 Deus
1451 921 1485 940 ex
1508 913 1563 940 Deo
1579 918 1607 940 et
1622 913 1714 940 lumen

929 971 962 992 ex
978 963 1082 991 lumine
1095 962 1150 998 (b);
1168 962 1269 990 dicitur
1299 966 1390 989 autem
1420 961 1509 989 Patris
1537 961 1669 996 sapientia
1689 966 1717 989 et

929 1010 1017 1037 virtus
1034 1013 1160 1044 tanquam
1177 1012 1261 1035 totam
1288 1007 1348 1043 ejus
1364 1007 1524 1042 sapientiam
1542 1011 1570 1033 et
1587 1008 1715 1034 virtutem

931 1056 1086 1092 pessidens,
1112 1055 1184 1083 sicut
1209 1054 1297 1089 imago
1320 1053 1492 1088 exemplaris.
1519 1052 1572 1081 Sed
1601 1058 1629 1081 et
1656 1052 1718 1088 Spi-

931 1102 1002 1129 ritus
1013 1106 1124 1129 sanctus
1141 1100 1321 1128 nihilominus
1351 1100 1485 1135 sapientia
1503 1103 1531 1127 et
1552 1100 1639 1128 virtus
1656 1105 1717 1134 est;

931 1151 959 1174 et
986 1147 1039 1174 hoc
1063 1153 1144 1173 nemo
1169 1145 1374 1180 Scripturarum
1400 1153 1500 1179 gnarus
1525 1146 1644 1181 negabit.
1668 1145 1719 1172 At.

932 1200 986 1227 que
1001 1191 1156 1220 communia
1170 1196 1198 1219 et
1205 1191 1363 1219 essentialia
1374 1191 1527 1218 divinarum
1540 1199 1719 1227 personarum

933 1245 993 1266 esse
1007 1238 1065 1266 haec
1079 1237 1200 1270 nomina,
1220 1238 1303 1266 etiam
1316 1237 1396 1265 divus
1408 1238 1576 1272 Augustinus
1587 1245 1669 1271 opere
1686 1238 1719 1265 de

933 1285 1067 1312 Trinitate
1083 1285 1158 1312 hisce
1173 1276 1254 1311 siniul
1268 1288 1422 1311 attestatur.
1441 1284 1470 1310 Si
1487 1284 1569 1319 igitur
1587 1285 1720 1319 sapientia

934 1336 962 1358 et
993 1330 1080 1358 virtus
1107 1337 1141 1357 ex
1171 1329 1307 1364 Sapientia
1342 1334 1369 1357 et
1400 1329 1502 1356 virtute
1539 1329 1618 1356 Patre
1660 1337 1722 1364 pro-

935 1375 1008 1402 cedit
1022 1374 1141 1410 Spiritus
1150 1381 1272 1407 sanctus,
1291 1381 1524 1409 supervacaneum
1540 1378 1568 1400 et
1582 1373 1662 1400 inane
1679 1379 1722 1402 est

936 1420 1116 1456 interrogare,
1131 1428 1165 1446 an
1181 1427 1243 1447 cum
1260 1427 1308 1447 sua
1322 1419 1407 1453 ipsius
1433 1419 1566 1454 sapientia
1582 1423 1610 1446 et.
1623 1419 1722 1447 virtute

936 1467 1017 1494 Pater
1041 1467 1175 1501 producat
1190 1466 1324 1500 Spiritum
1352 1469 1489 1497 sant-tum,
1513 1466 1536 1493 si
1565 1473 1645 1492 nemo
1661 1473 1722 1492 eam

937 1516 1091 1539 creaturam
1103 1512 1247 1539 ostendere
1261 1511 1336 1543 velit,
1346 1511 1498 1538 secundum
1509 1511 1581 1546 quod
1590 1511 1721 1545 scriptum

95 1559 164 1591 ζειν,
182 1559 309 1595 καθάπερ
323 1560 432 1595 εἴρηται
444 1567 452 1576 ⁶
472 1560 504 1586 '0
527 1559 600 1592 Θεὸς
619 1559 656 1594 τῇ
676 1561 770 1595 σοφίᾳ
784 1561 881 1595 ἐθεμε-

944 1564 984 1586 est
1006 1567 1013 1586 :
1028 1558 1096 1585 Deus
1113 1559 1140 1585 in
1155 1559 1285 1594 sapientia
1297 1559 1413 1594 ﬁrmavit
1431 1564 1540 1593 terram,
1560 1561 1721 1595 prwparavit

94 1605 190 1632 λίωσε
203 1606 261 1639 τὴν
275 1604 344 1640 γῆν,
363 1606 508 1640 ἡτοίμασε
522 1605 556 1632 δὲ
567 1606 716 1640 οὐρανοὺς
726 1606 760 1633 ἐν
773 1607 885 1641 φρονή-

95 1661 155 1681 σει.
177 1653 247 1679 Ἀλλ’
274 1652 336 1679 οὔτε
354 1653 398 1679 διὰ
415 1653 502 1688 μέσης
524 1654 623 1688 σοφίας
642 1655 689 1680 καὶ
713 1654 855 1688 δυνάμεως
871 1655 885 1681 ό

96 1697 191 1732 Πατὴρ
208 1695 290 1733 ἦλθεν
317 1697 365 1723 ἐπὶ
379 1697 429 1732 τὴν
452 1697 499 1724 τοῦ
526 1697 687 1733 Πνεύματος
709 1699 884 1734 ὲκπόρευσιν,

95 1743 193 1777 ὥσπερ
209 1743 264 1770 οὐδ’
278 1744 324 1770 ἐπὶ
341 1743 391 1779 τὴν
404 1743 452 1770 τοῦ
469 1743 534 1770 Υίοῦ
547 1744 687 1779 γέννησιν,
703 1745 766 1771 οὕτε
780 1745 825 1771 διὰ
840 1746 887 1780 μι-

95 1798 148 1826 an;
172 1789 299 1825 θεότητος
324 1789 403 1822 ὅλως.
423 1789 484 1816 Τῶν
511 1790 566 1826 γὰρ
592 1790 751 1826 κτισμάτων
764 1792 831 1818 ῐδιον
854 1793 886 1819 τδ

94 1837 220 1863 τοιοῦτον
235 1836 260 1862 οί
277 1836 396 1870 θεολόγοι
411 1835 504 1870 φασίν.
524 1836 649 1871 Ἀμέσως
663 1837 718 1873 ἄρα
735 1839 783 1864 καὶ
798 1839 827 1871 ἐξ
838 1839 886 1866 αὐ-

94 1883 146 1918 τῆς
161 1882 211 1917 τῆς
223 1882 317 1913 οὐσίας
331 1882 379 1909 τοῦ
396 1882 504 1918 Πατρδς
522 1882 621 1918 ἐπίσης
642 1883 726 1918 ἄμφω
745 1885 885 1919 προΐασιν,

95 1930 110 1956 ὁ
128 1928 195 1960 Υἱὸς
217 1929 265 1956 καὶ
279 1930 309 1956 τὸ
327 1929 439 1964 Πνεῦμα
456 1928 486 1955 τὺ
509 1929 597 1963 ἅγιον,
620 1929 666 1956 καὶ
690 1929 749 1964 μετ’
762 1930 886 1965 ἀλλήλων

97 1976 162 2008 μὲν,
190 1975 241 2002 οὐκ
266 1974 296 2008 ἐξ
321 1975 445 2011 ἀλλήλων
470 1975 511 2008 δὲ,
544 1974 601 2002 οὐδ’
619 1975 687 2008 ὅλως
713 1977 746 2002 ἐκ
770 1976 886 2013 θατέρου

97 2021 226 2057 θάτερον.

371 2079 439 2105 ΤΟΥ
454 2078 608 2106 ΝΙΚΑΙΑΣ.

137 2136 173 2163 Ἦ
199 2136 296 2171 σοφία
321 2135 380 2162 ἐστὶ
397 2136 449 2170 μὲν
476 2136 607 2167 οὐσιῶδες
625 2136 672 2162 καὶ
696 2135 786 2162 κοινὸν
801 2136 887 2171 ὄνομα

96 2183 130 2217 τῇ
145 2182 253 2217 Τριάδισ
268 2182 326 2208 ἐστι
344 2181 366 2208 δ’
380 2181 457 2216 ὅμως
485 2183 533 2208 καὶ
554 2181 608 2208 τῶν
627 2181 680 2217 ἰδίᾳ
693 2181 733 2216 τῷ
750 2181 806 2216 Υίῷ
820 2182 888 2208 ἁπο-

936 1605 1010 1633 caelos
1019 1607 1045 1633 in
1053 1607 1205 1641 prudentia.
1217 1606 1269 1635 Sed
1283 1615 1371 1641 neque
1379 1614 1426 1642 per
1436 1606 1552 1634 mediam
1560 1605 1722 1641 sapientiam

936 1657 963 1679 et
975 1652 1104 1680 virtutem
1117 1652 1197 1680 Pater
1211 1653 1321 1680 devenit
1330 1653 1363 1680 ad
1375 1653 1495 1688 Spiritus
1508 1653 1594 1680 sancti
1611 1659 1723 1687 proces~

937 1698 1055 1730 siunem,
1072 1699 1142 1725 sicut
1159 1707 1249 1733 neque
1273 1699 1305 1726 ad
1325 1698 1385 1726 Filii
1402 1699 1618 1733 generationem,
1635 1705 1724 1732 neque

936 1752 985 1780 per
999 1745 1115 1772 mediam
1133 1745 1262 1772 deitatem
1279 1745 1443 1773 universim.
1459 1745 1516 1772 Iloc
1525 1745 1599 1771 enim
1616 1749 1725 1772 creatu-

937 1799 1029 1818 rarutn
1039 1792 1180 1828 proprium
1197 1792 1314 1827 theologi
1324 1792 1430 1820 dicunt.
1447 1791 1606 1820 lmmediate
1621 1799 1687 1826 ergo
1698 1795 1726 1820 cl

937 1844 970 1864 ex
987 1837 1045 1872 ipsa
1064 1836 1182 1864 essentia
1195 1837 1284 1864 Patris
1296 1837 1376 1864 ambo
1390 1837 1533 1872 aequaliter
1545 1839 1726 1872 progrediun—

939 1888 993 1915 tur,
1020 1881 1105 1910 Filius
1119 1887 1146 1910 et
1166 1883 1285 1917 Spiritus
1302 1888 1424 1916 sanctus,
1451 1891 1483 1911 ac
1511 1890 1574 1910 eum
1596 1892 1626 1911 se
1653 1883 1725 1911 invi-

938 1937 1009 1962 cem,
1025 1937 1076 1957 non
1095 1937 1160 1957 vero
1180 1938 1213 1957 ex
1234 1937 1263 1957 sc
1280 1930 1407 1962 iuvit-em,
1425 1937 1512 1964 neque
1529 1938 1642 1965 prorsus
1657 1931 1726 1957 alter

938 1984 971 2004 ex
1003 1977 1088 2005 altero
1100 1997 1104 2000 .
1115 1981 1167 2004 est.

1263 2079 1399 2108 ΝΙΟΑΕΝΙ.

975 2137 1114 2173 Sapientia
1130 2136 1240 2172 quidem
1256 2137 1401 2164 essentiale
1416 2142 1443 2164 et
1458 2144 1605 2165 commune
1623 2146 1724 2166 nomen

938 2189 981 2212 est
1011 2183 1170 2216 Trinitatis;
1201 2187 1244 2210 est
1274 2187 1364 2210 tamen
1400 2183 1489 2210 exiis
1517 2191 1638 2219 quoque,
1663 2193 1724 2220 qua:

95 2228 256 2263 διδομένων.
277 2228 313 2255 Τὸ
333 2227 356 2254 δ’
369 2228 435 2255 αὑτὸ
449 2229 496 2255 καὶ
515 2229 535 2265 ἡ
549 2228 689 2263 δύναμις.
704 2228 750 2254 Διὸ
773 2229 820 2255 καὶ
834 2237 881 2262 φα-

936 2231 1050 2260 seorsim
1073 2234 1101 2257 et
1143 2229 1254 2264 proprie
1288 2228 1359 2256 Filio
1396 2228 1584 2256 attribuuntur
1608 2230 1655 2266 (c).
1686 2231 1724 2258 Eo

97 2277 160 2310 μιν,
179 2275 208 2302 ἐν
224 2274 305 2310 σοφίᾳ
320 2275 354 2302 τὰ
367 2275 454 2301 πάντα
470 2275 514 2301 τὸν
530 2274 641 2309 Πατέρα
654 2274 885 2310 δεδημιουργηκέ-

136 2351 174 2388 (1)
193 2351 259 2388 nos
287 2350 374 2388 habet
388 2351 477 2388 rMon.
507 2350 570 2384 9.56,
595 2351 685 2380 omitt.
709 2351 782 2379 Mon.
803 2350 849 2384 27,
863 2351 884 2378 ί.

95 2387 151 2415 250
165 2394 190 2421 :t,
208 2387 294 2415 Vatic.
312 2388 332 2414 ί.
346 2387 397 2414 τοι
417 2395 443 2414 at.

134 2456 174 2491 (a)
192 2456 253 2488 llic,
273 2460 302 2483 ut
316 2456 486 2484 Dessarionis
502 2463 664 2491 responsum
688 2456 795 2490 suadet,
816 2464 886 2484 non-

97 2492 175 2519 nulla
191 2499 290 2518 omissa
308 2492 335 2518 in
350 2497 423 2518 textu
436 2496 511 2519 sunt.
527 2491 684 2526 Legendth
697 2492 812 2520 fortasse
831 2500 839 2520 :
856 2492 885 2519 Si

98 2535 167 2554 vero
182 2534 230 2560 per
246 2526 342 2553 Filium
358 2532 401 2553 est
417 2527 547 2561 Spiritus,
563 2527 643 2560 nthil,
662 2531 716 2554 etc.

136 2562 174 2597 (b)
200 2561 353 2598 rltagl’atres
367 2568 561 2596 communiter,
580 2569 620 2598 rex
638 2561 739 2597 quibus
754 2562 886 2598 Augusti-

98 2605 164 2629 nus,
198 2597 235 2624 De
248 2596 382 2623 Trinitate
400 2604 447 2628 vn,
468 2598 517 2630 εει
535 2607 542 2624 :
572 2597 662 2625 Pater"
681 2602 705 2623 et
722 2596 809 2624 Filius
825 2602 886 2625 sunt

99 2641 156 2660 una
167 2632 306 2666 sapientia,
320 2632 381 2665 quia
393 2631 447 2658 tina
459 2631 581 2666 essentia,
597 2638 622 2659 et
632 2632 768 2667 sigillutt‘m
780 2634 887 2666 sapien-

100 2669 138 2694 tia
151 2669 184 2693 de
195 2667 337 2703 sapientia,
353 2667 420 2693 sicut
436 2666 546 2703 essentia
565 2669 596 2694 de
621 2666 732 2694 essentia
756 2669 804 2703 (De
831 2676 886 2702 quo

99 2704 162 2730 loco
181 2702 243 2728 vide
269 2702 412 2734 Thomam,
425 2703 542 2729 Summae
557 2710 583 2737 p.
611 2711 629 2736 ι,
650 2711 678 2737 q.
695 2703 740 2735 59,
753 2711 780 2731 a.
796 2703 823 2736 5,
851 2704 886 2730 ad

101 2739 142 2774 η.
160 2737 339 2774 Sapientiam
353 2743 387 2763 ex
403 2737 665 2774 sapientiaﬂFilium
683 2745 794 2772 quoque
809 2743 887 2766 vocat

101 2772 273 2808 Epiphanius
289 2773 315 2797 in
327 2772 474 2808 Ancorato,
487 2781 514 2806 p,
534 2772 577 2799 75.
592 2773 692 2808 Niotatu
705 2774 787 2807 digna
810 2778 885 2806 sunt,

102 2805 165 2842 quas
195 2807 290 2834 Patres
320 2807 430 2842 concilii
454 2805 577 2834 Toletani
609 2807 665 2840 XV,
681 2815 706 2834 ιι.
732 2805 785 2835 6'88
811 2809 886 2842 (vide

103 2841 189 2870 Μειιεὶ
214 2842 298 2870 Cone.
336 2847 356 2877 ι.
375 2841 436 2874 ΧΗ,
471 2842 561 2877 p.10,
589 2844 634 2877 11)
664 2841 887 2870 animadvertunt

104 2886 177 2906 circa
191 2878 309 2905 dictum:
335 2876 571 2912 Volmttus‘genut’t
583 2879 759 2914 voluntatem,
779 2879 845 2906 sicut
859 2882 885 2905 et

270 2925 402 2963 I’s'rttQL.
424 2928 479 2958 Gtt.
504 2926 610 2958 CLXI.

940 2277 1021 2305 modo
1037 2282 1080 2303 res
1093 2283 1123 2303 se
1135 2275 1219 2302 habet
1235 2282 1296 2301 cutn
1313 2273 1423 2301 nomine
1437 2274 1549 2302 virtutis.
1563 2275 1624 2303 Ideo
1638 2277 1721 2303 etiam

975 2357 1012 2390 (2)
1033 2356 1113 2384 Joan.
1134 2364 1154 2388 ι,
1174 2356 1202 2383 5.

974 2392 1011 2427 (5)
1027 2391 1106 2418 ταυτί
1124 2391 1199 2418 Men.
1212 2391 1246 2418 27
1260 2391 1280 2418 f.
1296 2391 1349 2419 250
1366 2399 1393 2419 a.
1410 2392 1470 2420 Vat.
1482 2391 1504 2419 ί.
1521 2391 1572 2419 204
1592 2392 1616 2418 b.

936 2459 1069 2492 sapientia
1095 2461 1265 2494 sapientiam,
1287 2468 1302 2489 a
1332 2468 1361 2488 se
1386 2466 1477 2493 antea,
1508 2461 1547 2488 uti
1571 2468 1722 2495 exponunt,

938 2498 1089 2531 secundum
1103 2497 1248 2531 essentiam
1265 2501 1437 2530 usurpatum,
1455 2496 1528 2531 quod
1558 2502 1654 2524 contra
1672 2497 1722 2525 ob~

936 2529 1070 2565 jectionres
1099 2530 1229 2564 quasdam
1244 2529 1356 2558 strenue
1383 2529 1544 2558 defendunt.

974 2564 1010 2598 (c)
1032 2564 1069 2591 De
1083 2564 1143 2598 lege
1160 2566 1392 2600 appropriationis
1409 2567 1449 2593 vel
1462 2566 1724 2594 accommodationis

938 2599 1081 2635 nominum
1096 2599 1287 2627 absolutorum
1302 2601 1336 2627 ad
1351 2608 1481 2635 personas
1496 2603 1635 2635 disputant
1646 2603 1724 2629 tiren-

938 2633 996 2671 [σει
1011 2641 1074 2671 cum
1099 2634 1143 2671 D._
1152 2635 1255 2671 Thema
1273 2633 1396 2669 Sutnip.
1418 2644 1437 2668 ι,
1456 2644 1483 2671 q.
1501 2633 1548 2667 59;
1572 2644 1598 2663 a.
1618 2637 1633 2664 7
1648 2637 1721 2670 et8;

938 2669 1077 2706 Richardo
1096 2676 1112 2706 _a
1127 2669 1155 2696 S.
1174 2670 1280 2697 Victore
1300 2670 1326 2697 in
1341 2669 1472 2705 opusculo
1491 2671 1527 2698 De
1539 2669 1722 2706 appropriatis

938 2709 966 2731 et
978 2705 1085 2730 caeteris
1099 2704 1124 2730 in
1139 2706 1158 2731 Ι.
1174 2712 1183 2731 1
1202 2705 1291 2737 Sent.,
1308 2704 1373 2733 dist.
1392 2706 1437 2733 51.
1452 2706 1515 2733 Haec
1525 2704 1649 2734 doc—trina
1666 2712 1722 2735 tota

938 2739 1066 2777 furibus
1083 2740 1266 2777 innititur.__ex
1280 2741 1380 2775 quibus
1394 2742 1527 2769 videndus
1538 2743 1719 2777 Augustinus.

938 2774 976 2800 De
987 2774 1086 2813 Trinit.
1098 2782 1135 2813 vt.
1149 2774 1199 2813 t0;
1213 2775 1391 2813 liilartus,‘De
1403 2776 1506 2813 i'l‘rinit.
1521 2784 1553 2811 ιι,
1567 2774 1596 2810 ίξ
1610 2778 1664 2805 Leo
1674 2778 1722 2809 M.,

938 2809 1054 2849 serm._2
1072 2813 1100 2836 et
1115 2810 1185 2849 5_de
1212 2809 1383 2849 Pentecoste.
1402 2812 1468 2839 Vide
1498 2809 1558 2847 qua:
1584 2809 1666 2849 supra
1688 2814 1722 2840 ad

938 2851 999 2878 ουρ.
1015 2845 1040 2879 1,
1057 2852 1118 2872 can.
1136 2845 1164 2879 ι,
1175 2845 1368 2875 animadvertit
1382 2852 1478 2875 auctor
1493 2845 1596 2876 noster.

1508 2928 1525 2960 8
