1925 3056
209 141 260 172 227

890 140 1144 171 BESSARIONIS

1771 137 1828 169 228

209 202 340 231 dicimus,
357 199 384 226 in
399 199 532 234 sapientia
558 199 663 227 Patrem
691 198 819 226 universa
835 198 989 226 condidisse

1047 207 1095 231 θαι,
1112 200 1128 234 ἢ
1145 199 1189 225 διὰ
1208 198 1258 232 τῆς
1274 197 1377 234 σοφίαςΔ
1387 197 1432 224 τὸν
1456 197 1558 231 κόσμον
1580 197 1761 233 προαγαγεῖν,
1777 197 1826 224 τὸν

207 247 250 272 vel
265 253 313 280 per
325 244 486 278 sapientiam
501 243 664 278 produxisse
694 243 840 275 mundum,
860 251 908 278 per
922 243 992 273 ,ltzec

209 291 319 318 nomina
348 290 468 317 Verbum
491 294 520 316 et
543 288 642 316 Filium
673 289 868 324 itttelligenws.
898 288 993 323 Neque

208 336 320 371 quando
348 335 396 363 Dei
417 335 576 369 sapientiam
593 334 730 368 audimus,
755 335 829 362 aliud
860 334 992 369 quiddam

209 383 388 418 intelligimus
416 387 514 418 praeter
530 381 642 409 Filium.
663 381 747 408 Deum
771 381 845 408 enim
861 381 909 416 qul
927 380 994 408 dicit

208 429 382 464 sapientiam,
400 428 423 456 is
439 432 523 455 totam
532 435 597 457 sane
610 426 774 454 Trinitatem
788 426 931 458 indicabit,
948 425 994 452 Dei

209 483 274 503 \ero
292 475 450 510 sapientiam
479 474 628 501 enuntiaus
643 472 744 500 Filium
761 473 876 500 omnino
890 471 994 507 signiﬁ-

210 526 270 554 cat;
289 520 518 556 quemadmodum
534 519 616 546 etiam
641 520 726 546 Deum
742 519 903 546 cbaritatem
922 516 993 544 dici-

209 575 270 595 mus
289 572 344 594 tres
357 573 498 601 personas,
524 565 572 592 Dei
599 573 663 592 vero
678 565 839 592 charitatem
858 561 992 598 Spiritum

210 618 344 640 sanctum.
364 611 548 644 Quamobrem
570 611 680 646 quando
696 610 785 637 Latini
799 609 893 637 dicunt
910 608 996 636 conli-

211 658 322 686 tendum
339 666 400 684 esse
414 665 447 684 ex
465 657 544 684 Patre
559 657 684 690 Filioque
698 664 758 684 esse
772 656 916 690 Spiritum,
932 655 996 688 quia

211 706 291 732 Pater
313 711 374 731 cum
388 712 437 730 sua
452 704 585 738 sapientia
596 712 627 731 ac
639 702 719 730 simul
735 710 797 730 cum
811 710 842 730 ea
863 701 996 736 Spiritum

210 750 349 784 producit,
368 757 423 776 non
438 748 508 776 hanc
521 755 694 776 communem
712 748 864 782 intelligere
877 751 996 782 oportet,

210 796 257 822 scil
271 795 410 829 propriam
437 794 505 821 Filio
525 794 696 821 attributam.
717 794 756 821 Ac
787 793 888 820 frustra
913 800 928 820 a
958 797 996 826 te,

211 848 270 875 qum
290 839 317 865 in
333 839 452 866 secunda
471 844 547 873 parte
560 838 641 872 hujus
655 837 810 872 argumenti
829 837 900 864 dicta
921 841 996 870 sunt,

211 872 316 921 prolata
334 885 446 912 fuerunt
461 872 528 911 nihil
549 884 662 911 omnino
675 883 708 910 ad
729 890 842 918 scopum
858 883 995 910 facientia.
1013 872 1035 900 Β

213 932 279 965 Qua:
296 939 362 959 vero
377 931 454 962 dicis,
482 930 632 965 procedere
661 928 770 964 quidem
787 928 917 963 Spiritum
934 936 996 956 cum

211 977 345 1012 sapientia
360 977 417 1003 sive
428 983 489 1002 cutn
515 974 594 1007 Filio,
612 983 664 1002 non
693 982 757 1002 vero
771 982 804 1002 ex
819 974 890 1009 ipso,
910 982 999 1002 asser-

211 1023 312 1050 tionem
328 1021 471 1056 quamdam
486 1028 592 1055 ponens
611 1020 691 1053 dicis,
705 1021 807 1048 nullam
819 1028 883 1047 vero
897 1028 997 1055 cogen-

212 1074 266 1095 lem
314 1067 448 1094 rationem
503 1066 620 1094 inducis.
670 1065 798 1098 Quaenam
839 1066 912 1093 cnim
954 1069 998 1094 est

210 1112 369 1144 necessitas,
393 1111 415 1139 si
437 1111 554 1147 Spiritus
586 1119 640 1138 non
674 1112 708 1139 sit
731 1110 791 1139 Filii
817 1111 995 1146 principium,

211 1167 300 1193 neque
325 1158 491 1194 principium
520 1157 606 1185 sancti
623 1155 754 1193 ‘Spiritus
787 1165 848 1185 esse
873 1157 996 1185 Filium?

211 1203 291 1236 Quia,
308 1203 392 1236 dices,
420 1202 588 1238 impossibile
611 1200 662 1229 'est
684 1210 716 1230 ea
730 1210 790 1237 qua:
811 1202 893 1230 simul
908 1208 934 1230 et
951 1210 996 1230 se-

210 1249 331 1277 cundum
363 1249 438 1276 idem
458 1256 491 1276 ex
507 1248 637 1283 quopiam
657 1248 804 1282 prodeunt,
836 1248 918 1276 etiam
943 1248 996 1275 sibi

211 1295 329 1323 invicem
346 1295 479 1330 principia
493 1302 554 1321 esse
568 1295 574 1321 l
594 1293 647 1321 Sed
662 1293 728 1328 quid
743 1299 770 1321 tu
797 1293 848 1321 sub
870 1301 935 1320 voce
947 1293 996 1320 sibi

210 1344 318 1371 invicem
335 1343 464 1378 principia
483 1341 630 1376 intelligas,
660 1340 686 1368 id
710 1341 767 1375 ipse
792 1342 919 1373 noveris;
946 1347 996 1368 nos

211 1397 275 1415 vero
288 1388 341 1415 sibi
360 1387 480 1414 invicem
498 1385 631 1420 principia
642 1392 702 1412 esse
717 1391 771 1411 non
787 1384 911 1411 dicimus.
927 1383 995 1410 Nam

211 1435 267 1460 fieri
281 1433 376 1467 nequit
403 1437 433 1459 ut
462 1437 607 1466 utrumque
623 1430 765 1465 utriusque
783 1433 810 1457 et
829 1429 994 1464 principium

213 1485 240 1505 οι
256 1478 448 1512 principiatum
474 1477 527 1510 sit;
545 1477 597 1504 hoc
611 1476 683 1503 enim
716 1475 872 1504 Graecorum
905 1482 995 1502 sermo

1045 246 1131 280 Λόγον
1144 253 1174 271 τι
1189 244 1237 271 καὶ
1252 243 1318 270 Υῑὶν
1335 243 1381 270 διὰ.
1397 242 1499 270 τούτων
1511 244 1566 270 τῶν
1579 244 1720 278 ὀνομάτων
1733 244 1829 271 νοοῦν-

1043 300 1101 323 τες.
1113 291 1180 317 Οὐδὲ
1205 290 1279 316 ἔστιν
1299 290 1343 317 ὅτε
1359 288 1427 316 θεοῦ
1442 289 1540 324 σοφίαν
1559 289 1704 321 ἀκούοντες
1719 289 1784 317 ἄλλο
1799 298 1829 316 τι

1043 336 1157 371 νοοῦμεν
1183 336 1199 372 ἢ
1230 337 1276 362 τὸν
1298 335 1374 362 Υίόν.
1403 335 1478 361 Θεὸν
1508 335 1558 370 μὲν
1581 336 1637 370 γὰρ
1663 336 1760 370 σοφίαν
1784 345 1830 366 τις

1044 382 1130 409 εἰπὼν
1144 382 1208 417 δλην
1234 380 1320 416 αὐτὴν
1341 380 1390 415 τὴν
1410 379 1515 415 Τριὰδα
1528 380 1684 416 δηλώσειεν,
1700 382 1774 408 Θεοῦ
1799 383 1831 409 δὲ

1044 429 1156 464 σοφίαν
1175 428 1361 463 φθεγξάμενος
1389 427 1435 454 τὸν
1463 427 1527 454 Υιὸν
1551 427 1658 460 πάντως
1674 428 1827 463 ισήμανεν·

1044 474 1139 509 ὥσπερ
1155 474 1201 500 καὶ
1219 473 1287 500 Θεὸν
1312 473 1362 507 μὲν
1377 473 1489 507 ἀγάπην
1511 473 1547 500 τὰ,
1559 473 1622 508 τρία
1638 473 1727 508 φαμὲν
1741 473 1829 507 πράσα

1045 528 1117 551 ωπα,
1134 518 1203 545 Θεοῦ
1221 519 1250 545 δι
1273 518 1387 553 ἀγάπην
1412 518 1443 544 τὸ
1466 517 1580 553 Πνεῦμα.
1604 517 1635 545 τὸ
1653 518 1740 551 ἆγιον·
1756 518 1830 544 ὥστε

1045 566 1109 592 ὅταν
1123 565 1235 592 Λατῖνοι
1259 564 1330 599 φῶσι
1347 563 1379 590 τὸ
1403 563 1516 598 Πνεῦμα
1530 565 1563 590 ὲκ
1580 563 1687 598 Πατρὺς
1700 564 1747 590 καὶ
1762 563 1832 589 Υἱοῦ

1046 609 1114 638 εἶναι
1130 611 1270 645 ὁμολογεῖν
1297 610 1364 642 δεῖν,
1389 610 1434 636 διὰ
1455 609 1485 635 τὸ
1503 609 1549 635 τδν
1570 609 1679 644 ῐιατέρα
1695 609 1764 643 μετὰ
1779 609 1832 644 τῆς

1046 657 1144 686 ἑαυτοῦ
1169 657 1264 688 σοφίας
1280 657 1326 682 καὶ
1344 656 1393 682 σὺν
1414 656 1481 691 αὐτῇ
1501 655 1559 690 ἅμα
1574 655 1603 681 τὸ
1617 655 1730 688 Πνεῦμα
1745 663 1832 689 προι-

1046 703 1152 737 γαγεῖν,
1165 702 1195 728 οὺ
1211 701 1308 735 σοφίαν
1322 703 1372 736 τὴν
1387 702 1480 736 κοινὴν
1494 700 1595 735 ταύτην
1612 701 1683 726 νοεῖν
1694 700 1744 731 δεῖ,
1761 699 1834 726 ἀλλὰ

1047 750 1098 783 τὴν
1115 748 1182 774 ἰδίαν
1209 747 1248 782 τῷ
1274 747 1331 782 Υἰῷ
1362 746 1572 780 ἀποδιδομένην.
1599 746 1654 772 Καὶ
1681 745 1768 780 μάτην
1790 753 1833 772 σοι

1047 795 1081 821 τὰ
1094 795 1122 820 ιν
1140 793 1180 829 τῷ
1194 793 1313 829 δευτέρῳ
1337 793 1414 828 μέρει
1441 792 1538 819 τούτου
1552 792 1602 819 τοῦ
1617 792 1832 827 ἐπιχειρήματος

1047 840 1180 876 ειρημένα
1192 840 1372 876 ἀπέρριπται,
1388 838 1466 865 οὐδὲν
1481 839 1548 870 ὅλως
1565 837 1698 864 ποιοῦντα
1713 837 1782 871 πρὸς
1799 837 1833 863 τδ

1049 886 1240 922 προκείμενον.
1268 886 1302 912 Ἀ
1325 885 1355 911 δι
1382 885 1457 920 φῂς,
1488 883 1687 919 ἐκπορεύεσθαι
1715 883 1764 918 μὶν
1799 883 1833 908 τὺ

1049 932 1161 966 Πνεῦμα
1178 931 1248 966 μετὰ
1266 930 1314 966 τῆς
1329 928 1425 965 σοφίας
1443 931 1502 965 ἦτοι
1518 930 1566 956 τοῦ
1584 929 1659 961 Υίοῦ,
1683 929 1714 955 οὺ
1738 929 1832 963 μέντοι

1049 979 1079 1012 ἐξ
1105 978 1199 1010 αὐτοῦ,
1225 977 1299 1010 θέσιν
1323 976 1384 1003 τινὰ
1413 976 1554 1009 τιθέμενος
1584 975 1686 1010 λέγεις,
1704 975 1833 1010 οὐδεμίαν

1056 1025 1182 1059 ἀνάγκην
1197 1024 1325 1058 εἰσάγων.
1343 1023 1390 1055 Τίς
1406 1023 1460 1057 γὰρ
1477 1023 1596 1058 ἀνάγκη,
1613 1023 1636 1048 ει
1654 1022 1691 1057 μὴ
1702 1022 1733 1048 τὺ
1748 1021 1834 1048 Πνεῦ-

1050 1079 1088 1105 μα
1101 1070 1148 1097 τοῦ
1170 1069 1234 1097 Υίοῦ
1253 1070 1352 1101 αἴτιον,
1372 1069 1439 1104 μηδὲ
1454 1069 1500 1096 τὸν
1516 1069 1581 1095 Υἱὺν
1596 1067 1666 1095 εἶναι
1680 1068 1727 1095 τοῦ
1747 1067 1834 1094 Πνεῦ-

1050 1124 1133 1152 ματος
1159 1116 1264 1150 ἀρχήν;
1299 1115 1371 1148 Ὅτι,
1399 1115 1513 1150 φήσεις,
1540 1115 1574 1140 τὰ
1600 1114 1667 1149 ὁμοῦ
1689 1116 1735 1140 καὶ
1761 1115 1834 1141 κατὰ

1047 1161 1145 1189 ταυτὸν
1157 1161 1190 1188 ἐκ
1204 1169 1276 1192 τινος
1291 1161 1422 1196 προϊόντα
1446 1160 1495 1187 καὶ
1518 1160 1641 1195 ἀλλήλων
1667 1160 1742 1186 αίτια
1759 1157 1832 1186 εἶναι

1047 1208 1188 1236 ἀδύνατον.
1208 1207 1290 1235 una
1311 1207 1336 1234 τί
1352 1207 1401 1241 μὲν
1422 1207 1454 1234 σὺ
1470 1207 1514 1234 διὰ
1529 1207 1576 1234 τοῦ
1590 1207 1736 1241 ἀλλήλων
1751 1207 1834 1234 altca

1048 1255 1128 1286 νοεῖς,
1154 1253 1234 1285 αὐτὸς
1255 1253 1288 1280 ἂν
1311 1253 1430 1288 είδείης¹
1455 1253 1537 1288 ἡμεῖς
1563 1252 1591 1279 δὲ
1615 1253 1740 1288 ἀλλήλων
1756 1252 1834 1279 αῐτια

1047 1297 1117 1327 εἶναι
1136 1300 1167 1325 οὑ
1181 1298 1280 1333 φαμέν.
1297 1299 1334 1325 οὺ
1349 1299 1405 1333 γὰρ
1424 1298 1536 1325 δυνατὸν
1551 1298 1683 1332 ἑκάτερον
1697 1297 1832 1332 ἐκατέρου

1047 1345 1134 1372 αἴτιόν
1158 1353 1188 1371 τε
1213 1343 1261 1370 καὶ
1287 1344 1410 1370 αἱτιατδν
1435 1341 1524 1370 εἶναι·
1542 1343 1622 1370 τοῦτο
1639 1344 1695 1378 γὰρ
1722 1343 1800 1377 λόγος
1817 1343 1835 1369 ὁ

1047 1391 1148 1423 Ἕλλην
1163 1390 1208 1417 διὰ
1226 1389 1274 1417 τοῦ
1301 1390 1450 1423 ἀλλήλων
1463 1390 1545 1416 uitta
1569 1389 1666 1425 δηλοῦν
1688 1389 1829 1424 βούλεται·

1047 1437 1159 1471 Θάτερον
1184 1436 1212 1462 δὲ
1241 1436 1356 1470 θατέρου
1388 1435 1475 1463 αἴτιον
1503 1433 1595 1468 εἶναι,
1622 1435 1676 1462 κᾶν
1695 1435 1743 1461 καὶ
1759 1435 1831 1462 κατὰ

1046 1484 1143 1510 ταυτὸν
1159 1483 1191 1508 ἐκ
1201 1491 1274 1514 τινος
1288 1482 1370 1509 ἄλλον
1389 1483 1564 1517 προάγοιντο.
1577 1482 1653 1509 οὐδὲν
1665 1482 1764 1510 κωλύει
1779 1482 1829 1516 (Ι).

213 1531 280 1550 voce
294 1523 344 1549 sibi
360 1522 469 1549 invicem
495 1522 626 1556 principia
647 1521 799 1556 intelligere
822 1521 898 1553 vult;
915 1521 995 1548 alter-

1047 1530 1086 1557 Ἥ
1101 1538 1130 1556 τε
1142 1529 1195 1564 γὰρ
1205 1529 1283 1560 ἀκτὶς
1299 1529 1329 1555 τό
1337 1537 1366 1554 τε
1385 1529 1454 1562 φῶς.
1470 1529 1528 1563 ἅμα
1541 1529 1588 1556 καὶ
1605 1528 1675 1555 κατὰ
1690 1528 1786 1555 ταυτὸν
1801 1528 1832 1562 ἐξ

214 1571 259 1596 ulu
269 1577 312 1596 um
326 1577 389 1596 vero
410 1569 568 1596 alterutrius
581 1567 742 1603 principium
756 1575 825 1600 esse,
837 1567 900 1595 licet
913 1567 995 1594 etiam

213 1616 365 1644 secundum
385 1615 455 1642 idem
469 1623 502 1643 ex
516 1614 635 1649 quodam
651 1613 704 1640 alio
715 1613 915 1648 producantur,
927 1611 996 1640 nihil

213 1667 298 1690 vetat.
325 1661 393 1689 Nam
419 1660 512 1688 radius
525 1664 552 1687 et
584 1659 676 1686 lumen
692 1659 774 1686 simul
801 1663 829 1686 ct
843 1658 996 1686 secundum

214 1709 287 1737 idem
307 1715 341 1736 ex
368 1708 426 1735 sole
445 1711 529 1739 sunt;
562 1710 682 1733 attamen
708 1705 801 1732 lumen
819 1712 869 1740 per
887 1704 995 1731 radium

212 1761 241 1784 et
253 1755 370 1790 quodatn
386 1753 466 1780 modo
480 1760 512 1779 ex
531 1751 608 1778 radio
619 1756 677 1784 est;
700 1755 727 1778 et
755 1759 804 1786 per
820 1750 920 1778 tonitru
945 1750 997 1777 ful-

212 1810 276 1838 sur,
292 1801 357 1828 licet
373 1799 475 1827 tonitru
491 1803 518 1825 et
531 1798 623 1833 fulgur
639 1797 754 1825 nubium
777 1797 941 1825 densitatem
970 1801 998 1824 et

212 1848 290 1876 simul
307 1847 339 1875 ad
352 1847 466 1874 invicem
485 1844 712 1872 confricationcm
732 1851 843 1871 causam
868 1844 995 1870 habeant.

213 1895 326 1931 Oportet
340 1894 412 1922 enim
430 1892 528 1920 crassis
550 1891 627 1918 hisce
651 1896 679 1919 et
704 1896 844 1925 utcunque
860 1889 997 1918 similibus

211 1941 343 1975 exemplis
352 1948 383 1967 ea
394 1946 454 1973 quae
464 1945 546 1972 supra
560 1942 685 1964 naturam
696 1941 760 1964 sunt
770 1940 881 1970 propter
891 1943 938 1962 eos
949 1934 996 1970 qui

213 1986 358 2015 crassioris
384 1988 448 2011 sunt
469 1983 582 2018 ingenii,
603 1982 740 2017 subigere.
759 1979 799 2008 Tu
828 1988 893 2008 vero
914 1981 996 2007 etiam

215 2034 259 2060 bis
275 2033 348 2059 circa
365 2028 553 2063 evangelicum
578 2027 701 2055 dictum:
731 2025 824 2054 Omnia
849 2033 896 2061 per
911 2026 998 2059 ipsum

213 2081 285 2114 facta
298 2080 358 2104 sunt
370 2082 479 2110 peccas,
488 2081 543 2101 non
559 2072 722 2108 intelligens,
734 2072 798 2107 quid
813 2071 876 2099 inde
887 2071 998 2098 conclu-

214 2126 273 2150 ὼν.
293 2121 348 2148 Nos
368 2127 445 2152 vero,
461 2118 549 2154 quiin
568 2119 657 2152 primo
672 2123 719 2144 tuo
749 2120 911 2152 argumento
925 2115 998 2143 sudi-

212 2169 318 2195 cienter
329 2171 353 2193 te
379 2165 551 2193 ostendimus
570 2162 777 2194 ballucinatum,
806 2161 862 2188 illis
874 2160 998 2188 contenti

1047 1575 1121 1611 ἡλίου
1136 1576 1209 1608 ὄντα,
1225 1575 1301 1609 ὅμως
1315 1574 1345 1600 τὺ
1364 1574 1420 1607 φῶς
1444 1574 1488 1600 διὰ
1511 1575 1558 1608 τῆς
1575 1575 1684 1606 ἀκτῖνος
1703 1575 1751 1601 καὶ
1767 1574 1830 1601 τινὰ

1047 1622 1146 1657 τρόπον
1159 1622 1192 1648 ὲκ
1207 1621 1256 1655 τῆς
1275 1620 1384 1651 ἀκτῖνάς
1400 1621 1459 1646 ἐστι
1483 1621 1531 1646 καὶ
1553 1620 1596 1647 διὰ
1613 1622 1662 1656 τῆς
1682 1620 1795 1656 βροντῆς
1809 1621 1828 1656 ἠ

1047 1668 1184 1702 ἀστραπὴ,
1208 1667 1297 1692 καίτοι
1328 1666 1428 1701 βροντή
1454 1674 1484 1692 τε
1507 1666 1554 1692 καὶ
1569 1666 1700 1702 ἀστραπὴ
1722 1667 1771 1701 τὴν
1785 1674 1831 1693 νε-

1047 1715 1104 1749 φῶν
1115 1712 1273 1747 πυκνότητά
1285 1720 1314 1738 τι
1333 1712 1380 1738 καὶ
1397 1712 1456 1747 ἅμα
1472 1712 1540 1747 πρὸς
1552 1712 1672 1747 ἀλλήλας
1688 1712 1831 1747 σύντριψιν

1047 1760 1133 1785 αἴτιον
1156 1757 1263 1792 ἔχοντα.
1294 1757 1339 1783 Δεῖ
1357 1757 1412 1790 γὰρ
1436 1757 1493 1788 τοῖς
1518 1756 1621 1790 παχέσι
1647 1756 1753 1788 τούτοις
1783 1756 1831 1783 καὶ

1047 1804 1176 1832 ὁπωσοῦν
1193 1804 1298 1838 ὁμοίοις
1317 1803 1525 1838 παραδείγμασι
1543 1804 1576 1828 τὰ
1588 1803 1657 1838 ὑπὲρ
1685 1803 1766 1838 φύσιν
1788 1802 1832 1830 διὰ

1047 1850 1110 1882 τοὺς
1131 1849 1180 1885 τὴν
1202 1849 1326 1876 διάνοιαν
1348 1850 1519 1883 παχυτέρους
1538 1848 1665 1882 ὑπάγειν.
1689 1849 1725 1874 Σὺ
1740 1849 1768 1875 δὲ
1784 1849 1832 1875 καὶ

1047 1897 1087 1928 δὶς
1104 1897 1170 1931 περὶ
1192 1895 1222 1922 τὸ
1236 1894 1417 1929 εὐαγγελικδν
1431 1895 1513 1929 ῥητὸν
1532 1895 1563 1920 τό
1576 1903 1582 1909 ·
1600 1894 1702 1921 Πάντα
1724 1894 1762 1920 δι’
1778 1896 1830 1922 αὺ-

1048 1940 1101 1968 τοῦ
1114 1940 1246 1976 ἐγένετο,
1262 1940 1430 1975 ἁμαρτάνεις
1441 1957 1450 1971 ,
1471 1940 1508 1974 μὴ
1526 1940 1629 1971 συνιεὶς
1642 1958 1649 1972 ,
1660 1939 1686 1965 τί
1706 1939 1829 1966 ἐντεῦθεν

1049 1986 1258 2021 συμπεραίνεις.
1283 1985 1378 2020 Ἡμεῖς
1394 1985 1418 2011 δ’
1438 1986 1466 2011 ὲν
1480 1985 1518 2019 τῷ
1537 1985 1638 2019 πρώτῳ
1663 1993 1710 2011 σου
1728 1985 1830 2020 ἐπιχεις

1050 2033 1151 2067 ρήματι
1168 2031 1266 2062 ἱκανῶς
1282 2038 1311 2056 σε
1327 2027 1488 2064 ὲλέγξαίτες
1509 2030 1686 2065 ἀπατώμενοι
1715 2032 1831 2062 ἐκείνοις

1049 2077 1219 2112 ἀρκούμεθα.
1230 2077 1293 2103 Ὅτι
1310 2076 1333 2102 δ’
1349 2076 1373 2102 εί
1387 2075 1431 2103 διὰ
1446 2075 1554 2110 σοφίας,
1570 2076 1617 2103 τοῦ
1636 2077 1701 2104 Υιοῦ
1717 2077 1830 2112 δηλαδὴ,

1048 2125 1080 2151 τὺ
1100 2124 1211 2159 Πνεῦμα
1234 2122 1393 2159 προάγοιτο,
1409 2123 1488 2149 οὐδὲν
1511 2123 1544 2150 ἂν
1559 2123 1693 2158 διενέγκαι
1705 2125 1759 2152 τῶν
1773 2132 1831 2151 κτι-

1051 2170 1174 2205 σμάτων,
1195 2169 1243 2195 καὶ
1266 2169 1296 2195 τὸ
1311 2169 1355 2195 διὰ
1372 2169 1458 2204 μέσης
1474 2169 1601 2204 θεότητὸς
1612 2177 1640 2196 τι
1657 2169 1830 2205 προαχθῆναι

214 2221 319 2241 sumus.
338 2211 470 2246 Spiritum
487 2217 564 2241 vero,
578 2209 600 2236 si
616 2215 664 2243 per
689 2207 862 2242 sapientiam,
879 2206 932 2233 boc
954 2209 995 2233 est

1049 2216 1103 2243 τῶν
1117 2216 1279 2251 κτισμάτων
1299 2215 1365 2242 ῐδιον
1390 2213 1474 2248 εἶναι,
1496 2215 1546 2242 οὐκ
1566 2215 1625 2242 οἶδα
1650 2216 1711 2251 μὲν,
1738 2216 1762 2242 εί
1783 2216 1832 2242 καὶ

215 2267 266 2295 per
282 2259 391 2290 Fxlium,
407 2257 585 2292 producatur,
614 2254 683 2281 nihil
712 2251 996 2281 diﬂerreacreaturis

207 2311 240 2332 et
258 2313 305 2339 per
333 2303 450 2330 mediam
464 2302 594 2329 deitatem
629 2300 694 2335 quid
720 2298 834 2334 produci
852 2298 995 2332 proprium

214 2355 405 2378 creaturarum
431 2356 503 2380 esse,
533 2347 559 2375 id
579 2347 673 2374 nescio
695 2354 728 2374 an
751 2350 780 2372 et
806 2345 869 2372 aliis
891 2344 997 2379 placeat

214 2403 312 2432 pra-ter
338 2401 380 2428 te;
396 2396 450 2422 imo
467 2394 541 2421 clare
568 2393 632 2420 novi
658 2392 684 2419 id
709 2391 814 2419 nemini
841 2391 995 2426 sapientum

213 2443 336 2479 probari.
365 2441 518 2469 Manifestat
546 2447 611 2466 vero
632 2443 660 2466 et
680 2438 747 2465 fides
771 2438 856 2465 Deum
884 2437 996 2472 quidem

212 2490 321 2517 Patrem
338 2488 490 2523 priedicans
499 2490 527 2512 et
544 2485 628 2512 Deum
663 2492 728 2512 vero
755 2483 853 2512 Filium
867 2488 894 2511 et
909 2484 996 2519 Spiri-

214 2541 271 2563 tum
285 2539 409 2562 sanctum
423 2531 567 2563 confitens,
576 2535 603 2557 et
616 2535 704 2557 tamen
717 2537 766 2558 eos
777 2538 830 2557 non
845 2538 908 2558 cum
921 2537 995 2557 crea-

213 2581 283 2608 turis
303 2580 399 2616 (apage
427 2585 490 2604 cuin
533 2577 700 2610 blasphemia
737 2577 788 2604 ista
801 2577 820 2612 ί)
849 2577 995 2604 collocans.

215 2626 285 2659 Quid
300 2632 373 2652 enim
403 2624 489 2658 magis
518 2622 637 2657 Spiritus
662 2628 787 2651 creatura
815 2623 895 2655 foret,
914 2623 936 2650 si
964 2630 998 2650 ex

215 2672 294 2703 Filio,
312 2677 392 2705 quam
407 2669 494 2697 Filius
505 2673 533 2696 et
546 2668 675 2703 Spiritus,
691 2669 713 2697 si
740 2677 772 2697 ex
785 2668 865 2698 Patre
875 2670 886 2697 2
898 2671 936 2697 Ex
951 2678 998 2697 es-

216 2722 303 2745 sentia
320 2721 348 2744 et
360 2724 414 2744 non
431 2723 465 2743 ea
479 2715 598 2743 essentia
615 2715 662 2743 Dei
679 2724 740 2744 esse
751 2718 854 2745 scimus
868 2716 997 2744 doctores

214 2768 348 2792 creatura
376 2768 473 2790 etnon
501 2768 635 2789 creatura:
665 2768 786 2791 statuere
802 2771 924 2797 causam,
943 2771 997 2791 non

247 2819 289 2855 (ί)
302 2819 375 2848 Μοη.
388 2821 432 2851 27.
449 2820 467 2847 ί.
480 2819 532 2848 250
542 2819 569 2847 b.
584 2820 709 2848 κωλύειν.

249 2855 289 2891 (2)
305 2855 374 2884 Non.
392 2856 412 2883 f.
428 2855 476 2882 25f
509 2863 535 2883 a.
563 2855 664 2890 σοφῶς.

1049 2262 1139 2294 ἄλλοις
1154 2261 1273 2293 συνδόξει
1291 2261 1361 2296 πλὴν
1376 2261 1435 2288 σοῦ·
1452 2262 1554 2296 μᾶλλον
1568 2262 1597 2288 δὲ
1611 2261 1705 2296 σαφῶς
1719 2261 1757 2297 (Ξ)
1773 2260 1832 2288 οἶδα

1052 2310 1146 2346 μηδενὶ
1159 2309 1212 2335 τῶν
1229 2308 1319 2341 σοφῶν
1342 2308 1482 2335 συνδοκεῖν
1495 2316 1501 2322 ”
1515 2308 1589 2344 δηλοῖ
1602 2308 1630 2334 δὲ
1641 2309 1688 2334 καὶ
1705 2309 1722 2344 ἡ
1739 2308 1830 2341 πίστις

1049 2354 1116 2381 Θεδν
1132 2352 1182 2389 μὶν
1199 2352 1243 2380 τὸν
1258 2353 1366 2389 Πατέρα
1378 2353 1582 2389 πρεσϐεύουσα,
1599 2353 1645 2380 καὶ
1661 2353 1727 2380 Θεὸν
1742 2354 1770 2380 δὲ
1784 2354 1830 2380 τὸν

1050 2399 1114 2426 Υίὺν
1125 2400 1173 2427 καὶ
1187 2399 1217 2426 τὸ
1229 2398 1342 2433 Πνεῦμα
1357 2399 1388 2424 τὸ
1400 2398 1478 2432 ἅγιον
1492 2398 1675 2432 ὁμολογοῦσα,
1691 2398 1739 2424 καὶ
1755 2399 1831 2433 ὅμως

1049 2444 1147 2475 αὐτοὺς
1164 2444 1194 2470 οὐ
1219 2444 1288 2480 μετὰ
1309 2444 1363 2470 τῶν
1389 2444 1550 2478 κτισμάτων
1575 2444 1677 2479 (ἄπαγε
1698 2445 1746 2478 τῆς
1768 2444 1832 2479 βλα-

1049 2489 1172 2524 σφημίας
1185 2490 1205 2525 ί)
1219 2489 1359 2524 τιθεμένη.
1376 2489 1409 2515 Τί
1428 2489 1466 2523 (3)
1481 2490 1534 2524 γὰρ
1557 2489 1656 2524 μᾶλλον
1672 2489 1703 2516 τὸ
1719 2489 1830 2524 Πνεῦμα

1049 2537 1161 2571 κτίσμα,
1176 2537 1199 2562 ει
1215 2537 1243 2568 ἐξ
1262 2535 1338 2568 Υιοῦ,
1356 2536 1372 2571 ἢ
1388 2537 1402 2562 ὸ
1423 2535 1487 2567 Υἱὸς
1507 2537 1554 2562 καὶ
1569 2537 1599 2562 τὺ
1617 2535 1745 2569 Πνεῦμα,
1760 2537 1784 2563 εί
1798 2536 1831 2563 ὲκ

1049 2582 1174 2617 nupti“
1193 2582 1229 2608 Τὸ
1255 2581 1284 2613 ἐξ
1306 2582 1403 2613 οὐσίας
1430 2583 1478 2608 καὶ
1496 2581 1533 2616 μὴ
1556 2581 1651 2613 οὐσίας
1672 2580 1741 2607 Θεοῦ
1762 2577 1831 2606 εἶναι

1051 2629 1130 2663 ἴσμεν
1150 2629 1212 2660 τοὺς
1234 2627 1425 2659 διδασκάλους,
1443 2627 1590 2661 κτίσματος
1606 2628 1651 2654 καὶ
1667 2627 1704 2663 μὴ
1717 2627 1832 2663 κτίσμα-

1049 2684 1093 2706 τος
1109 2675 1195 2702 αἰτιον
1214 2674 1387 2709 τιθεμένους,
1403 2675 1433 2700 οὑ
1449 2674 1479 2700 τὸ
1502 2674 1534 2706 ἔκ
1548 2674 1653 2708 [ἰατρὸς
1667 2674 1749 2708 μόνου
1764 2674 1781 2708 ἦ
1799 2675 1834 2702 ἐκ

1050 2721 1155 2756 Πατρὺς
1171 2721 1218 2747 καὶ
1234 2720 1295 2747 Υίοῦ
1311 2719 1391 2746 εἶναι.
1412 2720 1452 2747 Τὰ
1468 2720 1518 2755 μὲν
1530 2720 1578 2747 οὖν
1594 2720 1735 2754 κτίσματα
1746 2721 1776 2746 τὸ
1794 2719 1835 2757 μὴ

1050 2768 1081 2793 ὲκ
1097 2766 1146 2800 τῆς
1167 2765 1241 2797 θείας
1255 2765 1349 2796 οὐσίας
1363 2762 1442 2798 εῐναι,
1458 2765 1516 2791 ἀλλ’
1538 2766 1570 2792 ὲκ
1586 2764 1632 2792 τοῦ
1649 2764 1690 2801 μὴ
1703 2764 1779 2797 dare:
1792 2764 1834 2798 είς

1086 2825 1125 2859 (3)
1141 2820 1266 2851 Μοντιξῇ
1285 2822 1318 2850 87
1340 2822 1368 2850 b.
1385 2821 1403 2856 ἢ
1417 2821 1455 2850 τί.
