1925 3056
120 140 175 172 2‘29

632 139 852 171 REFUTATIO
873 139 995 170 MARCI
1018 140 1210 171 EP'HESINI.

1678 141 1733 172 230

119 199 151 225 τὸ
175 196 244 224 εἶναι
271 195 452 232 παρηγμένα,
472 196 538 223 αὐτὸ
563 195 643 222 τοῦτο
666 195 810 230 κτίσματα
834 193 905 222 εἶναι

959 195 1080 223 sxPatre
1092 195 1150 223 solo
1162 196 1203 223 vel
1226 203 1259 224 ex
1279 196 1358 224 Patre
1373 200 1400 224 et
1413 196 1483 224 Filio
1501 203 1573 224 esse.
1585 196 1662 230 Quod
1686 197 1736 231 igiv

120 244 194 270 ποιεῖ
216 243 263 269 καὶ
285 242 334 276 τῆς
361 242 435 273 Oeta;
457 242 636 276 ἀπαλλοτρωῖ
651 240 768 274 φύσεως·
786 240 902 274 Πνεῦμα

118 288 148 316 δι
163 289 194 314 τὸ
217 288 296 322 ἅγιον
319 288 351 313 ἐκ
373 287 424 321 τῆς
447 286 556 320 Πατρὸς
580 286 626 312 και
647 285 713 312 Υίοῦ
739 286 833 317 οὐσίας
856 285 904 317 ὂντ

118 333 264 368 ὀμοούσιόν
278 340 307 359 τε
321 333 412 363 αὐτοῖς
427 332 475 358 καὶ
493 332 558 363 Sed;
576 332 647 363 seu,
662 330 713 358 κᾶν
727 332 776 358 καὶ
793 332 824 357 ὲκ
846 331 903 357 Ila-

119 379 183 413 τρδς
201 378 249 404 καὶ
267 377 333 404 Υἱοῦ
353 377 408 412 εἴη.
434 377 490 404 Καὶ
514 376 590 403 οὐδὲν
604 377 672 408 ὅλως
695 377 728 410 τῇ
751 375 864 411 ἀληθείᾳ
878 375 904 402 οἱ

120 425 163 451 σοὶ
178 424 251 457 λόγοι
273 423 357 458 μηδὲν
374 423 485 458 ἰσχυρὸν
508 422 617 457 ἔχοντες
654 421 832 458 λυμανεῖσθαι
860 421 904 448 δύ-

118 468 203 498 ναιντ’
218 467 262 497 ἄν.

286 611 418 638 sessor
442 609 680 646 ΚΕΦ.1Ζ¹(ΛΔἹ
702 609 750 645 at

155 659 188 685 Εῐ
205 667 231 685 τι
255 658 301 685 ἐπὶ
329 658 459 684 πλειόνων
475 658 574 689 ἑνικῶς
597 657 626 684 ἐν
645 657 704 687 τοῖς.
724 655 807 686 θείοις
823 663 906 690 προσ-

117 705 204 737 ώποις
220 705 342 740 λέγεται,
359 706 375 740 ἢ
398 704 479 732 οὐσία
498 705 608 733 πάντως
631 703 648 739 ἣ
667 702 797 734 οὑσιῶδές
820 703 904 729 tactv.

119 752 224 787 Ὠσπερ
238 752 290 787 γὰρ
303 751 332 777 ’ἐν
354 752 412 779 ἐστι
429 751 531 785 πάντη,
547 750 609 777 καθ’
630 749 643 776 ὃ
659 749 713 776 τῶν
725 748 826 776 λοιπῶν
841 747 906 774 ἕκα-

119 806 181 825 στον
198 798 252 824 τῶν
267 797 422 832 προσώπων
443 797 591 832 χωρίζεται
604 816 612 827 ,
627 795 698 822 οὕτω
724 795 771 821 καὶ
800 794 829 821 ἓν
848 795 906 822 ἐστι

118 845 208 879 πάντη
222 864 231 876 ,
246 844 306 871 καθ’
323 844 337 870 ὃ
351 844 386 870 τὰ
406 843 469 878 τρία
491 842 636 873 ὲνίζονται.
651 841 736 868 Τοῦτο
752 841 775 867 δ’
790 841 869 868 ἐστὶν
888 841 903 876 ἡ

119 891 169 925 μία
191 890 230 925 τῷ
257 889 368 925 ἀριθμῷ
393 889 473 915 οὐσία
503 889 520 923 ἦ
545 897 571 914 τι
596 887 650 914 τῶν
676 886 812 918 οὑσιωδῶς
836 887 905 922 αὐτῇ

119 937 288 970 προσόντων,
307 932 364 961 οἷον
387 935 405 970 ὴ
431 934 480 970 μία
501 933 612 969 θέλησις
637 933 653 967 ἢ
681 933 697 968 ἡ
717 932 766 967 μία
791 932 907 967 δύναμις

118 979 134 1013 ἢ
160 980 176 1014 ἡ
195 978 244 1014 μία
263 979 400 1012 ινέρτεια.
425 978 548 1014 Λέγομεν
568 978 622 1012 γὰρ
639 978 705 1004 Θεὸν
721 979 752 1003 ἐκ
777 976 844 1003 Θεοῦ
861 977 907 1004 τὸν

118 1024 193 1057 Υίὺν,
221 1024 268 1050 καὶ¹
288 1023 371 1058 ἄμφω
399 1024 466 1050 θεὸν
496 1022 553 1056 ἕνα,
589 1023 646 1058 φῶς
667 1023 700 1049 ἐκ
716 1051 720 1054 ,
736 1022 839 1058 φωτὸς,
858 1023 907 1049 καὶ

119 1072 204 1106 ἄμφω
223 1070 252 1097 ἓν
279 1071 348 1105 φῶς,
376 1071 472 1105 σοφίαν
500 1071 531 1097 ὲκ
554 1070 660 1105 σοφίας,
678 1070 725 1096 λαὶ
740 1070 823 1104 ἄμφω
841 1069 906 1104 μίαν

121 1117 231 1150 σοφίαν,
260 1115 378 1151 δύναμιν
400 1117 433 1142 ἐκ
455 1116 597 1151 δυνάμεως
620 1116 665 1142 καὶ
685 1116 769 1150 ἄμφω
787 1115 852 1150 μίαν
865 1115 907 1142 δύ-

120 1170 216 1197 ναμιν,
239 1162 295 1189 Καὶ
327 1162 404 1188 οὐδὲν
425 1162 477 1197 ἄρα
507 1162 634 1188 δύνανται
657 1161 685 1187 ἓν
707 1160 777 1187 sive:
797 1161 832 1188 τὰ
847 1161 907 1188 θεία

121 1208 267 1242 πρόσωπα,
294 1209 318 1234 εἰ
350 1208 388 1242 μὴ
415 1207 484 1234 καθὸ
509 1207 584 1233 ἐστὶν
606 1207 635 1233 ἐν
658 1206 748 1238 αὐτοῖς
763 1206 802 1233 ἓν.
819 1205 906 1233 Τοῦτο

117 1255 142 1281 δ’
156 1254 230 1280 ἐστὶν
252 1253 394 1285 οὐσιῶδες.
415 1253 446 1279 El
469 1253 561 1279 τοίνυν
577 1253 626 1279 καὶ
647 1252 677 1278 τὸ
696 1252 861 1286 προϐάλλειν
876 1252 906 1278 ἓν

119 1302 193 1327 ἐστιν
217 1301 246 1327 ἓν
262 1300 351 1336 [Iath
367 1301 414 1327 καὶ
433 1299 501 1335 Υῑῷ,
523 1299 540 1334 ἢ
563 1299 725 1334 κοινωνήσει
744 1300 842 1325 τούτου
859 1298 907 1325 καὶ

119 1347 150 1373 τὺ
174 1345 285 1381 Πνεῦμα
300 1346 332 1372 τὸ
345 1345 424 1379 ἅγιον
441 1345 588 1376 οὐσιώδους
600 1353 632 1377 γε
652 1344 740 1377 δντος,
760 1345 807 1371 καὶ
829 1343 906 1370 ἔσται

120 1393 168 1419 καὶ
198 1393 265 1419 αὐτὸ
290 1391 446 1427 προϐάλλον
468 1391 562 1425 ἕτερον
587 1391 674 1426 δήπου
697 1391 861 1426 πρόσωπον,
890 1390 906 1425 ἢ

119 1441 267 1472 οὑσιώδους
287 1441 367 1472 τινὺᾷ
381 1440 521 1474 ἀλλότριον
535 1439 580 1470 ὃν,
597 1439 647 1464 οὐκ
676 1438 773 1473 ἄδηλον
795 1438 836 1464 ὅτι
859 1437 908 1464 καὶ

120 1488 170 1523 τῆς
186 1488 281 1518 οὐσίας
306 1487 446 1521 ἀλλότριον
473 1485 561 1513 ἔσται.
585 1485 694 1511 Τούτων
718 1484 850 1520 ὁπότερον
874 1484 907 1510 ἂν

955 246 1000 268 tur
1014 247 1148 269 creatum
1161 250 1214 269 non
1233 250 1267 270 ex
1283 242 1330 270 Dei
1346 243 1465 271 essentia
1477 247 1552 275 sunt,
1575 243 1620 270 sed
1635 251 1668 270 ex
1680 250 1736 271 non

953 293 1014 313 esse
1028 287 1062 313 ad
1077 294 1136 314 esse
1150 288 1299 321 producta,
1319 289 1370 316 hoc
1393 288 1481 323 ipsum
1496 293 1549 321 est,
1563 289 1634 323 quod
1657 296 1735 316 erea-

954 334 1030 358 turas
1044 339 1090 359 eas
1100 331 1164 358 facit
1183 337 1209 358 et
1238 340 1251 359 a
1282 333 1373 360 divina
1391 337 1513 360 removet
1543 337 1658 365 natura;
1677 332 1737 366 Spi-

955 376 1023 403 ritus
1038 384 1103 404 vero
1128 382 1250 409 sanctus,
1267 377 1313 412 qui
1330 385 1362 404 ex
1379 377 1498 405 essentia
1525 377 1612 404 Patris
1631 383 1659 404 et
1675 376 1736 403 Filii

955 425 1006 452 cst,
1021 422 1261 450 consubstantialis
1280 427 1323 449 est
1335 422 1401 457 ipsis
1411 428 1439 449 et
1465 421 1547 455 Deus,
1562 423 1626 450 licet
1654 423 1737 449 etiam

955 475 987 494 ex
1008 468 1087 495 Patre
1115 473 1143 495 et
1168 469 1237 496 Filio
1262 469 1308 496 sit.
1339 469 1373 496 Et
1398 468 1467 496 nihil
1496 475 1608 503 prorsus
1631 469 1737 495 veritati

957 513 1053 540 obesse
1075 517 1203 548 poterunt
1233 513 1454 541 ratiocinationes
1466 518 1521 541 tua:
1550 513 1615 540 nihil
1631 513 1737 540 lirmum

955 557 1094 586 habentes.

1134 616 1254 644 EPHES.
1280 616 1311 644 C.
1324 617 1396 645 XVll
1414 617 1555 652 (XXXlV).

990 662 1019 690 Si
1036 662 1102 696 quid
1128 662 1161 689 de
1176 663 1302 697 pluribus
1321 664 1348 690 in
1363 663 1464 692 divinis
1489 665 1616 699 personis
1640 664 1739 692 dicitur

956 707 1132 743 singulariter
1147 709 1185 744 (ιι)
1203 709 1246 736 vel
1263 710 1379 737 essentia
1397 710 1509 738 omnino
1527 715 1570 737 est
1585 711 1625 737 vel
1644 718 1738 738 essen-

956 753 1031 781 tiale.
1043 753 1120 781 Sicut
1130 754 1202 782 enim
1215 763 1298 787 unum
1310 760 1352 783 est
1365 756 1488 789 omnino,
1501 756 1652 783 secundum
1665 758 1737 790 quod

956 799 1085 833 quaslibet
1100 800 1266 834 reliquarum
1287 809 1465 835 personarum
1486 807 1640 837 separatur,
1659 801 1695 829 ita
1711 806 1739 829 et.

958 851 1041 870 unum
1056 845 1168 872 omnino
1183 851 1236 878 est,
1250 848 1403 874 secundum
1418 848 1490 882 quod
1504 848 1556 875 illae
1568 852 1623 875 tres
1635 847 1737 874 uniun-

959 893 1013 915 tur.
1031 889 1087 916 lloc
1102 897 1165 917 vero
1188 894 1230 918 est
1249 899 1302 917 una
1326 900 1444 920 numero
1466 893 1586 920 essentia
1615 893 1658 921 vel
1673 892 1737 928 quid

958 943 1064 968 eorum,
1084 943 1144 970 qua:
1175 938 1359 966 essentialiter
1388 940 1438 973 ipsi
1470 939 1579 972 adsunt,
1593 944 1623 966 ut
1649 948 1675 966 v.
1693 948 1734 975 gr.

958 988 1011 1007 una
1027 981 1153 1009 voluntas
1168 983 1210 1010 vel
1230 991 1282 1010 una
1295 983 1384 1011 virtus
1399 984 1438 1011 vel
1455 992 1508 1011 una
1519 985 1652 1019 operatio.
1666 984 1740 1012 Diei-

958 1035 1019 1054 mus
1046 1027 1119 1055 enim
1136 1028 1220 1056 Deum
1241 1037 1274 1056 ex
1290 1029 1344 1057 Deo
1361 1030 1462 1057 Filium
1486 1035 1515 1058 et
1543 1032 1624 1059 ambo
1655 1031 1739 1058 Deum

959 1081 1056 1106 unum,
1083 1074 1177 1101 lumen
1200 1082 1233 1102 ex
1247 1075 1350 1104 lumine
1366 1079 1392 1103 el.
1416 1077 1496 1103 ambo
1526 1084 1610 1103 unum
1635 1076 1739 1110 lumen,

958 1118 1119 1153 sapientiam
1140 1128 1173 1147 ex
1191 1120 1324 1155 sapientia
1335 1126 1362 1148 et
1377 1126 1522 1156 utrumque
1537 1130 1617 1149 unam
1629 1122 1740 1156 sapien-

959 1164 1033 1197 tiam,
1047 1165 1174 1192 virtutcm
1191 1175 1223 1193 ex
1240 1167 1339 1194 virtute
1352 1171 1379 1195 et
1397 1172 1544 1203 utrumque
1558 1176 1638 1196 unam
1654 1169 1741 1196 virtu-

954 1213 1023 1249 tem.
1054 1209 1209 1238 Secundum
1239 1213 1340 1240 nullam
1364 1213 1456 1248 itaque
1483 1221 1539 1240 rem
1567 1222 1651 1241 unum
1680 1222 1741 1242 esse

958 1261 1073 1290 possunt
1087 1256 1183 1284 divinae
1196 1265 1326 1292 personal,
1340 1258 1390 1286 nisi
1405 1259 1442 1295 (α)
1455 1260 1606 1288 secundum
1623 1260 1695 1294 quod
1712 1261 1739 1287 in

959 1302 1025 1336 ipsis
1042 1311 1125 1330 unum
1140 1308 1192 1330 est.
1213 1304 1270 1332 lloc
1284 1310 1375 1333 autem
1392 1310 1420 1333 et
1435 1307 1592 1334 essentiale.
1613 1308 1640 1334 Si
1654 1308 1739 1342 igitur

958 1347 1040 1375 etiam
1073 1349 1224 1383 producere
1241 1359 1324 1378 unum
1347 1355 1388 1379 est
1411 1352 1438 1379 in
1454 1353 1534 1380 Patre
1560 1359 1589 1381 et
1601 1353 1681 1387 Filio,
1694 1358 1742 1382 aut

959 1394 1172 1421 communicabit
1186 1394 1213 1421 in
1230 1395 1281 1423 hoc
1295 1396 1377 1423 etiam
1404 1397 1524 1432 Spiritus
1543 1404 1654 1426 sanctus
1679 1407 1741 1426 cum

958 1439 1011 1472 eis,
1023 1447 1085 1466 eum
1102 1441 1248 1469 essentiale
1261 1442 1307 1474 sit,
1322 1446 1350 1470 et
1360 1443 1414 1470 erit
1427 1443 1483 1478 ipse
1493 1443 1570 1470 aliam
1583 1445 1740 1479 quampiam

959 1485 1115 1519 producens
1133 1494 1287 1521 personam,
1310 1493 1357 1515 aut
1375 1489 1397 1516 si
1415 1489 1449 1517 ab
1467 1490 1604 1517 essentiali
1620 1491 1738 1525 quodam

121 1534 261 1569 βούλοιντο
281 1533 338 1559 τοῖν
357 1533 504 1568 βαράθροιν
517 1551 524 1564 ,
550 1530 706 1558 ἑλέσθωσαν
730 1531 754 1557 οί
776 1531 904 1563 Λατῖνοι,

959 1531 1062 1558 alienus
1070 1537 1121 1566 est,
1132 1533 1274 1560 manifeste
1283 1534 1316 1561 ab
1322 1535 1438 1562 essentia
1447 1543 1553 1570 quoque
1563 1537 1668 1564 alienus
1676 1538 1739 1565 eril.

121 1581 169 1606 καὶ
185 1580 268 1614 ἄμφω
286 1580 314 1606 δὲ
332 1579 532 1614 ἐκτρεπόμενοι
549 1579 598 1612 τὴν
614 1577 721 1604 ἑαυτῶν
735 1576 813 1612 δόξαν
837 1577 904 1604 ἀπο-

120 1626 276 1652 λιπέτωσαν
294 1625 444 1661 πρότερον,
470 1624 530 1660 ἥτις
552 1624 580 1657 ἐξ
604 1624 727 1659 ἀνάγκης
748 1623 794 1650 ἐπὶ
817 1623 905 1650 ταῦτα

121 1673 212 1706 ﬁnire
217 1681 236 1700 ι.

400 1775 469 1803 ΤοΥ
492 1775 643 1802 ΝΙΚΔῙΑΣ.

163 1823 209 1854 Ὠς
235 1822 394 1858 εὐδαίμονες
423 1821 447 1849 oi
487 1823 516 1848 σὲ
553 1820 699 1856 αὐχοῦντες
726 1820 904 1848 διδάσκαλονί

121 1869 218 1902 Ὀσοις
234 1869 331 1900 αὐτοὺς
351 1868 567 1904 ἐπιχειρήμασιν
591 1866 746 1902 ἀσφαλίζῃ·
770 1868 844 1898 ὅσοις
864 1866 906 1892 λό-

120 1925 182 1950 γοις
202 1915 300 1947 αὐτοὺς
328 1915 551 1949 καταφράττειςί
580 1914 702 1940 Δύναιντ¹
717 1914 750 1940 ἂν
767 1913 815 1939 καὶ
834 1913 906 1948 μάλα

121 1962 292 1998 γαυριῶντες
308 1961 359 1996 (2).
386 1962 437 1996 φεῦ
463 1961 516 1988 τῶν
538 1960 727 1994 συλλογισμῶν
756 1960 804 1994 τῆς
825 1960 908 1993 ἀνάγ-

121 2008 194 2043 κηςί
215 2007 265 2042 φεῦ
284 2006 338 2034 τῶν
366 2005 591 2042 ἐπιχειρημάτων
621 2006 670 2032 τοῦ
699 2005 837 2040 πλήθουςί
855 2006 906 2039 φεῦ

121 2054 172 2088 τῆς
190 2054 362 2088 πυκνότητος
387 2053 441 2079 τῶν
464 2052 610 2088 νοημάτων
634 2051 681 2078 τοῦ
707 2052 790 2086 σοφοῦ
811 2051 906 2078 τούτου

119 2099 302 2127 διδαςκάλουι
334 2099 409 2134 βοᾷν.
440 2098 519 2125 Οὕτω
546 2097 632 2124 πολλὰ
652 2097 683 2124 τὸ
704 2096 736 2123 ἐν
753 2098 840 2128 ποιεῖς
860 2097 908 2123 καὶ

121 2146 238 2182 περιττὰ
252 2145 321 2172 αὐτὰ
336 2144 518 2179 ἁναστρέφεις
537 2143 589 2178 (5),
606 2142 758 2178 ἀδολεσχῶν
769 2162 776 2173 ,
796 2142 907 2169 παλιλο-

121 2191 189 2226 γῶν,
205 2192 239 2218 τὰ
263 2191 332 2217 αὐτὰ
357 2190 445 2224 λέγων
465 2188 611 2221 πολλάκις,
622 2189 754 2234 οἰόμενος
768 2188 846 2234 ἄλλα.
861 2189 906 2214 Δεῖ
919 2204 945 2234 D

120 2240 186 2273 γὰρ,
207 2237 244 2270 ὡς
269 2235 358 2272 οἶμαι,
386 2236 499 2269 ἀγνοίας
529 2243 560 2260 σε
590 2233 725 2269 μᾶλλονῆ
752 2233 905 2269 μοχθηρίας

121 2284 247 2318 ἐγκαλεῖν
271 2282 378 2317 τάληοῆ
402 2281 493 2315 λέγειν
512 2280 705 2315 βουλομένους.
732 2279 805 2306 Ἀλλ’
819 2280 902 2315 ἡμεῖς

121 2331 189 2365 πρὺς
201 2330 290 2356 ταῦτα
307 2327 466 2362 ἀρκούντως
492 2327 520 2353 ἐν
535 2335 564 2353 τε
579 2325 619 2359 τῷ
635 2326 749 2361 πρώτῳ,
773 2325 803 2352 ἔν
824 2334 854 2352 τι
869 2325 908 2360 τῷ

120 2376 225 2411 δεκάτῳ
249 2375 297 2402 καὶ
319 2374 452 2408 ἑνδεκάτῳ
476 2381 524 2399 σου
546 2372 600 2398 τῶν
623 2372 848 2407 ἐπιχειρημάτων
870 2373 908 2399 εί-

122 2423 222 2454 πόντες
250 2421 346 2456 (ταυτὰ
369 2421 423 2456 γὰρ
446 2421 475 2446 ὲν
500 2419 615 2449 ἐκείνοις
641 2417 728 2444 εἰπὼν
758 2417 904 2452 ἐφθαπας),

121 2470 180 2496 ἐκεῖ
204 2469 267 2499 τοὺς
287 2467 428 2502 ἀκροατὰς
449 2463 686 2501 παραπέμπομεν,
711 2462 757 2494 οὓς
776 2463 906 2498 πειθομέ-

121 2523 184 2546 νους
201 2516 267 2550 ἡμῖν
293 2522 324 2540 τε
347 2514 396 2540 καὶ
419 2514 451 2548 τῇ
474 2511 588 2546 ἀληθείᾳ
609 2511 711 2545 ἀμφοῖν
732 2518 774 2536 σοι
800 2510 906 2536 τούτοιν

121 2560 331 2594 ἁπαλλάττομεν
346 2559 402 2585 τοῖν
428 2557 598 2593 βαράθρων,
617 2555 648 2581 σὲ
674 2554 749 2581 κάτω
778 2554 905 2588 κείμενον

121 2605 248 2636 ἐλεεινῶς
262 2606 320 2631 ἐκεῖ
337 2603 559 2633 καταλείποντες.
577 2601 614 2636 μὴ
631 2600 782 2635 δύναμενον
800 2599 905 2626 ἐκεῖθεν

122 2651 191 2687 πρὸς
210 2651 241 2677 τὺ
265 2652 314 2685 τῆς
340 2649 470 2685 ἀληθείας
488 2648 546 2683 φῶς
565 2647 658 2674 διῖδεῖν
672 2646 722 2681 (4),
736 2646 802 2677 ἴσως
816 2646 844 2672 δὲ
857 2647 907 2672 καὶ¹

156 2706 195 2742 (Ι)
211 2705 284 2732 Μοῐι.
372 2703 454 2742 fl
466 2709 510 2730 est
533 2710 599 2742 gap:
610 2703 655 2730 55.

155 2738 194 2775 (2)
207 2742 278 2768 Mon.
295 2740 329 2766 ‘27
345 2738 428 2775 £7251
448 2738 486 2775 οη
500 2738 676 2775 γαῦριῷντες.

210 2776 283 2802 Mon.
298 2775 346 2804 cit.
362 2774 545 2807 ἀντιστρέφει.
568 2772 651 2800 Marc.
669 2773 690 2800 f.
719 2773 754 2801 88
771 2781 784 2800 a
799 2782 805 2800 :
825 2774 901 2800 ἀντι-

957 1575 996 1604 Ex
1017 1577 1058 1605 his
1079 1577 1186 1607 duobus
1208 1579 1347 1608 barathris
1375 1585 1466 1608 utrum
1484 1582 1621 1610 voluerint
1639 1583 1741 1619 eligant
1768 1605 1776 1610 ς

957 1622 1064 1656 Latini;
1081 1624 1104 1651 si
1120 1632 1185 1652 vero
1201 1631 1347 1661 utrumque
1364 1627 1554 1662 adversantur,
1571 1636 1648 1656 suam
1664 1631 1740 1664 prius

957 1670 1119 1697 sententiam
1147 1670 1349 1705 dereliruuant,
1376 1681 1436 1708 quze
1461 1674 1616 1702 necessario
1631 1675 1663 1702 ad
1683 1675 1741 1702 lrmc

957 1714 1077 1743 deducit.

1318 1776 1456 1804 ΝΙΕᾸΞΝΙ.

993 1821 1078 1854 Quam
1093 1821 1165 1849 beati
1178 1822 1299 1857 suntqui
1311 1828 1337 1850 te
1347 1823 1498 1858 gloriantur
1507 1825 1639 1859 magistro
1651 1828 1657 1854 ι
1669 1827 1741 1861 Quot

956 1874 1005 1895 eos
1020 1870 1191 1902 argumentis
1204 1869 1296 1897 munis
1304 1875 1331 1898 et
1349 1870 1478 1898 instruis!
1492 1872 1563 1905 Quot
1591 1881 1639 1901 eos
1654 1876 1740 1902 ratio-

958 1913 1040 1941 nibus
1052 1916 1159 1941 armasl
1172 1915 1287 1942 Possent
1300 1923 1364 1943 sane
1375 1921 1405 1943 et
1412 1924 1493 1951 quam
1509 1919 1624 1947 maxime
1642 1927 1740 1955 super

957 1957 1065 1986 hiantes
1077 1960 1230 1988 exclamare
1242 1969 1248 1987 :
1260 1960 1282 1988 Ο
1296 1962 1486 1989 necessitatem
1500 1964 1717 1998 syllogismorum
1730 1968 1737 1994 l

958 2005 981 2033 Ο
1010 2011 1232 2041 argumentorum
1265 2008 1490 2036 multitudinem!
1521 2011 1543 2037 Ο
1575 2011 1738 2040 densitatem

958 2058 1142 2088 conceptuutu
1155 2054 1287 2088 sapientis
1300 2055 1381 2090 hujus
1408 2057 1546 2090 magistri!
1564 2057 1638 2085 Adeo
1651 2067 1736 2087 unum

959 2099 1045 2126 multa
1061 2099 1130 2127 lacis
1152 2105 1181 2127 et
1212 2102 1350 2134 superflua
1369 2101 1425 2136 ipsa
1441 2104 1590 2136 conrertis,
1605 2105 1737 2139 garriens,

958 2145 1052 2172 eadem
1063 2150 1192 2180 repetens
1200 2151 1228 2174 et
1240 2148 1339 2181 saepius
1350 2148 1517 2180 dicens,’alia
1527 2157 1558 2177 ea
1570 2151 1740 2180 existimans.

958 2191 1073 2226 Oportet
1086 2192 1170 2224 enim,
1189 2197 1302 2227 utputo,
1318 2194 1479 2228 ignorantia:
1497 2197 1582 2232 magis
1591 2205 1672 2232 quam
1686 2207 1742 2226 ma-

958 2238 1023 2265 litia:
1040 2243 1066 2265 te
1080 2238 1206 2266 incusent
1222 2239 1267 2273 qui
1282 2239 1422 2267 veritatem
1439 2241 1531 2269 dicere
1556 2244 1662 2276 volunt,
1689 2245 1739 2273 sed

958 2291 1010 2310 nos
1020 2283 1054 2310 ad
1069 2283 1127 2311 haec
1139 2284 1308 2312 suilicientes
1324 2285 1351 2312 in
1370 2286 1471 2320 primo,
1485 2287 1593 2315 decimo
1612 2294 1640 2316 et
1653 2290 1739 2317 unde-

959 2329 1032 2356 cimo
1048 2334 1157 2357 tuorum
1177 2335 1400 2365 argumentorum
1429 2324 1620 2366 respondimus
1630 2335 1740 2370 ‘(earlem

962 2382 1084 2409 namque
1099 2375 1127 2402 in
1147 2376 1202 2403 illis
1213 2377 1268 2411 jam
1279 2376 1393 2412 dixisti),
1415 2383 1497 2413 atque
1513 2380 1579 2407 illuc
1600 2381 1742 2409 auditores

963 2428 994 2446 ae
1012 2421 1128 2449 lectores
1152 2423 1328 2456 remittimus,
1344 2432 1414 2459 quos
1442 2425 1464 2452 si
1480 2425 1559 2452 nobis
1587 2430 1615 2453 et
1629 2428 1740 2455 veritati

959 2465 1161 2501 obsequuntur;
1173 2468 1206 2495 ab
1221 2474 1338 2503 utroque
1353 2475 1400 2497 tuo
1421 2470 1552 2498 barathro
1579 2471 1739 2505 liberamus,

961 2516 987 2538 te
999 2512 1074 2539 humi
1086 2513 1223 2547 iacentem
1238 2515 1339 2542 misere
1350 2515 1404 2543 illic
1417 2517 1615 2552 relinquentes,
1629 2519 1675 2553 qui
1687 2527 1741 2546 non

959 2561 1037 2591 potes
1056 2558 1154 2585 exinde
1172 2559 1206 2586 ad
1222 2560 1346 2588 veritatis
1359 2560 1449 2588 lucem
1478 2563 1610 2597 aspicere,
1626 2571 1654 2591 et
1685 2565 1741 2591 l'or-

959 2607 1031 2629 tasse
1045 2603 1128 2630 etiam
1144 2611 1198 2631 non
1211 2605 1266 2632 vis:
1287 2609 1314 2632 et
1328 2606 1463 2640 siquidem
1480 2608 1613 2635 voluisses
1642 2610 1741 2637 rectio-

959 2655 1002 2675 res
1017 2648 1137 2675 rationes
1150 2649 1256 2684 audire,
1275 2651 1316 2678 vel
1331 2651 1413 2678 etiam
1430 2656 1503 2680 recte
1524 2653 1638 2681 intuitus
1652 2644 1739 2688 esses,

957 2705 1074 2740 στρέφη-

991 2740 1028 2776 (ιί)
1043 2741 1081 2768 lta
1097 2739 1146 2768 Vat
1160 2741 1180 2770 l'.
1199 2741 1262 2769 206.
1276 2750 1301 2770 a.
1319 2743 1401 2771 Mare.
1426 2743 1445 2771 ί.
1462 2745 1495 2772 88
1508 2752 1538 2779 a;
1561 2745 1646 2780 Mon.,
1665 2747 1739 2774 ίδεῖν.

156 2823 278 2862 pyxide
292 2824 326 2851 de
342 2822 384 2850 his
403 2820 431 2848 S.
448 2819 590 2854 Thomam,
607 2830 635 2857 ρ.
661 2829 680 2856 l,
697 2829 725 2856 q.
748 2822 792 2856 59,
814 2829 840 2850 a.
856 2823 892 2856 25;
914 2828 942 2852 et
957 2824 1096 2852 Petavrum
1117 2825 1154 2853 De
1167 2824 1315 2859 Trinitate,
1330 2828 1350 2855 l.
1373 2835 1414 2861 ιιι,
1440 2835 1464 2855 c.
1479 2827 1507 2862 9,
1527 2827 1540 2862 5
1559 2827 1596 2861 9;
1615 2835 1659 2855 vm
1675 2834 1699 2854 c.
1714 2827 1740 2860 9,

119 2859 153 2895 ξς
167 2859 245 2888 8-15.
