1925 3056
126 180 179 212 233

643 187 864 218 REFUTATIO
883 188 1006 219 MARCI
1026 186 1224 220 EPHESINI.

1690 189 1743 221 231

126 236 192 264 Υἱοῦ
213 237 339 273 διαιρεῖν,
361 241 408 267 καὶ
433 240 484 276 τὴν
508 241 558 276 μὲν
574 242 650 275 Υίοῦ,
669 243 718 278 τὴν
731 245 754 272 δ’
770 245 837 273 Υίοῦ
861 245 909 272 καὶ

990 254 1056 275 sana
1074 251 1166 274 mente
1190 247 1309 275 alienum
1337 247 1420 275 fuerit
1439 247 1490 275 ista
1509 247 1577 275 fari?
1594 246 1665 281 Quid
1680 256 1744 276 vero

126 283 288 319 Πνιύματος
307 285 397 313 αετίαν
415 287 558 322 τίθεσθαις
576 289 632 315 Οὐκ
656 290 767 322 ἀκούεις
782 291 837 319 τῶν
852 291 910 318 θεο-

125 327 213 361 λόγων
231 329 366 364 βοώντων,
395 331 490 358 οὐσίαν
516 333 585 367 μήτε
608 334 706 369 γεννᾷν
722 335 792 370 μήτε
809 335 909 368 γεννᾶ-

127 372 208 406 σθαις
240 375 307 401 Κατ’
323 376 408 411 αὐτὴν
425 377 516 411 μέντοι
543 379 590 404 τὸν
609 379 720 414 Πατέρα
744 381 843 416 γεννᾷν
860 380 908 407 καὶ

125 419 172 445 τδν
189 420 299 455 Πατέρα
315 430 345 448 τε
361 423 410 449 καὶ
423 423 469 450 τδν
492 424 557 451 Υίὸν
571 425 739 460 προϐάλλειν
751 426 782 452 τδ
797 426 909 460 Πνεῦμα

126 466 246 497 εὐσεϐῶς
262 467 301 503 (1)
314 476 344 494 τε
368 470 416 496 καὶ
442 469 619 505 ἁρμοζόντως
635 470 674 506 (2)
691 471 812 505 λέγεται.
829 471 866 498 Σὺ
881 471 911 498 δὲ

125 511 213 538 ταῦτα
230 512 397 542 διαστέλλειν
416 515 453 551 μὴ
467 516 615 551 δυνάμενος
630 517 771 552 τηνάλλως
788 517 859 554 ᾇπερ
875 517 909 545 ἂν

126 559 236 587 ἐπέλθοι
252 561 291 596 (5)
308 563 349 589 σοὶ
366 563 482 599 φθέγγῃ.

963 291 1014 318 tibi
1033 292 1115 319 etiam
1137 292 1221 325 valet,
1239 292 1360 320 divinam
1382 293 1529 320 essentiam
1548 294 1574 320 in
1600 294 1746 321 essentiam

963 335 1053 363 Patris
1065 340 1094 364 et
1106 337 1255 364 essentiam
1271 337 1358 364 Patris
1372 342 1400 365 et
1414 337 1477 365 Filii
1494 338 1616 366 dividere
1633 343 1660 365 et
1673 339 1747 366 illam

962 380 1073 416 quidem
1084 382 1158 414 Filli,
1171 382 1241 410 hanc
1256 390 1322 409 vero
1337 382 1399 410 Filii
1411 388 1438 411 et
1449 383 1569 418 Spiritus
1580 383 1667 411 sancti
1683 391 1749 411 eau-

963 435 1021 454 sam
1038 428 1181 455 statuere?
1208 429 1308 456 Annon
1325 429 1404 457 audis
1432 429 1574 464 theologos
1588 430 1748 462 clamantes.

963 474 1113 502 essentiam
1141 482 1230 509 neque
1263 482 1396 510 generare
1422 482 1512 510 neque
1542 475 1668 510 generari
1691 475 1750 510 (a);

964 518 1114 546 secundum
1127 523 1219 547 tamen
1234 519 1320 554 ipsam
1334 520 1442 548 Patrem
1456 528 1589 556 generare
1601 525 1628 548 et
1642 520 1750 548 Patrem

966 563 1122 601 Filiumque
1138 567 1291 600 producere
1309 567 1442 602 Spiritum
1463 571 1587 595 sanctum
1604 567 1648 602 pie
1668 566 1751 594 simul

123 614 159 634 ac
184 608 380 638 convenienter
409 610 510 638 dicitur
528 611 576 647 (b).
596 611 637 638 Tu
664 615 754 639 autem
772 619 835 639 cum
863 611 1022 640 discernere
1046 612 1097 640 ista
1112 620 1166 641 non
1187 613 1289 648 valcas,
1311 615 1522 651 superﬂeialiter
1536 622 1569 642 ac
1584 622 1652 641 vane
1663 615 1752 649 quid-

127 653 195 689 quid
207 655 234 682 in
253 655 366 685 buccam
383 658 432 685 tibi
450 659 557 686 venerit
572 659 723 694 cloqueris.

249 703 319 730 τοι·
335 703 466 731 sessor
493 705 572 732 uso.
590 704 630 732 ιδ’
647 705 729 740 (ac?)
742 705 793 741 (ι).

163 762 195 788 El
209 761 223 788 6
235 760 285 796 μὲν
300 761 395 798 Πατὴρ
406 761 494 794 αῐτιος
511 761 577 789 Υιοῦ
603 762 653 789 καὶ
667 761 837 797 Πνεύματος,
854 762 868 789 6
884 761 913 789 δδ

1167 707 1287 736 EPHES.
1301 707 1333 736 C.
1351 709 1412 736 XIX
1423 708 1568 744 (XXXVI).

1005 762 1032 790 Si
1046 763 1128 791 Pater
1139 763 1249 798 quidem
1263 770 1306 791 est
1321 772 1400 793 causa
1412 765 1471 792 Filii
1481 769 1509 792 et
1522 765 1641 800 Spiritus
1652 767 1752 798 sancti,

127 808 193 840 Υἱὸς
218 808 265 835 τοῦ
291 809 450 843 Πνεύματος
469 808 560 844 μόνον,
585 809 620 835 τὰ
644 809 672 836 δὲ
693 808 730 843 μὴ
751 808 807 835 τῶν
824 808 915 835 αὐτῶν

976 809 1056 837 Filius
1076 815 1168 837 autem
1186 809 1307 844 Spiritus
1322 819 1404 838 causa
1419 811 1565 844 duntaxat;
1583 819 1643 846 quae
1662 817 1754 840 autem

128 854 204 882 αττια
216 854 278 881 οὐδὲ
289 854 324 881 τὰ
337 854 408 882 αὐτὰ
425 856 548 888 πάντως,
561 855 613 883 οὐκ
630 855 684 891 ἄρα
699 854 730 882 ἐν
743 855 792 881 καὶ
806 854 837 881 τὸ
851 854 917 881 αὐτὸ

129 900 217 927 αἴτιον
243 900 289 927 ἐπὶ
313 901 362 934 τῆς
386 900 462 933 θείας
480 900 606 936 Τριάδος,
623 902 693 928 ἀλλὰ
708 900 756 928 δύο
777 901 810 928 τὰ
830 901 915 934 αῑτια,

129 945 176 972 καὶ
197 945 287 981 μάτην
300 945 326 972 οἱ
347 945 459 974 Aestuet
475 945 526 978 τὰς
540 946 587 973 δύο
608 946 695 982 ἀρχὰς
709 946 844 984 φεύγουσι
858 945 910 982 (5).

399 1038 469 1066 ΤΟΥ
490 1038 645 1067 ΝΙΚΑΙΑΣ.

167 1085 225 1112 Καὶ
242 1085 322 1112 τοῦτο
335 1086 385 1120 τῆς
411 1085 498 1119 αὐτῆς
522 1085 688 1120 λεπτότητος
702 1086 794 1120 ἔχεται
810 1085 850 1121 τῷ
866 1087 919 1122 πρὸ

130 1131 233 1159 ιαυτοῦ
254 1132 302 1159 καὶ
323 1132 379 1159 τῶν
395 1132 526 1164 πολλάκις
542 1132 591 1167 μὲν
608 1131 661 1159 ὑπὸ
684 1132 732 1159 σοῦ
751 1132 918 1168 εἰρημένων,

130 1177 262 1210 πολλάκις
275 1178 304 1206 δὲ
323 1179 368 1213 ὑφ’
384 1179 464 1213 ἡμῶν
483 1178 674 1214 ιληλεγμινων
693 1179 787 1206 ἐστίν·
805 1179 920 1206 ἀσυλλό-

131 1234 226 1261 γιστος
241 1226 270 1253 δὲ
287 1227 334 1253 καὶ
347 1223 436 1260 οὗτος,
451 1226 490 1258 ὡς
506 1228 521 1253 6
536 1227 588 1262 πρὸ
605 1226 688 1254 αὐτοῦ
705 1227 795 1261 λόγος.
812 1227 849 1254 Τδ
864 1228 920 1263 γὰρ

132 1273 245 1300 ταυτὸν
258 1273 287 1300 ἔν
309 1272 348 1308 τῷ
365 1273 451 1308 μέσῳ,
467 1274 491 1300 εἰ
509 1274 559 1309 μὶν
580 1273 712 1308 τάριθμῷ
732 1273 900 1308 λαμϐάνοιτο
911 1293 918 1306 ,

132 1319 184 1353 τὴν
199 1319 297 1354 μείζω,
315 1320 339 1345 εἰ
353 1319 381 1345 δὲ
399 1319 439 1352 τῷ
451 1319 536 1352 εῖδει,
550 1319 599 1354 ¹τὴν
616 1320 718 1347 ἐλάττω
730 1319 815 1354 ψαυδῆ
833 1319 918 1346 ποιεῖ·

133 1365 182 1393 καὶ
200 1365 236 1392 τὰ
251 1365 465 1400 παραδείγματα
490 1365 661 1401 ἔξεθήκαμεν
675 1366 814 1401 ἀνωτέρω.
835 1367 922 1401 Δυαρ-

136 1411 199 1445 χίαν
221 1410 251 1437 δὲ
278 1410 408 1444 οὐδαμῶς
433 1410 627 1445 συμπεραίνει,
649 1410 701 1437 κᾶν
728 1411 752 1436 ιζ
771 1411 818 1437 tul
837 1411 922 1437 πᾶσιν

132 1456 276 1491 ὴλήθευιν.
304 1456 337 1483 Εἰ
364 1457 419 1491 γὰρ
442 1456 491 1482 καὶ
509 1456 545 1490 μὴ
561 1454 616 1482 εἷεν
640 1456 669 1483 ἓν
695 1456 781 1483 αἴτιον
797 1456 811 1482 6
827 1457 921 1492 Πατὴρ

134 1502 184 1529 καὶ
197 1503 211 1529 6
225 1502 291 1534 Υἱὸς
314 1499 332 1539 ᾖ
347 1502 442 1538 Πατὴρ
462 1502 509 1529 καὶ
522 1502 603 1535 Υίδς,
620 1502 679 1529 ἀλλ’
699 1502 769 1529 sic)»
784 1503 813 1530 ἓν
828 1504 861 1538 τῇ
881 1503 920 1529 si-

135 1546 199 1581 διχῇ
215 1546 300 1581 ἀρχῇ,
316 1546 379 1582 ἥτις
397 1547 473 1574 ἔστιν
489 1547 506 1580 ἠ
530 1547 589 1574 θεία
616 1547 706 1581 οὐσία,
729 1547 791 1574 καθ’
804 1549 838 1583 ῆν
856 1549 922 1584 μίαν

135 1594 184 1620 καὶ
199 1593 249 1628 τὴν
262 1592 349 1628 αὐτὴν
363 1593 475 1628 ἀριθμῷ
492 1593 522 1620 ἓν
544 1594 647 1629 ἀμφοῖν
663 1592 748 1621 οὖσαν
762 1595 792 1622 τὸ
808 1595 922 1630 Πνεῦμα

135 1638 307 1674 προάγουσι·
323 1640 372 1666 καὶ
396 1639 469 1666 τοῦτ’
482 1640 564 1675 ἀρκεῖ
593 1641 664 1676 πρὸς
691 1641 721 1668 τὸ
753 1642 817 1677 μίαν
834 1642 922 1677 ἀρχὴν

135 1683 206 1711 εἶναι
223 1685 368 1719 Θεότητος,
392 1685 488 1722 ὥσπερ
514 1686 564 1713 καὶ
593 1686 642 1720 μία
669 1686 740 1722 ἀρχὴ
765 1688 881 1719 κτίσεως
905 1689 921 1723 ἡ

136 1733 234 1767 τριὰς,
250 1733 341 1760 καίτοι
368 1733 455 1769 Τριὰς
477 1732 546 1761 οὖσα
558 1755 566 1768 ,
582 1734 626 1762 διὰ
649 1735 698 1771 τὴν
724 1736 791 1771 μίαν
807 1737 855 1763 καὶ
872 1736 922 1772 τὴν

172 1801 212 1835 (a)
232 1801 308 1828 Hanc
328 1800 544 1836 propositionem
569 1808 630 1828 cum
652 1801 735 1829 Petro
753 1801 922 1834 Lombardo,

136 1836 186 1864 lib.
201 1844 210 1863 ι
224 1836 300 1863 Sent.
316 1837 380 1863 dist.
404 1836 436 1870 5;
456 1841 484 1864 et
500 1836 528 1863 S.
555 1836 670 1868 Thoma,
688 1844 706 1868 ι,
725 1845 772 1871 qn.
792 1837 836 1866 39.
855 1845 880 1864 a.
894 1838 922 1870 5,

137 1878 233 1897 omnes
249 1871 406 1898 scholastici
425 1875 609 1905 propugnant.
624 1871 736 1898 essentia
753 1871 878 1899 absolute
894 1877 923 1899 et

137 1906 273 1941 abstracto
288 1913 337 1940 pro
352 1907 452 1934 deitate
469 1911 591 1940 accepta.
604 1905 649 1933 Sic
661 1906 788 1933 innititur
802 1907 923 1941 generali

138 1940 284 1978 principio.
303 1941 415 1978 relativa
431 1941 465 1968 de
483 1941 617 1978 absolutis
624 1945 653 1978 et
667 1940 813 1968 abstractis
826 1942 925 1978 praedi-

138 1976 194 2002 cari
210 1983 263 2001 non
279 1983 368 2010 posse,
385 1976 465 2009 eique
480 1975 599 2007 veritati,
612 1975 792 2002 immanentes
802 1976 924 2004 actiones

139 2010 264 2044 personis
288 2018 349 2038 esse
376 2010 546 2038 tribuendas.
569 2010 628 2037 Jam
648 2010 795 2037 concilium
813 2011 925 2038 Latera—

138 2052 224 2072 nense
246 2052 272 2071 tv
298 2046 326 2072 in
353 2052 413 2079 cap.
444 2045 610 2072 Damuamus
635 2045 762 2079 (Decret.
790 2053 814 2073 c.
833 2046 860 2076 2.
887 2046 925 2074 De

139 2087 246 2106 summa
261 2079 351 2110 Trin..
365 2087 385 2112 ι,
403 2081 430 2114 ‘2)
445 2081 569 2107 dixerat:
594 2079 704 2107 Summa
727 2079 777 2107 illa
803 2089 845 2107 res
868 2080 924 2115 (cs-

140 2115 239 2144 sentia.
251 2122 311 2150 quae
327 2115 464 2142 veraciter
472 2119 514 2142 est
528 2115 609 2142 Pater
621 2120 649 2142 et
664 2115 750 2142 Filius
764 2120 792 2142 et
804 2115 924 2150 Spiritus

968 862 1023 882 non
1036 856 1197 883 eorumdem
1210 863 1311 888 causa,
1328 864 1415 891 neque
1433 857 1529 884 eadem
1547 865 1657 892 prorsus
1678 863 1753 892 sunt,

968 908 1023 928 non
1047 901 1140 935 itaque
1168 910 1222 929 una
1248 903 1400 937 eademque
1423 911 1506 930 causa
1528 903 1555 931 in
1579 903 1672 931 divina
1695 905 1755 932 Tri-

967 946 1054 974 nitate
1066 952 1119 978 est.
1130 948 1176 975 sed
1192 948 1253 976 dum
1264 955 1354 977 causae
1367 958 1374 983 ;
1390 954 1471 984 atque
1483 949 1582 977 frustra
1597 948 1686 978 Latini
1700 950 1756 979 duo

969 993 1105 1028 principia
1116 994 1212 1022 vitant.

1297 1042 1438 1071 NICENL

1006 1084 1064 1113 Hoc
1078 1093 1188 1122 quoque
1201 1093 1392 1122 argumentum
1405 1090 1528 1126 ejusdem
1541 1090 1661 1124 levitatis
1676 1095 1717 1119 est
1727 1099 1758 1120 ac

970 1133 1133 1167 praecedens
1150 1138 1179 1161 et
1190 1141 1223 1162 ex
1237 1135 1272 1162 iis
1282 1140 1337 1168 est,
1349 1143 1411 1171 quae
1424 1144 1494 1170 saepe
1509 1145 1522 1164 a
1543 1142 1568 1164 te
1581 1137 1666 1170 dicta,
1686 1144 1758 1172 saepe

972 1185 1037 1206 vero
1050 1187 1065 1206 a
1078 1179 1156 1207 nobis
1173 1180 1290 1208 refutata
1313 1185 1387 1209 sunt.
1409 1181 1511 1210 Vitiosa
1530 1190 1595 1210 vero
1609 1187 1650 1210 est
1674 1183 1758 1210 etiam

970 1225 1028 1253 haec
1041 1226 1122 1258 ratio.
1136 1230 1166 1253 ut
1179 1234 1210 1254 ea
1223 1235 1284 1262 quas
1299 1227 1374 1255 illam
1386 1228 1528 1263 praecedit.
1545 1229 1612 1255 Nam
1627 1236 1677 1255 vox
1687 1229 1759 1255 idem

971 1271 999 1298 in
1019 1272 1111 1300 medio
1132 1272 1183 1306 (a),
1206 1273 1229 1300 si
1249 1273 1359 1308 quidem
1386 1279 1511 1301 sumatur
1528 1282 1649 1306 numero,
1675 1275 1761 1308 majo-

974 1325 1047 1350 rem;
1062 1318 1085 1345 si
1100 1325 1165 1346 vero
1177 1319 1272 1353 specie,
1289 1319 1423 1346 minorem
1438 1320 1652 1354 propositionem
1663 1319 1758 1346 falsam

971 1363 1080 1396 reddit;
1095 1367 1177 1399 atque
1190 1364 1313 1399 exempla
1335 1365 1463 1399 superius
1475 1365 1664 1399 exposuimus.
1680 1364 1759 1392 Prin~

972 1409 1037 1444 eipii
1053 1415 1145 1437 autem
1162 1410 1320 1438 dualitatem
1330 1411 1406 1438 nullo
1415 1411 1497 1438 modo
1514 1411 1664 1443 concludit,
1675 1411 1758 1438 etiam

973 1456 996 1482 si
1013 1455 1040 1483 in
1060 1455 1191 1484 omnibus
1205 1464 1270 1484 vera
1288 1457 1358 1484 foret
1388 1457 1439 1484 ista
1462 1457 1542 1484 ratio.
1559 1457 1625 1484 Nam
1640 1458 1662 1484 si
1676 1457 1760 1484 etiam

974 1509 1030 1530 non
1048 1502 1104 1529 sint
1126 1509 1180 1530 una
1205 1510 1288 1530 causa
1305 1503 1383 1530 Pater
1404 1508 1433 1530 et
1458 1503 1543 1530 Filius
1556 1511 1608 1537 qua
1628 1503 1708 1530 Pater
1732 1507 1761 1530 et

974 1547 1071 1581 Filius,
1094 1553 1215 1576 attamen
1245 1556 1330 1576 unum
1366 1553 1431 1576 sunt
1456 1548 1593 1583 principio
1622 1548 1761 1583 spcciﬁco.

974 1594 1046 1629 quod
1062 1598 1104 1621 est
1118 1594 1210 1621 divina
1224 1594 1389 1626 substantia,
1410 1594 1562 1622 secundum
1579 1602 1660 1630 quam
1678 1602 1761 1621 unam

973 1639 1152 1673 eamdemque
1166 1646 1283 1666 numero
1298 1639 1325 1665 in
1341 1644 1458 1673 utroque
1473 1639 1652 1667 exsistentem
1671 1639 1762 1674 Spiri-

975 1689 1033 1713 tum
1049 1685 1219 1720 producant;
1235 1689 1264 1713 et
1288 1686 1340 1713 hoc
1365 1685 1476 1717 suiﬁcit,
1494 1690 1525 1712 ut
1545 1692 1629 1712 unum
1657 1686 1762 1720 princi-

975 1731 1050 1766 pium
1076 1730 1186 1758 deitatis
1211 1731 1259 1763 sit,
1285 1731 1357 1759 sicut
1377 1731 1459 1759 etiam
1477 1737 1562 1758 unum
1578 1738 1670 1758 rerum
1684 1738 1762 1758 crea-

975 1807 1003 1834 p.
1022 1800 1098 1833 Q78).
1114 1800 1178 1827 licet
1193 1800 1266 1827 haud
1280 1807 1365 1834 pauca
1379 1800 1470 1828 eidem
1491 1800 1602 1828 minime
1618 1804 1763 1828 consenta-

975 1843 1025 1862 nea
1040 1843 1111 1870 saape
1125 1836 1283 1870 protulerit.

1011 1870 1048 1905 (ὁ)
1063 1871 1110 1897 Est
1129 1871 1261 1898 nimirum
1277 1871 1396 1898 essentia
1413 1871 1571 1904 principium
1592 1879 1642 1904 qua
1656 1870 1698 1897 vel
1717 1878 1763 1905 per

975 1906 1044 1939 quod
1063 1905 1144 1933 Pater
1158 1906 1246 1940 gignit
1259 1910 1286 1932 et
1307 1907 1388 1934 Pater
1407 1906 1546 1940 Filiusque
1562 1906 1679 1938 spirant,
1694 1906 1761 1932 dum

975 1947 1094 1974 persona
1105 1945 1161 1976 _est
1184 1941 1344 1976 principium
1368 1941 1508 1976 quod._ut
1524 1941 1655 1976 praeclare
1682 1940 1765 1976 docet

975 1975 1094 2002 Joannes
1104 1974 1262 2009 Theologus
1273 1974 1302 2001 in
1315 1974 1433 2003 concilio
1449 1974 1619 2006 Florentino,
1633 1982 1703 2002 sess.
1721 1975 1764 2005 l9,

976 2017 1037 2045 pag.
1047 2009 1111 2039 274,
1125 2009 1179 2035 282
1187 2015 1214 2037 et
1225 2010 1303 2041 alias.
1312 2011 1383 2038 sicut
1394 2014 1421 2036 et
1433 2009 1558 2036 Bessario
1569 2016 1652 2043 supra
1663 2017 1726 2045 Cap.
1736 2009 1763 2037 1.

1013 2044 1048 2080 (c)
1062 2045 1242 2080 Syllogismus
1265 2050 1326 2072 est:
1353 2052 1415 2079 quae
1428 2051 1483 2071 non
1509 2049 1574 2070 sunt
1598 2044 1763 2080 eonumdem

976 2078 1149 2112 causan'liaec
1162 2087 1213 2106 nec
1229 2080 1325 2107 eadem
1339 2078 1453 2114 prorsus
1471 2083 1537 2106 sunt
1550 2087 1561 2114 ;i
1578 2079 1625 2105 sed
1642 2078 1721 2114 Pater
1733 2084 1763 2106 et

976 2115 1062 2142 Filius
1076 2122 1129 2142 non
1143 2118 1209 2142 sunt
1223 2113 1384 2142 earumdem
1402 2121 1502 2146 causaa,
1516 2113 1580 2147 quia
1601 2113 1646 2141 ille
1657 2113 1720 2140 Filii
1736 2118 1765 2140 et

139 2146 276 2185 sanctus),
290 2157 342 2176 non
364 2154 401 2176 est
422 2157 549 2184 generum
561 2158 644 2185 neque
659 2150 749 2184 genita
768 2158 814 2177 nec
825 2146 922 2185 'proce-
937 2146 964 2176 D
976 2150 1107 2185 Spiritus,
1136 2149 1223 2177 Filius
1250 2150 1336 2178 solius
1362 2149 1482 2184 Spiritus
1512 2146 1595 2175 causa
1609 2155 1652 2176 est
1666 2157 1672 2181 ;
1699 2155 1765 2182 ergo

139 2184 214 2220 dens.
225 2185 340 2211 ElIatum
349 2184 421 2220 istud
431 2186 657 2220 Marcusgquoque
666 2185 804 2220 Ephesius
815 2184 925 2219 agnovit

141 2219 170 2245 in
195 2219 320 2247 sessione
347 2219 380 2246 19
403 2220 513 2247 concilii
532 2218 697 2247 Flore‘ntini’
714 2220 821 2255 (Hard.,
834 2218 859 2248 ῖ.
879 2221 925 2254 IX,

141 2285 272 2354 uépclla
285 2286 370 2314 Marc.
386 2286 405 2314 ί.
422 2287 456 2315 89
480 2294 515 2320 a;
537 2287 644 2316 Monac.
664 2287 699 2316 2‘1
716 2287 736 2322 l‘,
751 2288 804 2316 352
819 2289 853 2322 ι),
879 2289 927 2315 εὐ-

201 2331 213 2348 ι)
233 2342 239 2348 .

201 2331 239 2348 υε.

177 2357 216 2391 (2)
231 2357 337 2385 Monac.
356 2358 535 2393 ἁρμοζόντος.

178 2392 215 2427 (5)
234 2393 272 2419 Ita
291 2392 387 2428 Marc;
400 2393 503 2421 Monac.
522 2394 634 2431 ἐπέλθῃ.

145 2439 195 2476 οὐχ
211 2442 240 2469 ἓν
251 2441 337 2468 αἴτιον

803 2442 833 2469 οὐ
848 2441 900 2469 τῶν
912 2441 1003 2468 αὐτῶν
1016 2442 1092 2469 αῐτια

978 2186 1058 2213 Pater
1077 2189 1106 2212 et
1132 2184 1218 2212 Filius
1240 2193 1295 2212 non
1312 2186 1409 2212 eadem
1430 2189 1548 2218 prorsus
1571 2188 1647 2216 sunt,
1674 2190 1765 2217 neque

976 2220 1061 2255 igitur
1076 2228 1129 2247 una
1144 2219 1294 2255 eademque
1306 2228 1398 2248 causa.

1015 2288 1054 2324 (4)
1070 2289 1097 2316 In
1115 2288 1221 2316 Monac.
1246 2289 1298 2317 256
1316 2290 1335 2323 r,
1350 2289 1402 2317 505
1415 2289 1433 2317 ι»
1446 2294 1487 2317 est
1510 2296 1570 2324 cap.
1589 2287 1624 2324 57
1646 2291 1675 2314 et
1687 2286 1766 2324 (ulei-

981 2322 1073 2356 mum;
1092 2325 1196 2360 reliqua
1209 2324 1264 2352 duo
1279 2329 1438 2360 argumenta
1453 2324 1523 2352 inl‘ra
1533 2322 1673 2358 descripta
1685 2322 1713 2349 in
1728 2329 1762 2349 eo

979 2359 1074 2387 codice
1087 2359 1195 2386 desunt.

1016 2394 1055 2430 (5)
1076 2394 1105 2421 In
1122 2394 1175 2423 ﬁne
1190 2394 1290 2430 legitur
1304 2394 1356 2423 hoc
1376 2395 1498 2423 schema.

1480 2444 1494 2468 6
1510 2440 1603 2476 Πατὴρ
1617 2438 1663 2467 καὶ
1673 2441 1687 2466 6
1701 2438 1765 2470 Υἱὸς
