1925 3056
161 132 213 163 239

842 130 1100 162 BESSARIONIS

1723 126 1790 161 240

161 185 227 214 illud
245 192 291 221 per
306 185 404 214 Filium
427 186 592 215 addiderunt
608 187 681 223 (nam
702 185 729 214 lii
754 186 800 222 qui
816 186 843 214 id
868 186 942 214 dixe-

998 186 1144 220 ίκηκοότες
1169 186 1311 222 (νεώτεροι
1336 186 1389 222 γάρ
1416 185 1531 213 ἐκείνων
1549 185 1619 213 είσῒν
1643 186 1668 213 ot
1697 185 1789 213 τοῦτο

156 227 224 260 runt
239 233 292 260 illis
306 237 384 260 erant
404 233 580 268 posteriores,
598 233 645 261 sed
660 241 693 261 ex
711 232 856 268 Evangelio
871 233 941 260 dun-

159 283 233 306 taxat
247 285 343 306 vocem
356 280 495 314 procedere
515 278 670 306 didicerint.
700 278 766 306 Nam
791 278 865 313 quod
884 278 942 313 ipse

160 323 246 351 Filius
258 324 342 351 mittit
354 324 498 359 Spiritum.
514 324 586 359 quod
598 324 716 359 Spiritus
725 332 739 351 a
751 324 819 351 Filio
830 323 939 358 accipit,

160 369 233 403 quod
248 377 418 404 quaecunque
433 370 570 397 audiverit
593 370 724 398 docturus
738 374 808 403 erat,
825 369 897 405 quod
914 374 942 397 et

161 414 279 448 Spiritus
295 414 419 442 veritatis
429 415 541 448 dicitur,
564 423 653 449 neque
665 415 698 442 ad
719 415 941 442 consubstantia-

160 459 265 487 litatem
282 461 369 488 Patris
382 464 410 487 et
424 461 484 488 Filii
500 466 528 488 et
547 461 665 495 Spiritus
683 461 781 494 sancti,
802 469 892 496 neque
907 461 941 488 ad

161 505 359 532 ostendendum
383 505 482 532 Filium
509 505 627 540 Spiritus
651 506 738 533 sancti
759 513 867 534 causam
893 506 941 533 tibi

161 549 261 576 ducere
281 550 417 583 videntur,
445 551 508 579 licet
532 551 557 578 id
572 552 658 578 visum
682 551 765 578 fuerit
783 551 943 580 doctoribus

163 595 248 622 multo
262 600 298 627 te,
311 600 340 623 ut
357 601 386 623 et
401 597 458 631 ipse
472 597 557 629 dices,
573 597 819 632 praestantioribus.
833 597 941 624 Testem

162 649 229 669 vero
242 641 358 670 advocas
374 643 456 669 etiam
472 643 618 678 quamdam
636 643 744 670 Maximi
760 643 793 670 ad
809 643 942 670 Marinum

161 687 312 720 epistolam,
331 694 390 721 qua:
406 687 530 722 nuspiam
558 688 584 714 in
606 688 720 715 vetustis
735 688 876 715 codicibus
901 696 944 715 re-

160 733 266 767 peritur
283 733 347 768 (non
361 738 438 767 potes
455 733 528 760 enim
552 741 612 761 eam
627 733 773 761 ostendere
796 734 872 762 ullibi
889 735 943 762 Ma-

160 777 225 804 ximi
249 777 326 804 libris
343 778 497 813 insertam),
515 783 633 805 attamen
657 783 685 806 et
708 779 767 813 ipsa
787 768 837 814 pro
863 781 942 808 nobis

160 826 210 849 est.
230 821 298 849 Nam
314 822 413 849 Filium
434 831 489 850 non
502 831 561 851 esse
577 823 696 858 Spiritus
714 831 824 851 causam
846 829 874 852 et
889 825 940 860 ipsi

994 231 1142 267 εἰπόντες),
1168 232 1248 267 μόνον
1264 232 1292 259 δὲ
1311 232 1358 259 τοῦ
1372 232 1542 266 Εὑαγγελίου
1566 231 1596 258 τδ
1614 231 1787 265 ἐκπορεύε-

992 279 1063 304 σθαι
1089 277 1251 313 ἀκηκοότες.
1268 279 1305 305 Τὸ
1320 278 1374 313 γὰρ
1391 279 1438 305 καὶ
1454 278 1536 305 αὐτὸν
1561 277 1608 304 τὸν
1626 277 1690 303 Υίδν
1712 277 1788 304 αὐτὸ

993 323 1129 358 πέμπειν,
1142 324 1172 350 τδ
1191 324 1266 359 παρὰ
1286 323 1332 351 τοῦ
1350 323 1415 350 Υίοῦ
1432 323 1583 359 λαμϐάνειν
1603 323 1633 349 τδ
1652 322 1786 356 Πνεῦμα,

991 369 1024 396 τὸ
1052 369 1102 396 ὅσα
1131 369 1164 396 ἂν
1201 370 1307 405 ἀκούσῃ
1339 370 1477 403 διδάξειν,
1515 370 1545 396 τὸ
1581 370 1629 396 καὶ
1666 368 1787 403 Πνεῦμα

994 415 1123 448 ἀληθείας
1151 415 1279 448 λέγεσθαι
1304 416 1353 442 καὶ
1385 415 1498 450 Πνεῦμα
1521 414 1608 446 Υίοῦ,
1627 414 1706 441 οὒδὲν
1736 422 1786 440 σοι

992 460 1055 488 οὔτε
1071 461 1139 496 πρὸς
1158 461 1207 496 τὴν
1226 461 1426 496 ὀμοουσιότητα
1449 461 1557 495 Πατρδς
1575 461 1622 486 καὶ
1644 459 1712 486 Υίοῦ
1731 460 1787 486 καὶ

994 506 1164 540 Πνεύματος,
1186 505 1248 533 οὔτι
1272 506 1342 541 πρὸς
1371 505 1403 532 τὸ
1430 506 1479 532 καὶ
1504 504 1550 531 τὸν
1568 503 1633 531 Υἱὸν
1649 501 1719 530 εἶναι
1738 503 1788 529 αἰ-

993 553 1054 580 τίαν
1071 552 1118 579 τοῦ
1145 552 1308 588 Πνεύματος
1334 552 1430 587 φέρειν
1457 551 1547 578 δοκεῖ·
1562 550 1654 577 καίτοι
1669 550 1727 580 τοῖς
1741 549 1787 575 δι·-

993 598 1141 630 δασκάλοις
1165 607 1213 624 σου
1241 597 1332 632 πολλῷ
1357 606 1390 632 τε
1409 596 1553 632 βελτίοσιν,
1570 595 1608 626 ὡς
1628 596 1681 621 κᾶν
1697 594 1787 625 αὐτὸς

994 644 1087 679 φαίης,
1103 645 1209 672 δοκοῦν.
1223 644 1359 679 Μαρτυρῇ
1373 643 1402 670 δὲ
1420 644 1468 670 και
1486 650 1548 669 τινα
1569 641 1695 676 Μαξίμου
1710 640 1786 674 πρὸς

993 688 1117 722 Μαρῖνον
1140 687 1286 722 ἐπιστολὴν
1312 686 1437 722 μηδαμοῦ
1455 685 1511 713 τῶν
1527 685 1651 720 ἀρχαίων
1667 683 1787 718 βιϐλίων

994 733 1195 768 εὑρισκομένην
1211 733 1252 768 (οὐ
1273 732 1327 767 γὰρ
1344 733 1417 768 ἔχεις
1440 732 1525 766 αὐτὴν
1546 729 1786 766 ὲγγεγραμμένην

995 781 1033 814 πῇ
1052 779 1110 810 τοῖς
1128 778 1257 813 Μαξίμου
1282 778 1396 814 βιόλίοις
1423 778 1532 812 δεῖξαι),
1552 775 1636 804 οὖσαν
1655 776 1684 803 δὲ
1705 777 1787 811 ὅμως

994 826 1043 851 καὶ
1057 825 1142 860 αὐτὴν
1159 825 1227 859 πρὸς
1255 824 1346 859 ἡμῶν.
1374 823 1470 850 Αίτίαν
1498 823 1552 858 γὰρ
1577 822 1615 857 μὴ
1636 820 1707 849 εῖναι
1735 821 1785 848 τὸν

159 875 306 902 possumus
323 868 426 901 dicere,
450 876 539 896 causa;
560 877 660 896 nomen
681 870 824 904 angustius
845 878 942 898 secun-

998 871 1059 897 Υίὺν
1080 858 1128 897 του
1148 858 1311 905 Πνεύματος
1340 869 1388 896 καὶ
1418 868 1496 895 αὐτοὶ
1522 867 1644 903 φαίημεν
1667 867 1711 898 ἂν,
1731 866 1784 901 τὴν

159 913 225 941 dum
239 914 396 942 Grecorum
416 921 572 942 sermonem
598 915 776 949 accipientes.
799 923 854 950 quo
870 917 942 951 apud

160 959 233 995 ipsos
250 966 358 994 semper
369 960 546 995 principalem
560 965 587 988 et
609 961 738 988 fontalem
763 969 872 989 causam
897 963 945 990 de-

159 1007 265 1041 signat;
295 1007 605 1034 consubstantialitatem
632 1015 697 1034 vero
721 1008 941 1042 prazpositionem

159 1060 206 1085 per
216 1051 371 1087 signiﬁcare
390 1056 472 1087 atque
495 1053 532 1085 id,
550 1052 622 1087 quod
636 1060 669 1080 ex
683 1053 753 1080 Filio
772 1053 815 1080 vel
831 1061 880 1088 per
895 1054 941 1081 Fi-

159 1097 226 1124 lium
247 1101 289 1124 est
302 1096 432 1130 Spiritus.
448 1100 601 1128 attestatur,
616 1096 638 1123 si
655 1096 766 1130 quidem
782 1096 856 1123 illius
869 1097 943 1124 vocis

160 1143 366 1170 meminerimus
381 1143 463 1171 aDeo
486 1143 552 1170 moti
575 1142 690 1170 Basilii:
712 1142 771 1170 Non
792 1143 861 1170 enim
885 1151 944 1178 qut:

160 1189 278 1224 fraterno
292 1189 341 1215 sibi
357 1196 424 1216 nexu
446 1189 542 1224 juncta
556 1193 628 1221 sunt,
650 1189 885 1217 consubstantialia
899 1191 941 1218 tli-

159 1235 333 1267 cuntur;sed
349 1235 455 1271 quando
481 1243 561 1262 causa
581 1240 605 1261 et
625 1235 695 1270 quod
714 1243 746 1262 ea:
764 1243 845 1263 causa
875 1237 942 1263 exti-

159 1280 286 1307 atentiam
306 1281 391 1313 habet,
409 1281 526 1315 ejusdem
547 1284 651 1308 natura
664 1282 804 1314 exsistant,
822 1283 943 1309 dicuntur

160 1326 405 1353 consubstantialia.
420 1325 509 1358 Quare
533 1330 560 1353 et
583 1326 640 1354 haec
654 1331 699 1354 tua
723 1327 792 1355 ratio
809 1335 942 1355 concussa

159 1376 201 1398 est
217 1375 245 1397 et
262 1371 361 1397 frustra
384 1371 529 1398 multarum
545 1370 757 1398 absurditatum‘
768 1372 878 1399 Latinos
901 1373 943 1400 in-

159 1423 249 1450 cusas,
266 1424 327 1444 cum
344 1417 401 1450 ipse
416 1416 573 1451 turpissime
587 1417 613 1444 in
626 1417 686 1444 illas
701 1418 739 1445 sis
751 1417 889 1452 delapsus.

334 1472 455 1501 EPHES.
481 1473 511 1500 C.
525 1474 586 1502 XXI
600 1474 765 1511 (XXXVIII).

201 1530 284 1558 Incidi
313 1530 340 1558 in
367 1531 513 1566 quemdam
543 1531 701 1560 Latinorum
730 1532 872 1560 doctorum
895 1530 983 1568 proG

161 1578 228 1612 ipsis
237 1577 413 1610 scribentem,
433 1585 488 1605 non
505 1582 633 1612 oportere
649 1577 741 1605 dicere
755 1586 787 1605 ex
796 1578 879 1605 Patre
897 1587 945 1614 per

162 1622 263 1650 Filium
278 1622 407 1658 Spiritum
420 1629 552 1655 sanctum,
565 1631 626 1651 cum
653 1623 693 1651 sic
713 1623 767 1651 duo
782 1631 870 1658 eaque
893 1624 945 1651 dif-

164 1669 280 1696 ferentia
300 1669 389 1696 forent
417 1669 562 1704 principia,
587 1669 703 1697 alterum
728 1670 851 1704 propius.
876 1670 945 1697 alte-

162 1722 222 1741 rum
238 1714 383 1747 remotius,
400 1715 447 1742 sed
461 1723 493 1742 ea:
508 1715 590 1742 Patre
608 1720 632 1742 et
650 1715 732 1746 Filio,
752 1715 833 1748 sicut,
849 1716 897 1748 ait,
917 1715 944 1743 in

162 1761 291 1796 Symbolo
306 1769 415 1796 quoque
436 1761 559 1789 additum
578 1766 619 1789 est
634 1781 641 1793 ,
658 1766 688 1788 ut
709 1766 835 1797 tanquam
860 1770 944 1789 unum

162 1807 329 1841 principium
352 1807 432 1834 Pater
452 1811 480 1834 et
503 1807 588 1835 Filius
613 1807 800 1843 intelligantur
826 1808 946 1843 Spiritus

162 1852 250 1879 sancti
267 1852 318 1887 (α).
331 1852 359 1880 Si
369 1852 496 1888 igiturita
515 1860 558 1880 res
569 1860 599 1881 se
617 1853 709 1886 habet,
725 1854 797 1881 sicut
811 1854 856 1881 ille
867 1854 944 1888 dicit,

163 1899 252 1934 primo
265 1898 375 1934 quidem
387 1899 452 1934 ipsis
467 1900 569 1927 excidit
593 1900 638 1927 illa
653 1904 728 1928 tanto
741 1900 832 1928 studio
843 1908 945 1936 propu-

163 1950 243 1980 gnata
255 1945 400 1972 concOrdia
417 1954 478 1973 cum
490 1945 591 1974 nostris
602 1946 771 1979 doctoribus,
787 1954 877 1982 neque
888 1954 946 1974 am-

164 1992 237 2025 plius
257 1992 284 2019 in
302 1991 422 2019 dictione
438 2001 483 2027 per
498 1992 600 2019 Filium
615 1993 767 2027 proximum
779 1993 945 2028 principium

164 2037 371 2073 intelligendum
391 2042 443 2068 est,
471 2046 560 2073 neque
583 2039 740 2074 praapositio
764 2047 811 2074 per
833 2040 894 2067 loco
914 2048 946 2067 ex

165 2085 331 2119 usurpanda,
351 2088 381 2111 ut
398 2084 507 2118 quidam
529 2092 561 2112 ex
586 2086 688 2112 tiOstris
708 2085 838 2119 apostatis
852 2085 945 2120 nugati

164 2135 241 2158 sunt.
256 2130 357 2158 Deinde
369 2135 398 2158 et
418 2131 467 2164 sic,
493 2130 514 2157 si
531 2137 653 2165 personae
672 2131 808 2158 distinctae
820 2134 945 2158 sanctum

164 2176 298 2211 Spiritum
311 2176 477 2211 producunt,
494 2180 521 2203 et
540 2176 624 2203 altera
642 2176 752 2211 quidem
767 2183 782 2202 a
799 2175 945 2209 semetipsa

995 917 1087 943 αἰτίαν
1103 915 1276 950 στενώτερον
1290 915 1362 942 κατὰ
1373 914 1566 949 τὴνἙλλήνων
1578 912 1668 948 φωνὴν
1679 912 1785 947 ἐκλαμ-

995 961 1137 994 6άνοντες,
1206 962 1272 996 παρ’
1291 961 1383 993 αὐτοῖς
1400 961 1442 987 ἀεὶ
1460 959 1509 995 τὴν
1537 959 1665 994 άρχοειδῆ
1689 958 1784 986 αίτίαν

1000 1008 1137 1042 σημαίνει·
1156 1007 1187 1033 τὸ
1197 1007 1225 1033 δὲ
1242 1007 1387 1041 ὁμοοὺσιον
1400 1005 1449 1041 τὴν
1462 1005 1511 1032 διὰ
1530 1005 1719 1040 σημαίνουσαν
1734 1004 1783 1030 καὶ

994 1053 1024 1080 τδ
1043 1053 1073 1085 ἐξ
1088 1053 1152 1079 Υίοῢ
1176 1053 1193 1088 ὴ
1207 1052 1241 1078 δι’
1257 1052 1323 1078 Υίοῠ
1338 1049 1408 1078 εἴναι
1421 1050 1452 1077 τὸ
1467 1050 1580 1084 Πνεῦμα
1598 1057 1784 1084 προσμαρτυ-

996 1100 1038 1134 ps!
1053 1099 1104 1135 (ί),
1119 1099 1198 1134 εἴπερ
1220 1099 1328 1133 ἐκείνης
1351 1098 1401 1133 τῆς
1420 1096 1468 1123 τοῦ
1491 1096 1676 1132 θεορρήμονος
1698 1095 1783 1122 Βασι-

994 1145 1068 1172 λείου
1087 1145 1252 1180 μεμνήμεθα
1267 1143 1360 1179 φωνῆς
1370 1143 1508 1177 λέγοντοςο
1520 1143 1561 1169 οὐ
1576 1142 1630 1176 γὰρ
1643 1141 1680 1168 τὰ
1690 1140 1783 1168 ἀδελ-

994 1191 1037 1226 φὰ
1050 1190 1200 1224 ἀλλήλοις
1221 1190 1370 1224 ὀμοούσιιι
1391 1187 1512 1222 λέγεται
1529 1195 1536 1202 ·
1561 1186 1632 1214 ἀλλ’
1651 1186 1724 1213 ὅταν
1747 1186 1782 1212 τὸ

994 1237 1091 1264 αῑτιον
1105 1235 1155 1263 καὶ
1171 1236 1203 1262 τὸ
1228 1235 1264 1262 ἐκ
1285 1234 1340 1262 τοῦ
1363 1233 1462 1261 αἰτίου
1479 1233 1537 1267 τὴν
1555 1232 1685 1267 ὓπαρξιν
1697 1231 1782 1265 ἕχον,

993 1282 1050 1316 τῆς
1074 1282 1172 1316 αὐτῆς
1192 1281 1315 1316 ὑπάρχῃ
1331 1280 1369 1315 (2)
1385 1279 1519 1314 φύσεως,
1537 1278 1684 1313 όμοούσια
1699 1277 1783 1311 λέγε-

994 1337 1040 1355 ται
1057 1329 1108 1363 (5).
1121 1328 1206 1354 Ὥστε
1233 1335 1272 1353 σοι
1298 1326 1346 1353 καὶ
1378 1323 1456 1355 οὗτος
1468 1326 1482 1351 ὀ
1497 1324 1574 1358 λόγος
1591 1323 1777 1350 διασέσεισται

993 1376 1040 1401 καὶ
1061 1374 1150 1408 μάτην
1167 1373 1274 1400 πολλῶν
1290 1372 1418 1406 ἐγκαλεῖς
1437 1369 1623 1404 ἀτοπημάτων
1637 1368 1781 1399 Λατίνους,

993 1421 1074 1452 αὐτὸς
1089 1419 1126 1448 ὢν
1146 1421 1160 1447 ὁ
1175 1420 1282 1451 τούτοις
1307 1419 1434 1454 αἴσχιστα
1456 1416 1643 1453 περιπίπτων.

1135 1476 1204 1502 ΤΟΥ
1223 1475 1354 1502 ΕΦΕΣΟΥ
1373 1475 1452 1501 ΚΕΦ.
1474 1473 1533 1501 KA'
1552 1471 1640 1509 (ΑΠ’).

1040 1533 1183 1570 Ἐνέτυχόν
1206 1542 1259 1560 τινι
1282 1533 1336 1560 τῶν
1352 1531 1505 1559 Λατινικῶν
1527 1529 1696 1557 διδασκάλων
1712 1529 1782 1564 ὑπὲρ

997 1579 1086 1607 αὐτῶν
1101 1580 1242 1615 γράφοντι,
1265 1578 1306 1605 ὅτι
1329 1578 1359 1604 οὐ
1377 1577 1429 1612 χρὴ
1452 1576 1542 1610 λέγειν
1557 1576 1591 1602 ἐκ
1616 1574 1731 1608 Πατρός
1744 1573 1781 1601 δι’

1002 1627 1070 1655 Υίοῦ
1084 1627 1114 1653 τὸ
1129 1625 1243 1660 Πνεῦμα
1256 1625 1287 1651 τὸ
1307 1625 1383 1659 ᾶγιον
1400 1623 1481 1659 (οὓτω
1500 1623 1554 1658 γὰρ
1580 1622 1626 1649 δύο
1649 1621 1683 1647 τὰ
1708 1621 1782 1647 αἴτια

998 1673 1046 1700 καὶ
1063 1671 1228 1706 διαφέροντα
1240 1669 1327 1696 ἔσται·
1343 1669 1373 1696 τι.
1389 1669 1438 1704 μὲν
1456 1667 1610 1702 ἐγγύτερον,
1630 1667 1659 1692 τὸ
1670 1666 1697 1692 δὲ
1715 1665 1781 1700 ποῤ-

998 1716 1139 1752 ῥὼτερον),
1165 1716 1221 1743 ἀλλ’
1238 1715 1271 1742 ἐκ
1291 1714 1406 1749 Πατρὸς
1423 1713 1472 1741 καί
1488 1713 1566 1745 Υίοῦ,
1588 1711 1712 1745 καθάπερ
1736 1708 1780 1737 οὗν

998 1763 1045 1791 καὶ
1064 1763 1093 1789 ὲν
1107 1761 1145 1798 τῷ
1161 1761 1286 1796 συμϐόλῳ
1301 1761 1503 1796 προστέθειται,
1517 1759 1561 1785 ἵνα
1575 1758 1612 1789 ὼς
1628 1757 1657 1783 ἓν
1673 1756 1756 1783 αἴτιον
1767 1756 1781 1782 ὸ

999 1810 1092 1844 Πατὴρ
1108 1808 1156 1836 καὶ
1171 1809 1185 1834 ὁ
1200 1807 1263 1839 Υίὺς
1274 1807 1368 1842 νοῆται
1382 1806 1422 1842 (4)
1440 1805 1488 1833 τοῦ
1511 1804 1589 1838 άγίου
1615 1803 1779 1836 Πνεὺματος.

999 1857 1030 1883 El
1054 1855 1100 1882 οὖν
1115 1853 1200 1885 οὕτως
1221 1853 1289 1888 ἔχει,
1304 1853 1426 1887 καθάπερ
1443 1851 1544 1881 ἐκεῖνός
1565 1857 1657 1885 φησιν,
1676 1848 1779 1883 πρῶτον

1001 1901 1050 1937 μὲν
1070 1900 1161 1931 αὐτοῖς
1176 1898 1302 1926 διέπεσεν
1320 1900 1338 1934 ἡ
1360 1897 1563 1931 σπουδαζομένη
1579 1895 1659 1930 δῆθεν
1672 1902 1781 1929 συμφω-

999 1947 1043 1974 νία
1068 1946 1136 1981 πρὸς
1154 1945 1219 1976 τοὺς
1237 1944 1301 1978 παρ’
1323 1943 1389 1978 ἠμϊν
1412 1941 1598 1972 διδασκάλους,
1618 1941 1666 1966 καὶ
1691 1937 1778 1965 οὐκέτι

999 1993 1090 2020 λοιπον
1102 1993 1133 2019 ὲκ
1149 1990 1196 2018 τοῦ
1212 1990 1250 2017 δι’
1265 1989 1332 2016 Υιοῦ
1355 1988 1385 2014 τὸ
1409 1987 1540 2021 προσεχὲς
1557 1986 1645 2012 αῐτιον
1662 1984 1779 2019 νοητέον,

999 2038 1059 2065 οὐδὲ
1073 2038 1122 2073 τὴν
1139 2036 1189 2063 διὰ
1204 2035 1322 2070 ληπτέον
1341 2032 1401 2060 ἀντὶ
1417 2033 1465 2067 τῆς
1482 2032 1527 2064 ἐκ,
1544 2031 1581 2063 ὥς
1596 2039 1667 2062 τινες
1682 2030 1735 2056 τῶν
1751 2029 1779 2062 ἐξ

1000 2085 1078 2120 ήμῶν
1096 2081 1266 2109 ἐκπεσόντων
1280 2079 1428 2114 ὲλήρησαν.
1446 2078 1561 2105 Ἔπειτα
1581 2077 1628 2104 καὶ
1648 2075 1743 2106 οὕτως.
1756 2074 1779 2102 ει

999 2128 1194 2163 διακεκριμένα
1219 2126 1354 2161 πρόσωπα
1376 2124 1406 2150 τδ
1431 2124 1542 2158 Πνεῦμα
1563 2124 1594 2150 τὸ
1617 2123 1695 2157 ἅγιον
1717 2129 1779 2156 προ-

1000 2176 1096 2209 άγουσι
1112 2174 1161 2209 (5),
1175 2173 1222 2199 καὶ
1238 2172 1268 2199 τὸ
1290 2171 1339 2206 μὲν
1354 2171 1419 2205 παρ’
1435 2170 1528 2197 ἑαυτοῦ
1545 2169 1616 2196 τοῦτ’
1631 2169 1698 2203 ἔχει,
1718 2168 1746 2194 τὸ
1757 2167 1777 2194 δ’

163 2224 215 2250 hoc
234 2223 327 2255 habet,
339 2223 424 2250 altera
435 2231 500 2251 vero
514 2231 547 2251 ex
559 2223 643 2250 altera
661 2223 712 2250 hoc
724 2226 803 2249 nacta
818 2226 870 2254 est,
891 2222 943 2249 duo

998 2205 1029 2246 ἑλέ
1043 2218 1090 2246 τοῦ
1112 2205 1206 2252 ἐτέρου
1227 2205 1322 2248 λαὸδν,
1341 2215 1387 2242 δύο
1409 2216 1516 2246 πάντως
1540 2215 1614 2241 αῐτια
1639 2212 1778 2239 κάντεῦθεν

164 2267 276 2294 omnino
303 2268 438 2303 principia
460 2268 559 2295 exinde
588 2273 688 2301 erunt;
715 2272 795 2301 atque
816 2274 878 2294 cum
907 2267 944 2294 ita

165 2314 386 2349 prmpositionem
418 2323 464 2350 per
492 2314 664 2347 perdiderint
693 2321 741 2348 per
765 2313 942 2346 semetipsos,

163 2367 253 2394 neque
272 2360 340 2387 duas
355 2367 450 2388 causas
459 2359 610 2394 eﬂ'ugerunt
624 2358 676 2384 hoc
687 2361 785 2392 pacto;
800 2356 853 2383 imo
865 2355 947 2383 etiam

163 2413 243 2432 suum
261 2407 391 2441 placitum
407 2406 551 2433 dissonans
572 2407 599 2430 et
625 2410 688 2430 cum
713 2403 802 2437 seipso
824 2409 948 2437 pugnans

997 2266 1082 2296 ἔσται,
1101 2264 1149 2290 καὶ
1162 2263 1210 2297 τὴν
1223 2261 1272 2288 διὰ
1285 2260 1350 2296 παρ’
1367 2260 1471 2287 ἑαυτῶν
1485 2259 1665 2288 ἀπολέσαντες
1678 2258 1724 2288 τὰς
1736 2257 1778 2284 δύο

997 2311 1084 2345 ἀρχὰς
1103 2308 1159 2335 οὐδ’
1169 2300 1256 2338 οὕτώς
1270 2306 1410 2341 ἐξέφυγον·
1427 2305 1494 2332 ἀλλὰ
1509 2305 1557 2332 καὶ
1571 2304 1600 2330 τὸ
1617 2303 1664 2330 τοῦ
1681 2303 1777 2337 δόγμα·

1000 2365 1044 2388 τος
1063 2355 1151 2382 αὐτῶν
1165 2354 1329 2388 ἀσύμφωνον
1341 2352 1387 2378 καὶ
1401 2351 1468 2387 πρὸς
1481 2350 1559 2377 ἑαυτὸ
1572 2350 1723 2386 μαχόμενον
1736 2349 1777 2375 καὶ

1000 2399 1169 2434 πανταχόθεν
1181 2398 1331 2424 ἀσύστατον
1348 2395 1462 2428 ἔδειξαν.

162 2460 244 2489 atque
259 2456 335 2483 omni
356 2463 389 2484 ex
411 2459 488 2490 parte
510 2453 681 2481 incoharens
706 2454 734 2478 et
759 2451 943 2478 insubsistens
960 2449 1194 2477 demonstrarunt.

198 2514 236 2548 (1)
253 2514 324 2541 Μοη.
344 2512 580 2548 προσμαρτυρεῖν.

187 2551 236 2586 οι)
253 2549 327 2586 ιεοη-
340 2549 476 2586 sane»
499 2581 505 2586 .
621 2580 628 2586 .
699 2580 706 2586 .

198 2579 236 2617 (3')
253 2585 317 2611 Vide
340 2579 437 2610 Basilii
457 2580 655 2617 eademrverba
682 2580 770 2617 citata
784 2587 826 2606 ex.
845 2586 890 2613 ep.
900 2579 945 2617 _ad

162 2614 309 2647 canonicos
328 2617 400 2653 apud
422 2617 504 2644 Allat.
532 2615 613 2643 Vind.
638 2623 697 2651 syn.
722 2614 834 2649 Ephes.,
850 2622 876 2642 c.
899 2615 944 2647 36,

199 2677 239 2708 (ai
256 2675 333 2702 IIaud
348 2674 425 2709 pauci
438 2676 516 2700 erant
530 2671 631 2709 Latini,
649 2671 696 2706 qui
712 2671 743 2709 de
760 2670 948 2709 dictione__per

163 2706 262 2738 Filium
276 2706 373 2736 durius
387 2709 551 2743 iudicarent.
575 2707 634 2734 lam
653 2707 757 2743 faeculo
771 2706 948 2743 octavodibri

162 2745 282 2772 (Iarolini
307 2752 349 2775 tu,
373 2740 399 2777 δ’,
435 2745 462 2770 in
500 2742 612 2769 Tarasio
646 2740 948 2777 Constantinopolitano

165 2780 273 2812 t'Mansi,
291 2786 310 2806 I.
325 2775 426 2814 XII,'p.
444 2778 536 2811 112i),
554 2775 843 2814 vituperarunt,‘qtiod
858 2775 949 2814 Spiri-

164 2821 221 2842 tum
231 2810 270 2841 cx‘
279 2814 356 2841 Patre
365 2810 411 2850 per
423 2814 520 2841 Filium
539 2810 685 2850 procedere
702 2810 846 2850 confessus
856 2810 948 2842 fuerit,

165 2855 192 2877 ct
211 2857 264 2876 non
278 2845 377 2877 dixerit
389 2857 497 2885 quoque
512 2845 545 2876 δέ
560 2847 641 2875 Filio.
656 2848 713 2875 Non
725 2845 858 2873 absimilis
871 2853 948 2872 bror-

1023 2526 1030 2533 .
1051 2506 1112 2536 172,
1130 2505 1181 2532 HS
1193 2509 1220 2531 et
1243 2510 1325 2538 supra
1340 2510 1353 2530 a
1369 2501 1532 2530 Bessarione
1547 2501 1574 2528 in
1595 2501 1658 2532 tiae,
1672 2508 1730 2535 cap.
1751 2501 1773 2534 5,

1037 2541 1076 2575 (4)
1091 2541 1161 2567 Mon.
1173 2540 1193 2566 ί.
1203 2539 1255 2566 254
1273 2539 1301 2575 Ι),
1314 2539 1426 2564 νοεῖται.

1097 2575 1216 2611 Verbum
1233 2573 1383 2611 προάγουσι
1400 2570 1605 2611 supplevimus;
1627 2570 1653 2597 in
1677 2570 1775 2597 Monac.

1001 2605 1097 2640 codice
1110 2614 1185 2637 certe
1197 2605 1273 2636 deest
1292 2605 1318 2635 ei.
1333 2607 1431 2634 lacuna
1446 2605 1588 2633 evidenter
1604 2610 1725 2639 apparet.

997 2677 1044 2697 sus
1067 2672 1143 2700 sunt,
1158 2674 1218 2702 quae
1239 2667 1318 2699 Hugo
1332 2663 1606 2702 Etberianuscontra
1623 2662 1772 2702 Graecorum

998 2697 1178 2738 opposita.'|.'r
1189 2709 1218 2733 ll,
1232 2709 1258 2728 c.
1275 2697 1305 2738 9—,
1319 2700 1415 2738 scribit
1428 2707 1435 2727 :
1452 2698 1563 2738 Latinus
1576 2697 1600 2723 ci
1610 2697 1774 2738 quidemqui

998 2731 1091 2765 a'u'erit
1107 2731 1235 2772 Spiritum
1249 2735 1433 2772 assistentium
1457 2733 1552 2760 habere
1570 2740 1602 2772 e3:
1619 2731 1688 2772 Filio
1706 2736 1774 2772 utnec

998 2772 1091 2803 Patre,
1114 2765 1260 2802 coitsenlt't;
1277 2771 1404 2796 dicentem
1422 2775 1501 2795 vero:
1520 2775 1558 2803 επ
1577 2767 1655 2793 Patre
1671 2773 1717 2799 per
1732 2765 1773 2791 Fi—

999 2808 1074 2840 lium,
1089 2812 1113 2833 et
1127 2815 1177 2833 non
1197 2805 1432 2839 subintelligentem
1450 2811 1458 2830 :
1472 2811 1503 2829 es
1515 2802 1592 2834 Filio,
1609 2808 1773 2836 aspernatur.
