1925 3056
83 141 146 172 2H

373 195 442 224 ΤΟΥ
460 195 611 223 ΝΙΚΔΙᾹΣ.

129 256 164 282 Ol
181 255 230 290 μὲν
245 253 364 289 Λαττνοι,
380 255 416 286 ὥς
433 256 479 282 καὶ
489 256 519 282 ἐν
533 254 622 286 ἄλλοις
637 255 703 290 ήμτν
716 255 883 291 πλατύτερον

87 301 219 335 εἴρηται,
234 301 303 336 πρὸς
315 301 363 335 τὴν
383 301 491 335 ἰσότητὰ
504 309 534 327 τε
551 300 598 326 καὶ
611 300 766 334 ὁμοιότητα,
783 300 882 334 μᾶλλον

85 345 120 372 δὲ
142 346 297 381 ταυτότητα
318 347 368 380 τῆς
390 346 422 372 ὲκ
447 346 553 381 Πατρός
581 345 628 372 καὶ
645 344 711 372 Υιοῦ
733 345 780 372 τοῦ
802 345 881 379 ἁγίου

87 392 258 426 Πνεὺματος
281 392 416 426 προϐολῆς
439 392 596 427 ἀφορῶντες
621 393 671 427 τὴν
695 391 728 418 ἐκ
755 391 882 425 πρόθεσιν

89 438 201 473 μᾶλλον
215 438 263 473 τῆς
278 437 328 465 διὰ
341 437 545 472 δοκιμάζουσιν,
559 438 666 472 ἐκείνην
680 436 835 471 φεύγοντες,
851 437 881 463 οὐ

87 483 139 510 διὰ
166 485 196 510 τὺ
220 484 267 510 δύο
283 484 370 519 ἀρχὰς
394 484 523 517 εἰσάγειν,
546 483 584 514 ὡς
601 484 664 519 φῂς,
680 483 748 509 ἀλλὰ
769 482 813 510 διὰ
833 483 882 518 τὴν

87 528 222 555 ἀτέλειαν
244 529 291 555 καὶ
314 528 344 554 τὺ
368 528 516 563 ὁργανικήν
539 536 600 555 τινα
616 527 761 562 σημαίνειν
777 526 880 554 αἰτίαν.

88 573 156 599 Εἰσὶ
182 573 271 607 μέντοι
296 581 327 606 γε
349 572 374 599 οἵ
390 572 436 599 καὶ
461 572 528 607 αὐτῇ
550 572 680 606 χρῶνται,
707 571 882 598 σπανιώτατα

90 619 202 653 μέντοι·
215 619 262 645 καὶ
274 618 378 652 μάρτυς
395 619 409 644 ό
425 618 513 654 μέγας
529 617 640 652 Ίλάριος
658 617 837 651 ἀρχαιότατός
851 625 882 643 τε

46 687 48 689 .
89 663 143 690 καὶ
160 663 316 698 σοφώτατος
330 663 385 689 τῶν
407 662 560 689 Λατινικῶν
580 662 749 689 διδασκάλων
765 663 811 689 καὶ
828 662 882 688 Πα-

89 710 185 744 τάρων
198 709 356 743 γενόμενος.
374 709 488 744 Γραῖκο”ι
502 709 530 735 δὲ
547 709 592 735 καὶ
610 706 736 742 Γραϊκῶν
750 707 775 733 oi
793 707 882 733 Πατέ-

93 762 142 789 ρες
158 763 186 781 τε
201 755 247 781 καὶ
263 754 415 781 διδάσκαλοι
426 753 476 788 τὴν
491 753 559 788 πρὸς
572 753 617 780 τὸν
631 753 741 787 Πατέρα
755 751 802 779 τοῦ
816 751 882 778 Tia?»

91 800 190 834 σχέσιν
213 800 259 826 καὶ
274 800 350 831 τάξιν
372 800 419 826 καὶ
440 799 471 826 τὸ
492 799 596 826 ἐκεῖθεν
611 799 692 825 αὐτὸν
709 799 797 825 πάντα
810 798 883 834 ἔχειν

89 844 194 878 δηλοῦν
209 846 275 880 περὶ
291 845 415 876 πλείονος
427 844 609 878 ποιησάμενοι
622 845 655 879 τῇ
671 843 720 870 διὰ
738 843 775 874 ὡς
792 843 838 870 ἐπὶ
853 842 882 869 τὸ

91 890 223 917 πλεῖστον
236 890 367 926 χρῶνται,
382 890 436 916 οὐδ’
448 890 525 916 αὐτοὶ
540 889 615 924 ὅμως
627 889 767 921 παντελῶς
781 889 830 924 τὴν
844 889 879 916 ἐκ

91 935 280 970 ὲξορίσαντες.
305 935 361 962 Καὶ
387 935 506 970 παρίημι
530 935 703 970 παραγαγεῖν
729 935 881 970 μαρτυρίας

89 980 131 1012 ὥς
151 982 219 1008 πᾶσι
236 981 402 1016 γνωρίμους.
421 981 502 1007 Ὅθεν
517 981 628 1011 εἰκότως
642 980 697 1007 τῶν
715 981 840 1015 Γραῖκῶν
855 981 879 1007 oi

89 1026 166 1062 πρὸς
187 1027 238 1061 τὴν
264 1026 394 1061 ἀλήθειαν
409 1025 602 1057 ἀποκλίναντες
617 1026 655 1056 ὥς
676 1026 834 1061 Χριστιανοί
849 1035 880 1053 τι

92 1072 144 1098 καὶ
160 1072 333 1107 εὐγνώμονες
349 1072 412 1103 τοὺς
431 1071 608 1103 διδασκάλους
630 1072 752 1105 ἀλλήλοις
767 1080 880 1106 συμφω-

91 1117 208 1148 νοῦντας
233 1117 387 1152 δείκνυμεν·
403 1117 441 1148 ὡς
462 1116 540 1143 τοῦτο
566 1116 777 1150 ἀναγκαιότατον
802 1117 830 1143 ὃν
845 1118 877 1152 τῇ

92 1164 187 1190 πίστει
211 1163 258 1190 καὶ
273 1162 303 1190 οὗ
326 1162 390 1190 ἄνευ
409 1163 499 1190 πᾶσαν
523 1163 557 1190 ἂν
571 1163 648 1198 ἡμῶν
673 1163 722 1198 τὴν
738 1163 879 1190 εὐσέϐειαν

91 1207 251 1244 οἰχομένην
268 1208 315 1235 καὶ
335 1208 384 1242 τὴν
399 1207 448 1234 διὰ
471 1208 503 1242 τῇ
519 1207 553 1234 ἐκ
569 1207 667 1235 ταυτὸν
690 1208 780 1242 φαμὲν
800 1207 879 1234 δύνα-

94 1254 158 1281 σθαι
173 1254 219 1280 ἐπὶ
238 1253 284 1281 τοῦ
300 1253 494 1288 προκειμένου,
510 1253 557 1280 καὶ
571 1254 619 1280 τὸν
634 1252 721 1288 μέγαν
738 1253 878 1280 Βασίλειον

93 1299 203 1334 ἔχοντες
217 1299 296 1326 τοῦτο
311 1299 482 1334 βουλόμενον,
496 1299 532 1331 ὡς
547 1299 576 1326 ὲν
595 1300 650 1330 τοῖς
664 1298 794 1334 ἀνωτέρω
810 1298 877 1325 ἐδεί-

95 1346 191 1380 ξαμεν.
205 1345 273 1373 οὐδὲ
285 1346 378 1372 καινὸν
392 1344 480 1378 οὐδὲν,
495 1346 520 1372 εί
536 1345 647 1372 Λατῖνοι
664 1344 713 1380 μὶν
732 1345 800 1382 πρὸς
814 1344 878 1371 ἄλλο

94 1389 238 1425 βλέποντες
253 1390 317 1417 ἄλλο
334 1390 410 1424 φασὶ,
427 1390 482 1416 τῶν
499 1390 623 1425 Γραικῶν
644 1391 667 1416 δ’
679 1390 704 1416 οἱ
726 1390 877 1417 διδάσκαλοι

95 1436 183 1464 ἄλλων
198 1437 288 1464 εῐνεκα
301 1437 389 1471 λόγων
408 1437 500 1472 ἕτερα,
517 1437 555 1472 μὴ
570 1438 660 1471 μέντοι
676 1437 794 1470 ἐναντία,
809 1436 877 1463 ἀλλὰ

95 1484 165 1518 πρὸς
178 1483 209 1509 τὸ
222 1483 288 1510 αὐτὸ
303 1484 488 1518 συμπέρασμα
502 1483 619 1518 φέροντα
635 1483 728 1517 ἄμφω.
744 1483 777 1510 Ἀ
789 1482 878 1514 καλῶς

620 140 841 172 REFUTATIO
860 141 912 171 MA
919 141 984 172 RCl
1006 142 1202 176 EPBESINI.

1664 140 1716 172 ‘2i2

1257 200 1384 229 NlC/E'Nl

968 256 1057 285 Latini
1083 259 1206 293 quidem,
1231 262 1260 285 ut
1284 258 1375 285 alibia
1401 257 1479 285 nobis
1500 256 1587 284 fusius
1612 255 1714 283 dictum

931 307 973 330 est
983 303 1032 336 (α),
1042 304 1075 330 ad
1089 305 1271 339 aequalitatem
1282 310 1309 331 et
1322 304 1541 334 similitudinem,
1558 303 1612 329 imo
1624 303 1715 337 potius

932 349 1102 377 identitatem
1131 350 1290 385 spirationis
1304 350 1423 384 Spiritus
1438 349 1526 377 sancti
1541 355 1573 376 ex
1589 349 1669 375 Patre
1688 352 1716 375 et

932 395 1001 422 Filio
1014 396 1193 431 respicientes
1208 396 1428 431 praepositionem
1446 403 1477 422 ea:
1490 395 1575 428 magis
1588 395 1714 428 probant,

932 449 1013 476 quam
1037 443 1255 477 praepositionem
1277 451 1335 478 per,
1364 446 1487 476 hancque
1509 442 1637 476 fugiunt,
1659 449 1714 467 non

932 489 1009 522 quasi
1028 488 1091 515 inde
1107 488 1162 515 duo
1178 488 1375 516 inducerentur
1389 486 1536 523 principia,
1552 491 1581 514 ut
1598 488 1649 518 ais,
1667 486 1714 513 sed

932 539 1045 569 propter
1057 534 1290 569 imperfectionem
1305 539 1332 561 et
1347 535 1411 569 quia
1429 534 1583 568 organicam
1600 533 1716 565 (instru-

933 581 1090 615 mentalem)
1102 581 1247 615 quamdam
1260 588 1370 607 causam
1382 580 1527 613 signillcat.
1540 578 1610 605 Sunt
1625 581 1715 604 tamen

932 631 960 654 et
985 635 1018 654 ex
1043 626 1076 653 iis
1097 626 1142 661 qui
1173 626 1223 653 ista
1249 629 1373 657 utuntur,
1391 625 1531 651 rarissime
1558 628 1666 655 tamen;
1689 627 1716 649 ct
1747 635 1752 641 -

934 671 1009 697 testis
1032 675 1073 696 est
1085 677 1199 704 magnus
1218 669 1347 699 Hilarius.
1363 669 1407 702 qui
1426 673 1454 695 et
1471 668 1675 695 vetustissimus
1688 673 1716 694 et

932 714 1153 749 sapientissimus
1172 714 1243 741 inter
1271 713 1381 741 Latinos
1406 713 1534 740 doctores
1563 712 1716 746 Patresque

933 760 985 787 fuit
1012 759 1060 795 (ὁ).
1076 760 1166 794 \Graeci
1201 767 1266 787 vero
1292 764 1374 794 atque
1390 758 1546 786 Graecorum
1569 757 1664 784 Patres
1689 761 1717 783 et

933 805 1059 833 doctores
1078 805 1139 833 Filii
1152 805 1185 832 ad
1202 806 1309 833 Patrem
1334 805 1525 832 habitudinem
1540 808 1568 830 et
1590 802 1715 830 ordinem

897 860 918 888 Β
932 856 1014 886 atque
1028 851 1100 886 quod
1116 859 1131 878 a
1146 852 1225 879 Patre
1236 851 1327 878 omnia
1348 850 1431 877 habet
1450 849 1591 877 declarare
1606 847 1718 881 majoris

931 897 1062 924 facientes
1082 897 1276 932 praepositione
1292 905 1339 932 per
1365 901 1394 923 ut
1418 895 1566 930 plurimum
1590 899 1716 926 utuntur,

932 950 1021 977 neque
1036 947 1125 970 tamen
1147 942 1198 977 ipsi
1212 942 1432 975 praepositionem
1455 949 1487 968 ea:
1499 940 1611 967 omnino
1622 939 1717 966 exclu-

931 989 1009 1016 dunt.
1030 987 1133 1016 Omitto
1151 988 1308 1016 testimonia
1325 987 1476 1022 producere
1497 991 1591 1021 utpote
1606 985 1715 1013 cunctis

930 1039 994 1062 nota
1012 1034 1057 1069 (c).
1075 1035 1260 1068 Quamobrem
1283 1033 1382 1061 merito
1408 1033 1425 1060 ii
1445 1032 1602 1060 Graecorum
1622 1031 1668 1066 qui
1681 1031 1716 1058 ad

929 1081 1073 1108 veritatem
1088 1080 1274 1112 transivimus.
1288 1084 1317 1107 ut
1326 1078 1475 1107 Christiani
1491 1082 1519 1105 et
1534 1076 1715 1111 intelligentia

929 1127 1036 1161 praediti
1062 1126 1187 1154 doctores
1210 1126 1262 1153 sibi
1286 1125 1403 1152 invicem
1425 1123 1575 1152 concordes
1594 1122 1716 1149 ostendi-

929 1180 1001 1204 mus,
1016 1176 1111 1207 utpote
1134 1171 1206 1206 quod
1223 1171 1340 1198 maxime
1356 1169 1542 1197 necessarium
1558 1168 1594 1194 sit
1606 1167 1667 1194 lidei
1686 1170 1715 1193 et

929 1225 984 1253 quo
998 1217 1126 1252 adempto
1144 1218 1234 1244 omnis
1247 1222 1340 1244 nostra
1355 1216 1452 1251 religio
1466 1219 1587 1242 corruat.
1604 1214 1716 1248 Etprae-

928 1264 1090 1299 positionem
1100 1271 1147 1298 per
1160 1263 1231 1290 idem
1246 1262 1336 1289 valere
1352 1262 1470 1289 dicimus
1489 1268 1521 1288 ac
1543 1259 1714 1294 praepositio-

928 1317 991 1337 nem
1009 1317 1041 1336 ea:
1052 1310 1080 1336 in
1099 1309 1238 1344 proposita
1254 1308 1380 1338 materia.
1395 1308 1477 1335 etiam
1494 1313 1622 1340 magnum
1641 1305 1714 1331 Basi-

928 1357 995 1384 lium
1021 1356 1154 1383 habentes
1177 1354 1204 1381 id
1231 1354 1384 1385 docentem,
1412 1357 1444 1379 ut
1468 1352 1495 1378 in
1524 1350 1715 1386 superioribus

929 1402 1176 1430 demonstravimus
1187 1400 1237 1434 (ά).
1254 1399 1348 1433 Neque
1367 1406 1468 1425 novum
1488 1397 1639 1424 ullo.modo
1660 1401 1714 1430 est,

929 1448 950 1475 si
965 1447 1053 1475 Latini
1066 1447 1099 1474 ad
1115 1445 1189 1473 aliud
1205 1445 1382 1480 respicientes
1395 1444 1469 1471 aliud
1488 1443 1594 1476 dicunt,
1606 1443 1712 1470 Graeco-

928 1500 989 1520 rum
1007 1500 1071 1519 vero
1090 1492 1226 1523 doctores,
1238 1490 1354 1517 aliarum
1370 1490 1507 1516 rationum
1531 1489 1627 1523 gratia,
1647 1487 1712 1520 alia,

97 1529 236 1560 ποιοῦντες
245 1529 269 1555 οι
284 1530 315 1555 ὲκ
327 1528 371 1555 σοῦ
384 1528 431 1556 καὶ
443 1529 496 1555 τῶν
510 1529 552 1555 σοὶ
563 1529 664 1563 ὁμοίως
679 1529 878 1563 ὲσκοτισμένων

931 1546 985 1566 non
1004 1542 1093 1565 tamen
1110 1535 1314 1567 contrariaded
1328 1535 1361 1562 ad
1374 1535 1497 1562 eamdem
1508 1534 1711 1562 conclusionem

97 1575 219 1609 εὐτυχῶς
243 1575 415 1606 ἐκπεσόντες,
436 1574 536 1607 μᾶλλον
558 1574 585 1600 δὲ
610 1574 774 1606 ἀναστάντες
797 1575 824 1609 (ἡ
847 1575 877 1601 ἐκ

94 1620 142 1648 τοῦ
169 1621 282 1652 σκότους
310 1620 363 1655 γὰρ
388 1620 436 1647 καὶ
460 1620 507 1646 τοῦ
531 1620 645 1655 ψεύδους
659 1621 794 1653 ἔκπτωσις
809 1621 877 1656 πρὶς

94 1669 145 1704 τὴν
156 1669 285 1704 ἀλήθειαν
303 1670 349 1696 καὶ
365 1670 395 1696 τὺ
418 1669 475 1704 φῶς
496 1670 569 1696 ἐστιν
584 1670 726 1702 άπόκλισις
749 1671 796 1697 καὶ
810 1671 877 1697 ἀπό-

95 1715 188 1750 ϐλεψις
211 1716 259 1742 καὶ
280 1715 393 1750 εὐτυχὴς
422 1715 505 1746 ὅντως
529 1715 698 1750 ἀνάστασις)·
716 1716 808 1747 καλῶς
830 1714 877 1742 οὖν

96 1760 168 1787 οὗτοι
190 1769 221 1794 γε
236 1761 282 1787 καὶ
297 1759 416 1792 εὐσεϐῶς
428 1759 568 1791 ποιοῦντες
587 1760 767 1795 συμϐαίνοντα
784 1769 813 1787 τε
831 1762 877 1787 καὶ

95 1807 224 1842 ὁμόφωνα
237 1806 363 1842 ἀλλήλοις
379 1806 410 1833 ἔκ
424 1814 454 1832 τε
469 1806 516 1833 τοῦ
535 1806 614 1839 λόγου
629 1805 722 1838 αὐτοῦ,
740 1806 771 1833 ἐκ
785 1815 814 1833 τε
830 1806 877 1833 τοῦ

96 1853 150 1880 τῶν
163 1845 248 1887 άγιων
262 1851 414 1886 ἀξιώματος
427 1850 584 1886 ὁρμώμενοι
600 1851 686 1878 ταῦτα
698 1851 876 1880 δεικνύουσιν.

97 1899 177 1926 Ὅθεν
197 1899 278 1934 ἡμεῖς
294 1898 343 1933 μὶν
367 1897 430 1925 οὕτε
453 1898 503 1932 τὴν
521 1897 571 1931 ¹διὰ
587 1898 634 1925 καὶ
654 1898 684 1924 τὸ
699 1899 767 1933 μετὰ
782 1899 830 1934 τῆς
843 1899 877 1926 ἐκ

97 1945 168 1973 ἔστιν
183 1945 226 1980 ἐφ’
238 1943 276 1973 ὧν
291 1945 451 1980 ισοδύναμον
476 1945 562 1978 αὐτῆς
577 1943 741 1980 άπόλλυμεν,
758 1943 821 1972 οὔτε
838 1947 878 1977 εἰς

96 1991 223 2026 δυαρχίαν
247 1992 425 2024 ὲκπίπτομεν.
449 1990 479 2017 Εί
504 1991 558 2025 γὰρ
578 1991 626 2017 καὶ
648 1991 694 2017 δύο
716 1990 848 2025 πρόσωπα
863 1991 878 2017 ό

99 2038 190 2071 Πατὴρ
205 2038 251 2064 καὶ
265 2038 278 2063 ό
292 2037 365 2069 Υἱὸς,
379 2036 446 2063 ἀλλὰ
460 2036 490 2063 τὸ
503 2036 601 2063 εἰδικδν
614 2037 710 2070 αἴτιον,
725 2037 742 2072 ή
760 2036 819 2064 θεία
834 2037 878 2063 οὺ-

100 2083 143 2109 σία
163 2082 275 2118 δηλαδὴ,
292 2082 355 2108 καθ’
366 2082 399 2117 ἢν
416 2083 480 2117 μίαν
495 2083 543 2109 καὶ
556 2082 606 2118 τὴν
624 2081 710 2117 αὐτὴν
733 2084 761 2109 ὲν
784 2083 877 2115 αὐτοῖς

98 2127 177 2155 οὖσαν
195 2128 279 2162 ἄμφω
298 2128 328 2154 τδ
352 2126 464 2162 Πνεῦμα
478 2127 509 2153 τὸ
523 2126 601 2162 ἅγιον
623 2128 830 2163 προϐάλλουσιν,
848 2128 878 2155 ἓν

99 2174 145 2201 καὶ
160 2174 245 2201 ταυτὸ
262 2173 382 2209 ἀριθμῷ,
401 2174 449 2200 καὶ
470 2173 513 2200 διὰ
533 2174 612 2200 τοῦτο
636 2174 684 2208 μία
704 2175 779 2200 ἐστὶν
793 2174 875 2210 ἀρχὴ,
894 2197 914 2225 D

100 2221 189 2256 ὥσπερ
204 2221 250 2248 καὶ
265 2221 314 2255 τῆς
332 2220 448 2251 κτίσεως
465 2219 577 2255 ἡΤριὰς
589 2218 657 2247 οὖσα
672 2222 757 2252 αἰτία,
771 2221 800 2247 οὐ
815 2221 877 2256 τρία

98 2267 168 2301 ὅμως
180 2266 251 2292 εἰσὶν
266 2267 350 2299 αἴτια,
365 2265 453 2291 καίτοι
472 2266 534 2300 τρία
546 2265 583 2300 τῷ
601 2266 709 2300 ἀριθμῷ
728 2265 806 2298 οὖσα,
820 2267 877 2293 ἀλλ’

98 2313 127 2339 ἓν
139 2320 165 2338 τε
179 2312 226 2338 καὶ
241 2312 330 2347 πάντη
345 2312 375 2338 ἒν
391 2311 435 2338 διὰ
450 2311 480 2337 τδ
492 2311 592 2338 ταυτὸν
608 2320 638 2337 τε
655 2312 700 2338 καὶ
714 2313 812 2339 ἐνιαῖον
826 2312 877 2347 τῆς

99 2358 166 2388 θείας
183 2357 318 2392 θελήσεως
333 2358 384 2392 (δεῖ
399 2358 451 2392 γάρ
474 2365 507 2390 με
528 2356 658 2387 πολλάκις
679 2358 767 2384 ταυτα
788 2357 877 2391 λέγειν

98 2404 161 2438 ιιιρδς
180 2405 225 2430 τὸν
245 2404 289 2431 ἀεὶ
314 2404 348 2430 τὰ
367 2404 436 2430 αὐτὰ
452 2402 679 2438 ἁνακυκλοῦντα).
699 2402 767 2429 Οὔτε
784 2403 812 2429 δὲ
833 2403 877 2430 διὰ

97 2449 172 2477 τοῦτο
194 2450 288 2485 ἕψεται
312 2450 417 2484 κτίσμα
441 2447 510 2476 εῖναι
531 2447 561 2476 τὸ
576 2449 699 2482 Πνεῦμα.
714 2449 753 2480 ὡς
777 2448 876 2480 εἴωθας

100 2497 246 2531 ἐπιτέρειν,
269 2496 315 2523 καὶ
330 2496 353 2522 οἱ
368 2497 441 2530 λόγοι
461 2495 594 2530 εἴρηνται,
617 2493 679 2521 οὔτε
693 2495 740 2521 καὶ
761 2494 776 2529 ἢ
796 2494 876 2521 ἑαυτὸ

99 2542 254 2577 προσάλλειν
269 2543 298 2568 τδ
319 2541 442 2577 Πνεῦμα,
459 2542 475 2577 ἢ
492 2541 575 2575 ἄλλης
599 2541 706 2575 φύσεως
722 2538 803 2568 εῖναι.
821 2540 876 2566 Καὶ

97 2588 202 2618 τούτους
215 2588 268 2622 γὰρ
282 2588 343 2618 τοὺς
356 2587 480 2619 ἀσθενεῖς
490 2587 626 2621 ὲλύσαμεν
640 2586 746 2620 λόγους·
763 2586 810 2612 καὶ
821 2585 875 2620 γὰρ

99 2635 141 2660 καὶ
154 2634 167 2660 ὁ
182 2634 244 2665 Υἱὸς
260 2635 291 2660 ὲκ
310 2634 417 2669 Πατρὸς
444 2635 514 2660 κατὰ
537 2633 586 2669 τὴν
609 2633 683 2660 θείαν
698 2632 792 2659 οὐσίαν
809 2640 874 2666 γεν-

130 2715 165 2749 (α)
178 2714 245 2741 Vide
268 2713 434 2749 Bessarionis
450 2713 526 2740 Orat.
542 2713 634 2747 ϐοείη.
658 2711 693 2739 de
717 2711 820 2739 unione
845 2712 873 2740 in

98 2757 167 2777 conc.
186 2749 318 2780 Florent.,
331 2757 390 2782 cap.
408 2748 424 2774 5
439 2756 498 2782 seq.

129 2784 162 2819 (ὑ)
181 2784 307 2819 Hilarius,
335 2781 372 2810 de,
395 2781 492 2819 Trinit.
510 2790 557 2814 xu,
582 2783 630 2814 56,
648 2781 824 2819 57Liorntula
841 2790 873 2809 ea;

100 2817 171 2846 Putre
184 2827 229 2854 per
245 2818 343 2845 ("ilium
356 2817 518 2854 ulililrthllt
534 2823 671 2854 anteeuln
687 2817 872 2854 Tertulliani”

101 2856 155 2879 a.lv.
171 2852 249 2879 lirax.
277 2862 300 2879 (ξ.
318 2853 344 2880 4.
358 2858 385 2879 et
402 2853 578 2880 Novatianus.
595 2852 621 2879 iu
641 2853 710 2880 libro
730 2852 764 2879 De
779 2852 869 2879 Trini-

928 1585 1091 1612 deducentia
1110 1588 1237 1617 utraque.
1250 1582 1315 1614 Quae
1334 1585 1406 1608 recte
1422 1585 1533 1615 agentes
1546 1580 1576 1610 ii.
1592 1579 1638 1614 qui
1655 1588 1669 1606 a
1683 1585 1712 1607 te

928 1633 956 1657 et
975 1629 1009 1657 ab
1025 1630 1058 1656 iis
1078 1628 1124 1663 qui
1141 1628 1189 1655 tibi
1208 1627 1333 1654 similiter
1357 1627 1479 1654 tenebris
1505 1625 1620 1653 involuti
1637 1629 1710 1656 sunt,

927 1676 1043 1703 feliciter
1067 1674 1236 1706 deiecerunt,
1259 1681 1328 1708 quos
1348 1673 1439 1706 lapsos
1454 1672 1535 1704 dicis,
1559 1672 1604 1705 qui
1621 1675 1712 1698 autem

928 1729 1023 1749 revera
1038 1723 1247 1748 resurrexerunt
1266 1719 1339 1753 (nam
1358 1718 1477 1745 deiectio
1494 1726 1507 1745 a
1522 1717 1642 1745 tenebris
1657 1721 1683 1743 et
1697 1724 1712 1743 a

929 1765 1069 1793 mendacio
1085 1765 1118 1792 ad
1134 1764 1275 1792 veritatem
1295 1770 1327 1790 ac
1347 1763 1440 1790 lumen
1457 1762 1605 1789 declinatio
1622 1765 1664 1788 est
1685 1766 1714 1787 et

929 1819 1022 1840 revera
1036 1811 1099 1838 l‘elix
1111 1810 1299 1843 resurrectio),
1312 1814 1396 1840 recte,
1410 1809 1529 1843 inquam,
1540 1812 1651 1843 agentes
1667 1807 1712 1834 isti

928 1866 960 1886 ac
980 1857 1106 1892 religiose
1120 1857 1251 1884 facientes
1264 1863 1385 1883 consona
1406 1858 1434 1882 et
1448 1853 1642 1882 concordantia
1660 1853 1712 1880 sibi

928 1902 1044 1930 invicem
1073 1905 1129 1929 tum
1155 1909 1188 1928 ex
1205 1900 1310 1928 ratione
1333 1900 1403 1934 ipsa,
1416 1903 1473 1926 tum
1497 1907 1529 1926 ex
1553 1902 1712 1926 sanctorum

929 1947 1091 1974 auctoritate
1117 1946 1245 1973 commoti
1265 1945 1465 1973 demonstrant.
1480 1944 1559 1972 Unde
1581 1952 1633 1971 nos
1649 1944 1713 1978 qui-

929 1993 990 2020 dem
1001 1999 1091 2026 neque
1102 1991 1322 2026 praepositionem
1341 1999 1387 2025 per
1409 1995 1436 2017 et
1453 1991 1512 2025 ejus
1529 1990 1556 2017 in
1573 1989 1714 2016 nonnullis

929 2046 990 2066 cum
1004 2037 1191 2073 praepositione
1207 2044 1239 2063 ea:
1252 2035 1481 2071 atquipollentiam
1496 2035 1648 2070 perdimus,
1665 2042 1714 2061 ne-

928 2092 981 2119 que
995 2084 1022 2110 in
1037 2082 1232 2119 principiorum
1247 2082 1406 2110 dualitatem
1424 2081 1578 2108 incidimus.
1593 2081 1623 2108 Si
1637 2081 1712 2108 enim

927 2134 954 2156 et
966 2129 1026 2157 duae
1043 2135 1165 2163 personae
1177 2132 1241 2155 sunt
1252 2127 1333 2154 Pater
1349 2131 1376 2153 et
1392 2126 1486 2159 Filius,
1497 2131 1615 2154 attamen
1629 2133 1712 2154 causa

929 2175 1065 2210 speciﬁca,
1084 2174 1176 2201 divina
1189 2173 1316 2202 videlicet
1328 2174 1458 2205 essentia,
1467 2174 1616 2200 secundum
1628 2181 1711 2208 quam

930 2227 1011 2247 unam
1023 2219 1200 2254 eamdemque
1213 2219 1239 2246 in
1254 2219 1320 2253 ipsis
1340 2219 1518 2246 exsistentem
1530 2219 1611 2246 ambo
1623 2220 1714 2254 Spiri-

931 2270 986 2293 tum
1000 2269 1124 2293 sanctum
1150 2265 1314 2300 producunt,
1334 2273 1387 2292 una
1410 2265 1587 2300 eamdemque
1605 2271 1646 2293 est
1662 2274 1713 2293 nu-

929 2318 1015 2342 mero,
1029 2311 1145 2346 ideoque
1162 2319 1246 2338 unum
1262 2311 1427 2346 principium
1438 2331 1445 2343 ,
1464 2311 1535 2338 sicut
1550 2312 1633 2338 etiam
1649 2320 1712 2338 eum

931 2357 1050 2385 Trinitas
1080 2358 1116 2385 sit
1137 2364 1230 2384 rerum
1252 2361 1405 2384 creatarum
1427 2364 1520 2389 causa,
1544 2362 1634 2384 tamen
1658 2366 1713 2385 non

932 2407 987 2431 tres
1004 2410 1094 2430 causa:
1105 2407 1180 2436 sunt,
1196 2403 1260 2430 licet
1275 2403 1326 2430 tria
1352 2410 1468 2430 numero
1489 2403 1533 2430 illa
1555 2403 1602 2434 sit,
1618 2410 1712 2429 verum

930 2457 984 2477 una
1002 2453 1029 2476 et
1043 2450 1116 2477 omni
1132 2457 1165 2478 ex
1191 2455 1267 2484 parte
1287 2456 1340 2476 una
1359 2454 1471 2484 propter
1493 2448 1664 2476 identitatem
1687 2453 1714 2476 rt

930 2496 1094 2530 singularem
1117 2495 1274 2523 unicitatem
1299 2495 1450 2522 voluntatis
1471 2494 1571 2522 divinae
1595 2494 1714 2528 (oportet

929 2541 1002 2568 enim
1016 2549 1060 2568 me
1073 2541 1174 2576 saepius
1190 2541 1285 2568 eadem
1299 2540 1392 2567 dicere
1415 2541 1448 2567 ad
1461 2548 1535 2573 eum,
1551 2540 1604 2575 qui
1615 2539 1711 2567 eadem

928 2595 1037 2622 semper
1059 2587 1180 2621 repetit).
1202 2586 1296 2621 Neque
1315 2593 1380 2613 vero
1397 2590 1540 2621 propterea
1568 2590 1710 2620 sequetur,

928 2639 1081 2661 creaturam
1098 2640 1156 2660 esse
1175 2633 1318 2668 Spiritum,
1333 2637 1364 2660 ut
1380 2630 1481 2659 inferre
1492 2632 1574 2664 soles,
1586 2638 1614 2658 et
1629 2632 1713 2659 ratio-

929 2715 982 2738 tate
997 2717 1056 2737 eam
1073 2713 1246 2743 usurparent.

964 2746 998 2780 (ci
1012 2745 1125 2772 Certum
1142 2742 1193 2771 Vest
1219 2743 1351 2780 Cyrillum
1372 2742 1585 2780 Alexandrinum
1604 2750 1710 2780 [πέμψο-

929 2778 1054 2808 sitionem
1070 2787 1101 2806 ex
1117 2780 1143 2805 in
1162 2780 1213 2806 hac
1236 2778 1348 2806 materia
1372 2787 1426 2806 non
1442 2778 1525 2805 semel
1540 2778 1710 2806 adhibuisse.

927 2817 967 2843 Cl‘.
985 2817 1065 2844 Allat.
1086 2815 1189 2841 Viudic.
1210 2822 1270 2850 syn.
1286 2814 1400 2850 Ephes..
1419 2822 1443 2841 c.
1467 2813 1511 2846 54,
1535 2822 1560 2848 ι).
1581 2814 1631 2841 165
1651 2821 1708 2847 se].

963 2852 1000 2880 (τί)
1017 2850 1080 2877 Vitlc
1096 2858 1175 2883 supra
1188 2850 1220 2877 ad
1239 2857 1299 2883 cap.
1318 2849 1334 2876 Ξ
1351 2850 1417 2883 (l9).
