1925 3056
218 151 272 182 247

217 207 354 242 Spiritum
379 210 503 235 sanctum
523 209 674 243 procedere
696 215 845 244 testantur,
863 216 908 244 et,
926 211 998 247 quod
1013 213 1039 242 Δ

216 261 249 280 ex
276 253 333 280 illis
361 253 512 289 colligitur.
539 255 652 282 omnino
673 263 710 283 ne
737 256 864 291 aspicere
887 257 999 292 quidem

215 298 312 325 valet:
340 299 480 336 quomodo
511 300 584 327 enim
612 301 645 328 ad
671 306 793 334 tantam.
819 307 901 338 atque
929 304 999 331 adeo

216 344 372 372 evidentem
398 345 565 374 veritatem?
580 345 682 374 Verum
699 349 831 384 aqualem
848 350 903 376 vim
916 354 999 384 atque

216 395 344 418 naturam
384 393 609 427 prmpositionum
634 402 680 428 per
706 399 732 422 et
757 403 806 427 ex,
835 395 918 430 idque
944 404 999 423 non

215 442 309 468 recte,
327 442 410 473 atque
429 439 488 466 sine
506 439 561 466 ulla
584 440 690 468 ratione
711 441 836 473 invadit;
854 448 999 470 contume-

215 481 315 516 liisque
330 490 408 509 snam
426 484 618 512 refutationem
633 485 794 520 absolvens,
812 487 915 521 aliquid
932 495 1000 522 ope-

216 529 376 562 rtepretium
407 529 497 557 facere
527 531 675 559 existimat.
706 532 774 559 Cum
817 533 909 568 inepte
933 541 1000 561 sane

217 578 300 608 atque
318 574 401 608 impie
418 580 538 603 mentem
556 582 716 605 sanctorum
733 578 952 614 interpretetur;
971 585 1000 608 et

215 627 279 646 eum
294 620 340 654 qui
355 622 506 649 sententias
520 621 632 651 Patrum
647 624 755 659 collegit
765 644 773 657 ,
786 629 814 652 et
829 625 898 652 tales
914 626 1000 654 edidit

215 665 429 700 inscriptiones,
454 667 542 695 virum
567 676 633 697 sane
656 669 767 697 doctum
793 665 998 705 calumnietur;

214 711 349 738 rationem
375 721 440 740 vero
466 714 582 742 reddere
608 715 719 743 minime
746 717 846 744 valeat.
864 718 998 753 Praeposi-

214 756 290 783 tione
321 762 411 784 autem
434 765 491 792 per,
519 759 740 795 conjunctionem
764 761 792 788 in
823 762 998 790 sanctissima

214 800 370 836 Trinitate,
399 803 670 839 immutabililatem,
695 806 889 840 identitatem,
914 813 997 843 atque

212 847 336 874 eamdem
352 848 521 876 voluntatem
538 850 706 885 denotante;
720 860 781 880 cum
798 854 823 880 in
841 853 976 890 theologia
987 874 995 887 ,

214 892 286 919 idem
308 894 402 921 valere
425 895 587 930 intelligitur
606 896 680 931 quod
709 898 868 933 praepositio
885 885 996 932 πίοι-ξ
1011 885 1035 915 Β

214 937 334 966 bitratur
356 947 410 966 non
430 947 509 974 posse
528 948 543 967 a
563 949 702 977 quoquam
720 943 825 978 accipi,
843 945 998 973 secundum

215 982 267 1023 hoc
283 983 467 1018 significatum
483 987 565 1013 etiam
587 987 615 1014 in
635 987 816 1022 productione
837 990 927 1018 Patris
950 998 999 1025 per

215 1029 336 1063 Filium;
354 1031 395 1058 vel
413 1031 465 1058 hac
486 1033 593 1060 ratione
611 1038 705 1068 putat,
726 1042 780 1061 non
800 1035 866 1063 illud
887 1043 937 1064 nos
958 1037 1000 1064 in-

217 1075 365 1110 telligere,
391 1077 522 1104 nimirum
562 1079 738 1108 concordiam
775 1085 802 1108 et
829 1082 1000 1116 conjunctio-

214 1127 297 1153 nem,
327 1121 374 1148 sed
408 1122 501 1157 potius
530 1123 725 1152 discretionem
754 1133 786 1154 ac
813 1126 998 1161 divisionem,

214 1167 472 1203 oppOsitionemque
498 1174 580 1204 atque
609 1170 824 1206 discrepantiam
853 1172 997 1201 inducere.

213 1212 291 1245 Quod
311 1214 348 1241 ita
365 1222 428 1242 eum
448 1215 600 1251 intelligere
626 1225 659 1244 ex
676 1217 721 1245 his
741 1226 802 1252 qua:
822 1219 886 1246 dicit
903 1238 910 1251 ,
932 1227 999 1254 quo-

213 1258 361 1287 dammodo
386 1266 523 1296 apparet;
550 1262 605 1289 imo
632 1271 698 1290 vero
723 1268 751 1291 et
774 1264 919 1291 manifeste
944 1264 999 1298 ait,

213 1303 266 1331 hac
285 1305 392 1334 ratione
424 1307 494 1335 velle
515 1315 565 1336 nos
585 1308 758 1344 significare,
779 1310 913 1345 Spiritum
934 1317 999 1337 san-

212 1356 299 1381 ctum.
317 1359 350 1379 ex
366 1352 473 1380 duabus
503 1355 642 1389 personis,
660 1355 748 1383 Patris
761 1362 788 1383 et
802 1356 874 1388 Filii,
891 1356 998 1384 diverse

212 1397 365 1431 exsistere;
381 1399 476 1426 nescio
492 1400 582 1433 unde,
598 1405 626 1428 et
640 1409 655 1428 a
671 1409 790 1436 quonam
809 1402 917 1430 dicente
931 1402 998 1430 illud

213 1443 349 1479 (diverse)
368 1445 498 1472 audierit.
517 1446 562 1473 Sic
583 1446 675 1482 itaque
691 1447 831 1483 opinatur,
851 1456 900 1476 nos
913 1449 998 1476 insul-

213 1493 272 1516 tare
291 1489 319 1516 in
341 1489 528 1526 theologiam;
550 1491 620 1519 forte
634 1497 662 1519 et
678 1492 735 1527 ipse
750 1501 861 1528 quoque
881 1494 934 1522 hoc
955 1494 998 1521 in-

213 1537 334 1572 t--lligit,
366 1545 427 1563 cum
456 1544 489 1562 ex
518 1537 598 1566 Patre
626 1546 674 1572 per
701 1539 822 1572 Filium,
849 1539 877 1566 in
903 1547 1031 1582 rerumc

212 1586 311 1609 natura
324 1583 458 1610 mundum
472 1591 533 1612 esse
546 1585 709 1619 productum
723 1585 829 1614 asserit.
846 1584 904 1612 Non
922 1585 995 1612 enim

212 1628 293 1656 video
304 1649 311 1661 ,
328 1637 378 1656 cur
394 1630 486 1664 potius
504 1630 530 1657 in
551 1630 742 1665 procreatione
764 1630 877 1663 mundi,
893 1638 998 1666 prapo-

196 1666 200 1670 I
213 1682 226 1702 s
241 1675 278 1700 tio
299 1684 355 1709 per,
370 1683 448 1710 teque
469 1676 575 1710 pollens
590 1681 672 1710 atque
688 1676 846 1711 praepositio
860 1684 904 1710 ex,
924 1676 996 1704 idem

211 1729 274 1748 esse
289 1721 361 1748 inter
375 1729 403 1749 se
419 1729 553 1757 personas
567 1721 714 1757 significet,
730 1729 792 1749 cum
808 1725 898 1750 tamen
913 1722 997 1749 etiam

212 1767 418 1795 distinctionem
435 1775 530 1795 earum
548 1776 627 1803 teque
642 1768 753 1797 denotet
766 1777 774 1796 :
791 1768 845 1796 hoc
858 1769 932 1796 enim
946 1775 997 1796 nec

213 1813 272 1847 ipse
299 1812 474 1840 adversarius
497 1813 630 1848 negabit;
655 1813 684 1841 in
699 1813 883 1849 productione
904 1818 996 1841 autem

212 1859 334 1893 Spiritus
347 1859 451 1891 sancti,
470 1866 524 1886 non
545 1859 632 1892 item;
654 1859 702 1887 sed
723 1851 829 1887 tantum
849 1859 996 1887 diversita-

212 1909 266 1932 tem
278 1925 285 1937 ,
305 1910 333 1932 et
350 1905 470 1940 undique
487 1905 705 1933 distinctionem.
726 1905 822 1941 Neque
836 1905 995 1939 erubescit,

211 1955 307 1979 contra
345 1959 374 1979 se
394 1952 534 1979 adducens
558 1959 687 1988 magnum
711 1952 862 1985 Basilium,
888 1953 934 1987 qni
956 1957 996 1979 te-

210 2001 299 2025 statur
324 2005 419 2025 vocem
448 1997 533 2030 illam,
562 2005 610 2033 per
634 1997 743 2029 Filium,
773 1997 805 2025 ad
832 1997 994 2033 originalem

210 2050 320 2070 causam
337 2050 391 2071 non
407 2042 522 2071 referre.
546 2043 581 2070 At
601 2047 676 2070 certe
692 2051 742 2070 nos
757 2050 789 2070 ex
804 2043 912 2070 duabus
929 2050 995 2078 per-

209 2089 304 2122 sonis,
327 2090 407 2117 Patre
421 2110 429 2123 ,
451 2090 580 2126 inqnam,
594 2095 622 2117 et
644 2090 732 2123 Filio,
747 2090 839 2117 dicere
860 2089 994 2124 Spiritum

209 2140 335 2164 sanctum
352 2137 484 2165 exsistere
495 2157 502 2170 ,
518 2138 561 2165 vel
576 2138 693 2165 maxime
710 2136 870 2168 fatebimur,
886 2140 914 2163 et
929 2143 995 2163 con-

210 2182 364 2216 cedemus;
380 2183 449 2210 nihil
468 2184 542 2210 enim
560 2189 704 2218 operatur,
723 2183 777 2210 nisi
796 2186 931 2217 qnatenus
951 2186 994 2209 est

209 2228 262 2255 hoc
287 2228 409 2262 aliquid,
435 2233 518 2263 atque
545 2229 718 2257 individuum
735 2238 742 2256 :
759 2236 813 2263 qua
839 2235 904 2255 vero
928 2227 992 2256 talia

210 2274 290 2302 Pater
309 2279 337 2302 et
354 2275 441 2302 Filius
455 2275 510 2302 duo
526 2279 601 2302 sunt.
620 2275 655 2303 At
671 2282 737 2302 vero
752 2274 861 2301 diverse
875 2273 909 2300 ab
924 2273 991 2308 ipsis

209 2319 378 2355 procedere,
399 2320 426 2347 id
454 2328 593 2354 nunquam
614 2319 818 2351 concedamus,
844 2326 990 2354 quousque

210 2366 338 2394 audimus
355 2370 465 2394 sanctos
482 2365 606 2393 dicentes
617 2386 625 2398 ,
640 2365 773 2400 Spiritum
788 2369 912 2392 sanctum
931 2372 992 2392 esse

210 2413 400 2448 operationem
435 2412 588 2440 naturalem
608 2419 687 2447 teque
707 2411 768 2439 Filii
789 2415 871 2446 atque
889 2410 993 2438 Patris.

211 2459 298 2487 Unam
312 2464 402 2486 autem
417 2458 604 2494 operationem
618 2466 678 2489 esse
691 2457 779 2485 Patris
791 2462 819 2485 et
830 2457 891 2484 Filii
904 2477 912 2490 ,
926 2464 993 2484 con.-

209 2509 313 2532 stanter
328 2505 477 2532 credimus.
498 2505 555 2531 Nisi
577 2505 646 2531 forte
665 2508 693 2531 et
711 2504 771 2539 ipse
787 2511 850 2530 cum
870 2503 939 2530 dicit
957 2510 993 2530 ex

209 2552 301 2585 Patre,
317 2556 344 2579 et
360 2551 440 2582 Filio,
457 2554 485 2578 et
497 2550 602 2584 Spiritu
619 2555 727 2582 sancto,
744 2549 786 2576 vel
802 2557 836 2576 ex
847 2549 929 2576 Patre
942 2556 992 2583 per

209 2596 307 2624 Filium
322 2597 349 2624 in
365 2596 468 2631 Spiritu
482 2600 578 2624 sancto
589 2599 762 2630 procreatum
776 2602 836 2622 esse
846 2595 990 2626 mundum,

207 2651 264 2670 non
284 2648 339 2670 tres
360 2647 464 2670 tantum
487 2641 534 2677 (id
552 2642 626 2669 enim
642 2641 737 2676 utique
754 2641 928 2675 fateretur),
943 2639 992 2667 sed

207 2694 235 2716 et
254 2689 363 2716 diverse
385 2693 439 2715 tres
459 2686 608 2716 fabricatos
628 2695 690 2715 esse
709 2687 842 2715 mundum
869 2690 986 2714 asserat.

207 2734 286 2767 Quod
313 2734 336 2762 si
362 2735 488 2768 miratur,
517 2734 656 2769 quomodo
677 2734 750 2762 idem
771 2741 830 2761 esse
850 2733 922 2760 inter
941 2739 989 2764 se.

206 2785 289 2813 atque
305 2780 430 2807 eamdem
447 2780 619 2808 voluntatem
630 2801 638 2812 ,
655 2780 850 2815 praepositione
866 2786 923 2814 per,
940 2779 990 2806 de-

206 2829 340 2857 notante,
361 2834 411 2854 nos
429 2835 462 2854 ex
483 2827 532 2854 ista
553 2826 747 2862 praepositione
767 2825 889 2853 indicare
910 2825 990 2852 volu-

206 2877 287 2904 mus,
317 2870 416 2899 Filium
445 2881 503 2901 esse
533 2880 643 2901 causam
673 2871 823 2900 cxsistendi
854 2870 987 2906 Spiritum

681 155 932 188 BESSARIONIS
951 158 983 188 S.
1003 157 1041 189 ﬂ.

1058 157 1091 188 E.
1108 157 1223 188 (ΖΑΒοί
1232 156 1350 188 NALIS
1791 155 1854 188 ΞΗ

1051 210 1180 247 ριύεσθαι
1209 212 1240 239 τὸ
1268 211 1383 247 Πνεῦμα
1406 210 1437 238 τδ
1464 210 1554 246 ἅγιον,
1570 210 1618 239 καὶ
1642 211 1673 238 τὺ
1697 210 1728 244 ιε
1749 210 1855 238 αὐτῶν

1053 257 1249 292 συναγόμενον,
1273 258 1328 284 οὐδ’
1355 257 1514 292 άντιῦλέψαι
1536 257 1648 284 δύναται
1671 256 1753 288 ὅλως.
1781 256 1853 288 Πῶς

1051 303 1105 338 γὰρ
1127 303 1196 338 πρός
1223 312 1256 337 γε
1282 304 1418 338 τοσαύτην
1443 304 1492 330 καὶ
1519 303 1607 334 οὕτως
1631 302 1852 337 ἐναργεστάτην

1051 348 1201 383 ἁλήθειαν;
1220 349 1305 383 τῷδε
1332 349 1489 384 ἰσοόυνάμῳ
1510 349 1560 382 τῆς
1582 347 1632 376 διὰ
1654 348 1700 375 καὶ
1720 348 1772 381 τῆς
1797 348 1851 379 ἐκ.

1051 394 1137 429 τούτῳ
1150 394 1178 421 δὲ
1192 394 1223 421 οὐ
1240 394 1332 426 καλῶς
1347 394 1409 421 οὔτε
1424 395 1473 421 σὺν
1486 395 1575 421 οὐδενὶ
1590 393 1741 428 ἐπιφύεται
1755 393 1848 428 λόγῳ·

1050 440 1098 467 καὶ
1117 439 1215 475 ὓὸρεσι
1237 442 1284 468 τδν
1307 441 1374 468 ῐδιον
1390 440 1502 475 ἔλεγχον
1525 439 1697 475 ἀπαρτίζων,
1714 439 1804 466 οἴεταί
1818 447 1850 466 τι

1052 486 1194 521 προῦργου
1224 488 1330 514 ποιεῖν·
1347 486 1440 518 κακῶς
1470 486 1522 522 μὲν
1551 487 1599 512 καὶ
1623 485 1764 517 δυσσεϐῶς
1793 487 1850 521 τήν

1050 533 1105 559 τῶν
1118 533 1204 567 ἁγίων
1217 533 1336 560 διάνοιαν
1348 533 1541 567 ἐκλαμϐάνων,
1556 532 1604 559 καὶ
1617 532 1664 558 τὸν
1676 533 1725 563 τὰς
1744 532 1850 567 ῥήσεις

1052 579 1232 614 συνειληχότα
1247 580 1328 613 σοφὸν
1345 579 1442 614 ἄνδρα,
1462 579 1510 606 καὶ
1535 579 1585 610 τὰς
1609 579 1764 613 ἐπιγραφὰς
1782 580 1851 605 ἐπι-

1050 625 1229 660 γραψάμενον
1253 625 1443 660 συκοφαντῶν,
1465 625 1512 651 τὺν
1535 625 1563 651 δὲ
1591 625 1669 659 λόγον
1690 624 1846 651 ἀποδοῦναι

1049 671 1099 697 οὐκ
1113 671 1183 705 ἔχων
1194 679 1201 686 ο
1217 671 1352 706 ὑπείληφε
1366 671 1394 697 δὲ
1408 671 1457 705 τῆς
1473 670 1523 697 διὰ
1537 670 1587 705 τὴν
1600 670 1697 697 ἕνωσιν
1717 671 1767 697 καὶ
1791 671 1846 705 τὴν

1050 715 1268 750 ἁπαραλλαξίαν,
1286 717 1334 743 καὶ
1350 717 1379 743 τὸ
1397 716 1494 743 ταυτὸν
1518 717 1568 743 καὶ
1592 715 1739 750 ὁμόδουλον
1756 724 1847 750 παρι-

1050 762 1200 797 στανούσης
1219 762 1266 789 ἐπὶ
1289 763 1339 797 τῆς
1361 762 1444 797 ἁγίας
1470 761 1595 794 Τριάδος,
1621 761 1685 788 ὅταν
1712 762 1759 788 ἐπὶ
1791 763 1846 796 τῆς

1050 807 1190 842 θεολογίας
1207 808 1409 844 ῑσοδυναμοῦσα
1425 807 1522 842 νοῆται
1532 809 1565 842 τῇ
1581 807 1626 840 ἐκ,
1645 807 1683 842 μὴ
1705 807 1844 833 δύνασθαί

1049 863 1110 881 τινα
1128 854 1199 881 κατὰ
1219 854 1300 881 τοῦτο
1322 854 1352 881 τὸ
1369 853 1571 890 σημαινόμενον
1591 853 1677 888 αὐτὴν
1698 852 1844 887 ἐκλαμδά-

1050 909 1105 927 νειν
1119 901 1190 927 κάπὶ
1203 900 1251 936 τῆς
1274 900 1321 928 τοῦ
1337 901 1443 934 Πατρὸς
1462 900 1496 926 δι’
1513 899 1580 926 Υίοῦ
1593 899 1785 934 ὲκπορεύσεως
1798 906 1806 914 ·
1822 898 1842 933 ἢ

1051 944 1088 979 μὴ
1102 943 1190 979 τούτῳ
1203 944 1241 979 τῷ
1255 943 1328 978 λόγῳ
1346 945 1393 971 καὶ
1407 944 1480 978 ἡμᾶς
1498 944 1579 970 τοῦτο
1590 944 1673 976 νοεῖν,
1691 941 1760 969 ἀλλὰ
1778 942 1843 968 διά-

1051 999 1140 1026 κρισιν
1167 992 1214 1019 καὶ
1227 992 1361 1027 διαίρεσιν
1378 991 1481 1025 μᾶλλον
1498 990 1622 1024 εἰσάγειν
1639 990 1688 1016 καὶ
1713 988 1744 1015 τὺ
1760 988 1841 1015 ἀντί-

1050 1037 1127 1064 θετον
1150 1038 1197 1064 καὶ
1222 1036 1398 1071 ἀσύμφωνον.
1424 1036 1514 1071 Ὅπερ
1547 1034 1680 1069 ἁμηγέπη
1704 1034 1760 1060 κάκ
1783 1032 1842 1060 τῶν

1051 1085 1205 1120 εἰρημένων
1228 1083 1303 1119 οὑτῷ
1318 1084 1388 1110 νοῶν
1415 1083 1552 1117 φαίνεται,
1570 1081 1670 1115 μᾶλλον
1683 1080 1712 1107 δὲ
1727 1080 1775 1107 καὶ
1788 1088 1842 1113 φα-

1050 1131 1138 1165 νερῶς
1154 1130 1263 1165 φάσκει,
1278 1129 1323 1156 διὰ
1341 1129 1438 1155 τούτου
1458 1128 1556 1163 δηλοῦν
1578 1127 1653 1162 ἡμᾶς
1679 1124 1843 1161 βούλεσθαι,

1051 1176 1088 1208 ὡς
1110 1177 1143 1203 ἐκ
1172 1176 1226 1203 τῶν
1251 1175 1297 1203 δύο
1322 1175 1500 1202 ὑποστάσεων
1524 1173 1571 1200 τοῦ
1597 1172 1704 1206 nam;
1726 1170 1839 1198 καὶτοῦ

1051 1222 1117 1250 Υίοῦ
1136 1222 1272 1258 διαφόρως
1299 1221 1356 1256 ἔχει
1382 1221 1412 1247 τὸ
1439 1219 1552 1255 Πνεῦμα
1576 1219 1626 1254 τὴν
1642 1217 1773 1252 ὕπαρξιν,
1788 1217 1840 1243 οὐκ

1050 1265 1098 1294 οἷδ’
1122 1267 1184 1294 ὅθεν
1208 1267 1257 1293 καὶ
1281 1267 1343 1293 ὅτου
1367 1264 1448 1293 τοῦτο
1474 1266 1505 1292 τδ
1535 1264 1686 1299 διαφόρως
1711 1262 1840 1297 ἀκηκοὼς

1050 1313 1185 1347 λέγοντος.
1207 1313 1302 1344 Οὕτως
1328 1312 1383 1346 ἄρα
1412 1311 1517 1346 νομίζει
1541 1310 1618 1345 ἡμᾶς
1648 1311 1683 1344 τῇ
1711 1308 1840 1343 θεολογίᾳ

1050 1359 1249 1396 προσϐάλλειν·
1267 1360 1332 1390 ἴσως
1360 1358 1389 1385 δὲ
1419 1358 1466 1384 καὶ
1490 1356 1572 1388 αὐτὸς
1599 1354 1681 1382 τοῦτο
1711 1355 1776 1386 νοεῖ,
1804 1354 1839 1380 ὲκ

1050 1406 1158 1442 Πατρδς
1175 1405 1211 1432 δι’
1227 1405 1293 1432 Υῑοῦ
1318 1404 1407 1436 λέγων
1431 1403 1582 1437 ὑποστῆναι
1599 1401 1644 1429 τὸν
1667 1400 1781 1436 κόσμον.
1798 1400 1837 1427 Οὐ

1049 1453 1104 1487 γὰρ
1120 1451 1176 1487 ὁρῶ
1197 1451 1247 1486 τὴν
1271 1450 1408 1485 ἀνάγκην,
1425 1449 1460 1476 δι’
1477 1449 1511 1484 ἢν
1525 1448 1571 1475 ἐπὶ
1586 1447 1636 1482 μὲν
1655 1447 1705 1482 τῆς
1722 1446 1837 1477 κτίσεως

1050 1498 1066 1532 η
1088 1496 1139 1524 διὰ
1162 1496 1362 1531 ἰσοδυναμοῦσα
1386 1496 1419 1530 τῇ
1435 1495 1482 1527 ἐκ,
1503 1495 1555 1530 τὴν
1570 1493 1724 1529 ταυτότητα
1746 1500 1837 1528 παρα-

1052 1543 1158 1577 στήσει,
1168 1542 1322 1577 προσώπων
1338 1542 1366 1568 δὲ
1381 1541 1456 1576 ὅμως
1468 1540 1586 1575 δηλοῦσα
1599 1540 1746 1575 διάκρισιν,
1756 1538 1834 1565 τοῦτο

1049 1587 1103 1621 γὰρ
1128 1587 1187 1614 οὐδὲ
1207 1587 1289 1618 αὐτὸς
1308 1586 1470 1621 ἀρνήσεται,
1487 1586 1534 1612 ἐπὶ
1554 1585 1583 1612 δὲ
1607 1584 1655 1612 τοῦ
1673 1583 1833 1617 Πνεύματος

1048 1633 1097 1669 τὴν
1115 1633 1264 1668 ἑτερότητα
1285 1633 1332 1659 καὶ
1347 1632 1438 1666 πάντη
1450 1631 1599 1667 διάκρισιν.
1617 1631 1674 1658 Καὶ
1692 1629 1752 1656 οὐδὲ
1771 1629 1833 1655 ἑαυ-

1048 1680 1094 1707 τὸν
1118 1679 1287 1715 αἰσχύνεται,
1316 1678 1378 1706 καθ’
1399 1678 1497 1705 ἑαυτοῦ
1527 1676 1703 1712 προκομίζων
1731 1683 1834 1710 μαρτυ-

1049 1727 1146 1764 ροῦντα
1172 1726 1217 1753 τὸν
1241 1726 1329 1760 μέγαν
1349 1725 1503 1757 Βασίλειον,
1521 1724 1572 1759 τὴν
1593 1723 1632 1750 δι’
1655 1721 1724 1750 Υιοῠ
1742 1720 1833 1756 φωνὴν

1047 1773 1097 1806 τῆς
1112 1771 1355 1807 προκαταρκτικῆς
1372 1770 1464 1802 αἰτίας
1490 1770 1564 1805 ἔχειν
1583 1768 1741 1804 ὁμολογίαν.
1761 1767 1831 1793 ‘AD.’

1048 1817 1127 1852 ἡμεῖς
1153 1817 1186 1843 ὲκ
1216 1816 1266 1852 μὲν
1291 1815 1347 1843 τῶν
1370 1815 1419 1842 δύο
1444 1815 1624 1842 ὐποστάσεων
1653 1813 1759 1848 Πατρδς
1785 1812 1831 1839 καὶ

1047 1863 1114 1890 Υίοῦ
1129 1863 1220 1897 λέγειν
1232 1862 1262 1890 τδ
1276 1862 1389 1896 Πνεῦμα
1405 1861 1435 1888 τὺ
1452 1861 1531 1895 ἅγιον
1546 1860 1600 1895 τὴν.
1612 1859 1730 1894 ὓπαρξιν
1749 1858 1830 1893 ἔχειν,

1047 1909 1094 1935 καὶ
1112 1908 1216 1942 σφόδρα
1239 1907 1495 1943 συνομολογήσομεν
1509 1914 1516 1920 ·
1543 1905 1618 1932 οὐδὲν
1637 1906 1692 1940 γὰρ
1716 1903 1829 1938 ἐνεργεῖ,

1048 1955 1072 1981 εἰ
1088 1954 1127 1989 μὴ
1144 1954 1213 1981 καθὸ
1228 1953 1289 1979 τόδε
1312 1961 1337 1980 τι
1354 1952 1401 1979 καὶ
1414 1952 1515 1986 ἄτομον
1530 1959 1537 1967 ·
1550 1950 1620 1978 καθὸ
1642 1950 1670 1976 δὲ
1687 1949 1796 1976 τοιαῦτα
1815 1950 1829 1975 ό

1046 2001 1143 2037 Πατὴρ
1161 2001 1209 2028 καὶ
1224 2000 1289 2031 rte;
1317 2000 1372 2026 εἰσι
1397 1998 1463 2031 δύο,
1478 1998 1615 2033 διαφόρως
1640 1997 1668 2023 δὲ
1692 1996 1721 2029 ἐξ
1741 1994 1827 2022 αὐτῶν

1046 2049 1180 2083 προϊέναι,
1196 2045 1276 2073 τοῦτο
1293 2046 1321 2074 δὲ
1339 2046 1368 2072 οὺ
1386 2044 1613 2080 συγχωρήσομεν,
1630 2043 1683 2074 ἓως
1699 2042 1732 2069 ἂν
1752 2041 1827 2076 ἐνέρς

1045 2100 1122 2126 γειαν
1150 2093 1199 2127 μὲν
1228 2091 1323 2126 ὥσπερ
1345 2090 1393 2117 τοῦ
1425 2089 1542 2125 Πατρδς,
1558 2089 1630 2116 οὕτω
1655 2088 1688 2122 δὴ
1714 2087 1760 2115 καὶ
1781 2086 1826 2112 τοῦ

1045 2139 1111 2166 Υἱοῦ
1125 2139 1266 2174 ἐνέργειαν
1281 2136 1398 2172 φυσικὴν
1412 2136 1546 2170 λεγόντων
1558 2135 1613 2161 τῶν
1627 2134 1714 2167 άγίων
1726 2133 1826 2160 ἀκούω-

1046 2195 1096 2222 μεν
1112 2186 1141 2211 τὴ
1158 2184 1269 2218 Πνεῦμα
1280 2183 1310 2210 τδ
1320 2183 1398 2217 ἅγιον
1411 2189 1419 2198 ⁸
1437 2182 1502 2218 μίαν
1519 2182 1547 2209 δὲ
1564 2182 1708 2216 ἐνέργειαν
1720 2179 1826 2215 Πατρδς

1045 2231 1094 2259 καὶ
1115 2229 1182 2257 Υἰοῦ
1205 2227 1286 2261 εἶναι,
1301 2229 1348 2257 καὶ
1374 2229 1447 2264 μάλα
1472 2228 1657 2262 πιστεύομεν·
1677 2228 1701 2253 εἰ
1719 2227 1756 2261 μὴ
1781 2227 1826 2253 καὶ

1045 2277 1126 2308 αὐτὸς
1143 2277 1175 2303 ὲκ
1193 2276 1300 2311 Πατρὺς
1315 2275 1363 2303 καὶ
1375 2273 1441 2301 Υίοῦ
1458 2274 1506 2300 καὶ
1521 2273 1569 2300 τοῦ
1586 2272 1753 2307 Πνεῦματος,
1766 2272 1781 2306 ἢ
1795 2272 1825 2297 ὲκ

1045 2322 1152 2357 Πατρδς
1167 2321 1202 2348 δι’
1217 2320 1283 2348 Υἱοῦ
1311 2321 1339 2347 ὲν
1355 2320 1496 2354 Πνεύματι
1508 2319 1596 2352 λέγων
1611 2317 1762 2352 ὑποστῆναι
1782 2316 1825 2343 τὸν

1044 2367 1155 2401 κόσμον,
1176 2367 1227 2393 οὐκ
1246 2366 1278 2392 ὲκ
1301 2366 1383 2401 τριῶν
1412 2365 1496 2400 μόνον
1521 2363 1700 2391 ὑποστάσεων
1729 2363 1824 2398 φάσκει

1044 2412 1312 2448 δεδημιουργῆσθαι’
1328 2410 1407 2438 τοῦτο
1430 2411 1485 2446 γὰρ
1511 2410 1580 2445 φαίη
1596 2409 1630 2437 ἂν
1644 2410 1743 2445 δήπου,
1759 2409 1823 2436 άλλά

1044 2459 1091 2484 καὶ
1115 2457 1252 2492 διαφόρως
1278 2456 1311 2482 ὲκ
1333 2456 1387 2482 τῶν
1404 2455 1499 2491 τριῶν.
1517 2455 1547 2481 Εἰ
1565 2455 1593 2481 δὲ
1614 2454 1752 2489 θαυμάζει
1767 2453 1823 2486 πῶς

1043 2503 1073 2530 τὺ
1087 2503 1183 2529 ταυτῦν
1208 2502 1256 2528 καὶ
1273 2500 1422 2537 δμόὸουλον
1439 2500 1488 2535 τῆς
1519 2499 1569 2526 διὰ
1594 2499 1822 2534 παριστανούσης,

1043 2548 1123 2583 ἡμεῖς
1142 2547 1227 2574 αἴτιον
1247 2546 1291 2575 διὰ
1307 2545 1411 2581 ταύτης
1426 2545 1522 2580 δηλοῦν
1538 2544 1581 2571 τὸν
1595 2544 1659 2570 Υἰδν
1671 2544 1721 2578 τῆς
1739 2543 1822 2577 ὑπάρ-

1044 2594 1110 2627 ξεως
1126 2593 1172 2620 τοῦ
1192 2594 1353 2628 Πνεύματος
1367 2592 1415 2619 τοῦ
1438 2591 1516 2626 ἁγίου
1540 2590 1704 2626 βουλόμεθα,
1720 2591 1822 2625 Θαυμα-

1042 2641 1112 2673 ζέτω
1127 2642 1259 2676 πρότερον
1284 2639 1393 2671 ἑαυτὸν,
1409 2639 1482 2670 ὅπως
1505 2638 1550 2664 διὰ
1565 2637 1612 2664 τοῦ
1629 2637 1695 2664 Υἰοῦ
1710 2636 1821 2671 γεγενῆ-

1043 2686 1105 2713 σθαι
1121 2686 1206 2720 λέγων
1224 2686 1268 2712 τὸν
1283 2685 1396 2719 κόσμον,
1412 2684 1506 2710 ἔπειτα
1523 2683 1618 2709 τοῦτον
1631 2683 1719 2710 αῐτιον
1739 2682 1822 2709 οἴεται

1042 2733 1090 2766 τῆς
1108 2731 1155 2757 τοῦ
1181 2731 1283 2765 κόσμου
1304 2728 1475 2764 παραγωγῆς
1505 2729 1550 2755 διὰ
1568 2729 1618 2764 τῆς
1646 2728 1696 2755 διὰ
1720 2726 1821 2755 δείκνυ-

1043 2777 1115 2804 σθαι.
1133 2777 1167 2803 Ἢ
1188 2776 1292 2803 εἰπάτω
1318 2775 1355 2810 μὴ
1379 2772 1450 2801 εἶναι
1473 2774 1527 2801 τῶν
1551 2775 1635 2801 ὄντων
1664 2775 1752 2802 αῐτιον
1777 2774 1820 2801 τὸν
1839 2772 1842 2774 ’

1043 2823 1118 2856 Υίὸν,
1135 2823 1183 2848 καὶ
1200 2820 1278 2856 κακῷ
1293 2820 1324 2846 τὸ
1346 2819 1431 2846 καχδν
1453 2819 1584 2847 ἰασάσθω.
1604 2819 1715 2854 Εἰσάγει
1732 2819 1760 2846 δὲ
1777 2819 1819 2845 καὶ

1046 2869 1198 2906 μαρτυρίαν
1214 2866 1261 2894 τοῦ
1280 2866 1352 2894 ϐείου
1374 2866 1501 2901 Μαξίμου
1524 2866 1598 2893 οὐδὲν
1614 2865 1696 2892 οὖσαν
1712 2864 1776 2900 πρὸς
1790 2865 1818 2891 τδ
