1925 3056
82 113 144 145 Ξέιθ

572 113 764 144 APOLOGIA
785 112 1097 144 INSCRIPTIONUM
1117 114 1238 145 VECCI.

1657 112 1710 144 25.)

81 171 285 208 προκείμενον.
306 172 361 198 Καὶ
386 171 470 207 ἡμεῖς
487 149 540 207 γὰρ
557 170 599 199 νᾶν
622 172 744 207 φαίημεν
760 171 810 207 τὴν
826 173 875 199 διὰ

934 170 1072 206 tancttim;
1100 173 1216 201 miretur
1243 173 1335 208 potius
1373 174 1512 208 seipsnm,
1549 182 1603 210 quo
1628 180 1712 211 pacto

83 218 139 253 τὴν
155 218 253 244 ἕνωσιν
268 217 314 244 καὶ
330 217 359 244 16
375 217 584 252 ἀπαράλλακτον
599 217 650 252 τῆς
661 218 756 249 οὐσίας
770 218 878 253 Πατρδς

83 264 139 291 καὶ
165 263 230 289 Υἱοῦ
254 263 444 300 παριστάνειν.
466 264 560 298 Ἰσμεν
573 264 627 299 γὰρ
649 264 726 296 τάξιν
743 264 806 291 τινὰ
830 264 878 290 κιτῖ¹

84 309 189 345 σχέσιν
210 309 255 337 ἀεὶ
280 309 324 336 διὰ
347 309 397 343 τῆς
422 309 471 336 διὰ
494 309 541 336 τοῦ
568 305 654 345 ὲφ⁹οὖ
670 309 740 345 αὕτη
755 310 877 344 λέγεται,

83 354 162 389 πρὸς
186 354 232 381 τὸν
252 354 295 388 ἐφ’
313 351 343 381 οῦ
357 356 389 389 τῇ
403 354 438 381 ἐκ
453 354 584 390 χρώμεθα
613 356 660 382 καὶ
686 356 759 390 μάλα
783 355 879 390 δηλοῦ-

86 399 156 426 σθαι
171 407 177 414 ·
194 399 259 425 αὐτὸ
273 399 366 434 μέντοι
381 399 460 426 τοῦτο
481 400 511 426 16
525 400 624 426 ταυτόν
648 408 677 426 τε
691 401 738 427 καὶ
753 400 880 435 ἀπαράλ-

85 444 194 472 λακτον
217 444 305 471 αἴτιον
330 443 400 472 εἴναι
426 445 476 472 καὶ
495 441 543 472 τοῦ
559 446 645 472 ταυτὶ
668 445 707 481 τῷ
730 446 819 482 Πατρὶ
835 446 880 473 τὸν

87 491 161 517 Υίὸν
173 490 314 522 δύνασθαι,
329 491 379 517 καὶ
394 490 430 517 δι’
445 490 528 518 αὐτοῦ
546 492 671 527 προϊέναι
696 492 727 518 τὸ
753 492 879 527 Πνεῦμα.

89 537 177 563 Κατὰ
202 537 250 572 μὲν
265 537 318 571 γὰρ
334 537 380 563 τὸν
395 536 466 563 θεῖον
489 537 622 572 Κύριλλον
636 537 665 570 ἐξ
682 537 795 572 ἀμφοῖν,
811 537 827 572 ἣ
848 539 880 565 ὲκ

89 584 204 618 Πατρὸς
231 583 265 609 δι’
296 583 375 617 Υίοῦ,
388 583 458 610 κατὰ
485 583 514 610 δὲ
542 584 588 610 τὸν
609 584 692 610 αὐτὸν
707 584 835 618 Μάξιμον
849 585 881 610 ὲκ

91 630 205 664 Πατρὸς
231 630 278 657 καὶ
305 629 382 662 Υίοῠ,
404 629 454 656 είτ⁹
481 628 528 656 οὖν
555 630 587 656 ὲκ
615 629 724 665 Πατρὸς
750 629 784 656 δι’
813 629 880 656 Υίοῦ

91 677 288 711 ἐκπορεύεται,
314 676 439 703 τουτέστι
464 675 513 711 τὴν
539 675 657 712 ὓπαρξιν
683 676 748 711 ἔχει.
766 676 803 702 T6
826 675 880 710 γὰρ

92 723 294 757 ἐκπορεύεσθαι
315 722 362 749 καὶ
378 723 460 754 αὐτὸς
484 723 518 749 ἂν
539 723 607 758 φαίη
635 723 667 749 16
691 724 741 757 τὴν
765 721 881 757 ὓπαρξιν

93 769 169 803 ἔχειν
192 770 347 804 σημαίνειν,
363 770 411 796 καὶ
437 769 557 804 μάλιστα
575 769 647 795 κατὰ
669 768 733 800 τοὺς
751 768 831 795 τοῦτο
852 767 882 795 16

93 813 184 846 δνομα
196 813 423 848 ἀποκληροῦντας
445 814 479 848 τῇ
498 812 614 847 ὑπάρξει
638 811 687 838 τοῦ
713 811 880 846 Πνεύματος.

95 860 128 886 Εἰ
147 859 176 886 δὲ
192 859 235 885 16v
251 859 316 886 Υῐὺν
332 859 371 893 μὴ
387 859 476 885 ποιεῖν
492 866 575 892 φησιν
587 858 601 884 6
615 856 776 888 διδάσκαλος
791 855 882 883 αἰτίαν

94 905 145 931 τοῦ
165 905 335 940 Πνεύματος,
352 905 419 932 ἀλλὰ
444 905 490 930 τὸν
516 904 636 938 Πατέρα,
663 903 701 938 μὴ
726 902 882 937 θαυμάσῃς,

94 950 121 975 εί
139 950 189 984 τῆς
211 949 374 984 Ἑλληνικῆς
402 948 496 984 φωνῆς
528 947 744 983 ἀναμνησθείης,
770 947 816 973 καὶ
838 946 883 972 ἐπὶ

94 995 173 1026 τινος
187 994 258 1028 αὕτη
272 995 376 1029 κυρίως
398 995 430 1028 τῇ
453 992 530 1028 αἰτίᾳ
548 993 594 1019 καὶ
613 992 652 1026 τῷ
665 992 778 1026 ὀνόματι
795 991 883 1026 τούτῳ

96 1040 180 1066 εἷωθε
195 1040 330 1075 χρῆσθαι·
354 1039 434 1074 δῆλον
450 1039 505 1074 γὰρ
524 1039 555 1073 δὴ
576 1037 625 1073 τὴν
643 1037 883 1072 προκαταρκτικὴν

95 1086 147 1112 καὶ
173 1085 300 1120 ἀρχοειδῆ
318 1086 407 1111 αίτίαν
423 1084 472 1111 καὶ
487 1083 575 1119 πηγὴν
593 1083 639 1110 καὶ
660 1083 737 1118 ῥίζαν
754 1083 882 1116 ἑκάστου,

96 1131 202 1166 ταύτην
227 1131 331 1165 κυρίως
355 1131 446 1157 αἰτίαν
471 1129 627 1162 καλεῖσθαι,
646 1129 705 1155 οἵαν
733 1129 813 1164 μόνον
836 1128 883 1155 τδν

98 1176 209 1211 Πατέρα
225 1176 370 1211 ὑπάρχειν,
385 1175 428 1207 τίς
440 1175 489 1201 οὐκ
507 1176 540 1202 ἂν
566 1174 711 1207 συνθοῖτο;
727 1175 782 1201 Καὶ
803 1174 883 1210 δῆλον

98 1223 225 1249 ἐντεῦθεν
236 1231 244 1239 ·
258 1223 306 1257 τῆς
323 1223 372 1258 μὲν
387 1222 441 1257 γὰρ
456 1222 572 1253 κτίσεως
591 1222 639 1248 καὶ
652 1221 700 1248 16v
713 1221 776 1248 Υίὸν
792 1221 841 1247 καῖ¹
854 1219 884 1247 16

98 1268 213 1302 Πνεῦμα
228 1268 318 1294 αἰτίαν
338 1267 472 1302 ὑπάρχειν
488 1267 574 1298 οὐδεὶς
591 1266 644 1293 τῶν
660 1267 689 1292 ὲν
705 1267 882 1300 Χριστιανοῖς

98 1314 249 1340 τελούντων
262 1313 422 1347 ἀρνήσαιτο.
445 1312 516 1339 Ἀλλ’
531 1313 544 1338 6
568 1312 699 1345 Θεολόγος
717 1311 882 1347 Γρηγὸριος,

101 1369 112 1386 ε
130 1360 207 1392 Θεδς,
231 1360 324 1394 φησὶν,
340 1360 369 1386 ἐν
393 1359 484 1394 τρισὶν
514 1359 624 1386 ἵσταται
647 1359 704 1390 τοῖς
729 1358 882 1393 μεγίστοις,

99 1406 190 1441 αἰτίῳ,
207 1407 255 1432 καὶ
280 1404 450 1440 δημιουργῷ,
476 1404 523 1430 καὶ
544 1403 713 1437 τελειοποιῷ,
736 1403 775 1437 τῷ
797 1403 884 1437 Πατρὶ

99 1451 172 1485 λέγω
195 1452 241 1479 καὶ
256 1451 294 1486 τῷ
310 1451 365 1486 Υίῷ
385 1452 433 1477 καὶ
456 1450 494 1485 τῷ
510 1449 578 1485 ἁγίῳ
593 1449 743 1484 Πνεύματι.
766 1449 884 1475 Ἀκούων

99 1496 128 1521 δὲ
157 1495 285 1530 ἀρχοειδῆ
311 1495 357 1521 τὸν
380 1494 491 1529 Πατέρα
515 1493 617 1526 αἰτίαν,
633 1494 670 1528 μὴ
699 1492 919 1543 νομίσῃςῄηδηο

100 1541 149 1566 καὶ
168 1541 206 1575 μὴ
224 1540 352 1572 θέλοντας
368 1540 507 1575 διαφόρως
525 1539 616 1573 λέγειν
630 1539 675 1565 τὸν
687 1538 751 1565 Υίὸν
767 1538 885 1572 προὸἐλ-

100 1586 157 1613 λειν
173 1585 204 1612 τὺ
230 1585 352 1620 Πνεῦμα,
371 1585 408 1620 μὴ
435 1585 562 1620 ἀρχοειδῆ
587 1584 652 1611 ὄντα
675 1583 766 1611 αἰτίαν
780 1591 787 1599 ⁸
805 1583 884 1610 τοῦτο

101 1631 155 1664 γὰρ
178 1630 255 1657 οὐδὲν
279 1627 361 1665 ἦττον
376 1638 424 1657 και
446 1630 494 1656 ἐπὶ
516 1629 565 1664 τῆς
581 1629 697 1661 κτίσεως
714 1629 821 1661 ἕπεται,
837 1629 885 1655 καὶ

102 1675 211 1700 πάντων
235 1674 330 1706 ἁπλῶς
353 1671 390 1701 ὧν
405 1675 419 1700 6
442 1674 506 1706 Υίὸς
523 1674 592 1708 ἔχει.
608 1674 675 1700 Οὐδὲ
701 1674 755 1709 γὰρ
782 1673 885 1709 ταύτης

102 1721 246 1755 ἀρχοειδὴς
271 1721 358 1752 αίτιος
385 1721 399 1747 6
423 1719 496 1752 Υἱὸς,
522 1720 600 1754 εἴπερ
625 1719 756 1750 αίτιατῶς
780 1727 809 1745 τε
837 1719 884 1745 καὶ

103 1766 198 1797 υἱῖκῶς
214 1765 323 1793 ἅπαντα
337 1766 406 1801 ἔχει,
425 1766 475 1792 ὅσα
497 1767 546 1793 καὶ
557 1766 571 1792 6
589 1765 684 1800 Πατὴρ
699 1764 841 1800 πατρικῶς
853 1771 883 1790 τε

102 1811 150 1838 καὶ
166 1811 304 1843 ἀναιτίως.
327 1811 397 1837 Ἀλλ’
409 1811 484 1846 ὅμως
500 1811 547 1838 καὶ
566 1810 580 1836 ὁ
595 1811 678 1842 αὑτός
693 1812 768 1837 ἐστιν
785 1810 883 1842 αἴτιος,

102 1858 151 1883 καὶ
167 1857 215 1892 μία
237 1857 306 1892 μετὰ
331 1857 377 1884 τοῦ
396 1857 502 1892 Πλτρὸς
518 1857 593 1884 αίτία
610 1857 666 1883 τῶν
684 1857 779 1887 ὀντων,
793 1857 840 1882 καὶ
854 1856 884 1882 16

102 1903 200 1929 ταυτὸν
224 1902 307 1929 αὐτοῦ
332 1903 380 1929 καὶ
407 1902 567 1938 ὁμόῦουλον,
583 1901 660 1928 οὐδὲν
679 1901 712 1937 δὴ
734 1898 815 1936 ἦττον
837 1900 885 1928 καὶ

103 1949 152 1983 τὴν
170 1948 222 1975 τῶν
243 1949 398 1983 προσώπων
411 1949 548 1984 διάκρισιν
564 1949 582 1984 ἡ
595 1947 644 1975 διὰ
658 1947 830 1982 παριστάνει.

928 225 978 252 per
995 218 1093 245 Filium
1109 219 1252 246 conditum
1270 226 1331 246 esse
1349 219 1482 246 mundum
1501 220 1594 254 dicat,
1610 220 1711 250 deinde

928 263 1028 291 Filium
1047 272 1080 291 ex
1098 265 1290 298 praepositione
1309 273 1365 300 per,
1387 265 1496 292 ostendi
1520 273 1628 294 causam
1649 274 1711 294 esse

929 309 1128 343 procreationis
1148 308 1243 336 mundi
1260 309 1422 337 arbitretur.
1442 309 1489 337 Vel
1513 310 1590 338 dicat
1609 311 1709 337 Filium

929 360 984 379 non
1011 360 1072 380 esse
1093 361 1205 381 causam
1230 362 1340 387 rerum,
1364 359 1392 382 et
1415 350 1565 382 absurdum
1592 356 1714 383 absurdo

930 399 1072 426 emendet.
1094 399 1213 426 Adducit
1233 404 1324 426 autem
1347 403 1376 426 et
1394 400 1581 427 testimonium
1608 400 1638 427 li.
1655 401 1712 428 Ma-

930 444 995 471 ximi
1006 463 1014 475 .
1028 445 1102 479 quod
1119 445 1189 472 nihil
1205 444 1271 472 facit
1290 445 1325 472 ad
1342 452 1411 473 rem.
1434 445 1541 472 Etenim
1562 453 1612 472 nos
1627 446 1712 473 etiam

929 490 1090 522 faterentur,
1114 491 1336 525 praepositionem
1360 498 1418 526 per,
1435 491 1659 524 conjunctionem
1682 496 1711 518 et

930 533 1179 561 immutabilitatem
1206 534 1335 563 essentia:
1361 535 1450 562 Patris
1476 540 1504 562 et
1530 535 1592 563 Filii
1619 536 1712 570 expri-

930 587 1027 612 mere;
1045 580 1150 607 scimus
1164 581 1237 608 enim
1258 581 1309 608 hac
1333 581 1530 616 praepositione
1556 590 1612 617 per,
1638 582 1715 609 ordi-

931 632 993 653 nem
1007 625 1156 659 quemdam
1178 630 1207 652 et
1231 626 1396 653 relationem
1422 626 1466 653 vel
1492 627 1611 654 maxime
1638 627 1715 654 illius

931 670 1080 703 signiﬁcari
1108 671 1142 698 de
1165 678 1219 705 quo
1245 671 1305 704 ipsa
1343 671 1518 705 praedicatur,
1542 672 1576 699 ad
1599 679 1663 699 eum
1687 672 1715 700 in

931 723 986 749 quo
1006 716 1201 751 praepositione
1235 724 1267 743 ea:
1293 716 1415 744 utimur:
1432 717 1486 745 hoc
1507 718 1596 753 ipsum
1623 723 1714 745 tamen

932 760 1003 788 idem
1027 769 1088 788 esse
1106 761 1179 789 inter
1203 769 1232 790 se
1250 766 1279 789 et
1302 762 1567 797 intmutabilitatem,
1595 764 1714 792 dicimus

933 814 993 834 esse
1025 814 1135 834 causam
1163 815 1213 834 cur
1235 807 1321 835 Filius
1350 809 1447 836 eadem
1481 810 1568 844 possit
1600 817 1661 845 quae
1689 815 1718 837 et

897 847 918 874 Β
933 852 1033 884 Pater;
1049 858 1078 879 ut
1093 857 1121 880 et
1137 860 1186 887 per
1203 853 1292 887 ipsum
1310 855 1440 888 procedat
1457 854 1575 890 Spiritus
1590 861 1714 884 sanctus.

934 896 1087 932 Siquidem,
1105 899 1256 925 secundum
1282 899 1315 926 D.
1340 899 1484 935 Cyrillum,
1510 907 1543 928 ex
1565 901 1717 934 ambobus,

933 943 1062 970 videlicet
1075 950 1108 970 ex
1120 943 1200 984 Patre
1213 951 1263 978 per
1276 944 1376 972 Filium
1388 964 1396 978 ,
1410 946 1490 981 juxta
1507 953 1573 973 vero
1588 947 1718 974 eumdem

933 987 1080 1014 Maximum
1094 995 1127 1014 ex
1143 988 1222 1015 Patre
1237 993 1264 1015 et
1280 989 1349 1016 Filio
1361 1009 1368 1022 ,
1384 991 1442 1017 sive
1457 998 1490 1018 ex
1505 990 1585 1018 Patre
1602 999 1652 1026 per
1671 992 1716 1019 Fi-

934 1031 999 1059 lium
1018 1032 1141 1066 procedit
1154 1051 1161 1064 ,
1182 1032 1234 1059 hoc
1250 1038 1291 1059 est
1312 1033 1501 1069 exsistentiam
1520 1034 1615 1062 habet.
1638 1034 1717 1068 Quod

933 1077 1008 1104 enim
1026 1077 1070 1104 illa
1091 1085 1142 1104 vox
1160 1078 1376 1113 ἐκπορεύεσθαι,
1401 1080 1552 1114 procedere,
1581 1081 1718 1108 exsisten-

934 1123 1000 1151 tiam
1024 1123 1126 1150 habere
1150 1123 1307 1159 signiﬁcet,
1337 1125 1420 1152 etiam
1451 1126 1511 1161 ipse
1540 1127 1718 1155 adversarius

933 1170 1117 1198 concederet:
1136 1172 1288 1206 praesertim
1302 1172 1382 1207 juxta
1398 1180 1446 1200 eos
1462 1174 1509 1208 qui
1529 1174 1581 1202 hoc
1597 1175 1719 1202 nominis

934 1217 966 1244 ad
995 1216 1204 1252 signiﬁcandam
1234 1217 1426 1246 exsistentiam
1460 1219 1583 1253 Spiritus
1611 1221 1717 1254 sancti.

934 1262 1156 1289 accommodant.
1175 1262 1254 1295 Quod
1270 1263 1293 1290 si
1309 1263 1361 1290 iste
1375 1263 1473 1291 doctor
1488 1265 1654 1301 (Maximus)
1672 1274 1720 1292 ne-

934 1311 980 1342 gat
993 1315 1023 1334 se
1038 1307 1137 1334 Filium
1153 1307 1254 1341 facere,
1271 1308 1317 1335 sed
1334 1308 1454 1341 Patrem,
1474 1317 1585 1337 causam
1599 1311 1719 1347 Spiritus

935 1353 1044 1386 sancti;
1072 1361 1106 1380 ne
1128 1354 1238 1381 mireris
1265 1354 1290 1381 si
1316 1354 1437 1382 Graecam
1460 1355 1580 1391 linguam
1615 1357 1642 1384 in
1660 1365 1719 1386 mc—

934 1398 1049 1425 moriam
1065 1398 1231 1431 adduxeris,
1250 1404 1277 1427 et
1293 1400 1320 1427 in
1335 1408 1390 1434 quo
1415 1402 1527 1436 proprie
1550 1401 1602 1429 ista
1627 1402 1721 1437 lingua

934 1444 987 1472 hoc
1004 1445 1114 1472 nomine
1136 1453 1225 1472 causa
1247 1446 1335 1473 soleat
1359 1447 1409 1473 uti.
1431 1447 1547 1475 Constat
1568 1448 1642 1475 enim
1659 1456 1719 1475 cam

936 1491 1046 1525 proprie
1060 1498 1172 1518 causam
1191 1492 1342 1526 appellari,
1375 1500 1436 1527 quae
1460 1493 1496 1520 sit
1519 1488 1720 1528 procatarctica

935 1540 963 1562 et
993 1535 1152 1570 originalis.
1177 1535 1239 1562 fons
1270 1541 1352 1570 atque
1376 1537 1455 1565 radix
1481 1538 1720 1574 uniuscujusque.

935 1582 1042 1617 qualem
1060 1582 1147 1608 solum
1162 1590 1222 1609 esse
1240 1578 1366 1616 Patrem,
1383 1585 1445 1619 quis
1462 1592 1517 1611 non
1532 1586 1721 1614 assentiatur‘!

935 1627 1023 1661 Atque
1042 1627 1106 1653 hinc
1120 1632 1232 1661 apparet
1246 1636 1252 1654 :
1270 1629 1420 1656 creationis
1435 1630 1508 1656 enim
1523 1632 1606 1657 etiam
1622 1631 1722 1658 Filium

935 1677 962 1699 et
973 1672 1106 1707 Spiritum
1121 1677 1245 1700 sanctum
1256 1681 1317 1701 esse
1330 1682 1441 1702 causam
1455 1694 1463 1707 ,
1493 1677 1540 1710 qui
1555 1676 1628 1704 inter
1641 1677 1722 1704 Citri-

935 1717 1040 1744 stianos
1054 1717 1100 1749 sit,
1117 1725 1198 1745 nemo
1213 1718 1334 1753 negabit.
1350 1719 1434 1754 Atqui
1448 1719 1608 1755 Gregorius,
1623 1729 1723 1756 cogno-

936 1767 1028 1789 mento
1044 1762 1211 1798 Theologus,
1239 1773 1247 1789 ι
1266 1764 1336 1791 Deus
1349 1785 1358 1797 ,
1373 1765 1481 1800 inquit,
1499 1767 1526 1793 in
1552 1768 1639 1795 tribus
1662 1775 1721 1796 ma-

937 1809 1018 1835 ximis
1035 1809 1175 1842 constitit,
1193 1817 1226 1836 eo
1247 1810 1293 1844 qui
1310 1818 1391 1838 causa
1408 1812 1455 1844 sit,
1474 1816 1502 1839 et
1520 1812 1631 1847 opiﬁce,
1644 1819 1672 1841 et
1686 1821 1720 1840 eo

937 1853 983 1887 qui
999 1853 1233 1881 absolutissimum
1250 1854 1346 1882 reddat
1361 1863 1449 1890 opus,
1471 1856 1567 1890 Patre,
1588 1858 1698 1893 inquam
1711 1878 1719 1890 ,

937 1904 965 1926 et
980 1899 1049 1926 Filio
1059 1920 1067 1934 ,
1080 1905 1107 1927 et
1127 1900 1232 1934 Spiritu
1252 1906 1357 1928 sancto.
1373 1911 1382 1928 ι
1397 1902 1464 1930 Cum
1489 1911 1554 1931 vero
1571 1904 1650 1931 audis
1665 1904 1721 1931 ori-

939 1945 1056 1981 ginalem
1077 1953 1187 1973 causam
1202 1953 1264 1974 esse
1293 1947 1421 1982 Patrem,
1450 1957 1484 1977 ne
1507 1951 1638 1978 continuo
1662 1951 1722 1978 exi-

103 1997 217 2029 stimes,
243 1998 285 2025 vel
311 1998 414 2025 invitos
447 2005 499 2025 nos
516 1997 594 2032 cogi,
630 1996 710 2024 fateri
732 1995 848 2028 Filium,
870 2002 932 2022 cum
953 1994 1095 2030 originalis
1118 2002 1200 2022 causa
1223 1995 1336 2023 minime
1362 1998 1413 2029 sit,
1442 1998 1552 2026 diverse
1568 2000 1722 2035 producere

105 2042 234 2077 Spiritum
276 2048 423 2076 sanctum;
450 2044 477 2070 id
501 2043 573 2070 enim
595 2051 651 2070 non
685 2041 776 2069 minus
790 2047 818 2069 et
853 2041 879 2069 in
893 2041 998 2068 fabrica
1026 2041 1121 2068 mundi
1153 2042 1288 2076 sequitur,
1316 2048 1344 2070 et
1382 2045 1494 2071 omnino
1512 2046 1549 2072 .in
1577 2046 1720 2078 omnibus.

105 2095 164 2122 quae
188 2088 273 2116 Filius
297 2089 389 2117 habet.
432 2089 526 2124 Neque
552 2090 626 2117 oniin
651 2089 793 2124 originalis
816 2096 899 2116 causa
937 2093 978 2116 est
1005 2088 1092 2116 Filius
1116 2090 1286 2116 crcationis:
1308 2091 1444 2125 siquidem
1471 2093 1562 2120 omnia
1588 2099 1720 2125 causate,

104 2138 132 2161 et
146 2134 262 2161 ﬁlialiter
276 2134 377 2167 habet,
391 2143 561 2170 quacunque
575 2136 660 2163 Pater
677 2136 734 2170 ipse
750 2140 863 2170 paterne
885 2138 914 2162 et
941 2135 1091 2162 incansate.
1111 2134 1163 2162 Sed
1181 2140 1270 2163 tamen
1287 2143 1360 2163 unus
1374 2141 1456 2171 atque
1472 2137 1545 2164 idem
1561 2143 1602 2165 est
1616 2145 1721 2172 auctur,

106 2186 132 2208 ct
155 2188 208 2207 una
230 2188 313 2209 causa
334 2189 397 2208 cum
418 2182 497 2209 Patre
519 2190 611 2210 rerum
634 2183 753 2210 exsistit.
795 2182 910 2217 ipsaque
928 2181 1086 2216 praepositio
1110 2189 1170 2216 per,
1197 2190 1251 2209 non
1279 2183 1370 2210 minus
1395 2183 1601 2212 distinctionem
1627 2192 1722 2219 perso-

106 2236 218 2261 narum,
235 2236 316 2263 quam
345 2228 419 2256 idem
444 2237 505 2257 esse
533 2230 605 2257 inter
631 2238 680 2263 se,
705 2235 788 2265 atque
814 2230 885 2257 idem
908 2230 978 2258 velle
1003 2230 1148 2264 signiﬁcat.

143 2275 176 2301 ’Δ
189 2276 217 2301 δέ
240 2283 336 2310 φησιν,
357 2275 394 2306 ὼς
418 2275 498 2310 ἔργον
520 2275 594 2308 Θείας
612 2276 761 2312 Θελήσεως,
779 2278 826 2304 καὶ
843 2277 881 2303 διὰ

974 2277 1040 2309 Quae
1054 2284 1118 2303 vero
1129 2277 1179 2310 ait,
1198 2277 1329 2304 nimirum
1350 2284 1420 2311 opus
1441 2277 1541 2304 divinae
1560 2279 1721 2306 voluntatis»

106 2320 180 2347 τοῦτο
196 2322 242 2347 καὶ
258 2321 361 2357 κτίσμα
374 2321 404 2347 16
422 2321 535 2356 Πνεῦμα
552 2330 654 2357 φαμεν,
672 2322 715 2349 διὰ.
728 2325 758 2349 τὸ
771 2323 820 2358 τὴν
836 2322 886 2348 διὰ

106 2366 136 2392 16
147 2367 246 2392 ταυτὸν
271 2367 319 2399 τῆς
344 2367 482 2401 θελήσεως
505 2367 693 2402 παριστάνειν,
712 2368 763 2394 οὐκ
785 2366 833 2393 οἷδ’
861 2367 887 2393 εί

105 2420 156 2438 τινι
168 2412 237 2445 ἄλλῳ
250 2413 320 2446 πλὴν
332 2411 428 2438 τούτου
444 2412 604 2444 συνδόξειεν.
622 2411 654 2438 Et
669 2412 721 2447 γὰρ
734 2412 777 2438 διὰ
792 2412 820 2438 τὸ
836 2412 886 2446 τὴν

106 2458 152 2485 διὰ
170 2458 200 2485 τδ
217 2458 315 2485 ταυτὸν
338 2458 436 2494 δηλοῦν
460 2459 509 2494 τῆς
532 2457 668 2493 θελήσεως
695 2458 798 2493 κτίσμα
825 2455 886 2484 κατ’

108 2503 184 2529 αὐτὸν
206 2503 237 2529 16
259 2504 369 2538 Πνεῦμα
393 2503 553 2537 συνάγεται,
574 2503 633 2534 πῶς
652 2502 712 2537 οὐχὶ
728 2503 789 2529 θεία
804 2503 886 2537 φύσις

108 2549 180 2575 ἔσται
201 2549 301 2583 μᾶλλον
314 2549 361 2575 καὶ
373 2548 569 2584 δοξασθήσεται
583 2548 629 2583 ὑφ’
638 2549 718 2583 ἡμῶν
732 2548 776 2574 διὰ
792 2548 822 2574 τὸ
834 2547 883 2583 τὴν

109 2594 153 2621 διὰ
170 2595 216 2621 καὶ
231 2595 261 2621 τὸ
281 2596 329 2628 τῆς
351 2595 445 2626 οὐσίας
458 2596 556 2621 ταυτὸν
582 2595 778 2630 παριστάνεινς
794 2594 884 2621 καίτοι

109 2640 156 2675 τῆς
170 2641 290 2676 ρήσεως,
312 2641 345 2675 ἣν
370 2641 524 2675 προήνεγκε
543 2640 589 2666 τοῦ
611 2640 728 2675 μεγάλου
744 2640 884 2674 Μαξίμου,

109 2690 154 2721 τὴν
165 2686 319 2720 ταύτότητα
337 2687 438 2721 μᾶλλον
457 2687 506 2721 τῆς
519 2688 613 2719 οὐσίας
625 2686 723 2722 δηλοῦν
739 2686 884 2713 διδασκού-

110 2741 155 2767 σης
168 2741 176 2749 ·
193 2742 203 2759 ι
223 2734 284 2760 Ίνα
297 2733 362 2769 γὰρ,
381 2733 457 2770 φησὶ,
476 2734 507 2760 τὸ
525 2734 643 2769 συναφὲς
664 2735 715 2769 τῆς
731 2734 824 2765 οὐσίας
838 2735 885 2760 καὶ

110 2779 314 2814 ἀπαράλλακτον
337 2781 545 2815 παραστήσωσι.
566 2789 576 2806 ι
606 2780 702 2807 Καίτοι
728 2779 777 2806 καὶ
805 2780 829 2806 εί
854 2781 885 2807 16

112 2826 154 2861 τῆς
167 2825 302 2862 (κλήσεως
317 2827 397 2862 μόνον
418 2826 513 2862 ιδήλου
531 2826 626 2854 ταυτὸν
640 2827 658 2862 ἡ
682 2826 741 2860 διὰ,
758 2826 835 2856 οἰδὲν
851 2827 884 2855 ἂν

937 2323 972 2350 ob
994 2330 1109 2357 eamque
1133 2330 1244 2350 causam
1263 2328 1291 2350 et
1316 2329 1474 2351 creaturam
1502 2324 1636 2359 Spiritum
1657 2332 1722 2352 sane

936 2372 1011 2395 ctum
1033 2375 1083 2394 nos
1110 2367 1201 2401 lateri,
1226 2374 1374 2404 propterea
1401 2370 1474 2405 quod
1492 2371 1651 2404 prarpositio
1675 2378 1722 2404 per

933 2413 1060 2440 eamdem
1074 2413 1241 2442 voluntatem
1257 2416 1414 2450 signiﬁcet;
1432 2417 1527 2442 nescio
1543 2423 1577 2442 an
1593 2416 1639 2443 ulli
1654 2423 1723 2451 prae-

936 2464 979 2487 ter
1005 2460 1079 2487 hunc
1102 2460 1214 2495 probari
1239 2466 1358 2496 queant;
1385 2463 1408 2488 si
1433 2462 1509 2488 enim
1531 2469 1564 2489 ex
1589 2469 1632 2494 eo,
1649 2463 1722 2497 quod

936 2506 1095 2541 praepositio
1110 2515 1166 2541 per,
1184 2507 1308 2534 eamdem
1334 2507 1505 2534 voluntatem
1520 2507 1668 2542 signiﬁcet,
1688 2516 1723 2536 ex

937 2553 996 2588 ejus
1021 2553 1170 2585 sententia,
1195 2558 1334 2585 creatura,
1349 2561 1411 2580 esse
1427 2553 1548 2588 Spiritus
1562 2555 1720 2590 colligitur;

938 2606 993 2634 quo
1019 2599 1129 2625 tandem
1145 2599 1227 2625 modo
1245 2606 1300 2625 non
1317 2599 1411 2626 divina
1430 2600 1523 2634 potius
1542 2602 1595 2626 erit
1612 2605 1721 2633 natura,

938 2651 966 2672 et
981 2653 996 2672 a
1015 2646 1095 2673 nobis
1109 2645 1287 2672 venerandus
1298 2650 1380 2680 atque
1393 2646 1540 2678 colendus,
1554 2653 1587 2673 ex
1604 2653 1637 2673 eo
1646 2647 1722 2681 quod

939 2690 1098 2725 praepositio
1117 2698 1175 2725 per,
1191 2691 1273 2717 etiam
1291 2690 1416 2718 eamdem
1434 2691 1616 2719 substantiam
1634 2692 1721 2720 deno-

941 2739 998 2768 tet;
1013 2736 1164 2770 etquidem
1180 2736 1316 2764 sententia
1333 2737 1389 2768 illa,
1401 2745 1482 2772 quam
1500 2739 1615 2772 protulit
1630 2740 1721 2773 magni

939 2781 1068 2816 Maximi,
1091 2783 1216 2809 eamdem
1244 2783 1335 2817 potius
1359 2784 1542 2811 substantiam
1566 2785 1722 2820 signiﬁcare

938 2835 990 2856 nos
1021 2828 1123 2867 docet;
1144 2839 1153 2857 ι
1175 2829 1209 2858 Ut
1236 2830 1330 2865 enim,
1356 2831 1464 2868 inquit,
1495 2832 1721 2867 conjunctionem
