1925 3056
192 111 248 142 255

672 108 929 139 BESSARIONIS
945 108 975 140 S.
995 109 1032 138 Il.
1050 109 1084 138 E.
1105 105 1339 138 CARDINALIS

1769 99 1836 132 25:6

194 175 248 202 que
277 167 477 194 immutabilem
509 166 721 195 similitudinem
747 167 894 202 signiﬁcat,
923 175 976 194 non

1035 167 1189 203 Ξηλωτικδν,
1218 165 1277 191 ἀλλ’
1303 163 1364 199 οὐχὶ
1389 161 1436 189 τοῦ
1469 162 1570 197 τρόπου
1584 161 1631 197 τῆς
1658 160 1832 196 ὑπάρξεως,

193 220 286 242 autem
302 213 414 241 modum
433 213 624 241 exsistentiae:
641 221 737 248 apage,
761 217 790 241 tu
818 221 896 247 vero,
913 221 976 241 cum

193 265 251 286 non
271 258 307 285 ita
320 265 446 290 censeas,
461 266 608 293 personam
634 258 750 286 alteram
773 259 890 287 alterius
905 267 977 291 esse,

193 305 242 332 sed
260 305 444 340 byppstatiee,
467 313 522 332 non
539 305 658 340 amplius
672 313 733 334 esse
758 306 862 340 poteris
884 305 977 333 Trini-

194 352 260 379 tatis
273 356 422 378 venerator
440 355 469 378 et
488 352 587 379 cultor.
604 351 632 378 Si
661 352 734 379 enim
752 351 838 379 Filius
850 358 892 380 est
911 361 976 388 per-

193 405 263 424 sona
280 397 380 428 Patris,
397 403 494 432 utpote
510 397 556 432 qui
572 405 605 424 ex
622 397 681 432 ipso
698 397 743 430 sit,
766 402 794 425 et
814 398 875 425 Filii
891 399 978 434 Spiri-

192 446 255 475 tus;
273 451 327 469 non
346 443 438 478 itaque
456 443 576 478 amplius
588 444 641 472 erit
655 444 737 471 Pater
754 445 841 472 altera
857 452 977 479 persona

193 493 294 522 pra-ter
305 488 417 521 Filium,
428 497 518 524 neque
533 489 618 517 Filius
630 495 729 524 praeter
740 489 886 525 Spiritum.
899 491 979 519 Vides

193 534 334 570 quomodo
357 535 433 562 dicta
451 540 610 563 sanctorum
626 536 670 570 pie
695 536 740 563 illa
755 537 866 571 quidem
880 557 887 568 ,
904 537 978 571 opti-

195 586 294 613 meque
311 587 341 606 se
358 579 472 612 habent,
491 585 520 607 tu
540 587 606 608 vero
622 587 654 608 ea
674 580 766 615 inepte
799 586 882 616 atque
895 580 979 616 impie

195 625 403 660 interpretaris.

457 693 589 729 Sapientis
603 694 713 722 Nic-dmi.

231 760 335 797 Nempe
354 766 382 788 tu
399 769 510 796 quoque
527 761 639 789 beatum
655 762 783 795 Paulum.
809 769 979 792 asserentem

194 807 295 835 Filium
314 816 373 835 esse
391 808 540 843 imaginem
568 809 717 836 invisibilis
735 809 782 836 Dei
809 815 838 837 et
863 812 978 846 ligurem

196 857 357 884 substantia)
371 857 431 891 ejus
447 862 530 891 atque
546 856 723 891 splendorem
743 857 849 892 gloriae,
867 859 907 886 sic
927 865 978 886 ιιι·
996 846 1016 873 Β

196 902 270 929 dires
287 907 416 936 tanquam
432 901 572 929 dicentem
597 902 722 936 ejusdem
743 909 804 929 esse
817 903 980 931 substantia:

196 955 258 975 cum
285 947 378 978 Patre,
397 952 423 974 et
446 947 535 974 solum
561 948 684 975 eamdem
702 952 840 979 naturam,
859 956 914 976 non
934 957 982 976 au-

198 999 253 1021 tem
280 999 307 1021 et
333 994 539 1022 distinctionem
563 1002 741 1028 personarum
764 994 979 1030 signiﬁcantem.

199 1041 298 1069 Verum
324 1048 375 1068 nos
397 1042 504 1068 ratione
527 1046 656 1075 tanquam
681 1041 788 1069 arbitro
807 1046 925 1074 utentes,
952 1045 981 1069 et

198 1087 369 1114 identitatcm
399 1092 505 1114 natura:
528 1087 712 1121 iinaginisque
737 1091 819 1122 atque
844 1095 980 1122 personae,

196 1133 261 1160 item
277 1133 459 1167 operationis,
476 1132 517 1159 his
532 1132 601 1166 ipsis
623 1132 782 1159 nominibus
798 1133 925 1167 religiose
940 1133 982 1160 in-

197 1180 357 1214 telligimus,
369 1185 507 1214 quatenus
524 1186 667 1212 possemus
681 1179 765 1206 etiam
781 1180 885 1211 dicere,
899 1187 981 1207 unam

196 1232 257 1252 esse
278 1225 461 1253 sanctissimi:
477 1222 624 1251 Trinitatis
649 1225 807 1259 imaginem,
836 1229 863 1251 et
890 1225 977 1251 Deita-

198 1277 266 1302 tem,
285 1271 454 1305 accipientes
471 1271 617 1305 imaginem
632 1270 693 1298 loco
709 1271 892 1305 exemplaris;
906 1271 983 1298 simi-

197 1317 261 1344 liter
276 1317 371 1348 etiam,
393 1316 415 1342 si
443 1323 591 1351 personam
616 1316 705 1343 Patris
723 1317 890 1350 diceremus,
913 1317 982 1344 sub-

198 1361 327 1389 stantiam
351 1360 442 1388 Patris
472 1361 680 1396 denotaremus,
705 1367 842 1396 quatenus
869 1363 896 1389 in
926 1363 982 1390 Deo

198 1407 363 1438 StllJSlulllla,
382 1407 454 1434 idem
470 1413 512 1435 est
525 1414 607 1443 atque
621 1409 681 1443 eius
695 1417 826 1444 persona,
845 1414 874 1436 et
889 1417 984 1444 perso-

198 1462 296 1480 narum
325 1454 507 1481 nihilominus
534 1454 742 1482 distinctionem
774 1455 982 1490 signiﬁcamus,

198 1499 335 1534 siquidem
354 1504 409 1526 tres
424 1507 558 1540 personas
589 1500 709 1527 fatemur
736 1509 798 1528 esse
813 1502 839 1528 in
862 1502 981 1529 sanctis-
996 1514 1017 1544 ε

198 1545 267 1573 sima
288 1545 441 1577 'l‘rinitate;
467 1553 533 1572 sane
561 1550 670 1572 constat
687 1553 737 1573 nos
762 1547 815 1574 hoc
830 1547 914 1573 modo
940 1548 981 1574 lo-

197 1590 299 1626 quendi
315 1598 369 1617 non
389 1591 458 1617 idem
473 1598 533 1618 esse
551 1598 682 1625 personas
701 1591 771 1618 inter
791 1599 832 1622 se.
850 1592 898 1619 sed
915 1593 979 1620 dis-

196 1637 356 1664 tinctionem
383 1636 492 1668 docere,
519 1641 547 1663 et
575 1636 732 1671 explanare.
758 1636 848 1672 Imago
871 1646 981 1673 quoque

197 1685 278 1720 plane
296 1693 351 1711 non
367 1684 399 1711 ad
419 1686 549 1718 seipsam,
565 1684 613 1711 sed
630 1684 663 1710 ad
692 1683 758 1711 illud
776 1684 889 1716 dicitur,
903 1685 982 1720 cujus

197 1735 239 1758 est
252 1731 354 1765 imago,
377 1735 524 1764 prsptcrea
548 1734 575 1757 et
600 1737 745 1763 personam
772 1729 896 1760 denotat,
921 1737 982 1765 qua:

199 1776 344 1803 relativum
366 1783 469 1803 nomen
483 1775 609 1806 exsistat,
634 1775 687 1802 tale
710 1775 854 1808 nimirum,
871 1781 900 1802 ut
920 1784 982 1810 per-

196 1829 292 1849 soium
306 1821 421 1854 subeat;
441 1826 469 1848 tu
485 1829 550 1848 vero
568 1821 662 1848 nescio
677 1821 743 1856 quid
767 1821 885 1855 cogitas.
902 1827 982 1849 natu-

196 1868 295 1895 raliter
325 1875 380 1894 nou
411 1867 584 1902 hypostatice
613 1866 667 1894 dici
693 1867 841 1896 afﬁrmans.
871 1868 982 1901 quando

197 1913 285 1941 altera
302 1921 421 1948 persona
438 1912 555 1940 alterius
568 1919 629 1939 esse
645 1912 761 1939 dicitur.
778 1913 811 1939 Et
830 1913 980 1940 absurdum

197 1966 309 1994 quoque
321 1959 451 1992 colligere
466 1957 624 1989 arbitraris,
634 1959 706 1992 quod
725 1959 871 1986 manifeste
884 1963 980 1986 contra

198 2009 224 2032 te
238 2005 314 2031 facit.
335 2004 382 2032 Sin
398 2010 489 2032 autem
505 2004 531 2031 id
548 2012 644 2032 verum
663 2005 709 2037 sit,
725 2004 789 2031 licet
810 2004 982 2032 animadver-

199 2055 268 2078 tere.
287 2051 438 2078 Existimas
449 2051 522 2078 enim
537 2059 586 2078 eos
600 2051 647 2085 qui
665 2055 795 2078 asserunt
809 2051 907 2078 Filium
920 2058 981 2078 esse

198 2105 344 2133 personam
361 2097 462 2130 Patris,
485 2101 581 2131 utpote
598 2097 646 2132 qui
661 2105 695 2124 ex
711 2097 771 2131 ipso
785 2097 942 2132 proveniat,
954 2101 982 2124 et

199 2148 308 2167 rursum
338 2139 472 2174 Spiritum
496 2140 570 2173 Filii,
596 2141 699 2175 quippe
724 2141 770 2175 qui
795 2148 828 2167 ex
854 2141 913 2175 ipso
934 2141 980 2173 sit,

1028 214 1132 247 ἄπαγε.
1145 213 1181 239 Σὺ
1195 211 1222 238 δὲ
1239 211 1276 246 μὴ
1297 210 1368 236 οὕτω
1384 209 1532 244 πρόσωπον
1546 207 1642 242 ἕτερον
1661 208 1762 241 ἑτέρου
1779 208 1833 234 λέ-

1028 268 1095 294 γων,
1116 259 1174 285 ἀλλ’
1187 255 1390 287 ὑποπατικῶς,
1409 255 1498 282 οὐκέτ’
1516 254 1589 289 ἔχεις
1610 252 1680 281 εἶναι
1707 254 1833 288 μύστης

1028 306 1079 338 ’τῆς
1095 305 1220 340 Τριάδος.
1235 304 1266 330 Εί
1281 304 1335 337 γὰρ
1352 302 1398 329 τοῦ
1417 302 1524 336 Πατρός
1540 302 1614 328 ἐστιν
1627 302 1640 327 ό
1668 300 1732 332 Υἱὸς
1748 301 1833 335 πρό-

1030 360 1120 378 σωπον
1141 350 1179 382 ὡς
1195 350 1223 382 ἐξ
1248 348 1341 381 αὑτοῦ,
1369 349 1415 375 καὶ
1437 348 1484 374 τοῦ
1502 346 1568 374 Υίοῦ
1583 346 1615 372 τὸ
1629 346 1757 381 Πνεῦμα,
1774 346 1833 372 οὐ-

1029 399 1087 426 κέτ’
1100 398 1176 425 ἔσται
1192 397 1286 424 λοιπὸν
1302 397 1315 423 ό
1343 396 1438 431 Πατὴρ
1454 395 1603 430 πρόσωπον
1629 394 1723 429 ἕτερον
1739 393 1832 428 παρὰ

1029 446 1074 471 τὸν
1091 445 1166 476 Υίδν,
1182 444 1243 470 οὐδὲ
1259 443 1333 478 παρὰ
1352 443 1383 469 τὸ
1397 442 1508 477 Πνεῦμα
1522 443 1536 468 ὁ
1547 441 1621 473 Υἱός.
1640 441 1724 476 Ὁρᾷς
1738 439 1783 471 ὡς
1797 439 1832 465 αἱ

1032 491 1081 526 μὲν
1094 491 1150 518 τῶν
1165 490 1251 524 ἁγίων
1263 491 1357 525 ῥήσεις
1371 489 1478 524 ἔχουσιν
1494 487 1615 519 εὐσεϐῶς
1631 495 1662 513 τε
1686 487 1733 513 καὶ
1768 493 1831 512 κα-

1029 537 1094 569 λῶς.
1117 537 1197 573 Παρὰ
1212 536 1259 564 σοῦ
1271 536 1300 563 δὲ
1320 535 1540 570 ὲκλαμὸάνονται
1555 532 1692 564 δυσσεϐῶς
1721 541 1753 559 τε
1775 531 1831 558 καὶ

1030 590 1135 614 κακως.

1266 692 1321 720 Τοῦ
1338 692 1436 727 σοφοῦ
1451 691 1586 724 Νικαίας.

1074 760 1117 791 Ὠς
1130 760 1162 794 δὴ
1174 760 1205 786 σὺ
1221 759 1268 786 καὶ
1280 758 1327 786 τοῦ
1342 759 1479 793 μακαρίου
1493 757 1601 785 Παύλου
1615 757 1661 784 τδν
1684 756 1750 783 Υἱδν
1779 756 1830 783 λέ-

1032 814 1127 840 γοντος
1142 805 1235 832 εἰκόνα
1245 805 1292 832 τοῦ
1304 805 1420 840 ἀοράτου
1435 804 1515 837 Θεοῦ,
1532 804 1580 831 καὶ
1593 803 1643 838 τῆς
1655 802 1738 829 αὑτοῦ
1754 803 1829 829 ὓπο-

1033 852 1153 883 στάσεως
1173 853 1348 887 χαρακτῆρα,
1379 852 1427 879 καὶ
1454 851 1503 886 τῆς
1532 851 1612 885 δόξης
1634 851 1825 885 ἀπαύγασμα,

1031 898 1118 931 οὕτως
1139 899 1281 930 ἀκούσαις,
1309 899 1347 930 ὡς
1370 899 1421 933 τῆς
1449 898 1534 933 αὐτῆς
1549 898 1630 925 αὑτὸν
1658 898 1697 932 τῷ
1729 897 1826 932 Πατρὶ

1032 945 1208 976 ὑποστάσεως
1223 945 1359 980 λέγοντος,
1379 946 1426 972 καὶ
1439 945 1546 979 φύσεως
1562 945 1644 980 μόνον
1670 943 1824 979 δηλοῦντος

1031 991 1196 1026 ταυτότητα,
1220 991 1251 1017 οὐ
1271 991 1361 1024 μέντοι
1388 992 1437 1017 καὶ
1461 991 1600 1025 διάκρισιν
1623 990 1818 1018 ὑποστάσεων.

1032 1036 1104 1063 Ἀλλ’
1114 1037 1195 1072 ἡμεῖς
1211 1036 1333 1068 εὐσεϐῶς
1343 1038 1499 1069 διαιτῶντες
1513 1037 1551 1073 τῷ
1566 1037 1649 1072 λόγῳ,
1661 1037 1708 1064 καὶ
1719 1037 1825 1063 ταυτό-

1031 1092 1101 1117 τητα
1114 1085 1223 1117 φύσεως
1253 1084 1299 1111 διὰ
1318 1084 1422 1111 τούτων
1449 1085 1503 1111 τῶν
1528 1085 1673 1119 ὀνομάτων
1702 1084 1823 1118 νοοῦμεν

1033 1131 1136 1162 εἰκόνος
1154 1139 1185 1157 τε
1201 1131 1248 1157 καὶ
1265 1129 1410 1164 προσώπου
1425 1131 1473 1157 καὶ
1499 1130 1653 1165 ἐνεργείας,
1682 1130 1749 1156 καθὸ
1771 1130 1823 1156 καὶ

1033 1177 1182 1213 δυναίμεθα
1195 1177 1228 1204 ἂν
1243 1177 1326 1212 φάναι
1341 1178 1407 1212 μίαν
1426 1175 1496 1204 εἶναι
1515 1179 1564 1212 τὴν
1579 1177 1629 1210 τῆς
1644 1177 1724 1210 ἁγίας
1736 1175 1823 1211 Τριά-

1032 1224 1076 1255 δος
1086 1224 1179 1251 είκόνα
1192 1232 1220 1250 τε
1242 1223 1290 1250 καὶ
1302 1223 1429 1258 θεότητα,
1450 1223 1510 1250 ἀντὶ
1522 1223 1744 1258 παραδείγματος
1767 1223 1821 1255 τὴν

1033 1271 1126 1297 εἰκόνα
1141 1271 1282 1305 δεχόμενοι
1292 1278 1299 1285 ·
1314 1271 1418 1305 ὁμοίως
1436 1270 1466 1298 δὲ
1491 1270 1538 1297 καὶ
1552 1270 1582 1296 τὸ
1601 1270 1747 1303 πρόσωπον
1771 1268 1820 1295 τοῦ

1034 1317 1142 1351 Harpe;
1155 1316 1281 1350 λέγοντες
1298 1316 1349 1351 τὴν
1362 1316 1409 1342 τοῦ
1432 1316 1538 1350 Πατρὶς
1567 1316 1662 1342 οὐσίαν
1685 1315 1822 1350 δηλώσαι-

1036 1372 1097 1398 μεν,
1112 1363 1227 1390 καθόσον
1243 1364 1272 1389 ὲν
1284 1363 1322 1399 τῷ
1339 1364 1399 1398 θεῷ
1423 1364 1439 1396 ἡ
1462 1363 1541 1389 οὐσία
1568 1363 1668 1389 ταυτόν
1693 1363 1751 1389 ἐστι
1783 1363 1818 1396 τῇ

1034 1410 1182 1437 ὑποστάσει
1197 1409 1280 1436 αὑτοῦ
1294 1418 1300 1424 -
1317 1409 1394 1436 οὐδὲν
1407 1411 1500 1444 μέντοι
1518 1406 1600 1443 ἦττον
1613 1409 1661 1435 καὶ
1688 1409 1737 1442 τὴν
1763 1408 1819 1434 τῶν

1035 1456 1211 1483 ὑποστάσεων
1226 1455 1362 1491 δηλοῦμεν
1379 1456 1527 1490 διάκρισιν.
1553 1455 1692 1490 Πρόσωπά
1706 1462 1736 1480 τε
1762 1453 1817 1490 γὰρ

1034 1502 1097 1536 τρία
1112 1502 1202 1536 φαμὲν
1220 1502 1267 1528 ἐπὶ
1279 1501 1328 1536 ’τῆς
1345 1501 1425 1535 ἁγίας
1436 1501 1563 1535 Τριάδος.
1580 1501 1664 1536 Δῆλον
1673 1500 1711 1533 ῶς
1723 1502 1752 1528 οὒ
1767 1503 1818 1535 τὴν

1041 1546 1196 1580 ταυτότητα
1209 1546 1254 1573 διὰ
1268 1546 1376 1579 τούτου,
1400 1546 1450 1580 τὴν
1476 1546 1613 1582 διάκρισιν
1637 1547 1666 1574 δὲ
1684 1547 1817 1581 παριστά-

1038 1599 1139 1622 νοντες.
1164 1591 1200 1617 Ἤ
1211 1599 1241 1617 τε
1253 1592 1336 1618 εἰκὼν
1356 1591 1479 1625 φανερῶς
1495 1591 1525 1617 οὐ
1542 1591 1608 1625 πρὸς
1621 1591 1733 1625 ἑαυτὴν,
1749 1590 1816 1616 ἀλλὰ

1036 1638 1104 1673 πρὸς
1121 1639 1207 1664 ὲκεῖνο
1219 1637 1340 1670 λέγεται,
1356 1634 1461 1668 οὗτινός
1485 1638 1543 1663 ἐστι
1565 1637 1614 1664 καὶ
1642 1638 1735 1663 εἰκών,
1762 1637 1815 1664 Καὶ

1036 1683 1080 1710 διὰ
1095 1683 1174 1709 τοῦτο
1189 1683 1318 1718 σημαίνει
1337 1683 1487 1709 ὑπόστασιν
1503 1683 1672 1717 ἁναφορικόν
1688 1690 1718 1716 γε
1732 1681 1814 1716 ὄνομα

1035 1728 1075 1762 ὃν,
1090 1730 1136 1755 καὶ
1150 1726 1206 1756 οἷον
1227 1729 1371 1763 πρόσωπον
1392 1728 1560 1762 ὑφιστάνειν.
1585 1728 1621 1754 Σὺ
1635 1728 1658 1754 δ’
1678 1728 1727 1753 οὐκ
1740 1726 1786 1753 οἷδ’
1800 1727 1813 1753 ὃ

1036 1784 1062 1801 ’τι
1077 1775 1177 1809 διανοῇ,
1196 1775 1317 1810 φυσικῶς
1330 1774 1458 1809 λέγεσθαι
1475 1774 1586 1809 φάσκων
1603 1775 1651 1808 οὐκ
1671 1774 1814 1801 ὑποστατι-

1036 1820 1102 1852 κῶς,
1125 1820 1189 1847 ὅταν
1214 1820 1360 1855 πρόσωπον
1391 1819 1484 1854 ἕτερον
1506 1819 1599 1855 ἑτέρου
1622 1819 1747 1854 λέγηται.
1763 1820 1814 1846 Καὶ

1036 1866 1136 1892 ἄτοπον
1156 1865 1183 1891 δὲ
1199 1866 1330 1899 συνάγειν
1344 1865 1475 1900 νομίζεις,
1493 1864 1507 1891 ό
1529 1866 1601 1892 κατὰ
1617 1866 1663 1892 σοῦ
1692 1867 1812 1900 φανερῶς

1036 1911 1119 1937 ἐστιν.
1139 1910 1169 1937 El
1186 1911 1208 1936 δ’
1226 1910 1345 1945 ἀληθῶς,
1376 1910 1464 1944 ἔξεστι
1496 1911 1659 1946 σκέψασθαι.
1680 1911 1741 1943 Τοῖς
1761 1912 1812 1945 γὰρ

1035 1957 1145 1991 λέγουσι
1160 1957 1204 1983 τὸν
1220 1957 1271 1992 μὲν
1289 1957 1356 1983 Υίὺν
1380 1958 1526 1992 πρόσωπον
1539 1957 1586 1983 τοῦ
1603 1957 1720 1993 Πατρὸς⁹
1735 1957 1771 1988 ὥς
1784 1958 1812 1992 ἐξ

1035 2002 1117 2029 αὑτοῦ
1131 2004 1269 2037 προϊόντα,
1286 2002 1333 2029 τοῦ
1349 2003 1377 2029 δὲ
1388 2002 1453 2028 Υῑοῦ
1470 2002 1547 2034 αὖθις
1559 2003 1589 2029 τὸ
1603 2002 1716 2038 Πνεῦμα
1734 2004 1769 2035 ὡς
1784 2004 1812 2030 ὃν

1036 2049 1065 2080 ἐξ
1080 2048 1173 2080 αὐτοῦ,
1189 2048 1301 2075 ἕπεσθαι
1317 2048 1366 2074 οίει
1381 2049 1417 2083 μὴ
1429 2048 1519 2082 λέγειν
1532 2048 1595 2075 ἄλλο
1614 2050 1758 2084 πρόσωπον
1771 2050 1811 2076 τὸν

1036 2094 1156 2130 Πατέρα,
1177 2094 1224 2121 καὶ
1237 2094 1281 2120 τὸν
1297 2094 1362 2120 Υίὺν
1379 2094 1483 2129 ἕτερον,
1503 2095 1587 2121 καὶτὸ
1604 2094 1727 2129 Πνεῦμα.
1746 2096 1811 2128 Ἐγὼ

1035 2140 1058 2167 δ’
1073 2140 1101 2167 ετ
1113 2149 1139 2167 τι
1156 2140 1246 2171 καλῶς
1261 2140 1308 2167 τοῦ
1332 2140 1380 2166 σοῦ
1407 2139 1487 2174 λόγου
1513 2141 1636 2175 συνίημι,
1651 2143 1684 2175 τῇ
1713 2140 1759 2175 μὲν
1780 2143 1810 2176 σῇ

198 2185 265 2212 illud
295 2186 495 2213 inconveniens
518 2187 608 2221 sequi,
636 2194 685 2214 eos
713 2194 767 2212 non
793 2186 872 2213 fateri
900 2186 980 2212 aliam

1035 2187 1105 2213 θέσει
1117 2186 1162 2212 καὶ
1184 2186 1253 2212 πάνυ
1266 2186 1299 2212 ἂν
1320 2186 1398 2212 τοῦτο
1417 2187 1449 2212 τὺ
1465 2187 1565 2212 ἄτοπον
1583 2186 1699 2213 ἔπεσθαι
1715 2188 1791 2222 φαίην
1803 2195 1810 2203 ·

198 2238 260 2258 esse
275 2239 421 2265 personam
436 2231 557 2264 Patrem,
585 2232 666 2260 aliam
687 2232 798 2264 Filium,
813 2231 894 2258 aliam
918 2231 982 2266 Spi-

199 2277 281 2303 ritum
297 2282 436 2304 sanetum.
452 2278 510 2312 Ego
527 2285 603 2310 vero,
625 2278 648 2305 si
667 2286 722 2312 quo
744 2282 826 2312 pacto
852 2282 925 2303 tuam
941 2285 983 2303 ra-

199 2322 301 2349 tionem
317 2323 449 2357 percipio,
466 2328 511 2349 tua
530 2322 642 2357 quidem
659 2323 742 2355 thesi,
756 2327 784 2349 et
804 2322 883 2349 valde
902 2322 981 2358 sequi

197 2367 250 2395 hoc
266 2368 415 2395 absurdum
439 2368 616 2399 allirmarem,
635 2373 730 2395 nostra
746 2376 813 2395 vero
828 2372 914 2395 totum
935 2377 982 2403 op-

198 2413 328 2448 positum.
355 2414 474 2445 Etenim,
502 2414 524 2440 si
551 2421 699 2448 personam
729 2413 844 2440 alteram
868 2414 982 2441 alterius

199 2460 265 2492 dici,
292 2460 364 2487 idem
384 2468 444 2487 esse
461 2460 534 2486 inter
552 2467 580 2486 se
596 2459 695 2491 solum,
721 2464 749 2486 et
772 2459 981 2488 similitudinem

198 2506 407 2538 immutabilem,
423 2511 454 2532 ut
470 2506 528 2540 ipse
549 2505 640 2540 ponis,
655 2506 809 2539 signiﬁcat;
830 2511 869 2532 est
889 2512 981 2533 autem

198 2558 315 2585 persona
332 2550 422 2577 Patris
438 2549 535 2580 Filius,
550 2554 645 2584 utpote
659 2558 719 2584 quae
732 2550 827 2577 eadem
844 2551 879 2577 sit
900 2555 982 2585 atque

198 2596 257 2629 ipse
285 2595 437 2622 secundum
464 2595 667 2626 substantiam,
694 2600 776 2630 atque
807 2596 893 2630 ipsius
921 2595 981 2623 Filii

197 2645 240 2667 est
270 2641 404 2675 Spiritus,
433 2640 533 2675 quippe
564 2645 667 2668 tantum
698 2642 818 2676 ejusdem
839 2642 874 2668 sit
901 2647 982 2676 atque

200 2687 259 2721 ipse
278 2687 437 2714 substantia:
445 2695 457 2720 ’ς
477 2688 537 2715 sine
551 2688 738 2715 controversia
752 2688 824 2715 nulla
839 2689 891 2715 alia
908 2694 983 2716 esset

199 2741 319 2768 persona
338 2733 419 2760 Pater
441 2742 457 2761 a
480 2734 549 2762 Filio
565 2739 593 2762 et
615 2734 732 2769 Spiritu,
748 2739 775 2761 et
793 2735 834 2762 illi
855 2735 888 2761 ad
914 2736 985 2761 invi-

199 2785 270 2809 cem,
286 2785 373 2812 neque
392 2779 463 2806 enim
479 2779 595 2806 alterius
611 2784 677 2806 sunt
695 2779 867 2806 substantiae.
883 2779 982 2806 Verum

198 2830 263 2850 cum
292 2824 419 2852 audimus
448 2833 594 2861 personam
625 2825 727 2858 Patris,
759 2826 800 2853 vel
832 2833 979 2860 personam

1033 2235 1066 2268 ’τῇ
1079 2233 1201 2268 ἡμετέρᾳ
1217 2232 1245 2259 δὲ
1262 2233 1317 2259 πᾶν
1333 2233 1498 2261 τούναντίον.
1520 2233 1552 2260 El
1569 2234 1619 2268 μὲν
1634 2235 1689 2269 γὰρ
1704 2235 1734 2260 τὺ
1749 2235 1810 2269 πρό-

1033 2287 1124 2305 σωπον
1135 2279 1228 2313 ἕτερον
1247 2279 1342 2314 ἑτέρου
1360 2280 1499 2313 λέγεσθαι,
1510 2281 1560 2314 τὴν
1576 2281 1729 2316 ταυτότητα
1741 2281 1811 2316 δη)ιοί

1034 2325 1123 2359 μόνον,
1137 2326 1184 2351 καὶ
1196 2325 1409 2359 ἀπαράλλακτον
1423 2325 1565 2360 ὁμοίωσιν,
1578 2326 1616 2356 ὡς
1626 2327 1710 2358 αὐτὸς
1725 2328 1808 2363 τίθης,

1033 2369 1129 2396 ἔστιδὲ
1141 2370 1285 2406 πρόσωπον
1301 2372 1347 2397 τοὺ
1384 2371 1488 2405 Πατρὸς
1517 2373 1530 2397 ό
1555 2372 1630 2405 Υίὸς,
1659 2372 1696 2404 ὡς
1719 2373 1810 2400 ταυτὸν

1033 2415 1106 2450 αὐτῷ
1121 2418 1181 2442 κατ’
1194 2416 1301 2448 οὐσίαν,
1331 2418 1379 2444 καὶ
1402 2418 1485 2444 αὑτοῦ
1502 2418 1568 2444 Υίοῦ
1585 2420 1614 2444 τὸ
1631 2419 1751 2454 Πνεῦμα,
1775 2420 1809 2452 ὡς

1033 2462 1081 2496 τῆς
1096 2462 1180 2497 αὐτῆς
1196 2462 1270 2497 αὐτῷ
1288 2463 1368 2497 μόνον
1391 2463 1495 2495 οὐσίας,
1520 2464 1745 2499 ὁμολογουμένως
1764 2466 1809 2492 οὐκ

1034 2508 1067 2534 ἂν
1081 2509 1123 2543 εἴη
1148 2508 1212 2535 ἄλλο
1244 2510 1391 2543 πρόσωπον
1415 2511 1428 2536 ό
1452 2511 1547 2546 Πατὴρ
1572 2511 1620 2537 τοῦ
1638 2511 1703 2538 Υίοῦ
1725 2520 1753 2538 τε
1767 2513 1808 2538 καὶ

1034 2553 1204 2588 Πνεύματος,
1222 2555 1342 2582 κάκεῖνοι
1356 2555 1493 2590 ἀλλήλων,
1515 2556 1576 2583 οὐδὲ
1591 2557 1644 2592 γὰρ
1667 2557 1749 2591 ἄλλης
1765 2557 1807 2583 οὺ-

1034 2599 1106 2631 σίας.
1130 2599 1210 2626 Ἀλλὰ
1225 2601 1374 2635 πρόσωπον
1384 2603 1431 2628 τοῦ
1447 2603 1563 2637 Πατρὸς,
1579 2603 1596 2636 ἢ
1616 2602 1808 2638 πρόσωποντοῦ

1033 2645 1098 2672 Υίοῦ
1113 2645 1269 2678 ἀκούοντες,
1281 2647 1329 2673 καὶ
1345 2647 1386 2673 ἔτι
1399 2647 1446 2674 τοῦ
1473 2649 1643 2683 Πνεύματος,
1658 2649 1707 2683 τὴν
1722 2649 1808 2676 ταυτό-

1033 2699 1102 2725 τητα
1118 2691 1166 2725 τῆς
1177 2692 1272 2723 οὐσίας
1288 2693 1429 2728 νοήσομεν·
1445 2694 1482 2726 ὡς
1493 2696 1522 2721 τό
1537 2703 1568 2728 γε
1588 2695 1659 2721 κατὰ
1673 2696 1702 2721 σὲ
1716 2694 1808 2730 ἀνῄρη-

1033 2744 1078 2762 ται
1092 2737 1107 2772 ἡ
1121 2737 1217 2772 Τριάς,
1232 2740 1271 2769 εἰς
1289 2739 1412 2775 μονώτην
1421 2740 1636 2776 ἀντιπεριστᾶσα
1650 2741 1726 2768 Θεόν.
1750 2741 1805 2767 Είδ¹

1034 2781 1071 2812 ὡς
1081 2782 1161 2817 ἡμεῖς
1179 2783 1295 2818 λέγομεν
1308 2785 1338 2810 τὸ
1354 2786 1500 2820 πρόσωπον
1523 2787 1616 2822 ἓτερον
1632 2787 1725 2822 ἑτέρου
1740 2786 1806 2820 λέγε-

1036 2828 1098 2855 σθαι
1113 2829 1143 2855 τὸ
1160 2829 1189 2861 ἐξ
1214 2830 1333 2857 ἐκείνου.
1344 2830 1415 2860 εἶναι
1430 2833 1570 2870 σημαίνει,
1586 2831 1617 2860 οὗ
1647 2834 1693 2861 καὶ
1710 2834 1808 2867 λέγεται
