1925 3056
111 134 165 166 ⁸257

596 131 783 162 ΛΡΟῘ.ΟΟΙΛ
806 129 1112 161 ίΝΞΟίῖἰΡΤίΟΝυΜ
1134 130 1256 162 VECCI.

1689 130 1743 163 258

114 191 194 222 εἶναι,
211 190 277 226 πρδς
302 190 339 224 τῷ
357 190 404 216 καὶ
419 189 468 224 τῆς
502 189 585 224 αὐτῆς
613 188 686 222 avi-.4?)
710 187 779 214 εἶναι
798 187 903 219 οἰσίας,

971 187 1030 220 ’ilii,
1044 188 1128 223 ipsius
1141 196 1251 223 quoque
1266 188 1386 223 Spiritus
1398 188 1496 222 sancti,
1511 189 1583 216 idem
1595 196 1656 217 esse
1670 189 1743 218 inter

112 239 175 265 ἐπεὶ
186 238 216 264 τὸ
232 237 264 264 ἐκ
280 245 352 268 τινος
369 235 399 263 ὃν
416 236 509 271 ἕτερόν
523 237 580 262 ἐστι
599 235 723 270 φανερῶς
738 235 772 270 τῇ
788 243 819 269 γε
837 234 902 268 γοίν

114 283 278 315 ὑποστάσει,
297 283 342 309 καὶ
360 282 399 317 τῷ
413 281 552 316 προσώπῳ
567 281 616 307 τοῦ
647 281 677 313 ἐξ
696 276 726 306 οὗ
740 279 849 313 λέγεται
864 277 903 305 εἷ-

113 339 170 362 ναι,
187 330 245 362 πῶς
258 331 308 357 οὐκ
322 329 398 356 ἔσται
413 330 558 364 πρόσωπον
576 328 590 354 ὀ
603 328 698 362 Πατὴρ
726 326 800 360 ἄλλο,
817 327 863 354 καὶ
891 327 904 352 ὁ

115 377 191 409 Υἱὸς,
215 377 261 403 καὶ
278 377 309 402 τὸ
323 375 453 409 Πνεῦμα;
480 374 556 400 Ὢστ⁹
573 374 654 409 ἡμεῖς
672 374 721 408 μὲν
743 372 830 399 ταῦτα
860 372 902 398 λέ-

115 431 209 457 γοντες
229 423 278 458 τὴν
304 422 407 457 Τριὰδα
434 422 482 448 καὶ
514 421 586 456 μάλα
611 421 800 455 φυλάττομεν·
824 418 905 450 αὐτὸς

116 470 147 496 δὲ
165 468 284 504 φύλαξαι
302 469 339 504 μὴ
367 468 525 495 τούναντίον
556 467 642 494 ποιῶν
659 467 759 498 ἀδίκως
788 466 905 500 ἐγκαλῇς

116 515 218 546 ἄλλοις,
231 515 299 549 ἡμῖν
315 514 449 545 ἐπιτιθεὶς
470 514 505 541 τὰ
515 513 604 549 ὀνείδη
625 514 658 540 τὰ
677 513 740 540 tota.
761 513 821 539 Ὀτι
834 511 861 538 δὲ
876 512 906 537 τὸ

117 561 245 596 λέγεσθαι
270 561 427 597 πρόσωπον,
448 561 465 596 ῆ
495 561 620 595 δύναμιν,
639 560 655 595 ἦ
686 559 826 594 ἐνέργειαν
847 558 906 584 τάδε

118 607 196 634 τοῦδὲ
208 616 292 641 τινος,
321 608 390 642 πρὸς
418 607 455 642 τῷ
485 607 569 642 ἀλλην
596 606 740 642 σημαίνειν
760 605 908 632 ὑπόστασιν

119 654 167 680 καὶ
179 654 209 680 τὸ
221 654 249 687 ἐξ
263 653 347 680 αὑτοῦ
366 651 436 681 εἶναι
451 653 589 688 σημαίνει,
623 650 653 679 οἶ)
678 652 725 679 καὶ
749 652 858 686 λέγεται
871 645 910 677 εί-

117 708 173 731 ναι,
192 700 245 726 τῶν
255 699 389 733 λεγόντων
401 700 518 726 ἄκουσον
531 695 615 734 (οὗτοι
629 698 652 725 δ’
669 700 736 726 εἰσὶν
748 700 772 725 οἱ
785 698 910 725 διδάσκα-

117 745 158 771 λοι
177 745 287 780 πάντες)
303 746 422 781 Χριστὸν
438 746 508 772 ε)εοῦ
524 745 651 780 δύναμιν,
662 746 710 772 καὶ
721 745 791 771 Θεοῦ
802 744 908 778 σοφίαν,

118 792 165 818 καὶ
184 789 264 824 αὖθις
284 792 375 824 ζῶσαν
392 792 440 819 καὶ
454 792 637 818 ὲνυπόστατον
661 792 804 827 ἐνέργειαν
817 800 847 817 τε
865 792 911 817 καὶ

119 839 234 873 εὐναμιν
251 839 298 865 τοῦ
311 838 418 873 Πατρὺς
434 838 483 864 τὸν
507 838 570 865 Υίόν
580 846 588 854 ο
614 838 663 865 καὶ
676 838 768 868 πάλιν,
784 837 813 864 τὸ
827 837 911 863 Πνεῦ-

959 240 987 260 se
1017 233 1170 260 secandum
1207 234 1390 261 substantiam
1418 234 1609 270 intelligimus.
1636 235 1746 269 Quare,

958 277 1032 313 quod
1053 278 1086 305 ad
1104 282 1129 305 lc
1145 280 1254 311 attinet,
1268 280 1377 306 sublata
1394 285 1436 307 est
1452 280 1574 308 Trinitas
1597 281 1624 308 in
1649 281 1747 308 solita-

961 324 1031 350 rium
1052 326 1138 351 Deum
1156 329 1308 352 coarctata.
1332 326 1379 352 Sin
1399 330 1491 354 autem
1516 331 1546 353 ut
1562 334 1612 354 nos
1628 327 1748 355 dicimus

960 378 1107 405 personam
1125 370 1241 398 alteram
1260 371 1376 399 alterius
1388 371 1455 404 dici,
1471 378 1653 408 praeterquam
1673 374 1748 409 quod

961 417 997 444 sit
1017 417 1142 452 ejusdem
1170 426 1233 446 cum
1259 419 1320 453 ipso
1341 419 1512 452 substantiae,
1540 420 1626 448 etiam
1643 421 1677 448 ab
1703 421 1749 448 illo

961 471 1022 490 esse
1046 464 1193 499 signiticet,
1213 465 1292 501 cujus
1318 469 1346 493 et
1370 472 1433 493 esse
1458 466 1561 493 dicitur
1583 475 1590 494 ι
1618 467 1749 502 quoniam

963 510 1036 543 quod
1053 509 1086 536 ab
1107 510 1200 545 aliquo
1213 515 1267 542 est,
1282 510 1400 538 alterum
1415 516 1458 538 est
1474 511 1563 546 plane,
1580 512 1678 540 saltem
1700 513 1752 549 hy-

963 556 1065 591 pomsi
1081 561 1107 584 ct
1126 565 1254 592 persona,
1273 559 1308 586 ab
1328 567 1361 586 eo
1385 559 1466 593 cujus
1483 567 1544 587 csse
1559 559 1680 592 dicitur;
1704 561 1751 594 qui

963 602 1024 630 ﬁeri
1038 607 1129 638 potest
1144 608 1173 631 ut
1189 611 1242 630 non
1257 604 1293 632 sit
1310 604 1363 632 alia
1387 612 1506 639 persona
1525 605 1615 638 Pater,
1634 605 1687 633 alia
1709 606 1753 633 Fi-

964 650 1027 683 lius,
1053 650 1105 677 alia
1124 650 1243 684 Spiritus
1261 652 1395 679 sanctus?
1420 652 1476 679 Nos
1501 653 1595 685 itaque
1612 659 1676 680 curn
1694 653 1752 680 habe

965 696 1093 729 dicimus,
1121 697 1240 723 maxime
1267 697 1415 724 admodum
1440 697 1604 725 Trinitatem
1630 702 1751 726 tuemur.

964 741 1036 769 Cave
1053 746 1094 774 tu,
1111 750 1145 769 ne
1161 743 1319 777 oppositum
1336 742 1451 777 faciens,
1468 743 1610 772 immerito
1627 745 1695 773 alios
1709 754 1755 773 ac-

966 796 1057 821 cuses,
1076 787 1158 816 nobis
1173 789 1318 817 ascribens
1334 793 1379 816 tua
1399 790 1489 825 ipsius
1506 791 1653 819 dedecora.
1673 791 1754 825 Quod

967 839 1058 862 autent
1086 834 1140 862 dici
1159 835 1211 862 hoc
1225 835 1329 870 aliquid
1347 843 1508 871 personam,
1525 845 1573 865 seu
1589 839 1752 872 potentiam,

120 895 158 920 μα
173 871 202 912 τί)
214 886 291 919 ἆγιον
314 871 376 912 οὐκ.
394 885 535 920 ἀλλότριον
550 884 598 910 τοῦ
616 884 694 917 Υίοῦ,
719 884 778 910 ἀλλ’
795 884 824 911 ὲν
839 884 913 918 αὑτῷ

971 889 1015 907 seu
1034 882 1222 915 operationem
1241 882 1359 918 alicujus
1380 888 1565 919 prieterquam
1579 871 1652 919 quod
1669 885 1754 920 signi-

119 939 150 957 τε
174 932 222 957 καὶ
243 931 272 963 ἐξ
296 931 390 964 αὐτοῦ,
417 932 465 957 καὶ
486 930 581 965 ὥσπερ
606 931 749 966 ἐνέργειαν
771 931 909 966 φυσικήν·

120 977 202 1010 δῆλον
214 977 271 1012 γὰρ
296 977 327 1012 δὴ
342 978 387 1004 τὸν
406 977 484 1010 Υἱδν,
511 978 693 1004 ὲνυπύστατον
721 977 838 1012 δύναμιν
865 977 911 1003 τοῦ

124 1023 231 1058 [ἰατρὸς
246 1023 322 1057 ὄντα,
338 1023 481 1059 διαφέρειν
503 1024 587 1050 αὐτοῦ
609 1023 676 1051 καθό
695 1024 771 1050 ἐστιν
799 1023 914 1050 ὑπόστα-

125 1077 178 1100 σις,
195 1068 242 1094 καὶ
270 1069 342 1096 κατὰ
359 1069 440 1096 τοῦτο
469 1071 516 1096 καὶ
543 1070 573 1102 ἐξ
601 1069 684 1096 αὐτοῦ
703 1069 767 1095 ὄντα
781 1076 788 1084 ⁸
808 1069 854 1095 καὶ
882 1069 914 1095 τὸ

124 1114 237 1149 Πνεῦμα
255 1115 397 1150 ἐνέργειαν
412 1116 532 1151 φυσικὴν
546 1115 593 1142 τοῦ
610 1115 688 1148 Υίοῦ,
718 1115 778 1142 οὐδὲ
809 1115 911 1150 ταύτην

122 1161 322 1193 ἀνυπόστατον,
339 1162 370 1194 ἐξ
382 1162 465 1188 αὑτοῦ
478 1170 508 1188 τε
541 1159 623 1194 εἶναι,
640 1161 688 1188 καὶ
717 1160 806 1196 τούτῳ
830 1160 912 1187 αὑτοῦ

122 1207 339 1242 διακρίνεσθαι..
354 1208 430 1235 Ὠστ”
447 1208 478 1235 οὐ
509 1209 664 1244 ταυτότητα
696 1209 777 1242 μόνον
806 1208 912 1243 φύσεως

123 1255 213 1280 ταῦτα
227 1253 303 1289 δηλοῖ
312 1255 345 1281 τὰ
355 1255 488 1290 ὀνόματα,
504 1255 551 1281 καὶ
568 1255 598 1281 τὸ
616 1254 693 1281 τοῦδέ
705 1263 778 1286 τινος
787 1254 914 1288 λέγεσθαι

123 1301 193 1333 τόδε,
207 1301 250 1335 ἐφ’
298 1301 380 1333 αὐτὸς
406 1301 545 1337 ἰσχυρίζῃ,
559 1301 627 1328 ἀλλὰ
642 1301 689 1328 καὶ
702 1301 837 1336 διάκρισιν
849 1301 915 1328 ὑπο-

128 1347 265 1375 στάσεων.
284 1348 389 1375 Τούτου
401 1348 429 1375 δὲ
446 1347 495 1375 τοῦ
507 1348 589 1382 λόγου
615 1348 853 1382 διασεσεισμένου,
870 1348 916 1375 χαὶ

127 1394 160 1420 τὰ
179 1394 305 1428 ἑπόμενα
323 1394 413 1421 πάντα
433 1393 703 1429 συγκαταὸἐὸληται.

967 928 1029 955 licet
1041 929 1155 956 alteram
1175 929 1356 964 hypostasim.
1375 934 1507 965 praeterea
1522 930 1638 959 denotet
1649 932 1683 959 ab
1695 932 1755 966 ipsa

966 980 1037 1004 esse,
1056 974 1134 1008 cujus
1151 979 1178 1002 ct
1196 982 1258 1002 esse
1273 975 1394 1008 dicitur;
1421 976 1485 1003 audi
1505 985 1553 1004 eos
1570 977 1647 1011 (sunt
1660 983 1754 1006 autem

967 1027 1064 1047 onmes
1087 1019 1227 1056 doctores)
1244 1021 1290 1056 qui
1306 1027 1405 1050 vocant
1430 1022 1573 1050 Christum
1599 1024 1646 1052 Dei
1664 1025 1756 1052 virtu-

968 1068 1034 1096 tem,
1054 1065 1157 1100 Deique
1183 1067 1357 1101 sapientiam,
1382 1073 1410 1095 et
1433 1077 1530 1097 rursus
1546 1070 1685 1105 appellant
1709 1071 1756 1098 Fi-

968 1110 1036 1139 lium
1059 1113 1151 1140 vivam
1172 1117 1200 1140 et
1218 1113 1418 1142 subsistentem
1445 1116 1636 1150 operationem
1653 1117 1755 1149 Patris,

968 1163 995 1186 ct
1026 1159 1126 1186 iterum
1156 1159 1290 1195 Spiritum
1315 1167 1442 1188 sanctum
1462 1170 1519 1190 non
1538 1163 1659 1191 alienum
1679 1165 1759 1192 aiunt

968 1214 1028 1234 esse
1043 1214 1057 1233 a
1072 1206 1154 1239 Filio,
1171 1207 1219 1234 sed
1236 1207 1262 1234 in
1281 1207 1353 1242 ipso.
1371 1212 1401 1235 et
1414 1217 1447 1236 ex
1466 1209 1537 1242 ipso,
1563 1217 1595 1237 ac
1609 1210 1697 1237 veluti
1712 1219 1746 1238 na

970 1253 1086 1280 turalem
1112 1253 1315 1288 operationem.
1340 1253 1413 1281 Sane
1438 1255 1551 1289 quidem
1580 1257 1757 1292 perspicuum

969 1304 1012 1327 εει
1031 1300 1140 1332 Filium,
1153 1307 1216 1328 cum
1229 1299 1266 1327 sit
1278 1301 1401 1335 potentia
1417 1301 1505 1328 Patris
1522 1302 1688 1336 subsistens,
1706 1304 1758 1331 dii-

971 1346 1041 1373 τιτι-το
1057 1346 1092 1372 ab
1104 1346 1163 1380 ipso
1175 1346 1268 1379 Patre,
1284 1351 1423 1381 quatenus
1437 1352 1479 1374 est
1493 1356 1622 1383 persona,
1638 1355 1666 1378 et
1680 1351 1759 1386 juxta

972 1394 1024 1420 hoc
1042 1393 1076 1420 ab
1101 1392 1289 1427 ipso,quoque
1309 1401 1381 1421 esse.
1406 1394 1440 1420 Et
1458 1394 1594 1429 Spiritum
1619 1402 1757 1428 sanctum.

126 1449 188 1468 cuin
212 1442 248 1469 sit
273 1441 398 1476 operatio
422 1441 484 1469 Filii
511 1441 655 1474 naturalis,
671 1448 761 1475 neque
788 1441 862 1474 talis,
881 1446 911 1469 ut
927 1449 988 1478 qua:
1016 1445 1134 1476 nequeat
1166 1439 1318 1468 subsistere
1334 1448 1368 1467 ex
1385 1442 1445 1475 ipso
1472 1449 1583 1477 quoque
1594 1450 1657 1471 es:c
1675 1443 1757 1475 Filio.

126 1494 154 1516 cl.
179 1489 231 1517 hoc
249 1490 329 1517 modo
347 1490 380 1518 ab
406 1497 440 1517 eo
465 1489 610 1525 distingui.
629 1490 722 1525 Itaque
749 1497 804 1517 non
822 1490 911 1517 solum
933 1490 1004 1518 idem
1026 1496 1088 1518 esse
1123 1489 1195 1516 inter
1221 1497 1261 1522 se,
1277 1491 1420 1517 secundant
1455 1495 1582 1518 naturam
1597 1493 1635 1528 (Ι)
1651 1493 1760 1528 signiti-

126 1542 191 1565 cant
222 1538 279 1566 haec
294 1538 416 1571 nomina,
441 1543 469 1565 et
489 1538 562 1573 quod
588 1537 640 1565 hoc
682 1537 786 1573 aliquid
814 1539 932 1566 alterius
948 1546 1008 1567 esse
1034 1538 1144 1565 dicatur
1181 1537 1305 1572 (propter
1329 1538 1455 1566 eamdem
1483 1541 1622 1576 naturam)
1644 1541 1671 1568 in
1701 1551 1756 1577 qun

127 1586 187 1618 ipse
213 1585 334 1613 niteris:
372 1593 468 1612 verum
510 1585 594 1613 etiam
618 1585 824 1614 distinctionem
849 1593 1032 1622 personarum
1060 1584 1214 1618 declarant,
1243 1585 1293 1612 hac
1330 1591 1422 1613 autem
1457 1587 1565 1615 ratione
1611 1596 1759 1623 concussa,

127 1638 227 1661 cetera
250 1627 362 1668 quoque
386 1633 490 1667 onmia,
507 1641 568 1668 quae
583 1638 739 1668 sequuntur
755 1634 837 1662 facile
862 1643 915 1662 una
936 1638 1082 1662 corruunt.

343 1689 398 1719 Τοῦ
421 1691 539 1719 Βέκκου
557 1693 601 1725 εἷς
615 1692 673 1726 τὴν
690 1692 725 1720 5'.

165 1753 274 1788 Ἐπειδὴ
288 1762 361 1785 τινες
377 1753 416 1788 μὴ
445 1754 659 1788 καταδεχόμενοι
688 1752 737 1788 τὴν
768 1753 796 1778 ὲν
823 1752 919 1787 Τριάδι

131 1802 269 1836 μεσιτείαν
284 1800 330 1826 τοῦ
349 1799 414 1826 Υἱοῦ
431 1799 572 1834 προδήλως
591 1799 668 1833 παρὰ
683 1799 738 1825 τῶν
759 1798 845 1832 ἁγίων
862 1798 920 1824 θεο-

129 1847 299 1881 λογουμένην
318 1845 505 1881 ὰπαρνοῦνται
518 1845 564 1871 καὶ
579 1845 610 1872 τὸ
624 1845 692 1876 ὅλως
711 1844 808 1878 ,λέγειν
833 1844 920 1879 ὄνομα

130 1892 232 1924 τάξεως
246 1893 275 1918 ὲν
294 1893 326 1927 τῇ
342 1891 450 1926 Τριὰδι,
463 1891 647 1926 συνελέγησαν
664 1891 692 1917 αἱ
706 1889 845 1925 παροῦσαι
854 1899 921 1924 γρα-

132 1939 215 1972 cpt-tat
245 1939 340 1973 ῥήσεις
370 1938 410 1969 είς
445 1937 563 1972 δήλωσιν
575 1945 606 1963 τε
623 1936 671 1962 τοῦ
690 1936 720 1962 τὸ
744 1935 856 1970 Πνεῦμα
877 1935 920 1962 διὰ

131 1984 180 2010 τοῦ
198 1983 264 2010 Υἰοῦ
296 1983 480 2010 συνάπτεσθαι
499 1983 538 2018 τῷ
569 1983 668 2017 [lett-pl,
694 1981 741 2008 καὶ
763 1982 803 2012 είς
832 1982 922 2016 παρά-

131 2037 229 2055 στασιν
270 2028 317 2054 τοῦ
358 2027 488 2062 λέγεσθαι
529 2027 667 2063 ἀριδήλως
716 2024 793 2057 τάξιν
830 2027 858 2052 ὲν
887 2028 920 2061 τῇ

130 2074 236 2110 Τριάδι.

420 2131 476 2159 Τοῦ
501 2131 638 2166 Παλαμᾶ.

170 2189 336 2225 Καταψεύδῃ
349 2189 403 2216 τῶν
421 2189 554 2221 εὐσεόῶν,
569 2189 741 2225 ταλαίπωρε.
758 2189 854 2223 Ἰσμεν
869 2187 922 2222 γὰρ

131 2238 209 2269 τάξιν
228 2237 274 2262 ἐπὶ
290 2235 340 2270 τῆς
356 2235 437 2269 ἁγίας
451 2235 578 2269 Τριάδος,
594 2235 663 2261 ἀλλὰ
677 2234 727 2269 τὴν
744 2233 855 2268 εὐσεϐῆ.
866 2232 923 2268 Τὴν

133 2284 162 2310 δὲ
173 2283 318 2310 δεικνῦσαν
333 2283 426 2317 τρίτον
439 2282 468 2314 ἐξ
486 2281 609 2316 ἀνάγκης
623 2281 678 2307 ἀπὸ
705 2280 751 2307 τοῦ
771 2280 877 2314 Πατρδς
893 2279 923 2305 τὸ

135 2328 246 2362 Πνεῦμα
258 2328 287 2354 τὸ
305 2327 396 2361 ἅγιον,
409 2327 447 2358 ὡς
464 2325 604 2357 δυσσεῦῶς
621 2325 747 2360 ἔχουσαν,
763 2325 797 2360 ἢν
816 2325 847 2350 σὺ
865 2323 923 2359 μετ’

1228 1692 1305 1720 Bem'
1321 1695 1349 1721 in
1365 1695 1512 1729 quartam.‘

1006 1750 1143 1783 Quoniam
1168 1755 1233 1778 sunt
1253 1750 1376 1786 quidam,
1393 1752 1440 1786 qui
1464 1759 1526 1779 cum
1546 1760 1601 1780 non
1626 1754 1763 1789 recipiant

970 1795 1069 1823 Filium
1086 1803 1145 1823 esse
1159 1796 1280 1823 medium
1297 1797 1324 1823 in
1338 1797 1486 1830 Trinitate,
1502 1799 1575 1833 quod
1598 1799 1677 1834 plano
1689 1808 1704 1828 a
1717 1808 1763 1828 sa-

971 1843 1025 1870 cris
1051 1842 1187 1877 theologis
1211 1843 1356 1875 asseritur,
1381 1849 1511 1872 recusant
1538 1847 1620 1872 etiam
1649 1848 1763 1875 omnino

971 1889 1064 1916 dicere
1086 1897 1185 1916 nomen
1205 1890 1311 1917 ordinis
1334 1890 1362 1917 in
1385 1890 1532 1922 Trinitate,
1558 1892 1679 1920 collecta:
1699 1899 1764 1921 sunt

972 1939 1121 1969 praesentes
1136 1935 1277 1962 memoria:
1293 1935 1400 1963 traditae
1416 1937 1574 1969 sementim,
1595 1938 1622 1965 in
1640 1938 1764 1966 declara-

974 1981 1077 2007 tionem
1091 1980 1183 2016 hujus,
1194 1981 1267 2015 quod
1278 1981 1398 2016 Spiritus
1413 1984 1668 2018 conjungaturcum
1683 1985 1764 2012 Patre

973 2033 1020 2060 per
1036 2025 1145 2057 Filium.
1168 2030 1249 2061 atque
1274 2027 1299 2053 in
1320 2027 1681 2064 demonstrationcm,quod
1703 2039 1766 2065 per-

974 2072 1070 2107 spicue
1088 2072 1196 2099 dicatur
1208 2073 1277 2100 ordo
1290 2073 1317 2100 in
1336 2073 1482 2102 Trinitate.

1295 2129 1428 2157 Palamw.

1010 2187 1102 2221 Miser,
1118 2187 1244 2214 mentiris
1261 2187 1294 2215 de
1316 2188 1368 2222 piis
1383 2187 1563 2223 hominibus;
1578 2190 1680 2219 scimus
1692 2192 1766 2220 enim

975 2234 1100 2260 ordinem
1118 2234 1145 2260 in
1160 2233 1336 2260 sanctissima
1351 2233 1498 2267 Trinitate,
1515 2235 1563 2262 sed
1580 2236 1673 2270 pium;
1689 2237 1766 2265 illum

975 2283 1078 2309 autem,
1094 2278 1141 2312 qui
1156 2285 1190 2304 ex
1204 2278 1371 2306 necessitate
1386 2280 1499 2306 tertium
1512 2281 1641 2308 ostendat
1660 2290 1674 2308 a
1686 2282 1767 2309 Patre

976 2324 1111 2359 Spiritqu
1128 2329 1264 2357 sanctum,
1281 2332 1363 2359 quem
1387 2330 1414 2352 tu
1428 2334 1490 2352 cum
1505 2326 1640 2354 Eunomio
1663 2329 1768 2363 ample-

133 2375 269 2408 Εὑνομίου
292 2375 428 2408 στέργεις,
441 2373 471 2399 οὐ
487 2371 705 2407 καταδεχόμεθα.
719 2372 774 2398 Καὶ
792 2371 845 2397 τῶν
856 2378 915 2405 γρα-

977 2371 1070 2404 cteris,
1096 2376 1124 2398 ut
1143 2371 1228 2406 impie
1249 2379 1277 2398 se
1301 2372 1447 2400 habentem
1475 2373 1587 2400 minimc
1609 2375 1768 2409 recipimus.

133 2420 222 2454 φικῶν
235 2419 394 2456 καταψεύδῃ
408 2419 527 2454 ῥήσεων.
540 2418 578 2444 Οὐ
594 2418 648 2453 γὰρ
679 2417 724 2443 τὸν
749 2416 814 2443 Υίὸν
831 2417 922 2451 μόνον,

135 2466 193 2493 ἀλλ’
210 2465 267 2492 ἐσθ’
282 2466 325 2492 ὅτε
336 2466 384 2492 καὶ
399 2465 445 2491 τὸν
461 2465 570 2499 Πατέρα
580 2463 626 2490 τοῦ
642 2462 707 2490 Υίοῦ
722 2463 769 2489 καὶ
779 2462 825 2488 τοῦ
838 2462 924 2488 ῐινεύ-

137 2520 222 2546 ματος
237 2511 335 2538 ἓνωσίν
353 2519 447 2545 φασιν,
477 2510 570 2536 ἄλλοτε
597 2510 626 2536 δὲ
645 2508 693 2535 τοῦ
717 2508 782 2534 Υἰοῦ
802 2509 848 2534 καὶ
878 2507 925 2533 τοῦ

137 2558 243 2591 Harpe;
256 2559 286 2584 τὸ
300 2558 413 2592 Πνεῦμα
432 2557 515 2592 μέσον
533 2557 582 2582 καὶ
599 2555 686 2582 κοινὶν
703 2555 805 2585 αὐτοῖς.
821 2555 873 2580 Καὶ
894 2555 926 2589 ἢν

134 2603 270 2638 ἁριδήλως
281 2603 408 2637 λέγεσθαι
434 2603 486 2638 φῇς
501 2602 588 2634 τάξιν,
607 2602 691 2636 σαφὲς
706 2600 742 2632 ὡς
755 2601 786 2626 οὑ
803 2601 869 2635 περὶ
879 2600 925 2626 τοῦ

86 2671 92 2673 .
136 2650 203 2677 Υἱοῦ
215 2651 264 2677 καὶ
282 2650 329 2676 τοῦ
355 2650 434 2683 ἁγίου
453 2649 613 2684 Ιινεύματός
638 2651 712 2674 ἐστι·
731 2648 876 2682 στέργεται
898 2646 926 2672 δὲ

137 2697 185 2723 καὶ
201 2697 217 2731 ἡ
235 2696 360 2731 μεσιτεία
375 2695 422 2722 τοῦ
435 2696 511 2727 Tim"),
529 2695 585 2721 ἀλλ’
607 2696 638 2721 οὺ
660 2695 730 2720 κατὰ
745 2695 794 2728 τὴν
810 2693 927 2728 ὓπαρξιν

137 2743 185 2770 τοῦ
211 2743 368 2778 Ιινεύματος
389 2745 446 2773 τοῖς
472 2743 506 2769 τὰ
525 2743 583 2768 Gaia.
619 2742 753 2774 συνετοίς,
775 2741 843 2768 ἀλλὰ
858 2741 928 2767 κατὰ

136 2790 186 2825 τὴν
203 2791 360 2824 ὁμολογίαν,
395 2789 431 2824 μὴ
449 2789 589 2824 προσεχιῖις
618 2789 647 2815 τὸ
663 2789 775 2823 Πνεῦμα
793 2787 823 2814 τὸ
851 2787 928 2821 {ig/rw

976 2417 1101 2444 Mentiris
1120 2417 1202 2445 etiam
1217 2417 1252 2444 de
1269 2422 1430 2445 sanctorum
1453 2419 1573 2446 exaratis
1598 2420 1745 2447 sententiis
1759 2430 1766 2453 ;

976 2471 1031 2490 non
1046 2464 1119 2491 enim
1141 2464 1228 2491 solum
1250 2463 1362 2496 Filium,
1390 2463 1438 2491 sed
1463 2472 1661 2500 nonnunquam
1684 2466 1767 2493 etiam

977 2510 1086 2537 l’atrem
1104 2509 1165 2537 Filii
1184 2516 1211 2537 ct
1225 2509 1345 2544 Spiritus
1360 2510 1596 2545 coniunctionem.
1619 2511 1767 2548 aliquando

979 2564 1044 2582 vero
1062 2556 1122 2582 Filii
1135 2560 1162 2582 et
1183 2556 1271 2582 Patris
1290 2556 1410 2583 medium
1427 2565 1604 2585 communem
1621 2558 1690 2593 ipsis
1707 2558 1769 2594 Spi-

981 2602 1063 2628 ritum
1086 2602 1235 2637 appellant,
1252 2602 1286 2629 Et
1306 2610 1388 2637 quem
1414 2603 1517 2630 asseris
1541 2604 1686 2632 manifeste
1715 2605 1767 2632 dici

968 2647 1119 2679 'ordincln,
1139 2647 1244 2674 clarum
1260 2653 1314 2680 est,
1332 2656 1384 2675 non
1401 2656 1463 2676 eum
1478 2649 1512 2676 de
1530 2649 1598 2677 Filio
1619 2656 1647 2677 et
1664 2650 1768 2686 Spiritu

983 2701 1053 2720 esse.
1075 2693 1142 2719 llluul
1163 2701 1274 2728 quoque
1292 2694 1411 2729 probant
1429 2703 1522 2722 rerum
1543 2696 1698 2724 divinarum
1720 2705 1770 2733 pe-

984 2740 1039 2771 riti,
1063 2739 1182 2766 medium
1208 2748 1267 2767 esse
1291 2740 1402 2773 Filium,
1428 2749 1522 2769 verum
1545 2750 1600 2770 non
1617 2743 1769 2770 secundum

983 2785 1169 2814 cxsistcntiam
1187 2785 1317 2820 Spiritus,
1331 2786 1378 2814 sed
1395 2788 1547 2815 secundum
1566 2789 1768 2816 confessionem

173 2848 212 2885 (1)
224 2849 301 2877 Addo
317 2849 368 2876 ista
384 2850 550 2883 verba,qua:
566 2849 666 2875 desunt
684 2847 710 2875 in
726 2846 821 2875 Graeco
833 2846 996 2882 exemplari,
1014 2845 1220 2881 perspicuitatis
1237 2853 1330 2874 causa.

280 2897 414 2926 Parnm.
441 2897 499 2926 Gtt.
523 2895 628 2925 CLXI.

1494 2893 1511 2924 9
