1925 3056
175 124 230 171 279

668 126 918 157 BESSARIONIS
937 128 966 160 S.
987 129 1023 159 R.
1043 129 1078 159 Ε.
1096 129 1330 161 CARDINALIS

1752 130 1820 160 280

178 180 277 207 habeat.
291 187 351 207 esse
365 189 372 211 ;
389 180 436 207 εει]
454 181 607 208 secundum
628 182 709 209 aliam
731 183 865 210 rationem
882 191 963 218 quam

1030 193 1073 216 εις
1089 184 1125 216 ὡς
1141 185 1169 211 ὲν
1183 184 1298 220 ὀνείροις
1315 185 1375 211 κατ’
1396 184 1530 217 ἐξουσίαν.
1551 184 1583 210 Ὃ
1607 183 1660 218 γὰρ
1681 182 1729 209 τοῦ
1756 191 1818 217 με·

176 225 238 259 ipse
260 225 336 252 velut
356 224 383 252 in
401 226 507 253 somnis
524 226 557 254 ad
573 227 721 254 arbitrium
742 229 832 262 lingis.
854 228 964 255 Dictutn

175 272 251 298 enim
266 274 358 307 magni
377 268 484 312 Basilii,
503 274 576 308 quod
597 274 723 307 addttcis,
750 275 895 303 nobiscum
916 283 965 310 po-

177 317 232 344 tius
248 318 311 345 facit
325 328 331 351 ;
345 324 373 346 et
389 319 552 354 imprudens
565 325 660 348 contra
674 326 698 349 te
715 321 781 348 illud
792 321 882 349 ad‘crs.
897 321 964 349 Cum

177 363 252 389 enim
278 363 361 391 unius
383 370 466 399 atque
492 366 614 401 ejusdem
640 367 690 399 rei,
711 368 842 395 nimirum
869 368 964 403 hujus,

179 410 251 443 quod
267 415 309 436 est
327 410 460 445 Spiritum
482 417 606 440 sanctum
628 418 727 442 natura
746 423 808 442 cum
827 415 906 442 Patre
923 416 966 442 Fi-

177 454 270 489 lioque
284 456 427 491 conjungi,
448 457 700 487 demonstrationes
716 461 838 494 requirat
858 461 966 492 docl’or,

178 499 246 527 illud
258 501 330 535 quod
353 507 394 529 est
409 510 441 529 ex
457 503 538 531 Patre
551 505 702 539 procedere
718 511 745 532 ct
760 506 825 532 illttd
840 506 901 533 Filii
914 507 967 534 dici

179 549 263 578 atque
291 553 363 578 esse,
383 548 523 581 prodttcit,
552 549 584 576 ad
613 551 685 576 idem
709 551 860 584 pertinere,
885 557 968 586 alque

180 590 255 618 idem
272 592 375 626 valere,
395 599 422 621 et
439 594 520 622 ambo
537 596 719 624 existimans:
739 598 816 633 cujus
830 598 904 625 enim
926 599 969 626 di-

181 637 255 664 (‘ilur
275 639 406 673 Spiritus,
428 641 463 668 ab
486 649 519 668 eo
544 650 609 669 sane
633 647 660 670 et
682 644 813 678 spiratur.
835 645 874 672 Tu
902 654 968 673 vero

181 683 344 715 absurdum,
362 685 434 718 quod
448 687 584 720 sequitur,
597 692 625 714 et
641 688 708 715 illud
719 690 790 723 quod
813 692 969 719 necessario

181 728 382 762 reciprocatur,
395 735 492 765 estque
504 733 558 760 luis
571 732 654 761 dictis
666 740 896 769 consentaneum,
907 746 969 764 cum

181 773 372 809 subterfugere
392 777 514 809 coneris,
535 778 646 806 etiamsi
659 781 738 808 valde
762 782 845 813 nolis,
870 783 970 810 adrer-

180 819 262 846 sariis
288 822 484 855 patrocinaris.
503 823 564 851 Non
586 826 673 861 enim,
694 828 797 862 inquis,
817 827 904 856 Filius
929 829 970 856 di-

181 865 254 892 citur
271 866 391 902 Spiritus
409 871 507 904 sancti,
523 879 557 898 ne
570 871 691 906 Spiritus
706 868 788 901 Pater
802 875 888 909 ipsius
909 883 970 903 esse

181 912 330 941 videatur:
345 915 429 943 etiant
451 922 480 944 tu
499 917 558 952 ipse
579 920 736 947 concedens
763 921 876 948 relative
900 923 970 949 reci-

183 960 291 992 procari
311 971 316 987 -.
333 962 568 995 quemadmodum
586 970 613 992 ct
636 973 736 993 nomen
758 966 891 1000 Spiritus,
908 975 970 995 cum

182 1003 219 1031 sit
235 1005 392 1039 relativum,
407 1013 436 1035 ιιι
449 1009 531 1036 etiam
552 1015 579 1038 tu
600 1011 667 1038 velis
687 1012 759 1039 nolis
780 1013 923 1045 fateberis,
938 1014 971 1040 ad

184 1050 337 1084 spirantem
360 1053 488 1088 inlertnr,
516 1057 551 1083 ab
570 1064 661 1092 eoque
689 1058 823 1092 spiratur,
847 1059 925 1094 cujus
945 1065 973 1087 et

184 1097 286 1124 dicitur
304 1098 434 1133 Spiritus.
453 1102 600 1130 Existimas
615 1108 705 1132 autem
720 1112 781 1132 eum
794 1113 826 1132 cx
842 1107 972 1133 substan-

184 1141 221 1168 tia
238 1142 299 1170 Filii
316 1152 377 1171 esse
393 1145 529 1180 Spiritum
546 1147 676 1181 dicimus,
693 1150 777 1177 etiam
802 1159 835 1178 ex
854 1159 972 1186 persona

184 1188 261 1216 illius
279 1197 339 1218 esse
355 1192 468 1219 minintc
488 1193 568 1221 fateri
587 1202 638 1222 nos
652 1196 713 1230 cogi
731 1205 737 1222 :
752 1201 778 1223 et
794 1197 827 1223 ad
846 1198 896 1225 hoc
911 1205 974 1232 pro-

187 1235 319 1267 bandum,
346 1238 440 1265 nescio
460 1239 533 1267 unde
561 1241 711 1268 absurdum
734 1242 846 1277 aliquod
871 1233 974 1271 videris

185 1281 329 1316 colligere.
347 1282 393 1311 Sic
412 1285 484 1311 enini
510 1285 602 1320 inquis
617 1295 623 1314 :
636 1287 713 1314 Alter
737 1288 772 1315 ab
796 1289 883 1316 altero
901 1290 972 1322 crit;

187 1333 317 1363 tanquam
332 1330 462 1358 videlicet
480 1332 538 1360 lieri
552 1333 651 1367 possit,
670 1339 699 1361 ut
713 1339 740 1361 et
754 1335 840 1362 Filius
858 1343 891 1363 ex
909 1337 974 1364 sub-

186 1375 288 1402 stantia
301 1375 433 1410 Spiritus,
450 1382 478 1404 et
503 1383 652 1413 propterea
668 1379 751 1406 etiam
768 1389 801 1408 ex
822 1380 910 1415 ipsius
926 1381 975 1417 hy—

186 1421 287 1454 postasi
304 1421 430 1455 dicatur;
444 1428 576 1457 quantum
589 1432 640 1459 ego
656 1425 813 1460 conjectura
826 1426 974 1461 perspicio,

186 1472 214 1494 ct
229 1475 262 1494 ex
278 1472 324 1494 tua
342 1473 434 1495 mente
446 1469 586 1505 intelligo;
602 1471 670 1497 nihil
685 1471 758 1498 enim
770 1472 829 1506 ipse
841 1471 974 1499 declaras.

1017 230 1100 264 γάλου
1124 230 1265 257 Βασιλείου
1295 230 1407 264 ἐπάγεις
1428 230 1498 264 ὑπὲρ
1521 229 1599 265 ἡμῶν
1625 228 1737 263 μᾶλλον,
1760 229 1818 255 καὶ

1017 278 1087 303 κατὰ
1110 277 1210 303 σαυτοῦ
1236 277 1352 312 λέληθας
1374 275 1561 311 προκομίζων.
1586 275 1660 306 Ἐνδς
1683 274 1739 309 γὰρ
1760 273 1819 300 τοῦ

1017 323 1099 350 αὑτοῦ
1113 323 1160 350 τοῦ
1192 324 1263 351 κατὰ
1289 324 1370 359 φύσιν
1398 323 1553 358 ᾠκειῶσθαι
1567 323 1655 358 Πατρὶ
1677 323 1725 349 καὶ
1747 320 1818 355 Υἱῷ

1016 369 1047 396 τὸ
1065 370 1176 405 Πνεῦμα
1188 370 1218 396 τὸ
1233 370 1309 404 ἆγιον
1324 369 1477 402 ἀποδείξεις
1500 368 1590 404 ζητῶν
1605 369 1619 394 ό
1633 367 1818 398 διδάσκαλος.

1018 417 1047 442 τό
1065 424 1095 442 τε
1116 417 1147 443 ἐκ
1169 416 1216 443 τοῦ
1238 416 1344 451 Πατρδς
1366 414 1578 450 ἐκπορεύεσθαι,
1602 414 1651 440 καὶ
1668 412 1715 439 τοῦ
1742 411 1818 438 Υἱοῦ

1017 462 1145 494 λέγεσθαί
1168 470 1198 488 τε
1227 463 1274 489 καὶ
1300 460 1380 495 εἶναι,
1394 462 1523 498 προάγει,
1541 461 1582 492 είς
1604 460 1685 486 ταυτο
1700 459 1817 493 φέρειν,

1019 508 1066 534 καὶ
1081 507 1164 534 ταυτδ
1185 507 1317 535 δύνασθαι
1334 508 1383 534 καὶ
1400 507 1483 542 ἄμφω
1497 507 1632 541 οίὸμενος.
1645 505 1682 531 Οῦ
1698 505 1757 539 γὰρ
1769 504 1818 530 λέ-

1019 562 1099 587 γεται
1113 554 1236 589 Πνεῦμα,
1248 554 1278 588 ἐξ
1293 555 1399 581 ἐκείνου
1423 553 1508 588 δήπου
1523 553 1571 580 καὶ
1586 552 1706 580 πνεῖται.
1727 551 1765 577 Σὺ
1786 550 1818 576 δὲ

1020 599 1049 626 τὸ
1063 601 1197 634 ἑπόμενον
1212 600 1314 627 ἄτοπον
1331 601 1378 626 καὶ
1390 599 1439 634 τὴν
1453 599 1608 633 ἀναγκαίαν
1623 596 1817 631 ἀντιστροφὴν

1020 645 1077 677 τοῖς
1096 646 1152 676 σοῖς
1171 645 1262 680 λόγοις
1285 645 1487 672 ἀκολουθοῦσαν
1505 645 1652 678 ἐκφεύγειν
1669 642 1817 677 πειρώμε-

1021 701 1075 724 νος,
1088 692 1135 719 καὶ
1154 693 1190 726 μὴ
1208 692 1311 726 σφόδρα
1326 691 1488 727 βουλόμενος
1503 692 1560 722 τοῖς
1574 689 1710 720 ἐναντίοις
1728 697 1817 722 συνη-

1021 738 1124 774 γορεῖς.
1139 739 1177 764 Οὑ
1192 738 1248 773 γὰρ
1261 738 1379 772 λέγεται,
1390 738 1453 773 φῂς,
1472 737 1517 764 τοῦ
1535 737 1695 771 Πνεῦματος
1708 736 1721 762 ὁ
1733 735 1816 766 Υἱὸς,

1022 785 1066 811 ἴνα
1084 785 1121 819 μὴ
1137 783 1231 819 Πατὴρ
1245 784 1328 810 αὑτοῦ
1343 783 1408 820 δόξῃ
1421 783 1451 810 τδ
1466 783 1591 817 Πνεῦμα,
1606 782 1747 816 ὁμολογῶν
1766 781 1818 807 καὶ

1024 830 1107 861 αὐτὸς
1122 829 1157 856 τὰ
1172 829 1327 864 ἁναφορικὰ
1348 829 1416 862 πρὸς
1438 827 1653 863 ἀντιστρέφοντα
1669 826 1817 860 λέγεσθαι,

1023 876 1060 907 ὡς
1076 866 1124 902 οιαὶ
1141 875 1170 902 τὸ
1182 875 1229 902 τοῦ
1246 874 1405 909 “vstitu-tot;
1420 874 1504 909 ὄνομα
1527 873 1692 908 ἁναφορικὸν
1713 873 1754 904 δν,
1775 872 1818 903 ὡς

1024 923 1070 949 καὶ
1086 922 1199 956 αὒτὺςῆ
1225 920 1296 948 ἑκὼν
1319 921 1336 956 ἥ
1359 921 1434 947 ἄκων
1461 920 1651 955 ὁμολογήσεις,
1672 919 1741 954 πρδς
1767 918 1818 944 τὸν

1023 968 1138 994 πνέοντα
1165 966 1361 1002 ἀναφέρεσθαι,
1396 966 1521 993 πνείσῦαί
1541 975 1570 993 τε
1592 965 1621 998 ἐξ
1645 965 1761 995 ἐκείνου,
1785 960 1818 990 οὗ

1023 1015 1071 1040 καὶ
1087 1013 1195 1047 λέγεται
1219 1013 1344 1048 Πνεῦμα.
1366 1013 1403 1039 Τὸ
1414 1013 1435 1040 δ’
1453 1015 1485 1039 ἐκ
1505 1013 1554 1047 τῆς
1572 1011 1665 1042 οὐσίας
1681 1011 1727 1037 τοῦ
1747 1010 1817 1037 Υἱοῦ

1024 1060 1113 1094 λέγειν
1128 1057 1197 1086 εἶναι
1221 1060 1250 1085 τὸ
1265 1060 1379 1094 Πνεῦμα
1398 1060 1435 1094 μὴ
1451 1059 1617 1093 ἀναγκάζειν
1630 1058 1751 1091 οἰόμενος
1767 1057 1818 1083 καὶ

1025 1106 1057 1132 ἐκ
1074 1105 1124 1139 τῆς
1138 1104 1313 1136 ὑποστάσεως
1324 1103 1396 1131 εῖναι
1409 1104 1502 1134 αὑτοῦ.
1515 1104 1562 1130 καὶ
1579 1102 1679 1129 ἄτοπόν
1692 1111 1718 1129 τι
1731 1102 1819 1129 συνά-

1025 1160 1084 1186 γειν
1099 1152 1198 1184 δοχεῖς,
1212 1152 1263 1178 οὑκ
1272 1149 1319 1177 οἷδ’
1333 1151 1395 1177 ὅθεν
1411 1151 1451 1182 εἰς
1462 1150 1511 1185 τὴν
1521 1149 1614 1176 τούτου
1627 1148 1817 1183 παράστασιιν

1025 1198 1095 1225 οὕτω
1117 1198 1172 1233 γὰρ
1196 1198 1316 1228 ἔσονται,
1333 1198 1395 1233 φῂς,
1413 1197 1443 1229 ἐξ
1465 1196 1599 1232 ἀλλήλων,
1619 1195 1656 1226 ὡς
1674 1194 1819 1229 ἐγχωροῦν

1025 1243 1125 1278 δη).αδὴ
1143 1244 1189 1270 καὶ
1213 1244 1259 1270 τὸν
1274 1243 1338 1270 Υίὺν
1353 1244 1384 1269 ἐκ
1399 1243 1449 1277 τῆς
1465 1241 1513 1268 τοῦ
1539 1241 1697 1276 Πνεύματος
1719 1240 1819 1270 οὐσίας

1025 1290 1164 1324 λέγεσθαι,
1181 1290 1227 1317 καὶ
1251 1290 1295 1316 διὰ
1310 1288 1389 1315 τοῦτο
1405 1287 1454 1314 καὶ
1475 1288 1507 1314 ἐκ
1522 1287 1573 1322 τῆς
1589 1285 1671 1313 αὑτοῦ
1693 1283 1818 1311 ὑποστά-

1027 1345 1107 1369 σεως,
1124 1337 1150 1362 εῐ
1160 1345 1187 1362 τι
1200 1336 1249 1371 τῆς
1265 1335 1314 1370 σῆς
1330 1335 1449 1365 διανοίας
1466 1333 1521 1367 ἐγὼ
1538 1333 1715 1368 στοχάζομαι.
1730 1332 1818 1358 Οὐδὲν

1026 1382 1080 1417 γὰρ
1096 1382 1177 1413 αὐτὸς
1193 1382 1355 1415 ἀποσαφεῖς.
1378 1380 1477 1407 Καίτοι
1491 1378 1563 1406 τοῦτ’
1576 1379 1642 1406 αὑτὸ
1655 1378 1701 1405 τοῦ
1715 1378 1818 1413 ἡμετέ-

1028 1437 1075 1464 ρου
1092 1428 1173 1462 λόγου
1194 1427 1263 1462 μέγα
1281 1426 1442 1462 μαρτύριον.
1462 1425 1597 1452 Οὐδέποτε
1615 1424 1681 1458 γοῦν
1694 1423 1816 1457 οὐδαμοῦ

1027 1474 1072 1500 τὸν
1088 1473 1151 1500 Υίὸν
1162 1474 1178 1509 ἦ
1191 1474 1235 1499 τον
1254 1473 1362 1505 Πατέρα
1378 1472 1516 1507 εὑρήσεις,
1528 1472 1558 1497 οὐ
1571 1470 1646 1505 παρὰ
1660 1471 1692 1504 τῇ
1706 1469 1816 1503 Γραφῇ,

186 1514 270 1548 Atqui
287 1515 338 1541 hoc
356 1515 426 1542 idem
449 1520 550 1543 nostra:
565 1518 711 1544 sententia:
730 1525 857 1552 magnum
874 1523 917 1545 est
932 1526 974 1545 ar-

1030 1520 1056 1546 οὑ
1074 1519 1150 1554 παρὰ
1163 1520 1219 1550 τοῖς
1230 1518 1401 1550 διδασκάλοις
1413 1519 1445 1545 ἐκ
1460 1518 1509 1553 τῆς
1527 1518 1574 1544 τοῦ
1592 1517 1752 1550 Πνεὺματος
1768 1515 1816 1541 οὺ-

186 1564 350 1593 gumentum
373 1569 380 1588 :
396 1561 534 1595 siquidem
557 1570 698 1597 nunquam
717 1564 824 1598 uspiam
841 1565 975 1599 reperies,

190 1614 244 1632 non
264 1605 290 1632 in
303 1606 390 1634 sacris
410 1606 538 1638 Litteris,
558 1615 611 1635 non
628 1609 700 1643 apud
715 1609 976 1642 doctoresFtlium.

190 1650 232 1677 vel
245 1651 368 1684 Patrem,
388 1652 434 1686 qui
453 1660 486 1679 cx
512 1652 667 1681 substantia
689 1654 808 1689 Spiritus
825 1655 953 1683 dicantur
969 1665 976 1684 :

191 1697 255 1730 quia
273 1698 403 1726 nimirum
417 1707 506 1734 neque
519 1708 551 1727 ex
573 1701 714 1736 hypostasi
733 1702 808 1729 illius
820 1703 885 1729 sittt.
902 1703 936 1729 At.
953 1703 975 1729 si

193 1744 278 1770 solam
293 1744 622 1778 consubstantialitatem,
634 1751 663 1773 ut
672 1754 721 1774 vos
737 1747 832 1780 vultis,
844 1747 902 1774 hate
913 1755 976 1781 vox,

192 1791 231 1818 [1x
249 1792 414 1822 substantia,
426 1792 551 1826 inquatn,
567 1800 628 1820 esse
640 1793 714 1824 Filii.
728 1794 770 1820 vel
786 1794 874 1821 Patris
891 1795 978 1828 signi-

192 1838 302 1869 ﬁcaret;
325 1838 363 1865 nil
380 1839 516 1871 obstaret,
534 1839 685 1874 quominus
698 1840 750 1871 hoc
764 1841 846 1868 etiam
868 1841 901 1868 de
923 1841 978 1868 illis

190 1884 341 1911 diceretur.
359 1884 436 1917 Quod
461 1885 482 1912 si
504 1893 585 1912 nemo
609 1890 770 1913 sanctorum
787 1894 820 1913 ex
838 1886 978 1921 hypostasi

192 1930 252 1957 Filii
272 1938 333 1958 esse
347 1930 482 1966 Spiritum
503 1931 582 1964 dixit,
599 1937 627 1959 at
639 1941 670 1960 ex
688 1933 757 1961 Filio
769 1940 830 1960 esse
844 1938 871 1959 ct
884 1941 897 1959 a
910 1933 979 1960 Filio

190 1976 324 2003 exsistere
337 1976 399 2003 fassi
411 1981 485 2004 sunt.
495 1977 560 2010 Qum
570 1977 651 2004 verba
661 1977 779 2004 maxime
789 1978 978 2005 cxsistcutiant

191 2022 311 2057 Spiritus
327 2022 492 2057 signiﬁcant.
509 2023 698 2051 Occidentales
723 2029 815 2051 autem
830 2024 925 2051 Patres
940 2028 981 2051 at-

192 2077 246 2103 que
259 2069 385 2096 doctores
396 2070 478 2096 etiam
492 2078 526 2096 ex
537 2069 607 2097 Filio
619 2070 769 2104 procedere
782 2070 928 2097 atlirmant.
942 2070 981 2097 Ex

193 2116 261 2144 Filio
274 2121 366 2143 autem
378 2124 440 2144 cum
451 2117 541 2148 audis,
555 2117 583 2143 ni
601 2125 747 2150 personant
759 2116 819 2143 Filii
839 2117 981 2144 intellexe-

193 2163 242 2193 ris,
257 2163 356 2188 ntirttm
368 2170 432 2190 sane
451 2163 496 2189 sit.
508 2162 637 2197 Alioquin
655 2167 683 2189 ιιι
695 2170 785 2197 neque
795 2170 828 2189 cx
840 2163 981 2199 hypostasi

1029 1565 1090 1596 σίας
1099 1563 1170 1591 εἴναι
1180 1565 1339 1599 λεγόμενον,
1353 1564 1436 1590 διὰτὸ
1451 1563 1514 1598 μτιδ1
1528 1564 1560 1590 ὲκ
1570 1563 1620 1596 τῆς
1637 1561 1817 1592 ὑποστάσεως

1029 1611 1111 1638 αὑτοῦ
1130 1611 1264 1643 δήπουθεν
1278 1608 1357 1638 εἶναι.
1371 1610 1468 1637 Καίτοι
1483 1609 1507 1635 εἰ
1522 1608 1553 1635 τὸ
1565 1609 1708 1643 ὀμοούσιον
1723 1607 1815 1642 μόνον,

1029 1657 1066 1689 ὡς
1083 1657 1162 1692 ὑμεῖς
1183 1656 1321 1691 βούλεσθε,
1340 1655 1409 1691 αὕτη
1426 1657 1442 1690 ἡ
1459 1655 1541 1689 λέξις,
1555 1655 1586 1680 τὸ
1612 1655 1643 1681 ὲκ
1661 1654 1707 1687 τῆς
1723 1652 1816 1683 οὐσίας

1031 1701 1099 1730 εἶναι
1113 1702 1161 1729 τοῦ
1177 1702 1242 1728 Υίοῦ
1260 1702 1276 1737 ἦ
1294 1702 1341 1728 τοῦ
1363 1701 1470 1736 Harpe;
1485 1701 1568 1735 λέγω,
1590 1701 1749 1735 ἐσήμαινεν,
1772 1698 1817 1724 οὖ-

1030 1749 1085 1778 δὲν,
1098 1749 1130 1775 ἂν
1145 1748 1248 1775 ἐκώλυε
1263 1749 1310 1774 καὶ
1325 1748 1405 1774 τοῦτο
1419 1747 1547 1783 ῥηθῆναι.
1561 1747 1591 1773 Εἰ
1605 1747 1633 1772 δὲ
1650 1745 1744 1780 μηδεὶς
1762 1744 1816 1770 τῶν

1031 1795 1116 1826 ἁγίων
1131 1795 1163 1820 ὲκ
1175 1795 1223 1828 τῆς
1237 1794 1409 1825 ὑποστάσεως
1428 1793 1474 1819 τοῦ
1491 1792 1558 1819 Υῐοῦ
1573 1790 1643 1818 εἶναι
1659 1791 1688 1817 τὸ
1704 1790 1816 1824 Πνεῦμα

1031 1840 1174 1875 ἐκήρυξεν,
1185 1839 1242 1866 ἀλλ’
1254 1837 1331 1866 εἶπον
1343 1840 1375 1866 ἐκ
1389 1838 1434 1865 τοῦ
1448 1838 1514 1864 Υίοῦ
1528 1835 1610 1871 εἶναι,
1623 1838 1669 1863 καὶ
1683 1837 1816 1870 ὑπάρχειν

1031 1887 1062 1913 ἐκ
1077 1886 1123 1912 τοῦ
1141 1884 1206 1912 Υἰοῦ
1217 1893 1223 1901 ·
1236 1885 1254 1912 ὃ,
1270 1885 1387 1920 μάλιστα
1399 1884 1454 1910 τῶν
1467 1884 1599 1919 ῥημάτων
1613 1885 1662 1918 τὴν
1674 1883 1720 1909 τοῦ
1735 1883 1817 1909 Ilvati-

1032 1941 1117 1967 ματος
1140 1931 1319 1966 σημαίνουσιν
1336 1930 1465 1964 ὕπαρξιν.
1482 1931 1513 1956 Οί
1539 1929 1567 1955 δὲ
1582 1929 1686 1955 δυτικοὶ
1701 1929 1816 1963 Πατὲρες

1031 1987 1060 2004 τε
1079 1978 1125 2005 καὶ
1140 1977 1309 2010 διδάσκαλοι,
1323 1977 1370 2003 καὶ
1386 1977 1417 2003 ὲκ
1447 1975 1494 2002 τοῦ
1513 1975 1579 2002 Υίοῦ
1603 1974 1815 2009 ἐκπορεύεσθαι.

1037 2026 1084 2051 Ἐκ
1102 2024 1148 2050 τοῦ
1160 2023 1225 2050 Υἱοῦ
1242 2024 1263 2049 δ’
1277 2023 1308 2050 ἂν
1326 2023 1444 2053 ἀκούων,
1459 2023 1483 2048 εί
1501 2022 1537 2056 μὴ
1552 2021 1601 2055 τὴν
1616 2020 1664 2047 τοῦ
1677 2019 1742 2046 Υἱοῦ
1755 2020 1816 2054 νοή-

1034 2079 1093 2102 σαις
1110 2070 1269 2103 ὑπόστασιν,
1287 2068 1380 2103 θαῦμα
1396 2069 1429 2096 ἂν
1445 2068 1498 2103 εἴη.
1516 2068 1551 2094 Ἢ
1567 2067 1597 2093 οὐ
1615 2075 1645 2100 γε
1662 2066 1716 2092 οὐδ’
1729 2066 1760 2092 ὲκ
1770 2067 1817 2099 τῆς

1032 2116 1080 2142 τοῦ
1105 2116 1212 2151 Πατρὺς
1230 2115 1408 2147 ὑποστάσεως
1422 2112 1499 2145 εἶπες
1517 2115 1549 2140 ἂν
1565 2112 1633 2139 εἶναι
1651 2112 1681 2140 τδ
1698 2111 1814 2146 Πνεῦμα,

1034 2164 1057 2189 εί
1075 2163 1112 2198 μὴ
1126 2164 1139 2189 ὸ
1154 2162 1263 2197 Νύσσης
1287 2162 1438 2196 Γρηγόριος
1461 2160 1553 2195 μόνος,
1575 2159 1623 2185 καὶ
1645 2155 1722 2190 οὗτος
1747 2157 1816 2189 ἅπαξ

195 2209 294 2241 Patris,
312 2209 420 2235 diceres
437 2216 499 2236 esse
516 2209 662 2243 Spiritum,
678 2210 729 2236 nisi
749 2208 900 2244 Gregorius
913 2209 974 2244 Nys-

1036 2219 1087 2236 που
1104 2209 1158 2236 τῶν
1183 2208 1280 2236 ἑαυτοῦ
1296 2208 1395 2242 λόγων,
1418 2207 1531 2242 Πνεῦμα
1556 2207 1586 2232 τὸ
1610 2206 1659 2240 τῆς
1684 2205 1816 2238 πατρικῆς

194 2263 288 2286 sentis,
310 2254 370 2281 etis
390 2255 447 2282 fere
462 2255 558 2287 semel,
574 2256 600 2282 in
611 2257 668 2283 suis
680 2256 854 2284 orationibus
868 2256 983 2283 dixisset

196 2301 330 2337 Spiritum
351 2309 383 2328 ex
403 2307 516 2336 paterna
532 2302 671 2338 hypostasi
690 2303 852 2337 procedere.
878 2303 981 2330 Verum

196 2357 228 2375 (Χ
244 2349 325 2376 Patre
339 2349 465 2382 audiens,
491 2349 570 2383 cujus
586 2349 625 2375 rei
640 2349 721 2384 plena
737 2354 780 2376 est
807 2349 896 2376 omnis
910 2349 983 2376 Scri-

199 2400 291 2428 ptura,
315 2400 412 2422 cuncta
433 2395 485 2422 alia
506 2395 583 2429 prius
599 2403 681 2429 quain
704 2394 874 2430 ltypostasitn
896 2394 984 2422 Patris

196 2441 379 2476 intelligeres,
393 2449 475 2475 quam
491 2441 570 2475 plane
586 2440 702 2475 puerilis
715 2445 780 2468 sunt
799 2441 851 2468 ista
871 2441 983 2467 mentis.

199 2487 264 2515 Uter
281 2488 363 2522 igitur
383 2492 518 2519 vestrum,
541 2493 617 2518 tutte,
636 2495 669 2513 an
693 2487 811 2518 Veccus,
836 2486 904 2512 nihil
924 2487 984 2513 sani

199 2535 328 2570 colligat,
345 2535 453 2562 ratione
470 2535 527 2570 ipsa
539 2534 605 2561 satis
621 2534 841 2561 demonstratum
859 2537 911 2560 est.

430 2604 502 2630 Vacci
519 2604 546 2630 in
565 2604 742 2631 undecimam.

234 2674 370 2707 Quoniam
391 2673 513 2708 quidam,
531 2681 593 2700 cum
616 2673 744 2707 audiunt,
761 2673 896 2708 Spiritum
921 2680 985 2700 san-

201 2725 276 2748 etum
290 2728 321 2746 ex
337 2719 489 2747 Subslantia
518 2728 579 2747 esse
598 2720 673 2751 Filii.
694 2720 769 2747 aliud
785 2720 863 2747 aiunt
876 2727 936 2747 esse
953 2727 984 2746 cx

202 2767 370 2798 substantia,
388 2771 415 2794 et
443 2767 515 2794 aliud
537 2775 570 2794 ex
588 2775 715 2802 persona.
741 2774 803 2794 cum
829 2766 986 2801 perspicere

202 2820 257 2839 non
272 2813 370 2843 valeat,
385 2821 483 2840 nomen
500 2813 562 2840 Filii
582 2813 783 2848 hypostalienm
801 2819 860 2839 esse
876 2818 985 2842 nomen,

199 2864 229 2885 et
254 2858 302 2890 qui
318 2859 396 2893 dicit,
423 2867 456 2887 cx
474 2859 628 2888 substantia
648 2859 721 2893 Filii,
742 2863 828 2886 totunt
851 2857 987 2892 signiﬁcat

1035 2256 1252 2290 ἐκπορευόμενον
1279 2255 1456 2284 ὑποστάσεως
1482 2254 1604 2287 εἴρηκεν.
1625 2251 1708 2278 Ἀλλὰ
1732 2252 1760 2277 τδ

1035 2303 1141 2336 [ἰατρὸς
1162 2301 1279 2333 ἀκούων,
1296 2299 1326 2326 οὖ
1345 2300 1454 2335 πλήρης
1472 2300 1548 2325 πᾶσα
1564 2297 1670 2333 Γραφὴ,
1685 2297 1770 2324 πάντα
1785 2296 1816 2322 ἂν

1037 2349 1137 2382 μᾶλλον
1152 2347 1168 2382 ἢ
1184 2349 1233 2382 τὴν
1247 2346 1295 2373 τοῦ
1308 2346 1415 2379 Πατρδς
1430 2345 1513 2376 ὲνόεις
1531 2345 1693 2375 ὑπόστασιν,
1704 2343 1740 2374 ὡς
1755 2343 1816 2375 σφό-

1033 2395 1084 2429 δρα
1102 2403 1132 2428 γε
1150 2393 1228 2420 ταυτὶ
1247 2393 1373 2425 παιδικῆς
1394 2392 1524 2422 διανοίας,
1544 2390 1660 2424 Πότερος
1681 2389 1726 2416 οὖν
1743 2389 1814 2422 ὑμῶν

1035 2440 1111 2467 οὐδὲν
1127 2439 1201 2472 ὑγιὲς
1214 2439 1326 2472 συνάγει
1343 2438 1398 2465 εἴτε
1410 2437 1502 2469 αὐτὸς,
1518 2436 1572 2463 εἴτε
1589 2436 1701 2468 Βέκκος,
1716 2437 1730 2461 ὁ
1741 2435 1813 2468 λόγος

1035 2487 1116 2522 ἀρκεῖ
1133 2486 1319 2521 παραστῆσαι.

1245 2596 1302 2624 Τοῦ
1319 2595 1434 2623 Βὲκκου
1456 2596 1499 2627 εἰς
1515 2594 1571 2627 τὴν
1586 2596 1633 2620 ια’.

1079 2667 1189 2702 Ἐπειδὴ
1204 2666 1350 2696 ἀκούοντές
1365 2673 1436 2696 τινες
1448 2664 1478 2690 τὺ
1496 2663 1609 2695 Πνεῦμα
1626 2663 1658 2688 ἐκ
1671 2662 1717 2696 τῆς
1729 2661 1814 2692 οὐσίας

1037 2715 1084 2741 τοῦ
1103 2714 1178 2745 Tia-3,
1195 2713 1320 2746 λέγουσιν
1338 2712 1402 2738 ἄλλο
1416 2709 1487 2737 εἴναι
1504 2710 1534 2736 τὸ
1552 2710 1583 2735 ὲκ
1597 2710 1645 2743 τῆς
1659 2708 1760 2740 οὐσίας,
1772 2709 1813 2734 καὶ

1037 2761 1101 2787 ἄλλο
1114 2760 1144 2786 τὸ
1162 2762 1192 2785 ἐκ
1209 2759 1258 2792 τῆς
1277 2757 1464 2789 ὑποστάσεως,
1492 2756 1529 2790 μὴ
1545 2755 1691 2789 δυνάμενοι
1708 2754 1813 2780 συνιδεῖν

1039 2809 1074 2838 (τις
1090 2807 1120 2833 τὰ
1147 2807 1210 2837 Υἱὸς
1236 2806 1322 2838 ὄνομα
1348 2802 1532 2829 ὑποστατικόν
1546 2803 1620 2828 ἐστιν
1636 2802 1731 2835 ὄνομα,
1747 2799 1787 2825 καὶ
1801 2793 1813 2825 ὃ

1038 2855 1123 2888 λέγων
1148 2853 1178 2878 ὲκ
1196 2852 1243 2887 τῆς
1262 2851 1355 2883 οὐςίας
1372 2849 1418 2877 τοῦ
1437 2849 1512 2883 Υίοῦ,
1527 2849 1587 2876 ὅ).ον
1601 2846 1732 2884 6117.0?th
1748 2846 1812 2880 Πὴν,
