1925 3056
130 115 188 149 285

620 118 814 149 APOLOGJA
835 119 1147 151 lNSCRlPTIUNUAl
1168 121 1288 152 VECCI.

1685 122 1767 155 ~286

131 179 200 211 θεῖν,
217 179 278 206 οὐαὶ
301 179 329 206 δὲ
351 179 426 215 ὅμως
442 181 476 207 δι’
499 179 530 207 οἶ)
548 180 675 216 ἔρχεται]
694 182 792 208 Καίτοι
808 181 917 212 ἐκείνοις

979 182 1091 216 quidem
1118 182 1192 210 dicta
1220 184 1355 217 quantam,
1377 190 1438 216 quae
1459 189 1493 209 ex
1515 182 1616 211 divinis
1640 184 1766 217 personis

133 225 184 260 μὲν
199 227 247 252 καί
258 235 300 258 τις
313 226 421 262 ὑπῆρχε
438 227 504 259 ἴσως
520 227 684 263 συγγνώμη,
702 228 803 261 μᾶλλον
814 227 837 254 δ’
851 228 925 262 ἴχνος

131 272 310 307 συγγνώμης,
325 272 419 307 ἔχουσί
431 282 492 300 τινα
507 274 641 308 προάγειν
654 274 695 305 είς
713 274 879 310 μαρτυρίαν,
892 275 923 300 ὲκ

132 317 184 350 μὲν
208 318 263 344 τῶν
289 319 372 346 θείων
398 320 578 346 ὑποστάσεων
593 320 672 353 ὄντα,
692 320 730 356 μὴ
759 319 852 355 μέντοι.
873 319 921 346 καὶ

130 363 182 397 τῆς
196 363 309 395 οὐσίας·
329 365 435 398 τούτοις
456 365 484 391 δὲ
507 366 571 393 ποία
597 366 673 392 ἔσται
693 366 872 401 παραίτησις,
890 367 923 392 ἐκ

132 409 184 444 μὲν
207 411 258 445 τῆς
281 411 377 441 οὐσίας
397 412 586 446 ὁμολογοῦσιν,
603 413 785 448 ἀρνουμένοις
801 412 830 439 δὲ
844 413 874 439 τδ
890 414 922 439 ἐκ

129 456 180 489 τῆς
192 456 368 489 ὑποστάσεως
383 456 465 491 εἶναι,
478 457 515 485 ὦν
528 459 578 493 τὴν
589 459 674 494 αὐτὴν
687 459 814 494 τάριθμῷ
828 459 922 486 οὐσίαν

130 502 321 536 συντίθενται;
347 503 441 536 Οὕτως
467 505 617 540 ἁσύμῦατα
636 505 684 532 καὶ
698 506 806 537 ἑαυτοῖς
823 506 869 532 καὶ
886 507 920 541 τῇ

127 548 245 584 ἀληθείᾳ
260 550 338 584 φασί.

328 608 384 635 Τοῦ
404 610 520 636 Βέκκου
538 611 581 643 εἰς
602 609 660 644 τὴν
675 610 724 642 ιβ’.

172 652 281 690 ΓΕπειδῆ
307 655 360 681 εἰσί
377 665 451 688 τινες
469 657 680 690 ἀποτολμῶντες
695 657 796 691 λέγειν,
810 658 840 683 τὸ
855 658 921 684 ανα-

127 700 249 733 ελύζειν,
267 703 314 728 καὶ
329 703 466 737 προϊέναι,
493 704 540 731 καὶ
557 704 724 739 ἐκλάμπειν,
738 704 786 731 καὶ
800 705 920 738 πεφηνέ-

125 756 172 775 νιι
190 747 223 774 ὲκ
233 747 281 775 τοῦ
295 749 361 776 Υίοῦ
378 750 408 775 τὸ
425 750 549 785 Πνεῦμα,
566 751 603 786 μὴ
619 750 719 786 δηλοῦν
734 751 764 776 τῦ
782 749 922 781 οὐσιωδῶς

127 795 177 821 καὶ
197 794 390 827 ἑνυποστάτως
410 795 545 830 ὑπάρχειν
563 796 629 823 αὐτὸ
644 797 675 823 ὲκ
696 796 742 822 τοῦ
758 795 835 828 Υῐοῦ,
853 795 921 822 ἀλλὰ

125 838 176 874 τὴν
193 838 222 871 ἐξ
241 840 323 866 αὑτοῦ
343 841 397 868 τῶν
416 842 617 876 Πνευματικῶν
633 842 817 877 χαρισμάτων
832 841 920 867 διανο-

128 885 183 921 μὴν
197 886 236 917 είς
250 886 363 922 ἔλεγχον
385 887 436 920 τῆς
453 888 583 921 τοιαύτης
600 889 693 920 ἀνοίας
710 887 878 923 εξελέγησαν
892 888 919 914 αἱ

126 932 266 966 παροῦσαι
279 936 416 968 γραφικαὶ
429 935 535 969 ῥήσεις,
554 935 583 962 αί
597 935 728 970 διγλοῦσαι
741 934 919 966 ἀναϐλύζειν,

126 978 175 1004 καὶ
188 978 343 1014 ἐκλάμπειν
356 981 403 1006 καὶ
416 981 568 1015 πεῳηνέναι
582 981 628 1007 τὸν
655 981 720 1007 Υἱὸν
737 981 770 1007 ὲκ
787 980 895 1016 Πατρός
911 988 919 996 ο

125 1025 158 1050 οὐ
175 1025 229 1060 γὰρ
244 1025 276 1060 δή
300 1034 342 1057 τις
369 1026 437 1060 ἐρεῖ,
453 1026 490 1058 ὡς
509 1027 556 1060 οὺχ
571 1027 585 1053 ὁ
604 1026 667 1058 Υἱός
687 1028 761 1053 ἐστιν
776 1027 790 1052 ὁ
803 1025 920 1052 ἀναϐλύ-

126 1070 184 1100 ζων
196 1072 243 1098 καὶ
259 1071 419 1106 ὲκλάμπων,
438 1073 484 1098 καὶ
500 1072 630 1106 πεφηνὼς
647 1074 678 1098 ἐκ
691 1073 738 1098 τοῦ
756 1073 861 1107 Πατρὸς
875 1072 918 1098 οὺ-

126 1117 232 1149 σιωδῶς
248 1118 294 1144 καὶ
311 1118 512 1151 ὲνυποστάτως,
526 1119 595 1145 ἀλλὰ
612 1120 645 1145 τὰ
659 1118 828 1154 χαρίσματα.

413 1174 468 1201 Τοῦ
497 1175 636 1210 Παλαμᾶ.

162 1219 200 1246 Τὸ
212 1220 351 1255 γιννητῶς
365 1221 397 1247 ἐκ
414 1229 497 1253 τινος,
515 1221 531 1257 ἢ
547 1223 722 1257 ὲκπορευτῶς
736 1223 785 1257 τὴν
802 1223 920 1258 ὓπαρξιν

128 1267 190 1301 ἔχον
209 1266 239 1298 ἐξ
259 1266 341 1293 αὑτοῦ
359 1266 407 1293 καὶ
422 1267 545 1302 προϊέναι
566 1268 677 1301 λέγεται
700 1269 748 1294 καὶ
775 1268 918 1302 ἐκπέμπε-

127 1313 190 1339 σθαι
204 1315 252 1339 xui.
267 1313 431 1348 ἐκλάμπειν,
447 1313 528 1350 είπιρ
544 1313 603 1348 φῶς
619 1314 690 1344 ἐστι,
705 1314 752 1340 καὶ
765 1314 816 1340 ὅσα
830 1322 918 1348 παρα-

126 1359 230 1394 πλήσια
244 1359 360 1390 τούτοις.
377 1359 415 1386 Οὐ
439 1359 492 1395 μὴν
507 1360 561 1387 πᾶν
576 1360 607 1386 τὸ
621 1359 728 1395 προϊὸν,
744 1359 760 1395 ἢ
776 1359 919 1394 ἐκπεμπό-

127 1414 222 1441 μενον,
237 1406 254 1441 ἣ
271 1406 414 1442 ἐκλάμπον
429 1406 461 1433 ἐκ
489 1414 574 1439 τινος,
590 1406 638 1433 καὶ
652 1407 682 1438 ἐξ
697 1407 802 1433 ἐκείνου
821 1416 918 1442 γεννη-

125 1452 192 1486 τῶς,
208 1453 223 1486 ἢ
241 1453 415 1488 ὲκπορευτῶς
433 1453 482 1488 τὴν
507 1453 626 1488 ὓπαρξιν
643 1452 711 1488 ἔχει,
737 1453 782 1479 καὶ
807 1454 837 1479 ἐν
863 1453 916 1488 ίδξᾳ

126 1498 276 1524 ὑποστάσει
293 1498 377 1525 ἐστίν.
395 1497 481 1530 Οὗτος
496 1498 524 1525 δὲ
542 1500 556 1525 ὁ
571 1500 621 1530 τὰς
639 1499 798 1534 ἐπιγραφὰς
813 1498 916 1529 ταύτας

977 229 1107 259 habeant.
1123 236 1178 256 non
1195 234 1300 260 tamen,
1318 233 1346 256 et
1361 236 1394 255 ex
1410 229 1564 256 substantia
1590 230 1617 256 in
1639 231 1766 257 testimo-

974 274 1050 301 nium
1062 274 1200 301 adducere
1214 275 1380 308 valent'rbus,
1393 275 1464 302 forte
1477 275 1569 310 aliqua
1583 275 1662 304 venia
1675 275 1764 303 danda

973 325 1042 353 erat,
1060 328 1108 347 seu
1123 321 1215 356 potius
1236 322 1382 357 vestigium
1404 322 1504 350 veniae.
1523 323 1558 350 At
1573 331 1639 350 vero
1655 324 1716 351 istis
1731 331 1765 351 ex

973 368 1124 395 substantia
1139 368 1250 402 quidem
1265 375 1325 397 esse
1354 368 1583 401 concedentibus,
1595 377 1627 396 ex
1639 370 1765 405 personis

974 419 1065 442 autem
1079 415 1259 450 negantibus,
1277 423 1396 450 quarum
1419 416 1544 443 eamdem
1568 423 1685 443 numero
1700 417 1764 444 sub-

973 461 1100 488 stantiam
1119 460 1249 493 fatentur,
1261 469 1385 496 quaenam
1402 462 1455 489 erit
1472 462 1636 490 excusatio?
1650 462 1687 489 lta
1704 466 1762 489 tum
1790 496 1792 498 _

973 514 1030 534 ase
1044 507 1122 541 ipsis,
1144 513 1200 534 tum
1226 516 1241 534 ει
1259 508 1374 535 veritate
1387 508 1537 542 plurimum
1561 508 1695 536 dissident
1722 513 1763 535 at-
1790 507 1794 542 ξ

974 561 1027 587 que
1038 553 1205 580 discordant.

1211 610 1285 637 γρηὶ
1296 612 1322 638 in
1339 611 1532 639 duodecimam.

1009 655 1143 688 Quoniam
1162 662 1227 682 sunt
1253 657 1391 688 nonnulli,
1410 658 1456 692 qui
1481 662 1584 685 temere
1606 658 1698 686 dicere
1717 667 1765 686 au-

973 701 1067 734 deant,
1095 710 1224 729 emanare
1241 702 1374 737 Spiritum
1390 710 1423 730 ex
1448 703 1529 735 Filio,
1548 711 1580 731 ac
1601 706 1763 738 procedere,

972 753 1000 775 et
1013 748 1134 780 elucere,
1157 753 1239 783 atque
1255 756 1318 775 esse
1344 757 1398 775 non
1429 750 1655 783 substantialitcr,
1672 756 1699 777 et
1714 759 1763 785 per

975 794 1086 820 modum
1103 794 1270 821 subsistendi
1286 795 1375 830 ipsum
1391 802 1452 823 esse
1468 803 1484 822 a
1498 796 1583 829 Filio;
1596 796 1643 823 sed
1660 797 1692 823 ab
1703 797 1763 831 ipso

972 840 1106 866 donorum
1138 840 1304 875 spiritalium
1332 841 1497 869 divisionem
1533 843 1698 877 signiﬁcare.
1733 842 1761 869 In

973 885 1189 912 confutationem
1217 886 1353 920 ejusmodi
1390 888 1517 914 amentia:
1547 887 1670 915 collecta:
1697 894 1763 914 sunt

972 936 1120 965 prmsentes
1131 932 1231 959 litteris
1244 938 1413 960 consecratae
1422 934 1576 967 sententize,
1587 941 1648 969 qua:
1661 934 1761 961 Filium

971 984 1004 1003 ex
1027 977 1107 1004 Patre
1134 985 1274 1008 emanare,
1297 983 1326 1005 et
1350 979 1472 1011 elucere,
1489 984 1572 1014 atque
1597 987 1658 1006 esse
1680 980 1763 1014 plane

970 1023 1130 1049 ostendunt.
1149 1023 1207 1049 Non
1219 1024 1292 1050 enim
1307 1029 1383 1050 certe
1404 1024 1476 1051 dicet
1491 1024 1591 1060 aliquis
1610 1025 1692 1057 dona,
1713 1026 1762 1052 sed

972 1076 1025 1095 non
1042 1070 1139 1096 Filium
1157 1077 1227 1099 esse.
1243 1070 1289 1104 qui
1302 1069 1522 1097 substantialiter
1537 1077 1551 1096 a
1568 1070 1658 1101 Patre,
1669 1074 1696 1096 et
1711 1077 1761 1104 per

971 1116 1080 1143 modum
1094 1116 1262 1143 subsistcndi
1274 1121 1394 1148 emanet,
1405 1116 1512 1143 eluceat
1533 1121 1615 1150 atque
1633 1116 1758 1144 exsistat.

1299 1172 1430 1200 Palmum.

1005 1219 1084 1252 Quod
1100 1227 1149 1254 per
1163 1219 1275 1247 modum
1296 1219 1493 1254 generationis,
1507 1226 1555 1246 seu
1577 1219 1760 1253 processionis

970 1266 1004 1293 ab
1028 1267 1120 1301 aliquo
1143 1266 1260 1297 exsistit,
1283 1266 1316 1292 ab
1339 1273 1372 1292 eo
1403 1273 1514 1300 quoque
1540 1265 1704 1299 procedere,
1728 1273 1760 1292 ac

971 1312 1053 1345 mitti,
1069 1317 1152 1347 atque
1168 1312 1277 1339 elucere
1293 1311 1406 1344 dicitur,
1422 1311 1647 1346 quandoquidem
1666 1311 1760 1339 lumen

970 1363 1070 1391 exstat,
1088 1363 1116 1386 et
1137 1367 1307 1393 quazcunquc
1323 1358 1375 1385 alia
1399 1359 1442 1385 his
1464 1358 1576 1385 similia.
1591 1358 1651 1385 Non
1669 1363 1760 1386 tamen

970 1405 1133 1442 omnequod
1155 1406 1290 1440 proccdil,
1309 1414 1357 1433 seu
1381 1406 1511 1439 mittitur,
1534 1414 1582 1433 seu
1609 1406 1700 1433 elucet
1725 1406 1760 1433 ab

971 1452 1073 1486 aliquo,
1097 1453 1130 1479 ab
1146 1451 1206 1486 ipso
1229 1460 1338 1486 quoque
1372 1460 1420 1487 per
1445 1451 1555 1479 modum
1576 1452 1762 1487 generationis

970 1498 1012 1526 vel
1026 1498 1211 1533 processionis
1227 1503 1345 1528 constat.
1361 1504 1443 1534 atque
1464 1499 1491 1526 in
1515 1499 1624 1534 propria
1642 1506 1759 1533 persona

126 1545 358 1582 συγγραψάμενος
384 1545 488 1581 τόλμαν
514 1545 627 1580 ἐγκαλεῖ
653 1547 709 1577 τοῖς
727 1546 849 1578 εὐσεϐῶς
868 1546 917 1572 καὶ

972 1544 1087 1571 exsistit.
1107 1543 1158 1570 istc
1174 1548 1276 1577 autem,
1292 1544 1337 1578 qui
1360 1544 1409 1571 has
1425 1543 1618 1578 inscriptiones
1648 1551 1761 1578 compo-

124 1592 260 1627 νουνεχῶς
276 1592 408 1628 φρονοῦσι
425 1592 577 1627 τολμητίας
591 1591 629 1618 ὢν
643 1592 707 1627 περὶ
721 1592 751 1618 τὸ
773 1591 916 1618 δυσσεῦεῖν

125 1638 218 1670 αὑτός.

410 1738 467 1766 Τοῦ
495 1739 632 1772 Νικαίας.

159 1787 227 1815 eaet
242 1787 290 1814 καὶ
302 1786 351 1822 τὴν
367 1780 503 1821 ανάγκην,
518 1785 553 1812 δι’
568 1786 603 1820 ἢν
616 1786 664 1812 ἐπὶ
683 1787 732 1821 μὲν
748 1786 798 1820 τῆς
813 1786 846 1812 ἐκ
861 1786 916 1812 [Ια-

123 1834 188 1870 τρὺς
206 1834 320 1868 προόδου
339 1832 404 1859 Υίοῦ
420 1840 449 1858 τε
465 1832 513 1859 καὶ
538 1831 699 1866 Πνεύματος
714 1831 814 1857 ταυτὸν
830 1830 916 1857 ταῦτα

123 1880 236 1907 δύναται
253 1880 288 1907 τὰ
303 1880 436 1913 ὀνόματα,
448 1878 478 1905 τό
494 1886 524 1904 τε
547 1878 687 1912 γεννητῶς
704 1878 720 1912 ἦ
737 1877 916 1910 ἐκπορευτῶς

123 1927 261 1963 προϊέναι,
278 1927 325 1954 καὶ
339 1926 369 1953 τὸ
383 1925 560 1957 ἁναὸλύζειν,
572 1925 589 1959 ἢ
606 1924 743 1958 πηγάζειν
759 1924 806 1951 καὶ
818 1924 914 1950 τᾶλλα

123 1974 171 2000 ἐπὶ
185 1973 214 1999 δὲ
227 1973 278 2007 τῆς
303 1973 335 1998 ἐκ
351 1971 399 1998 τοῦ
419 1971 483 1998 Υίοῦ
499 1970 546 1998 τοῦ
566 1971 727 2005 Πνεῦματος
745 1969 916 2005 προαγωγῆς

123 2020 153 2046 οὐ
169 2020 269 2046 ταυτὸν
283 2019 313 2045 τὸ
327 2018 463 2054 πηγάζειν
479 2018 526 2044 καὶ
542 2017 628 2044 τᾶλλα
643 2015 683 2050 τῷ
698 2015 914 2050 ἐκπορεύεσθαι.

124 2068 159 2094 Ἢ
176 2065 249 2093 διατι
261 2065 292 2092 τὸ
307 2065 357 2100 μὲν
369 2064 588 2100 ἐκπορευόμενον
602 2064 651 2089 καὶ
663 2062 796 2098 πηγάςει,
808 2062 840 2088 οὑ
855 2061 917 2095 μένα

123 2122 164 2139 τοι
180 2113 229 2139 καὶ
243 2112 274 2138 τὸ
290 2111 445 2144 ἁνὰπαλιν;
475 2110 557 2137 Ἀλλὰ
575 2110 614 2146 μὴ
631 2110 717 2141 οὕτως
732 2110 827 2141 ἁπλῶς
845 2118 915 2144 συμ-

124 2160 238 2193 πέραινε
253 2159 334 2194 χάριν
349 2159 412 2190 τοὺς
430 2157 626 2193 ἀκροωμένους
643 2157 739 2184 αἰτῶν.
755 2157 786 2183 Εἰ
797 2157 818 2182 δ’
831 2156 913 2187 αὐτὸς

970 1591 1034 1623 suit,
1056 1597 1103 1618 eos
1119 1591 1165 1625 qui
1190 1591 1233 1625 pie
1253 1591 1460 1626 prudenterque
1476 1591 1621 1623 sentiunt,
1638 1591 1760 1618 audacize

970 1642 1053 1672 atque
1074 1637 1236 1664 temeritatis
1267 1641 1388 1669 accusat,
1407 1645 1467 1664 cum
1487 1637 1543 1672 ipse
1566 1637 1601 1664 sit
1621 1637 1708 1664 audax
1727 1637 1761 1665 ad

970 1685 1151 1720 impietatem.

1307 1741 1411 1770 Νἰταηιί
1415 1761 1421 1769 .

1004 1790 1203 1817 Necessitatem
1221 1798 1330 1825 quoque
1346 1790 1447 1817 ail‘eras
1459 1809 1465 1821 ,
1483 1796 1596 1824 propter
1625 1797 1707 1825 quam
1731 1790 1760 1818 in

969 1836 1030 1864 Filii
1050 1842 1078 1863 et
1108 1836 1227 1870 Spiritus
1252 1845 1285 1863 cx
1309 1836 1389 1863 Patre
1417 1843 1546 1871 processu
1571 1836 1622 1862 ista
1648 1837 1760 1864 nomina

969 1891 1018 1918 per
1030 1883 1139 1910 modum
1149 1883 1335 1918 generationis
1345 1891 1392 1910 seu
1406 1883 1589 1917 prooessionis
1597 1883 1758 1917 procedere,

969 1935 996 1957 et
1008 1937 1149 1962 emanare,
1167 1930 1209 1957 vel
1228 1930 1374 1961 scaturire,
1385 1935 1539 1964 caateraque
1555 1930 1628 1957 idem
1642 1930 1714 1957 inter
1730 1938 1760 1957 se

969 1976 1076 2008 valent;
1105 1977 1133 2002 in
1157 1975 1341 2010 productione
1365 1980 1458 2002 autem
1479 1975 1600 2009 Spiritus
1626 1983 1657 2002 ex
1688 1975 1759 2003 Filio

969 2029 1107 2054 emanare,
1124 2025 1150 2048 el
1171 2021 1197 2048 id
1212 2029 1298 2056 genus
1319 2021 1434 2056 reliqua,
1451 2029 1506 2048 non
1534 2021 1604 2048 idem
1621 2027 1758 2049 suntcum

970 2068 1130 2103 procedere.
1150 2068 1197 2095 Vel
1213 2075 1335 2102 exponas
1352 2067 1485 2094 rationem
1510 2075 1559 2094 cur
1575 2068 1646 2102 quod
1663 2075 1761 2102 proce-

969 2115 1019 2148 dit,
1031 2115 1114 2142 etiam
1126 2119 1247 2147 emanat,
1256 2122 1311 2141 non
1328 2118 1417 2141 tamen
1434 2119 1461 2141 ct
1473 2114 1584 2142 contra?
1595 2113 1653 2141 Non
1667 2120 1759 2142 autem

970 2163 1006 2189 ita
1032 2161 1195 2196 simpliciter
1222 2161 1390 2193 concludas,
1416 2160 1488 2196 quod
1510 2161 1681 2195 probandum
1704 2167 1757 2194 est,

123 2207 187 2233 ἄνευ
202 2205 365 2239 ἀποδείξεως
377 2204 465 2238 λέγων
477 2204 529 2230 οἴει
544 2213 569 2230 τι
581 2205 709 2238 γενναῖον
723 2205 823 2234 ποιεῖν,
837 2202 914 2238 ἐροῦ-

972 2209 1054 2244 gratis
1077 2208 1111 2235 ab
1132 2208 1306 2235 auditoribus
1330 2207 1379 2234 tibi
1399 2207 1513 2234 concedi
1535 2207 1689 2240 postulans.
1710 2207 1758 2235 Sin

124 2260 175 2286 μεν
193 2251 240 2277 καὶ.
261 2252 342 2285 ἡμεῖς
350 2247 452 2281 Ἕιπλῶς
468 2249 564 2281 οὕτως,
588 2247 625 2275 ὧν
647 2250 678 2275 σὺ
697 2249 749 2284 φῂς
764 2249 894 2276 τάναντία
906 2257 912 2263 ·

124 2299 171 2325 καὶ
188 2298 254 2330 ἴσως
275 2295 517 2332 πιστευθησόμεθοι
536 2296 649 2331 μᾶλλον,
665 2295 783 2322 καθόσον
797 2295 915 2330 ἐροῦμεν

123 2346 170 2372 καὶ
197 2343 312 2379 βέλτιον.
340 2343 404 2370 Ἐπὶ
429 2343 480 2377 μὲν
506 2343 560 2378 γὰρ
578 2342 632 2368 τῶν
660 2342 818 2376 κτισμάτων
849 2342 915 2373 ἴσως

122 2391 197 2418 τοῦθ’
212 2391 405 2426 εὑρεθήσεται,
419 2390 449 2414 τὸ
465 2390 644 2424 πεμπόμενον
662 2389 694 2414 ἐκ
716 2397 799 2420 τινος,
815 2389 831 2423 ἢ
849 2397 915 2423 προ-

122 2437 206 2473 ῖὸν,ἣ
230 2437 366 2470 πηγάζον,
383 2436 400 2470 ἢ
419 2434 584 2467 ἀναϐλύζον,
608 2434 646 2470 μὴ
675 2434 704 2467 ἐξ
731 2434 836 2461 ἐκείνου
864 2435 914 2468 τὴν

124 2484 244 2520 ὓπαρξιν
264 2483 335 2519 ἔχειν
347 2492 353 2498 ·
368 2482 411 2517 ὲφ¹
434 2480 472 2509 ὧν
486 2481 552 2508 ἄλλο
569 2481 629 2507 ἐστὶ
648 2481 766 2517 πρᾶγμα
784 2481 814 2507 τὸ
831 2479 913 2514 εἶναι,

124 2532 171 2558 καὶ
185 2531 215 2556 τὸ
229 2529 389 2564 πέμπεσθαι
408 2528 514 2563 ἕτερον.
533 2527 631 2554 Καίτοι
651 2536 683 2562 γε
712 2527 773 2553 οὐδὲ
790 2527 836 2553 διὰ
849 2527 916 2553 πάν-

123 2586 177 2604 των
191 2577 344 2611 ἐφαρμόζει
362 2575 440 2601 τοῦτο
456 2573 510 2600 τῶν
525 2573 681 2609 ὀνομάτων.
694 2573 731 2599 Τὸ
748 2574 804 2608 γὰρ
820 2573 852 2599 ἐκ
865 2581 913 2599 του

124 2623 286 2659 πηγάζον,ἢ
301 2621 464 2654 ἀναϐλύζον,
481 2621 520 2656 μςῂ
533 2622 580 2647 καὶ
595 2620 623 2653 ἐξ
640 2620 746 2646 ἐκείνου
766 2619 912 2655 ὑπάρχειν,

123 2673 172 2698 οὐκ
186 2670 234 2697 οἷδ’
249 2671 322 2700 ὅπως
340 2669 371 2696 ἂν
385 2669 523 2703 εἴποιμεν.
543 2667 606 2694 Ἐπὶ
622 2667 651 2694 δὲ
670 2667 721 2702 τῆς
739 2667 815 2698 θείας
831 2666 914 2702 Τριά-

122 2719 165 2749 δσς
177 2717 218 2749 τίς
235 2718 248 2743 ὁ
263 2717 351 2750 λόγος,
363 2716 394 2742 τὺ
415 2716 463 2750 μὶν
479 2714 541 2749 ἔχον
554 2714 585 2740 ἐκ
599 2722 671 2745 τινος
684 2715 713 2740 τὸ
729 2711 800 2740 εἶναι
820 2715 867 2740 καί
883 2712 914 2745 ἐξ

123 2764 227 2790 ἐκείνου
244 2762 389 2797 πηγάζειν,
414 2761 444 2787 τὸ
460 2761 487 2787 δὲ
506 2759 632 2794 πηγάζον
654 2760 692 2796 μὴ
708 2761 755 2787 καὶ
769 2761 800 2786 ἐκ
815 2759 911 2786 τούτου

123 2811 272 2846 ὑπάρχεινς
300 2811 341 2844 ἐφ’
365 2806 397 2843 ἧς
417 2810 447 2835 τὸ
465 2807 601 2842 πηγάζειν
626 2807 675 2833 καὶ
704 2807 841 2841 προϊέναι,
864 2806 912 2832 καὶ

123 2855 333 2893 ἐκπορεύεσθαι,
348 2855 388 2882 ἔτι
409 2854 438 2881 δὲ
458 2856 505 2882 καὶ
523 2854 553 2880 τὸ
571 2853 732 2888 πέμπεσθαι
748 2852 776 2879 ἓν
793 2852 910 2887 πρᾶγμα

969 2259 1060 2281 autem
1077 2259 1104 2280 tu
1125 2253 1194 2280 nihil
1208 2252 1360 2288 probando.
1378 2256 1483 2278 tantum
1500 2251 1633 2284 dicendo,
1647 2253 1760 2287 praecla-

969 2307 1029 2326 rum
1047 2298 1150 2334 aliquid
1165 2298 1255 2325 facere
1271 2302 1297 2325 te
1311 2297 1462 2328 existimas,
1476 2297 1601 2324 dicemus
1611 2299 1693 2325 etiam
1708 2306 1759 2326 nos

969 2344 1005 2370 ita
1024 2344 1185 2379 simpliciter
1207 2352 1302 2371 eorum
1327 2343 1466 2371 contraria
1482 2364 1489 2375 ,
1520 2351 1580 2378 qlia:
1595 2349 1624 2370 tu
1648 2344 1759 2371 asscris.

968 2390 1049 2417 Forte
1076 2391 1159 2417 etiam
1183 2390 1315 2424 majorem
1345 2390 1426 2417 nobis
1459 2390 1630 2424 prmstabunt
1659 2389 1759 2422 iidem,

967 2442 1104 2471 quatenus
1124 2436 1246 2464 dicemus
1269 2441 1296 2463 et
1316 2436 1425 2463 melius.
1444 2435 1550 2462 Etenim
1575 2436 1601 2462 in
1624 2436 1759 2463 creaturis

968 2483 994 2509 id
1017 2483 1109 2510 forsan
1132 2483 1298 2513 invenietur,
1317 2482 1391 2516 quod
1407 2482 1441 2509 ab
1455 2482 1546 2515 aliquo
1566 2481 1694 2513 mittitur,
1717 2481 1760 2508 vel

967 2530 1104 2565 procedit,
1121 2529 1163 2556 vel
1179 2533 1300 2561 emanat,
1327 2536 1374 2555 seu
1400 2528 1533 2560 scaturit,
1551 2531 1580 2554 ut
1594 2535 1650 2554 non
1676 2528 1760 2555 etiam

966 2576 1001 2602 ab
1030 2575 1089 2610 ipso
1104 2575 1292 2602 exsistentiam
1317 2574 1433 2606 habeat;
1452 2573 1479 2600 in
1503 2573 1605 2608 quibus
1619 2572 1693 2600 aliud
1717 2577 1760 2600 est

967 2630 1038 2654 esse,
1053 2625 1081 2648 et
1097 2620 1170 2648 aliud
1187 2619 1271 2647 mitti.
1292 2620 1456 2654 Quanquam
1474 2618 1557 2646 etiam
1581 2626 1671 2652 neque
1694 2617 1760 2652 ipsis

968 2668 1051 2695 rebus
1067 2667 1166 2694 creatis
1181 2667 1320 2697 universe,
1336 2669 1418 2699 atque
1438 2671 1486 2698 per
1505 2663 1598 2691 omnia
1621 2662 1648 2690 id
1667 2663 1761 2689 numi-

967 2721 1033 2740 num
1048 2711 1184 2747 congruit.
1206 2710 1284 2743 Quod
1297 2711 1370 2737 enim
1385 2718 1418 2737 ex
1435 2709 1526 2744 aliquo
1544 2713 1664 2742 emanat,
1676 2714 1760 2744 atque

968 2760 1057 2787 instar
1089 2758 1172 2786 fontis
1199 2762 1297 2790 scatet,
1315 2762 1345 2784 ut
1369 2764 1426 2784 non
1453 2757 1538 2783 etiam
1570 2756 1604 2783 ab
1628 2756 1688 2790 ipso
1711 2755 1760 2790 sit,

967 2806 1060 2833 nescio
1079 2804 1218 2840 quomodo
1240 2803 1367 2831 dixerim.
1390 2803 1424 2830 At
1438 2810 1503 2830 vero
1531 2801 1559 2829 in
1584 2801 1759 2829 sanctissima

967 2853 1111 2887 Trlnilate,
1130 2851 1175 2879 ubi
1191 2851 1338 2885 scaturirc,
1358 2855 1386 2878 et
1401 2849 1549 2887 proﬁcisci,
1561 2854 1643 2884 atque
1660 2855 1760 2885 prece-3
