1925 3056
157 119 209 151 287
240 135 242 137 ν
638 112 895 144 BESSARIONIS
920 113 972 141 5.3

1026 112 1059 142 E.
1077 108 1310 140 CARDINALIS
1741 103 1810 135 288

158 176 235 209 dere,
248 176 337 203 adhuc
350 179 441 203 autem
456 181 483 204 et
499 175 569 203 mitti
594 181 676 201 un‘am
699 181 757 200 rcm
783 171 949 207 signiﬁcant,
967 189 972 201 Α

1025 169 1154 204 ημειίνεις
1174 170 1197 194 εἰ
1221 165 1269 195 xit
1294 167 1380 195 ἐνίοτε
1407 165 1531 200 διαφέρει
1546 164 1585 198 τῷ
1601 163 1682 198 λόγῳ.
1712 163 1809 219 ’ξὲἶξε

157 221 396 255 lzcetquandoquc
413 222 519 248 ratione
538 220 686 252 dill‘erant;
720 225 781 253 qua:
808 217 877 244 ratio
905 221 947 242 est

1025 216 1061 241 56‘
1081 214 1159 246 οὗτος
1173 215 1186 240 ὁ
1200 215 1278 248 λόγος
1296 213 1387 244 καλῶς
1411 213 1530 247 εἴρηται,
1542 210 1603 237 οὐδὲ
1621 217 1704 245 φησιν
1720 209 1811 235 οὐδὲν

1115 262 1125 268 η
1204 260 1237 268 ιιι
1270 261 1299 269 ,η
1315 259 1321 269 ι
1375 258 1487 269 ,νηνεμεη
1507 266 1527 269 ._
1552 258 1606 269 _‘!.
1625 255 1752 269 Lk-\.--:-
1774 263 1807 269 -—

158 273 187 295 ut
203 267 275 302 quod
287 267 321 294 ab
337 267 430 302 aliquo
451 267 532 294 habet
554 274 624 298 esse,
642 266 676 292 ab
693 273 727 292 eo
750 271 859 299 quoque
889 271 950 296 pro.

1025 262 1155 295 ναγχαῖον
1183 260 1244 286 ῡὺδὲ
1266 259 1353 293 ὑγιὲς,
1371 258 1527 288 ἀκθλούθως
1551 258 1606 287 τοῖς
1624 255 1752 290 ἀδελφοῖς
1774 263 1808 280 τε

1028 307 1052 321 ..Χ
1073 306 1190 321 ιιαιιρηρ.
1221 306 1265 321 ...Α
1285 304 1432 321 ..-ιιι-..ιῖῗηι
1448 304 1554 321 Fam—9}:
1569 303 1618 321 enim
1632 305 1693 321 i'nnu
1707 303 1808 321 δίειμι-ιτ.

159 313 232 345 tiuat,
254 313 325 347 quod
341 316 433 339 autem
453 313 575 347 proﬂuit,
603 319 657 339 non
681 311 764 338 etiam
781 311 814 337 ab
842 317 875 336 co
905 316 950 335 ex-

1027 307 1055 332 at
1073 306 1204 341 φθάσασι,
1221 306 1268 332 καὶ
1284 304 1432 340 μαρτυρῶν
1447 304 1554 335 ἑαυτοῖς
1569 303 1618 339 τὴν
1632 305 1693 338 ἴσην
1707 303 1810 337 ἑαυτῷ

159 358 257 387 Exstat?
278 358 347 393 Ergo
370 366 459 392 neque
474 360 524 386 ista
547 359 617 385 ratio
640 362 741 385 rectea
757 361 782 383 tc
805 355 878 382 dicta
892 358 951 387 est,

1028 353 1135 380 θένειὰν
1154 362 1184 379 τε
1203 353 1249 380 καὶ
1265 352 1415 379 οὐθένειαν.

160 412 250 437 neque
266 405 369 440 aliquid
379 405 451 439 quod
468 413 564 432 sanum
581 410 664 439 atque
679 404 798 432 solidum
817 403 862 433 sit.
876 402 919 428 vel
938 401 1125 429 necessariqu
1161 399 1413 450 altert.ml_\tititirutn
1434 398 1486 425 sibi
1499 398 1653 450 lgermanis,
1674 401 1701 424 et
1724 402 1810 423 ante-

161 451 323 479 cedentibus
336 453 490 478 rationibus
501 452 661 486 respondet,
672 455 699 478 et
711 451 843 485 aaqualem
859 449 920 476 illis.
933 453 1015 483 atque
1026 448 1078 475 sibi
1094 448 1145 482 ipsi
1158 447 1374 474 imbecillitatem
1395 453 1426 472 ac
1444 447 1599 472 vanitatem-
1614 449 1740 471 testatur.

1801 554 1815 570 Κ.

889 572 1095 618 ΜΟΝιΤυΜη
1534 571 1549 580 '

200 640 345 670 Bessarion
364 642 528 674 cardinalis,
558 643 624 670 visis
651 643 878 678 inscriptionibus
898 643 1062 677 patriarcha:
1078 642 1158 670 Vecci
1185 646 1213 670 et.
1237 643 1410 678 ineptissima
1425 648 1521 670 contra
1541 649 1589 668 cas
1608 639 1809 668 coniuratione.

165 687 288 722 Gregorii
311 689 436 721 Palamze,
453 690 532 716 aliam
556 690 613 725 ipse
631 690 849 717 conl'utationem
863 689 996 717 adversus
1016 689 1154 716 Palamam
1179 691 1280 718 tuendo
1297 690 1413 718 Vcccum
1440 689 1534 716 Gratce
1553 686 1810 739 composuitiQuze

166 737 268 768 omnia,
287 742 316 764 ut
334 738 479 765 manifesta
493 739 591 766 tierent
606 739 706 772 doctis,
724 739 840 774 ipsemet
856 739 954 765 Latina
972 738 1104 766 reddidit.
1132 738 1291 766 Orationem
1307 746 1418 773 quoque
1431 737 1563 785 Graecam,
1581 742 1663 785 quam
1689 737 1810 785 miserat

167 782 275 810 Lascari
291 782 521 819 Pbilanthropino
538 785 634 813 Latine
650 785 744 812 vertit.
761 785 910 820 Epistolam
924 785 989 811 item
1010 785 1244 817 exhortatoriam,
1264 790 1373 821 creatus
1386 785 1442 819 jam
1468 781 1626 818 patriarcha
1641 781 1810 832 tit-instanti-

168 829 343 862 nopolitanus
355 829 449 857 Grmce
463 831 592 865 scriptam
607 831 640 858 ad
651 839 748 858 omnes
761 831 871 858 Graacos
883 832 910 858 in
924 831 1051 858 Latinunt
1069 831 1219 858 transtulit.
1232 831 1298 864 Quae
1318 831 1414 858 Latina
1426 830 1516 857 versio
1530 836 1592 856 cum
1612 828 1810 878 minime-nota

169 879 244 902 esset
260 875 340 902 Petro
355 877 485 908 Arcudio,
505 877 562 911 ipse
578 885 687 912 quoque
707 877 804 905 eadem
819 877 914 905 Graeca
927 876 1099 905 Bessarionis
1116 877 1212 904 Latina
1239 877 1311 905 fecit.
1328 877 1360 904 Et
1372 878 1501 912 quoniam
1517 875 1613 902 Latina
1627 874 1811 901 Bessarionis

171 922 237 950 vitio
260 924 436 951 amanuensis
455 925 550 952 multis
589 924 699 952 tuendis
724 929 841 956 scatent,
860 929 889 950 ut
918 923 1012 951 videre
1035 929 1077 951 est
1107 924 1135 951 in
1163 924 1332 953 bibliotlteca
1361 924 1494 952 Vaticana
1508 943 1514 955 .
1534 923 1672 950 Arcudius
1690 928 1756 948 vero
1772 920 1810 947 ad

172 971 303 1006 majorem
316 972 469 999 claritatem
483 973 560 1007 quasi
575 973 709 1001 vcrbatim
733 981 765 1001 ea
787 974 924 1001 convertit
939 981 945 1004 ;
962 973 1073 1008 quidam
1097 977 1213 1007 utraque
1238 974 1309 1008 typis
1323 981 1383 1001 esse
1399 973 1523 1001 cudenda
1547 976 1726 999 censuerunt.
1746 969 1810 998 Hoc

172 1017 264 1051 itaque
277 1025 331 1044 non
348 1023 372 1045 te
385 1018 479 1050 lateat,
498 1020 614 1054 benigne
628 1020 736 1047 Lector.

765 1127 1225 1184 BESSARIONIS

354 1232 621 1266 DEFENSIONES
643 1235 758 1266 RECTI
783 1235 1081 1273 CATHOLICIOUE
1105 1238 1313 1270 DOGMATIS
1343 1239 1576 1270 LATINORUM
1591 1263 1599 1275 ,

928 1297 1094 1320 VIDELICET

175 1351 228 1382 DE
251 1351 516 1384 PROCESSIONE
542 1352 719 1383 SPIRITUS
741 1354 881 1385 SANCTI
905 1354 1061 1385 CONTRA
1086 1356 1336 1388 HZERETICUM
1362 1358 1477 1388 ILLUD
1511 1357 1810 1389 IMPUGNANTEM

652 1415 781 1444 CRzECE
799 1417 1007 1450 LATINEQUE
1024 1419 1093 1447 PER
1110 1420 1187 1448 [CUM
1203 1421 1331 1449 EDlTxE.
1722 1422 1726 1428 ’

212 1485 276 1510 post
295 1483 442 1510 cuminum
457 1483 651 1518 Lugdunense'
664 1491 787 1520 tempore
802 1487 927 1522 Gregorii
941 1488 964 1514 χ
980 1491 1002 1520 Β
1017 1486 1093 1505 suam
1123 1479 1302 1507 intentionem
1328 1480 1482 1514 declarans,
1499 1487 1526 1509 et
1548 1483 1741 1510 auctoritatem
1768 1484 1812 1511 in-

178 1530 345 1557 cclebratum
360 1549 367 1561 ,
385 1529 410 1554 in
427 1537 481 1564 quo
498 1538 545 1564 per
560 1538 624 1558 suos
644 1536 769 1559 oratores
789 1533 875 1561 Grmci
895 1535 965 1562 uniti

177 1577 291 1603 fuerunt
307 1575 435 1602 Ecclesiae
451 1575 600 1604 Romamn:
620 1577 810 1614 Spiritumque
838 1585 966 1608 sanctum

177 1631 210 1649 ex
225 1622 305 1649 Patre
329 1627 357 1649 et
375 1621 444 1648 Filio
469 1623 619 1656 procedere
644 1624 762 1658 professi
783 1631 862 1658 sunt,
888 1631 969 1660 prout

180 1669 300 1696 Ecclesia
317 1668 451 1695 catholica
466 1669 554 1695 credit
567 1674 594 1696 et
605 1670 750 1704 profitetur
771 1680 778 1698 :
794 1672 904 1706 quidam
919 1681 966 1708 pa-

180 1715 300 1741 triarcha
317 1714 637 1749 Constantinopolitanus
653 1717 762 1743 nomine
779 1717 968 1749 Veccus,huic

180 1760 289 1787 veritati
299 1759 442 1787 adhaerens
451 1760 484 1787 ad
495 1761 727 1795 impugnationem
737 1762 969 1797 adversariorum,

181 1813 297 1840 quorum
316 1806 406 1833 adhuc
419 1813 534 1841 magnus
550 1806 674 1834 exstabat
687 1815 829 1840 numerus,
846 1811 968 1837 onmium

182 1854 338 1880 Graecorum
367 1853 513 1880 doctorum
532 1854 672 1881 volumina
697 1862 794 1890 magno
819 1856 909 1883 studio
929 1865 972 1884 re-

183 1899 307 1932 volvens,
322 1904 436 1927 cunctas
455 1907 549 1927 eorum
564 1900 744 1929 auctoritates
765 1901 800 1928 ad
822 1902 893 1929 hanc
912 1911 969 1930 rem

181 1945 314 1973 facientes
339 1947 365 1972 in
394 1954 479 1973 unum
499 1946 618 1981 collegit,
639 1951 667 1973 et
694 1946 832 1982 aliquibus
847 1956 896 1982 per
907 1956 969 1975 eum

182 1992 269 2019 titulis
283 1992 446 2027 prrepositis,
461 1998 544 2026 prout
573 2001 606 2020 ex
627 1993 758 2020 continua
782 1995 970 2026 contentione.

181 2047 242 2073 qua:
261 2043 325 2065 tunc
342 2039 423 2065 ﬁebat
435 2059 441 2070 ,
458 2039 603 2066 videbatur
631 2041 814 2067 necessarium
831 2049 901 2071 esse.
931 2047 972 2068 ut-

183 2089 248 2119 puta
267 2084 341 2119 quod
356 2084 476 2120 Spiritus
492 2090 604 2113 sanctus
619 2086 655 2113 sit
681 2094 714 2113 ex
735 2088 817 2114 Patre
838 2091 865 2114 et
880 2088 949 2115 Filio
964 2097 970 2116 :

184 2131 256 2165 quod
267 2139 299 2158 ex
309 2131 386 2158 Patre
398 2140 445 2165 per
457 2132 568 2164 Filium,
578 2132 651 2166 quod
667 2132 825 2160 immediate
839 2141 870 2160 ex
882 2134 971 2166 Patre,

184 2182 211 2204 et
239 2178 279 2204 sic
317 2178 351 2204 «le
384 2178 532 2205 similibus.
564 2177 718 2213 Unicuique
747 2179 846 2206 horum
880 2180 1009 2218 titulo-C

186 2231 246 2249 rum
276 2223 364 2249 varias
403 2223 574 2250 diversorum
613 2225 755 2252 doctorum
796 2227 974 2254 auctoritates

186 2269 324 2303 adaptavit
339 2277 345 2301 ;
363 2269 482 2303 probans
509 2278 556 2304 per
571 2278 617 2297 eas
631 2271 704 2305 quod
725 2271 778 2298 sibi
803 2272 974 2307 propositum

186 2319 245 2341 erat
258 2323 265 2340 ε
279 2308 354 2341 verbi
369 2315 466 2349 gratia,
484 2315 510 2342 in
522 2316 611 2350 primo
626 2317 745 2351 capitulo
758 2318 869 2346 adducit
881 2325 976 2346 aucto«

189 2360 292 2391 I'il‘lleS,
311 2359 410 2393 quibus
432 2360 564 2394 probatur
589 2360 722 2395 Spiritum
755 2368 879 2390 sanciunt
915 2372 975 2392 esse

187 2405 270 2431 etiam
288 2412 320 2431 ex
336 2403 404 2431 Filio
416 2412 423 2436 ;
437 2405 504 2432 alias
513 2405 612 2432 deinde
624 2408 772 2445 probantes
783 2416 815 2435 ex
825 2409 904 2436 Patre
915 2417 976 2437 esse

189 2459 236 2484 per
254 2451 371 2484 Filium;
390 2451 500 2478 dentqu
515 2452 548 2478 ad
567 2452 809 2480 demonstrandum
825 2455 897 2481 idem
915 2463 976 2483 esse

189 2497 281 2524 dicere
297 2505 330 2523 ex
358 2497 437 2524 Patre
457 2503 484 2525 et
509 2497 588 2530 Filio.
612 2504 694 2533 atque
714 2507 746 2526 e:
764 2499 843 2527 Patre
865 2509 914 2536 per
933 2501 977 2529 Fi-

189 2543 265 2575 lium,
280 2547 310 2570 ut
326 2544 446 2571 instruat
461 2551 521 2577 nos,
540 2553 601 2571 cum
622 2545 750 2574 audimus
764 2546 892 2576 doctores
902 2548 976 2576 Grae-

189 2597 235 2615 cos
250 2589 382 2623 Spiritum
398 2595 522 2617 sanctum
541 2598 571 2618 ex
591 2591 669 2619 Patre
691 2600 739 2627 per
754 2591 852 2620 Filium
871 2595 978 2622 theolo-

189 2641 284 2669 gantes
298 2636 370 2663 idem
385 2637 538 2672 intelligere
551 2646 600 2666 nos
611 2639 722 2672 debere,
737 2648 768 2667 ac
783 2641 805 2667 si
816 2642 976 2669 audiremus

188 2689 223 2708 ex
239 2682 318 2710 Patre
337 2687 364 2709 et
377 2682 446 2709 Filio
481 2691 529 2711 eos
551 2685 693 2718 dicentes;
713 2686 781 2715 alias
799 2689 977 2716 auctoritates

189 2728 302 2756 adducit
328 2729 545 2764 :equivalentiam
563 2731 675 2758 istarum
698 2734 921 2768 praepositionum
949 2735 976 2761 in

189 2774 327 2810 theologia
344 2775 538 2810 significantes.
564 2778 597 2805 Et
616 2779 678 2806 huic
701 2779 798 2812 titulo,
817 2781 977 2815 exterisque

190 2819 318 2847 omnibus
333 2821 468 2855 quoddam
494 2829 683 2859 argumentum
711 2833 789 2852 suum
817 2827 975 2860 praeposuit,

1021 1524 1199 1559 telligentiam
1213 1526 1317 1560 optime
1333 1527 1385 1554 huc
1412 1528 1493 1555 modo
1519 1529 1590 1563 quod
1608 1529 1661 1556 sibi
1673 1534 1733 1557 erat
1745 1538 1809 1565 pro-

1020 1571 1139 1605 positum
1155 1572 1332 1600 concludens.
1351 1573 1415 1601 Post
1432 1573 1550 1602 Veccum
1567 1575 1726 1610 praedictum
1742 1584 1812 1604 non-

1021 1617 1104 1643 nullis
1113 1617 1191 1644 annis
1200 1618 1310 1652 quidam
1321 1620 1392 1654 apud
1407 1619 1518 1648 Graecos
1528 1621 1676 1656 Gregorius
1688 1624 1809 1656 nomine,

1021 1663 1182 1697 cognomine
1213 1664 1347 1698 Palamas,
1377 1666 1482 1702 dequo
1516 1676 1615 1703 magna
1645 1669 1810 1696 existimatio

1022 1709 1093 1744 apud
1120 1710 1229 1738 Grzeeos
1248 1711 1309 1745 fuit,
1337 1713 1445 1740 veritati
1467 1714 1611 1742 catholicae
1638 1715 1712 1742 circa
1737 1715 1810 1743 hunc

1021 1756 1168 1783 articulum
1185 1758 1349 1792 contrarius,
1367 1764 1394 1786 et
1411 1760 1500 1787 hostis
1516 1766 1637 1796 apertus,
1655 1762 1750 1796 paucis
1765 1770 1812 1789 vo-

1022 1801 1082 1829 lens
1101 1810 1211 1830 omnem
1226 1803 1305 1831 Vecci
1320 1805 1442 1839 prwdicti
1464 1807 1585 1834 laborem
1609 1815 1751 1842 enervare,
1768 1817 1812 1836 ar-

1023 1849 1159 1882 gumentis
1190 1850 1366 1886 prologisque
1391 1853 1452 1887 ejus
1490 1853 1686 1882 contradixit:
1718 1854 1811 1882 volens

1023 1894 1140 1927 probare
1164 1896 1341 1924 auctoritates
1360 1898 1525 1932 propositas,
1552 1907 1605 1926 non
1630 1908 1690 1927 eam
1730 1909 1809 1935 quam

1024 1939 1068 1965 ille
1088 1939 1205 1973 dicebat,
1224 1941 1271 1968 sed
1291 1941 1370 1977 longe
1386 1942 1470 1970 aliam
1499 1944 1681 1974 intentionem
1699 1947 1808 1975 habere.

1024 1986 1089 2017 Qua:
1101 1986 1124 2012 si
1140 1994 1204 2013 vera
1219 1986 1345 2021 fuissent,
1369 1993 1442 2016 totus
1459 1989 1538 2017 labor
1555 1991 1720 2026 patriarcha:
1741 2001 1810 2028 prm-

1024 2031 1089 2058 dicti
1120 2033 1287 2060 evanuisset.
1322 2037 1349 2060 tu
1381 2035 1432 2062 hac
1458 2041 1548 2063 tamen
1575 2036 1810 2072 opiuioneniultis

1024 2078 1103 2104 annis
1131 2078 1257 2105 homines
1297 2088 1517 2114 permanserunt.
1540 2083 1608 2111 Cum
1646 2090 1736 2113 autern
1760 2087 1810 2114 hoc

1026 2124 1169 2158 utriusque
1188 2132 1258 2159 opus
1271 2127 1304 2152 ad
1325 2135 1422 2154 manus
1435 2129 1489 2156 mei
1505 2129 1675 2158 Bessarionis
1690 2131 1718 2159 S.
1734 2132 1763 2158 [ἰ.
1779 2133 1808 2160 Ε.

1027 2169 1176 2198 cardiualis
1189 2171 1311 2207 episcopi
1329 2173 1476 2202 Tusculani
1491 2196 1498 2209 ,
1518 2181 1583 2204 tunc
1611 2179 1808 2214 archiepiscopi

1026 2215 1141 2250 Nica-ni,
1162 2219 1348 2254 pervenisset,
1377 2229 1432 2248 non
1452 2231 1548 2257 passus
1560 2232 1646 2257 cum,
1666 2233 1716 2253 nec
1735 2235 1808 2261 aequo

1027 2264 1118 2290 animo
1134 2265 1194 2296 tuli,
1212 2270 1241 2292 ut
1263 2271 1290 2293 et
1304 2275 1480 2296 communem
1507 2270 1634 2298 doctores
1650 2272 1807 2300 caluumiatn

1027 2314 1196 2342 paterentur,
1210 2315 1237 2338 et
1250 2319 1300 2346 pro
1316 2314 1453 2347 convicto,
1482 2320 1564 2350 atque
1583 2317 1727 2352 proﬂigato
1746 2318 1809 2346 falso

1027 2354 1061 2380 ab
1092 2356 1230 2390 aliquibus
1255 2358 1301 2385 hic
1332 2360 1552 2393 sapientissimus
1576 2365 1616 2389 vir
1634 2363 1737 2391 Veecus
1766 2374 1809 2399 pa-

1029 2402 1147 2428 triarcha
1168 2409 1322 2437 putaretur.
1333 2405 1423 2438 Quare
1444 2413 1540 2434 contra
1557 2409 1695 2437 Palamam
1713 2415 1740 2438 et
1754 2413 1809 2446 ejus

1028 2448 1135 2475 lucosas
1147 2456 1173 2476 et
1189 2457 1353 2484 apparentes
1370 2454 1602 2483 contradictiones
1619 2464 1661 2483 me
1689 2460 1807 2492 oppesui,

1028 2495 1148 2528 probans
1163 2504 1212 2530 pro
1228 2505 1308 2531 posse
1321 2500 1500 2528 auctoritates
1514 2502 1664 2536 productas
1683 2504 1752 2532 illam
1769 2506 1809 2533 in~

1030 2541 1178 2568 tentiouem
1193 2543 1293 2570 habere
1312 2552 1392 2578 quam
1402 2545 1509 2574 Veccus
1520 2548 1723 2582 sapientissime
1731 2551 1806 2586 dicit;

1029 2596 1083 2615 non
1104 2597 1185 2623 quam
1201 2590 1325 2625 Palamas
1339 2592 1508 2620 caluumiose
1533 2597 1655 2630 exponit.
1670 2597 1728 2629 Quo
1746 2606 1808 2632 prae-

1029 2636 1171 2669 supposito
1197 2644 1294 2665 omnes
1323 2639 1506 2667 auctoritates
1534 2641 1636 2675 optime
1659 2642 1759 2670 l'aeiunt
1777 2645 1806 2671 ad

1030 2682 1195 2716 propositam
1214 2691 1281 2716 rem,
1302 2687 1329 2709 ct
1342 2684 1443 2711 veritas
1464 2692 1512 2718 per
1528 2687 1620 2713 omnia
1640 2687 1702 2715 luce
1715 2689 1807 2717 clarius

1029 2736 1142 2765 apparet
1161 2731 1344 2757 intuentibus.
1364 2731 1560 2766 Proponuntur
1585 2734 1668 2768 igitur
1696 2735 1805 2770 primum

1029 2782 1190 2812 argumenta
1208 2778 1264 2805 sive
1293 2778 1396 2813 prologi
1414 2779 1510 2813 Vccci,
1527 2779 1626 2807 deinde
1651 2781 1762 2808 l‘alamac
1777 2781 1805 2808 ad

1030 2834 1060 2853 ca
1089 2826 1344 2860 contradictiones,
1365 2825 1476 2853 demum
1502 2831 1602 2863 nostrze
1629 2827 1805 2858 detensimns.
