1925 3056
121 152 173 184 Ξὸὶ)

598 149 787 185 APOLOGIA
809 149 1117 179 lNSCltlI‘TIONUM
1140 149 1259 182 VECCI.
1690 148 1743 180 2Ῠο

115 209 216 245 quibus
234 209 350 236 Veceiim
373 201 554 234 defendentes
579 206 694 233 Palamac
718 206 905 233 cavillationes
921 208 942 235 Α
956 210 1038 240 atque
1051 206 1174 241 largitur.
1193 206 1224 232 lli
1243 213 1316 236 vero.
1331 205 1378 240 qui
1396 204 1507 239 Latino‘s
1521 206 1688 240 seqiiuutur,
1705 212 1743 231 te;

113 255 262 289 aperimus.
275 258 303 281 et
319 260 366 280 eas
379 260 427 287 pro
445 259 524 286 poSSe
542 259 717 284 eiiervaiiius,
742 251 763 278 si
781 255 853 277 ri-etc
877 255 903 277 et

114 299 281 327 sufﬁcienter
296 299 411 325 aliorum
427 298 461 324 sit
478 297 621 333 judicium.

309 353 382 380 Vacci
393 354 508 389 primum
522 357 718 387 argumentum.

150 411 238 438 Varia:
249 411 422 438 diversorum
433 410 576 437 doctorum
587 409 765 437 auctoritates
774 411 851 437 cullei
862 415 903 441 tm,

113 458 215 492 quibus
240 457 372 492 probatur
397 455 516 490 Spiritus
537 461 649 482 sanctus
664 455 746 483 etiam
773 463 806 483 ex
834 455 904 482 Filio

113 511 185 530 esse.
198 503 263 530 Alia:
279 510 389 537 quoque
406 507 467 537 post
483 509 529 529 cas
550 501 602 528 hoc
629 502 655 528 in
670 502 809 529 volumine
834 502 902 529 infe-

73 541 213 597 Kruntur
223 549 256 575 ail
277 548 522 576 demonstrandum
552 546 684 581 Spiritum
704 553 828 575 sanctum
842 556 905 575 esse

113 592 163 629 per
179 593 277 621 Filium
293 602 325 621 ex
338 595 429 621 Patre.
442 594 565 629 Cumque
587 594 639 621 ill-.e
656 601 688 620 ex
703 594 784 626 Filio,
798 592 839 621 liii:
857 602 905 629 per

113 639 212 667 Filium
234 640 361 668 eumdem
386 640 518 675 Spiritum
549 647 609 666 esse
636 639 846 672 deinciistrent,
871 640 904 667 ad

113 687 336 722 azquivaieiitiam
358 686 456 713 harum
473 685 698 722 praepoSitionuin
723 686 904 720 probandam,

113 740 161 767 per
183 732 288 759 scilicet
316 736 344 758 et
372 729 418 764 eis,
440 731 499 757 alia:
525 730 655 764 deincaps
679 730 837 757 inferuntur
859 732 907 756 ilo-

113 778 420 808 ctorumauetoritates,
444 776 546 811 quibus
567 776 664 803 harum
682 776 904 810 praepositionum

113 822 306 858 asquivalentia
326 822 540 850 demonstrator.

345 879 470 907 Palinuri:
494 881 668 908 contradiiiio

150 937 218 965 Cum
234 937 261 964 in
287 937 423 971 theologia
439 937 558 964 invicem
581 937 814 972 mqnivaleautea:
837 944 904 971 prx-

114 983 278 1018 positiones,
303 991 350 1018 per
375 988 403 1009 et
430 991 462 1009 ea:
498 991 586 1016 neque.
617 983 779 1010 divisionem
810 982 904 1013 ullam,

115 1036 206 1064 neque
233 1028 416 1056 diﬂ'crentiam
445 1035 544 1056 sancta:
568 1029 709 1056 Trinitatis
739 1028 904 1063 signiﬁcant,

90 1083 91 1086 ‘
116 1076 166 1102 sed
183 1077 312 1103 unionem
325 1078 352 1102 et
378 1076 639 1106 immutabilitatein,
658 1075 809 1102 secundum
823 1080 905 1102 natu-

115 1127 176 1146 ram
190 1119 315 1147 videlicet
332 1125 360 1147 et
379 1121 547 1147 voluntatem
563 1121 631 1156 ejus.
655 1120 722 1147 Hinc
750 1129 823 1147 enim
839 1128 905 1147 sane

116 1166 272 1193 ostenditur
299 1167 381 1193 unius
413 1167 593 1200 ejusdemque
635 1171 740 1192 natura:
765 1168 904 1200 potentia‘,

116 1211 285 1245 operationis
310 1217 337 1238 et
353 1213 501 1238 voiuntatis
517 1212 607 1241 Pater.
627 1217 653 1238 et
667 1211 761 1243 Filias,
773 1218 801 1239 et
816 1212 904 1247 Spiri-

117 1263 163 1285 tus
189 1264 299 1285 sancws
326 1265 397 1285 esse.
416 1259 467 1290 Qui
483 1265 548 1284 vero
574 1259 617 1285 hie
647 1263 804 1285 Sanctorum
832 1259 905 1286 dicta

117 1302 234 1337 sumpsit.
254 1307 336 1337 atque
375 1302 523 1336 inscripsit,
545 1302 700 1329 divinarum
727 1310 905 1337 personarum

117 1348 302 1376 ditiorentiaui
320 1349 389 1375 male
418 1349 556 1383 impieque
582 1356 630 1383 per
651 1348 819 1384 cjuscemodi
837 1357 906 1383 pra:-

117 1396 284 1430 positionuin
308 1394 528 1428 :equivalentiain
552 1399 668 1421 conatur
693 1395 859 1425 ostendere,
878 1399 906 1422 et

117 1443 190 1477 quod
220 1450 235 1468 a
259 1441 366 1469 duabus
393 1442 539 1476 personis.
559 1447 588 1469 et
611 1442 645 1469 ab
671 1447 787 1476 utraque
810 1449 905 1469 carum

118 1496 173 1515 una
183 1490 264 1514 trium
275 1488 430 1515 divinarum
440 1495 630 1522 personarum.
645 1487 765 1522 Spiritus
781 1488 907 1516 videlicet

116 1534 412 1567 sanctus,dill'ereuter
432 1533 578 1560 essentiam
611 1533 719 1560 habent.
749 1534 905 1561 Dilucidum

118 1579 202 1615 igitur
215 1584 257 1606 est
280 1584 437 1605 sanctorum
464 1579 615 1606 sententias
646 1581 716 1605 bene
744 1587 775 1606 ae
804 1579 848 1614 pie
874 1587 904 1606 se

118 1625 239 1657 habere;
255 1624 302 1651 sed
319 1624 352 1651 ab
367 1632 412 1656 eo,
435 1623 481 1658 qui
499 1624 558 1650 illas
574 1623 614 1650 sic
642 1620 800 1658 aggregavit
822 1628 904 1657 atque

117 1671 292 1705 conscripsit,
308 1671 376 1697 male
392 1675 472 1705 atque
493 1669 576 1704 impie
600 1669 697 1705 accipi.
713 1669 789 1703 Quod
812 1675 903 1696 autem

117 1717 262 1752 ejusmodi,
274 1725 331 1751 per,
350 1716 505 1751 praepositio
519 1716 647 1743 unionem
660 1736 667 1749 ,
684 1722 711 1743 et
725 1716 837 1744 omnino
855 1717 904 1743 iiii—

117 1763 327 1790 inutabilitateni
353 1762 497 1796 signiticet,
524 1762 633 1796 quando
658 1761 762 1789 scilicet
777 1762 833 1794 isti,
861 1770 902 1795 ex,

117 1809 281 1843 wquivalet,
317 1808 426 1835 divinus
458 1808 591 1834 Maximus
621 1816 703 1841 quam
731 1808 903 1843 apertissi..e

117 1854 248 1887 Ostendit,
264 1862 327 1881 cum
352 1854 384 1880 ad
402 1853 537 1881 Marinum
556 1853 653 1880 scribit
679 1854 712 1879 de
729 1853 901 1888 ,quibusdain

117 1901 274 1928 dicentibus
285 1908 318 1928 ex
335 1899 404 1927 Filio
418 1899 550 1934 Spiritum
560 1906 630 1926 esse.
642 1899 686 1925 Ait
702 1898 814 1931 etenim,
829 1899 901 1933 quod

117 1955 173 1974 nou
190 1940 312 1973 iacerent
330 1945 428 1972 Filium
445 1952 567 1976 causam,
578 1945 660 1972 unam
678 1944 751 1971 enim
768 1951 902 1971 noverant

118 1989 179 2018 Filii
197 1995 224 2017 et
247 1990 366 2025 Spiritus
388 1990 475 2016 sancti
493 1996 615 2021 causam,
635 1988 746 2019 Patrem
760 1988 900 2020 videlicet,

117 2045 188 2068 esse,
203 2037 249 2063 sed
267 2041 354 2070 utpei'
366 2036 455 2070 ipsum
474 2034 584 2069 prodire
605 2036 792 2066 ostenderent,
809 2040 836 2062 et
854 2042 902 2069 per

119 2084 189 2110 hanc
205 2081 426 2117 praepositionem
438 2080 660 2115 coniunctionem
686 2080 846 2106 substantia:
874 2085 902 2106 et

118 2128 370 2156 iniuiutabilitatein
402 2126 560 2161 probarent.
586 2125 625 2152 Ex
654 2126 687 2152 iis
715 2126 797 2161 igitur
829 2131 903 2161 patet

119 2174 235 2201 \i'eccum
262 2173 345 2200 istum
374 2171 520 2200 inﬁdeliter
553 2175 634 2205 atque
659 2171 740 2206 impie
766 2171 900 2205 ejusmodi

920 1557 942 1587 C

956 251 1088 278 niulentia
1105 252 1222 286 quadam
1240 260 1288 286 per
1304 251 1401 278 Filiuiu
1420 254 1447 279 et
1466 258 1500 278 ex
1516 250 1584 278 Filio
1612 250 1744 286 Spiritum

956 301 1082 323 sanctum
1097 302 1226 332 putantes
1235 297 1383 324 essentiam
1397 297 1510 328 habere,
1522 304 1591 331 opus
1605 304 1667 324 eum
1685 303 1744 323 esse

956 341 1164 380 bencplaciti_et
1183 343 1343 375 voluntatis,
1354 347 1435 377 atque
1446 350 1478 369 ex
1496 342 1658 369 necessitate
1668 349 1730 368 erm

956 391 1056 418 turam,
1087 387 1136 414 scd
1164 395 1218 414 non
1251 387 1351 414 divina).
1378 392 1484 414 naturae
1513 387 1632 414 fructum
1662 386 1744 420 iniiie

955 437 1093 460 asserunt.
1110 432 1193 460 Sacer
1208 433 1281 460 enim
1294 433 1478 460 Damascenus
1493 433 1600 467 inquit:
1614 431 1688 466 Opus
1702 432 1744 458 di-

957 479 1027 505 vinae
1041 478 1189 505 voluntatis
1211 482 1336 505 creatura
1364 482 1419 509 est,
1437 477 1484 504 sed
1503 486 1558 504 non
1580 477 1743 510 divinitatis,

956 522 1037 549 absit.
1058 522 1092 549 Et
1104 530 1200 550 rursus
1216 530 1269 549 non
1288 522 1449 554 voluntatis,
1464 521 1511 549 sed
1530 521 1626 549 divinae
1641 526 1744 549 natura;

957 573 1011 594 iam
1020 568 1169 603 generatio,
1179 577 1259 603 quam
1271 569 1472 604 processioest,
1491 576 1552 603 quae
1566 573 1630 595 ante
1645 567 1743 596 saecula

937 621 940 624 ’
955 617 984 640 ct
1002 614 1168 648 sempiterna
1186 619 1240 641 est.

1233 681 1337 710 ΜυτιἯὶ
1355 682 1480 720 defensio.

993 751 1129 780 Strenuus
1155 752 1205 780 iste
1231 754 1272 781 vir
1296 754 1329 780 ad
1355 761 1401 781 eas
1416 753 1527 788 quidem
1554 753 1743 785 auctoritates.

957 805 1018 831 quin
1033 806 1064 824 ex
1082 798 1150 825 Filio
1161 806 1221 826 esse
1240 804 1268 826 et
1283 807 1331 833 per
1343 799 1442 826 Filium
1459 808 1491 826 ex
1501 799 1580 826 Patre
1595 799 1744 834 procedere

959 842 1092 876 Spiritum
1110 849 1234 871 sanctum
1248 844 1395 874 afﬁrmant.
1411 845 1540 880 quodque
1558 853 1592 873 ex
1612 845 1646 872 iis
1668 845 1744 872 colli-

920 883 944 913 Β
959 889 1042 923 gitur,
1066 890 1178 916 minime
1193 895 1286 917 contra
1304 890 1360 924 ipse
1375 896 1474 925 potest.
1494 891 1554 923 Quo
1574 891 1648 919 enim
1665 896 1744 926 Paeto

957 935 991 962 ad
1003 939 1106 961 tantum
1124 940 1177 962 tam
1196 936 1345 963 dilucidam
1361 937 1527 964 veritatem?
1545 938 1745 972 equivalenzia:

957 990 1023 1009 vero
1037 983 1134 1010 harum
1153 984 1388 1018 praepesitionum,
1401 993 1446 1018 per
1460 989 1488 1012 et
1500 993 1542 1018 ex,
1560 993 1648 1020 neque
1664 986 1745 1017 bene,

956 1036 1045 1063 neque
1061 1029 1113 1055 ulla
1131 1037 1192 1056 eum
1209 1030 1314 1057 ratione
1332 1030 1458 1064 inheret,
1483 1036 1511 1059 et
1523 1032 1700 1059 contumeliis
1712 1040 1744 1059 ac

956 1074 1109 1112 maledictis
1123 1074 1310 1103 adversarium
1325 1077 1510 1111 proSequitur,
1525 1081 1602 1112 putat
1614 1085 1642 1105 se
1656 1085 1744 1112 opera:

956 1120 1073 1154 pretium
1093 1108 1192 1154 iacere,
1209 1129 1270 1149 cum
1287 1128 1415 1156 peerrse
1434 1125 1516 1158 atqu’e
1537 1123 1620 1158 impie
1635 1129 1730 1152 saneto

957 1174 1016 1192 rum
1042 1171 1160 1194 mentem
1186 1169 1363 1202 exposuisse,
1379 1177 1529 1205 eorumque
1553 1170 1627 1198 dicta
1651 1178 1746 1207 aggre—

957 1218 1033 1246 gasse
1052 1214 1140 1239 virum
1156 1213 1228 1240 hunc
1241 1215 1392 1247 sapientem
1402 1215 1597 1250 calumniatur,
1609 1217 1666 1252 ipse
1682 1226 1744 1246 vero

956 1258 990 1285 de
1007 1258 1049 1285 his
1076 1259 1209 1286 rationem
1237 1260 1350 1287 reddere
1373 1266 1498 1296 nequeat,
1517 1267 1648 1298 putatque
1674 1264 1744 1291 hanc

958 1304 1178 1338 prwpositioueni
1193 1305 1312 1339 penetsi
1325 1306 1465 1340 unionem,
1483 1306 1744 1341 immutabilitatein,

958 1349 1186 1385 identitatenique
1203 1351 1351 1379 voluntatis
1365 1351 1392 1379 in
1405 1359 1498 1380 sancta
1512 1353 1647 1383 Trinitate
1660 1355 1745 1390 signi-

959 1396 1029 1429 ticet,
1047 1403 1109 1423 cum
1126 1397 1152 1423 in
1170 1397 1304 1433 theologia
1321 1398 1358 1425 illi
1376 1400 1561 1434 prmpositioni
1577 1409 1610 1427 ea:
1625 1403 1739 1437 acquiva-

957 1439 1013 1467 lere
1033 1441 1218 1476 diguoscatur,
1237 1451 1289 1470 nou
1306 1451 1386 1478 posse
1410 1446 1567 1480 quempiam
1591 1448 1742 1476 secundum

958 1487 1009 1514 hoc
1025 1487 1209 1522 significatum
1224 1496 1284 1516 eam
1303 1490 1429 1525 accipere
1457 1493 1539 1519 etiam
1563 1493 1598 1521 de
1627 1494 1744 1529 Spiritus

958 1533 1044 1560 sancti
1066 1534 1242 1568 processionc
1268 1543 1301 1562 ex
1328 1536 1407 1564 Patre
1436 1543 1484 1572 per
1505 1538 1614 1573 Filium,
1628 1542 1670 1569 vel
1690 1550 1742 1568 non

959 1578 1012 1606 ista
1027 1579 1132 1607 ratione
1148 1580 1231 1608 etiam
1257 1589 1306 1609 nos
1333 1582 1359 1609 id
1387 1584 1549 1620 intelligere,
1580 1586 1627 1614 sed
1643 1587 1741 1615 distin-

958 1624 1077 1652 etionem
1092 1632 1124 1652 ac
1140 1625 1303 1654 divisionem
1329 1628 1414 1663 magis
1437 1629 1579 1664 inducere,
1593 1633 1743 1667 oppositio-

958 1677 1075 1705 nemque
1096 1675 1124 1698 et
1137 1670 1313 1699 discordium.
1328 1673 1403 1706 Quod
1420 1682 1453 1701 cii
1471 1675 1608 1709 praedictis
1624 1677 1682 1711 ipse
1704 1678 1743 1705 iii—

958 1717 1080 1752 tclligere
1090 1717 1210 1751 videtur;
1222 1718 1277 1747 inio
1288 1728 1353 1748 vero
1362 1724 1442 1754 qnam
1450 1721 1623 1756 apertissime
1633 1731 1703 1752 asset
1711 1727 1742 1758 it,

958 1770 1006 1796 per
1021 1763 1073 1790 hoc
1086 1771 1181 1795 omnes
1193 1772 1243 1792 nos
1259 1766 1326 1794 velle
1342 1774 1375 1794 ex
1392 1767 1500 1796 duabus
1521 1771 1646 1804 personis
1659 1770 1738 1799 Patre

958 1807 1082 1843 Filioque
1103 1809 1235 1844 Spiritum
1258 1817 1382 1839 sanctum
1409 1814 1556 1841 essentiam
1582 1814 1741 1844 diil'erentt-r

958 1853 1058 1881 habere
1073 1863 1082 1883 ι
1100 1856 1192 1884 nescio
1209 1857 1282 1884 unde
1305 1858 1347 1885 vel
1363 1866 1377 1886 a
1393 1867 1447 1894 quo
1466 1860 1517 1888 hoc
1532 1862 1646 1889 verbum
1660 1864 1741 1892 diﬁc-

958 1906 1050 1927 renter
1071 1901 1125 1928 dici
1140 1902 1267 1929 audiens.
1294 1903 1332 1930 Ita
1349 1911 1400 1931 nos
1424 1909 1502 1939 putat
1519 1906 1662 1943 theologia:
1692 1917 1742 1937 ex-

957 1952 1047 1980 pertes
1060 1954 1067 1973 :
1082 1947 1206 1975 fortassis
1218 1955 1310 1976 autem
1326 1955 1353 1977 ct
1372 1950 1429 1984 ipse
1445 1951 1497 1978 hoc
1511 1953 1603 1986 sentit,
1620 1962 1652 1981 ex
1663 1956 1742 1983 Patre

957 1999 1005 2026 per
1021 1991 1119 2020 Filium
1135 2000 1261 2020 asserens
1278 1995 1409 2023 mundum
1430 2002 1553 2025 creatum
1567 1999 1653 2026 fuisse
1670 2009 1677 2034 ;
1692 2009 1743 2029 nec

957 2037 1030 2063 enim
1055 2037 1137 2065 ullam
1168 2046 1252 2066 cerno
1277 2041 1470 2068 necessitatem
1490 2050 1540 2069 cur
1565 2044 1599 2071 de
1616 2051 1742 2074 creatura

956 2081 1077 2116 quidem,
1095 2088 1152 2116 per,
1169 2084 1347 2118 tequivalens,
1365 2093 1396 2112 cr
1419 2085 1590 2115 identitatein
1606 2090 1741 2125 signilirct

957 2135 1137 2162 personarum
1162 2138 1170 2156 :
1189 2134 1278 2157 tamen
1292 2131 1441 2160 ostendens
1461 2132 1654 2164 discretionem
1679 2138 1742 2173 (hoc

956 2173 1029 2200 enim
1043 2181 1132 2209 neque
1145 2174 1202 2209 ipse
1213 2176 1346 2212 negabit),
1357 2177 1390 2204 de
1402 2178 1505 2213 Spiritu
1523 2188 1587 2209 vero
1596 2182 1742 2212 diversita-

117 2221 191 2248 dieta
205 2220 337 2253 accipere.
354 2218 494 2245 Nonenim
520 2218 742 2251 coniunctionem
762 2224 787 2245 ct
803 2219 901 2245 ininiu-
918 2233 941 2262 ο
957 2224 1010 2247 tem
1032 2225 1060 2247 et
1074 2220 1186 2248 omnino
1220 2221 1422 2251 discretionem.
1447 2224 1542 2261 Neque
1566 2235 1629 2255 eum
1658 2233 1741 2264 pudet

118 2265 347 2297 tabilitateui,sed
364 2272 542 2299 personarum
559 2263 740 2292 diti'erentiaiu
753 2273 785 2292 ex
802 2265 834 2292 iis
850 2265 900 2292 ad-

117 2315 220 2341 ducere
242 2317 369 2343 conatur,
382 2319 471 2347 neque
498 2319 623 2346 magnum
653 2311 783 2338 Basiliam
811 2312 897 2343 audit,

116 2359 288 2394 quiquadam
304 2359 332 2385 in
349 2364 426 2393 parte
437 2358 470 2384 ad
479 2357 710 2391 Amphilochium,
724 2358 795 2391 quod
808 2357 898 2389 l'atcr,

115 2405 216 2439 inquit,
234 2412 282 2438 per
298 2403 398 2430 Filium
408 2408 494 2434 creet,
506 2409 594 2436 neque
610 2402 797 2436 iiupert’eeiaiii
811 2402 899 2428 Patris

115 2450 283 2476 creationem
295 2448 535 2483 signiticahiiequc
546 2454 744 2481 supervacuam
756 2454 899 2473 enerVeni-

115 2504 169 2530 que
180 2494 241 2521 Filii
251 2494 440 2528 operationem
452 2493 583 2524 ostendit,
596 2494 643 2519 sed
656 2493 784 2519 unionem
796 2495 898 2526 signiti-

115 2541 315 2570 calvulttlllalts
332 2549 339 2566 :
357 2540 447 2574 itaque
467 2546 518 2566 vox
543 2539 594 2566 ista
617 2547 666 2573 per
684 2537 784 2566 Filium
802 2547 897 2573 prima:

117 2588 328 2622 principalisque
343 2592 432 2612 causa:
444 2584 646 2611 confessionem
667 2584 769 2611 habet:
786 2593 840 2612 non
851 2593 900 2612 su-

116 2635 200 2662 mitur
219 2633 252 2659 ad
272 2632 434 2659 eﬁicienteiii
458 2638 567 2657 causam
591 2630 795 2657 inveniendam.
821 2630 899 2664 Quod

115 2682 199 2715 igitur
207 2680 303 2706 asserit
312 2685 361 2712 per
368 2675 477 2707 Filium,
491 2680 518 2702 et
530 2683 564 2702 ex
578 2674 646 2703 Filio
656 2676 788 2710 Spiritum
800 2685 899 2704 secun-

114 2727 179 2753 duui
187 2727 364 2759 temporalem
380 2723 537 2750 missionem
545 2722 667 2756 prodire,
675 2724 798 2750 eamdem
808 2722 897 2750 Patris

114 2778 143 2800 et
163 2772 223 2798 Filii
246 2775 411 2797 votuutateiu
429 2771 581 2804 peroptiiue
597 2770 711 2804 probat;
729 2770 800 2796 bona
823 2771 897 2796 enini

115 2819 203 2845 Patris
217 2823 244 2843 et
258 2817 323 2847 l‘itii,
334 2816 483 2847 voluntate,
495 2814 592 2842 eodeiu
609 2822 719 2849 quoque
733 2820 897 2849 cooperante

115 2867 228 2899 Spatia,
240 2865 329 2896 αιειιιε
346 2861 502 2887 hominibus
514 2861 632 2895 Spiritus
651 2866 762 2889 sanctus
780 2862 898 2889 donatur

275 2918 313 2942 ΓΔ
321 2919 407 2940 tuqu
429 2912 486 2960 Litt.
515 2909 623 2940 CLXI.

953 2271 1048 2293 contra
1059 2275 1088 2294 se
1103 2268 1193 2303 magni
1209 2267 1302 2296 Basilii
1316 2271 1502 2299 testimonium
1518 2272 1615 2302 afferre
1627 2284 1634 2302 :
1645 2284 1739 2305 vrccm

953 2320 1012 2338 eam
1035 2320 1082 2346 per
1114 2313 1215 2340 Filium
1238 2314 1438 2350 professionem
1468 2319 1628 2354 principalis
1650 2330 1740 2350 cause

953 2359 1064 2387 habere.
1081 2361 1116 2387 At
1131 2369 1180 2388 nos
1196 2370 1228 2388 es
1249 2362 1355 2390 duabus
1371 2364 1480 2398 quidem
1501 2367 1627 2399 personis
1648 2369 1738 2401 Patre,

936 2413 984 2431 .ac
1007 2405 1075 2432 Filio
1100 2406 1232 2441 Spiritum
1260 2415 1384 2436 sanctum
1411 2411 1598 2439 essisleutiam
1622 2413 1740 2442 dicimus

952 2450 1063 2484 habere,
1078 2457 1106 2480 et
1121 2457 1177 2480 toto
1192 2455 1273 2481 corde
1297 2457 1469 2484 conﬁtentur.
1485 2457 1558 2484 Nihil
1573 2459 1644 2486 enim
1675 2468 1740 2494 ope-

953 2502 1039 2530 ratur,
1059 2499 1108 2525 uzsi
1128 2499 1154 2525 in
1171 2505 1303 2534 quantum
1320 2502 1372 2528 hoc
1400 2502 1502 2537 aliquid
1518 2508 1546 2530 et
1566 2505 1736 2535 individuum

952 2544 996 2569 sit.
1024 2544 1053 2570 iii
1069 2550 1200 2578 quantum
1232 2552 1324 2573 autem
1354 2547 1488 2582 ejusmodi
1507 2548 1587 2577 Pater
1606 2556 1633 2578 et
1649 2551 1734 2580 Filius

951 2587 1007 2614 duo
1019 2594 1102 2615 sunt:
1121 2595 1149 2616 at
1165 2590 1325 2618 differenter
1343 2592 1422 2619 exiis
1436 2595 1598 2627 procedere,
1612 2595 1664 2623 huc
1689 2605 1736 2624 ue-

951 2641 1088 2668 quaquam
1103 2636 1297 2664 concedeiuus.
1326 2637 1468 2672 Siquidem
1497 2645 1526 2666 ut
1544 2641 1641 2673 Patris,
1661 2644 1695 2670 ita
1711 2649 1739 2671 i-t

952 2679 1012 2706 Filii
1025 2681 1212 2714 operationem
1238 2683 1402 2716 naturalem,
1428 2691 1536 2712 sani-tos
1554 2686 1680 2714 audimus
1697 2677 1738 2715 ili-

951 2731 1045 2752 centcs
1064 2723 1195 2760 Spiritum
1213 2733 1337 2756 sanetum
1350 2733 1420 2758 esse.
1435 2730 1521 2757 Unam
1535 2736 1625 2760 autent
1641 2742 1739 2769 opera-

952 2771 1053 2798 tionem
1069 2771 1159 2799 Patris
1174 2777 1202 2800 et
1219 2773 1280 2800 Filii
1294 2781 1355 2802 esse
1380 2776 1517 2811 prii-cipue
1528 2779 1675 2812 credimus,
1685 2781 1737 2809 nisi

950 2820 977 2842 ct
991 2815 1084 2843 iscum
1101 2823 1132 2843 ex
1148 2817 1236 2850 Pal-re,
1251 2822 1278 2844 et
1293 2818 1375 2852 Filio,
1387 2821 1538 2855 etSpiiitu,
1555 2822 1595 2849 vel
1611 2831 1643 2849 ex
1658 2824 1737 2852 Patre

951 2871 1000 2897 per
1016 2862 1115 2892 Filium
1140 2864 1168 2890 in
1196 2863 1299 2898 Spiritu
1315 2865 1381 2893 dicit
1400 2866 1533 2894 mundum
1565 2870 1735 2904 subsistere;

1481 2916 1514 2946 10
