  <div class='ocr_page' id='page_1' title='image "/cluster/home/n/w/nwhite01/storage/ocr_20150623/161/njp.32101077773255/255.png"; bbox 0 0 1925 3056; ppageno 0'>
   <div class='ocr_carea' id='block_1_1' title="bbox 181 145 246 181">
    <p class='ocr_par' dir='ltr' id='par_1_1' title="bbox 181 145 246 181">
     <span class='ocr_line' id='line_1_1' title="bbox 181 145 246 181; baseline -0.031 0"><span class='ocrx_word' id='word_1_1' title='bbox 181 145 246 181; x_wconf 58' lang='lat' dir='ltr'><strong>&#39;s&#39;n</strong></span> 
     </span>
    </p>
   </div>
   <div class='ocr_carea' id='block_1_2' title="bbox 667 128 1346 180">
    <p class='ocr_par' dir='ltr' id='par_1_2' title="bbox 667 128 1346 180">
     <span class='ocr_line' id='line_1_2' title="bbox 667 128 1346 180; baseline 0.003 -3"><span class='ocrx_word' id='word_1_2' title='bbox 667 144 923 178; x_wconf 74' lang='lat' dir='ltr'><strong>BESSARIONIS</strong></span> <span class='ocrx_word' id='word_1_3' title='bbox 944 149 975 180; x_wconf 92' lang='lat' dir='ltr'><strong>s.</strong></span> <span class='ocrx_word' id='word_1_4' title='bbox 999 148 1035 179; x_wconf 83' lang='lat' dir='ltr'><strong>R.</strong></span> <span class='ocrx_word' id='word_1_5' title='bbox 1056 149 1092 179; x_wconf 88' lang='lat' dir='ltr'><strong>E.</strong></span> <span class='ocrx_word' id='word_1_6' title='bbox 1113 128 1346 179; x_wconf 74' lang='lat' dir='ltr'><strong>CARDINALIS</strong></span> 
     </span>
    </p>
   </div>
   <div class='ocr_carea' id='block_1_3' title="bbox 1771 150 1829 184">
    <p class='ocr_par' dir='ltr' id='par_1_3' title="bbox 1771 150 1829 184">
     <span class='ocr_line' id='line_1_3' title="bbox 1771 150 1829 184; baseline -0.034 0"><span class='ocrx_word' id='word_1_7' title='bbox 1771 150 1829 184; x_wconf 75' lang='lat'><strong>292</strong></span> 
     </span>
    </p>
   </div>
   <div class='ocr_carea' id='block_1_4' title="bbox 198 198 1827 240">
    <p class='ocr_par' dir='ltr' id='par_1_4' title="bbox 198 198 1827 240">
     <span class='ocr_line' id='line_1_4' title="bbox 198 198 1827 240; baseline 0 -7"><span class='ocrx_word' id='word_1_8' title='bbox 198 213 252 233; x_wconf 91' lang='lat' dir='ltr'><strong>non</strong></span> <span class='ocrx_word' id='word_1_9' title='bbox 264 203 395 232; x_wconf 81' lang='lat' dir='ltr'><strong>extribus</strong></span> <span class='ocrx_word' id='word_1_10' title='bbox 410 202 476 231; x_wconf 78' lang='lat' dir='ltr'><strong>solis</strong></span> <span class='ocrx_word' id='word_1_11' title='bbox 489 202 614 239; x_wconf 77' lang='lat' dir='ltr'><strong>personis</strong></span> <span class='ocrx_word' id='word_1_12' title='bbox 629 208 736 231; x_wconf 79' lang='lat' dir='ltr'><strong>asserat</strong></span> <span class='ocrx_word' id='word_1_13' title='bbox 746 203 815 232; x_wconf 80' lang='lat' dir='ltr'><strong>elﬁci</strong></span> <span class='ocrx_word' id='word_1_14' title='bbox 827 214 835 238; x_wconf 89' lang='lat'><strong>;</strong></span> <span class='ocrx_word' id='word_1_15' title='bbox 848 205 901 233; x_wconf 90' lang='lat' dir='ltr'><strong>hoc</strong></span> <span class='ocrx_word' id='word_1_16' title='bbox 912 205 984 233; x_wconf 91' lang='lat' dir='ltr'><strong>enim</strong></span> <span class='ocrx_word' id='word_1_17' title='bbox 997 206 1023 237; x_wconf 72' lang='grc' dir='ltr'><strong>Α</strong></span> <span class='ocrx_word' id='word_1_18' title='bbox 1036 212 1090 232; x_wconf 91' lang='lat' dir='ltr'><strong>non</strong></span> <span class='ocrx_word' id='word_1_19' title='bbox 1111 206 1203 240; x_wconf 87' lang='lat' dir='ltr'><strong>potius</strong></span> <span class='ocrx_word' id='word_1_20' title='bbox 1217 206 1308 233; x_wconf 86' lang='lat' dir='ltr'><strong>divina</strong></span> <span class='ocrx_word' id='word_1_21' title='bbox 1322 206 1375 233; x_wconf 88' lang='lat' dir='ltr'><strong>erit</strong></span> <span class='ocrx_word' id='word_1_22' title='bbox 1386 198 1482 233; x_wconf 82' lang='lat' dir='ltr'><strong>natura</strong></span> <span class='ocrx_word' id='word_1_23' title='bbox 1508 210 1535 233; x_wconf 88' lang='lat' dir='ltr'><strong>et</strong></span> <span class='ocrx_word' id='word_1_24' title='bbox 1549 205 1690 240; x_wconf 88' lang='lat' dir='ltr'><strong>putabitur</strong></span> <span class='ocrx_word' id='word_1_25' title='bbox 1704 214 1719 233; x_wconf 83' lang='lat' dir='ltr'><strong>a</strong></span> <span class='ocrx_word' id='word_1_26' title='bbox 1733 206 1827 238; x_wconf 84' lang='lat' dir='ltr'><strong>nobis,</strong></span> 
     </span>
    </p>
   </div>
   <div class='ocr_carea' id='block_1_5' title="bbox 198 249 980 286">
    <p class='ocr_par' dir='ltr' id='par_1_5' title="bbox 198 249 980 286">
     <span class='ocr_line' id='line_1_5' title="bbox 198 249 980 286; baseline 0 -7"><span class='ocrx_word' id='word_1_27' title='bbox 198 252 293 286; x_wconf 94' lang='lat' dir='ltr'><strong>utique</strong></span> <span class='ocrx_word' id='word_1_28' title='bbox 309 251 452 284; x_wconf 72' lang='lat' dir='ltr'><strong>fateretur,</strong></span> <span class='ocrx_word' id='word_1_29' title='bbox 473 250 521 278; x_wconf 82' lang='lat' dir='ltr'><strong>sed</strong></span> <span class='ocrx_word' id='word_1_30' title='bbox 533 250 615 278; x_wconf 87' lang='lat' dir='ltr'><strong>etiam</strong></span> <span class='ocrx_word' id='word_1_31' title='bbox 637 249 798 277; x_wconf 81' lang='lat' dir='ltr'><strong>dill‘erenter</strong></span> <span class='ocrx_word' id='word_1_32' title='bbox 816 258 850 278; x_wconf 80' lang='lat' dir='ltr'><strong>ex</strong></span> <span class='ocrx_word' id='word_1_33' title='bbox 871 251 980 279; x_wconf 86' lang='lat' dir='ltr'><strong>tribus:</strong></span> 
     </span>
    </p>
   </div>
   <div class='ocr_carea' id='block_1_6' title="bbox 197 296 982 333">
    <p class='ocr_par' dir='ltr' id='par_1_6' title="bbox 197 296 982 333">
     <span class='ocr_line' id='line_1_6' title="bbox 197 296 982 333; baseline -0.003 -8"><span class='ocrx_word' id='word_1_34' title='bbox 197 298 270 333; x_wconf 89' lang='lat' dir='ltr'><strong>quod</strong></span> <span class='ocrx_word' id='word_1_35' title='bbox 299 298 321 325; x_wconf 86' lang='lat' dir='ltr'><strong>si</strong></span> <span class='ocrx_word' id='word_1_36' title='bbox 337 298 452 325; x_wconf 74' lang='lat' dir='ltr'><strong>miretur</strong></span> <span class='ocrx_word' id='word_1_37' title='bbox 474 302 528 332; x_wconf 89' lang='lat' dir='ltr'><strong>quo</strong></span> <span class='ocrx_word' id='word_1_38' title='bbox 549 301 629 331; x_wconf 84' lang='lat' dir='ltr'><strong>pacto</strong></span> <span class='ocrx_word' id='word_1_39' title='bbox 651 296 704 324; x_wconf 90' lang='lat' dir='ltr'><strong>hac</strong></span> <span class='ocrx_word' id='word_1_40' title='bbox 731 297 925 332; x_wconf 76' lang='lat' dir='ltr'><strong>praepositione</strong></span> <span class='ocrx_word' id='word_1_41' title='bbox 936 305 982 332; x_wconf 86' lang='lat' dir='ltr'><strong>per</strong></span> 
     </span>
    </p>
   </div>
   <div class='ocr_carea' id='block_1_7' title="bbox 198 343 984 378">
    <p class='ocr_par' dir='ltr' id='par_1_7' title="bbox 198 343 984 378">
     <span class='ocr_line' id='line_1_7' title="bbox 198 343 984 378; baseline -0.001 -7"><span class='ocrx_word' id='word_1_42' title='bbox 198 345 347 373; x_wconf 75' lang='lat' dir='ltr'><strong>voluntatis</strong></span> <span class='ocrx_word' id='word_1_43' title='bbox 358 345 490 372; x_wconf 92' lang='lat' dir='ltr'><strong>unitatem</strong></span> <span class='ocrx_word' id='word_1_44' title='bbox 518 348 545 371; x_wconf 93' lang='lat' dir='ltr'><strong>et</strong></span> <span class='ocrx_word' id='word_1_45' title='bbox 561 343 736 371; x_wconf 78' lang='lat' dir='ltr'><strong>identitatem</strong></span> <span class='ocrx_word' id='word_1_46' title='bbox 759 347 984 378; x_wconf 76' lang='lat' dir='ltr'><strong>repraesentante,</strong></span> 
     </span>
    </p>
   </div>
   <div class='ocr_carea' id='block_1_8' title="bbox 199 388 986 424">
    <p class='ocr_par' dir='ltr' id='par_1_8' title="bbox 199 388 986 424">
     <span class='ocr_line' id='line_1_8' title="bbox 199 388 986 424; baseline -0.004 -6"><span class='ocrx_word' id='word_1_47' title='bbox 199 398 251 418; x_wconf 90' lang='lat' dir='ltr'><strong>nos</strong></span> <span class='ocrx_word' id='word_1_48' title='bbox 269 399 316 424; x_wconf 86' lang='lat' dir='ltr'><strong>per</strong></span> <span class='ocrx_word' id='word_1_49' title='bbox 333 398 394 417; x_wconf 91' lang='lat' dir='ltr'><strong>eam</strong></span> <span class='ocrx_word' id='word_1_50' title='bbox 408 389 506 417; x_wconf 86' lang='lat' dir='ltr'><strong>Filium</strong></span> <span class='ocrx_word' id='word_1_51' title='bbox 522 395 581 416; x_wconf 89' lang='lat' dir='ltr'><strong>esse</strong></span> <span class='ocrx_word' id='word_1_52' title='bbox 595 395 705 416; x_wconf 80' lang='lat' dir='ltr'><strong>causam</strong></span> <span class='ocrx_word' id='word_1_53' title='bbox 722 389 889 416; x_wconf 78' lang='lat' dir='ltr'><strong>exsistemiae</strong></span> <span class='ocrx_word' id='word_1_54' title='bbox 901 388 986 423; x_wconf 87' lang='lat' dir='ltr'><strong>Spiri-</strong></span> 
     </span>
    </p>
   </div>
   <div class='ocr_carea' id='block_1_9' title="bbox 202 433 984 468">
    <p class='ocr_par' dir='ltr' id='par_1_9' title="bbox 202 433 984 468">
     <span class='ocr_line' id='line_1_9' title="bbox 202 433 984 468; baseline -0.005 -5"><span class='ocrx_word' id='word_1_55' title='bbox 202 441 245 463; x_wconf 86' lang='lat' dir='ltr'><strong>tus</strong></span> <span class='ocrx_word' id='word_1_56' title='bbox 259 434 345 462; x_wconf 85' lang='lat' dir='ltr'><strong>sancti</strong></span> <span class='ocrx_word' id='word_1_57' title='bbox 360 434 430 461; x_wconf 83' lang='lat' dir='ltr'><strong>velle</strong></span> <span class='ocrx_word' id='word_1_58' title='bbox 443 434 651 461; x_wconf 84' lang='lat' dir='ltr'><strong>demonstrare:</strong></span> <span class='ocrx_word' id='word_1_59' title='bbox 669 434 788 468; x_wconf 90' lang='lat' dir='ltr'><strong>primum</strong></span> <span class='ocrx_word' id='word_1_60' title='bbox 805 433 984 468; x_wconf 82' lang='lat' dir='ltr'><strong>semetipsum</strong></span> 
     </span>
    </p>
   </div>
   <div class='ocr_carea' id='block_1_10' title="bbox 201 478 985 514">
    <p class='ocr_par' dir='ltr' id='par_1_10' title="bbox 201 478 985 514">
     <span class='ocr_line' id='line_1_10' title="bbox 201 478 985 514; baseline -0.005 -6"><span class='ocrx_word' id='word_1_61' title='bbox 201 481 328 512; x_wconf 84' lang='lat' dir='ltr'><strong>miretur,</strong></span> <span class='ocrx_word' id='word_1_62' title='bbox 340 479 479 514; x_wconf 90' lang='lat' dir='ltr'><strong>quomodo</strong></span> <span class='ocrx_word' id='word_1_63' title='bbox 488 486 536 514; x_wconf 91' lang='lat' dir='ltr'><strong>per</strong></span> <span class='ocrx_word' id='word_1_64' title='bbox 551 478 650 506; x_wconf 87' lang='lat' dir='ltr'><strong>Filium</strong></span> <span class='ocrx_word' id='word_1_65' title='bbox 663 478 722 506; x_wconf 84' lang='lat' dir='ltr'><strong>ﬁeri</strong></span> <span class='ocrx_word' id='word_1_66' title='bbox 734 478 828 505; x_wconf 90' lang='lat' dir='ltr'><strong>dicens</strong></span> <span class='ocrx_word' id='word_1_67' title='bbox 839 479 985 511; x_wconf 92' lang='lat' dir='ltr'><strong>mundum,</strong></span> 
     </span>
    </p>
   </div>
   <div class='ocr_carea' id='block_1_11' title="bbox 202 523 986 560">
    <p class='ocr_par' dir='ltr' id='par_1_11' title="bbox 202 523 986 560">
     <span class='ocr_line' id='line_1_11' title="bbox 202 523 986 560; baseline -0.005 -6"><span class='ocrx_word' id='word_1_68' title='bbox 202 527 302 554; x_wconf 91' lang='lat' dir='ltr'><strong>deinde</strong></span> <span class='ocrx_word' id='word_1_69' title='bbox 312 533 375 560; x_wconf 80' lang='lat' dir='ltr'><strong>eum</strong></span> <span class='ocrx_word' id='word_1_70' title='bbox 392 533 500 553; x_wconf 82' lang='lat' dir='ltr'><strong>causam</strong></span> <span class='ocrx_word' id='word_1_71' title='bbox 516 529 593 560; x_wconf 89' lang='lat' dir='ltr'><strong>putet</strong></span> <span class='ocrx_word' id='word_1_72' title='bbox 611 524 801 560; x_wconf 86' lang='lat' dir='ltr'><strong>productionis</strong></span> <span class='ocrx_word' id='word_1_73' title='bbox 816 523 923 556; x_wconf 89' lang='lat' dir='ltr'><strong>mundi,</strong></span> <span class='ocrx_word' id='word_1_74' title='bbox 936 531 986 558; x_wconf 87' lang='lat' dir='ltr'><strong>per</strong></span> 
     </span>
    </p>
   </div>
   <div class='ocr_carea' id='block_1_12' title="bbox 202 570 986 607">
    <p class='ocr_par' dir='ltr' id='par_1_12' title="bbox 202 570 986 607">
     <span class='ocr_line' id='line_1_12' title="bbox 202 570 986 607; baseline -0.004 -8"><span class='ocrx_word' id='word_1_75' title='bbox 202 573 273 600; x_wconf 86' lang='lat' dir='ltr'><strong>hanc</strong></span> <span class='ocrx_word' id='word_1_76' title='bbox 299 572 520 607; x_wconf 67' lang='lat' dir='ltr'><strong>praepositionem</strong></span> <span class='ocrx_word' id='word_1_77' title='bbox 547 571 674 604; x_wconf 80' lang='lat' dir='ltr'><strong>ostendi;</strong></span> <span class='ocrx_word' id='word_1_78' title='bbox 690 571 733 598; x_wconf 92' lang='lat' dir='ltr'><strong>vel</strong></span> <span class='ocrx_word' id='word_1_79' title='bbox 761 570 834 597; x_wconf 91' lang='lat' dir='ltr'><strong>dicat</strong></span> <span class='ocrx_word' id='word_1_80' title='bbox 852 577 906 597; x_wconf 91' lang='lat' dir='ltr'><strong>non</strong></span> <span class='ocrx_word' id='word_1_81' title='bbox 925 576 986 596; x_wconf 89' lang='lat' dir='ltr'><strong>esse</strong></span> 
     </span>
    </p>
   </div>
   <div class='ocr_carea' id='block_1_13' title="bbox 203 615 986 649">
    <p class='ocr_par' dir='ltr' id='par_1_13' title="bbox 203 615 986 649">
     <span class='ocr_line' id='line_1_13' title="bbox 203 615 986 649; baseline -0.005 -5"><span class='ocrx_word' id='word_1_82' title='bbox 203 624 313 644; x_wconf 82' lang='lat' dir='ltr'><strong>causam</strong></span> <span class='ocrx_word' id='word_1_83' title='bbox 340 618 443 644; x_wconf 91' lang='lat' dir='ltr'><strong>entium</strong></span> <span class='ocrx_word' id='word_1_84' title='bbox 471 616 581 649; x_wconf 86' lang='lat' dir='ltr'><strong>Filium,</strong></span> <span class='ocrx_word' id='word_1_85' title='bbox 605 621 633 643; x_wconf 89' lang='lat' dir='ltr'><strong>et</strong></span> <span class='ocrx_word' id='word_1_86' title='bbox 660 615 731 642; x_wconf 89' lang='lat' dir='ltr'><strong>malo</strong></span> <span class='ocrx_word' id='word_1_87' title='bbox 756 615 856 642; x_wconf 89' lang='lat' dir='ltr'><strong>malum</strong></span> <span class='ocrx_word' id='word_1_88' title='bbox 882 618 986 641; x_wconf 88' lang='lat' dir='ltr'><strong>curret.</strong></span> 
     </span>
    </p>
   </div>
   <div class='ocr_carea' id='block_1_14' title="bbox 203 659 989 698">
    <p class='ocr_par' dir='ltr' id='par_1_14' title="bbox 203 659 989 698">
     <span class='ocr_line' id='line_1_14' title="bbox 203 659 989 698; baseline -0.005 -7"><span class='ocrx_word' id='word_1_89' title='bbox 203 665 288 691; x_wconf 77' lang='lat' dir='ltr'><strong>Ailert</strong></span> <span class='ocrx_word' id='word_1_90' title='bbox 312 670 422 698; x_wconf 86' lang='lat' dir='ltr'><strong>quoque</strong></span> <span class='ocrx_word' id='word_1_91' title='bbox 443 662 529 689; x_wconf 84' lang='lat' dir='ltr'><strong>divini</strong></span> <span class='ocrx_word' id='word_1_92' title='bbox 550 662 658 689; x_wconf 78' lang='lat' dir='ltr'><strong>Maximi</strong></span> <span class='ocrx_word' id='word_1_93' title='bbox 685 661 888 692; x_wconf 87' lang='lat' dir='ltr'><strong>testimonium,</strong></span> <span class='ocrx_word' id='word_1_94' title='bbox 914 659 989 694; x_wconf 89' lang='lat' dir='ltr'><strong>quod</strong></span> 
     </span>
    </p>
   </div>
   <div class='ocr_carea' id='block_1_15' title="bbox 204 705 988 743">
    <p class='ocr_par' dir='ltr' id='par_1_15' title="bbox 204 705 988 743">
     <span class='ocr_line' id='line_1_15' title="bbox 204 705 988 743; baseline -0.003 -9"><span class='ocrx_word' id='word_1_95' title='bbox 204 710 316 736; x_wconf 86' lang='lat' dir='ltr'><strong>minime</strong></span> <span class='ocrx_word' id='word_1_96' title='bbox 328 709 361 736; x_wconf 87' lang='lat' dir='ltr'><strong>ad</strong></span> <span class='ocrx_word' id='word_1_97' title='bbox 379 708 550 743; x_wconf 82' lang='lat' dir='ltr'><strong>propOsitum</strong></span> <span class='ocrx_word' id='word_1_98' title='bbox 568 707 692 734; x_wconf 63' lang='lat' dir='ltr'><strong>facit.&#39;Et</strong></span> <span class='ocrx_word' id='word_1_99' title='bbox 713 714 764 734; x_wconf 88' lang='lat' dir='ltr'><strong>nos</strong></span> <span class='ocrx_word' id='word_1_100' title='bbox 778 707 851 733; x_wconf 91' lang='lat' dir='ltr'><strong>enim</strong></span> <span class='ocrx_word' id='word_1_101' title='bbox 867 705 988 733; x_wconf 85' lang='lat' dir='ltr'><strong>fatemur</strong></span> 
     </span>
    </p>
   </div>
   <div class='ocr_carea' id='block_1_16' title="bbox 203 750 989 788">
    <p class='ocr_par' dir='ltr' id='par_1_16' title="bbox 203 750 989 788">
     <span class='ocr_line' id='line_1_16' title="bbox 203 750 989 788; baseline -0.005 -8"><span class='ocrx_word' id='word_1_102' title='bbox 203 755 274 781; x_wconf 82' lang='lat' dir='ltr'><strong>hanc</strong></span> <span class='ocrx_word' id='word_1_103' title='bbox 290 753 520 788; x_wconf 62' lang='lat' dir='ltr'><strong>praepositionem,</strong></span> <span class='ocrx_word' id='word_1_104' title='bbox 532 755 589 787; x_wconf 74' lang='lat' dir='ltr'><strong>per,</strong></span> <span class='ocrx_word' id='word_1_105' title='bbox 609 755 636 778; x_wconf 86' lang='lat' dir='ltr'><strong>et</strong></span> <span class='ocrx_word' id='word_1_106' title='bbox 649 751 800 782; x_wconf 86' lang='lat' dir='ltr'><strong>‘unitatem,</strong></span> <span class='ocrx_word' id='word_1_107' title='bbox 815 755 843 778; x_wconf 93' lang='lat' dir='ltr'><strong>et</strong></span> <span class='ocrx_word' id='word_1_108' title='bbox 862 750 989 777; x_wconf 87' lang='lat' dir='ltr'><strong>immuta-</strong></span> 
     </span>
    </p>
   </div>
   <div class='ocr_carea' id='block_1_17' title="bbox 203 795 987 830">
    <p class='ocr_par' dir='ltr' id='par_1_17' title="bbox 203 795 987 830">
     <span class='ocr_line' id='line_1_17' title="bbox 203 795 987 830; baseline -0.008 -3"><span class='ocrx_word' id='word_1_109' title='bbox 203 801 336 828; x_wconf 88' lang='lat' dir='ltr'><strong>bilitatem</strong></span> <span class='ocrx_word' id='word_1_110' title='bbox 364 798 522 826; x_wconf 74' lang='lat' dir='ltr'><strong>substantiae</strong></span> <span class='ocrx_word' id='word_1_111' title='bbox 547 796 636 824; x_wconf 81' lang='lat' dir='ltr'><strong>Patris</strong></span> <span class='ocrx_word' id='word_1_112' title='bbox 661 804 692 823; x_wconf 90' lang='lat' dir='ltr'><strong>ac</strong></span> <span class='ocrx_word' id='word_1_113' title='bbox 723 796 785 823; x_wconf 84' lang='lat' dir='ltr'><strong>Filii</strong></span> <span class='ocrx_word' id='word_1_114' title='bbox 815 795 987 830; x_wconf 75' lang='lat' dir='ltr'><strong>significare:</strong></span> 
     </span>
    </p>
   </div>
   <div class='ocr_carea' id='block_1_18' title="bbox 205 841 988 879">
    <p class='ocr_par' dir='ltr' id='par_1_18' title="bbox 205 841 988 879">
     <span class='ocr_line' id='line_1_18' title="bbox 205 841 988 879; baseline -0.009 -5"><span class='ocrx_word' id='word_1_115' title='bbox 205 847 331 874; x_wconf 80' lang='lat' dir='ltr'><strong>novimus</strong></span> <span class='ocrx_word' id='word_1_116' title='bbox 348 845 449 873; x_wconf 88' lang='lat' dir='ltr'><strong>etenim</strong></span> <span class='ocrx_word' id='word_1_117' title='bbox 465 852 513 879; x_wconf 91' lang='lat' dir='ltr'><strong>per</strong></span> <span class='ocrx_word' id='word_1_118' title='bbox 529 844 600 871; x_wconf 88' lang='lat' dir='ltr'><strong>banc</strong></span> <span class='ocrx_word' id='word_1_119' title='bbox 621 843 779 874; x_wconf 78' lang='lat' dir='ltr'><strong>dictionem,</strong></span> <span class='ocrx_word' id='word_1_120' title='bbox 794 850 851 876; x_wconf 81' lang='lat' dir='ltr'><strong>per,</strong></span> <span class='ocrx_word' id='word_1_121' title='bbox 862 841 988 868; x_wconf 89' lang='lat' dir='ltr'><strong>ordinem</strong></span> 
     </span>
    </p>
   </div>
   <div class='ocr_carea' id='block_1_19' title="bbox 205 876 1028 928">
    <p class='ocr_par' dir='ltr' id='par_1_19' title="bbox 205 876 1028 928">
     <span class='ocr_line' id='line_1_19' title="bbox 205 876 1028 928; baseline -0.009 -8"><span class='ocrx_word' id='word_1_122' title='bbox 205 892 348 928; x_wconf 82' lang='lat' dir='ltr'><strong>quemdam</strong></span> <span class='ocrx_word' id='word_1_123' title='bbox 360 896 387 918; x_wconf 91' lang='lat' dir='ltr'><strong>et</strong></span> <span class='ocrx_word' id='word_1_124' title='bbox 401 876 555 925; x_wconf 71' lang='lat' dir='ltr'><strong>respectum</strong></span> <span class='ocrx_word' id='word_1_125' title='bbox 574 889 644 924; x_wconf 84' lang='lat' dir='ltr'><strong>ejus,</strong></span> <span class='ocrx_word' id='word_1_126' title='bbox 655 888 688 915; x_wconf 91' lang='lat' dir='ltr'><strong>de</strong></span> <span class='ocrx_word' id='word_1_127' title='bbox 703 895 758 923; x_wconf 90' lang='lat' dir='ltr'><strong>quo</strong></span> <span class='ocrx_word' id='word_1_128' title='bbox 771 889 829 915; x_wconf 82' lang='lat' dir='ltr'><strong>haec</strong></span> <span class='ocrx_word' id='word_1_129' title='bbox 842 887 945 915; x_wconf 88' lang='lat' dir='ltr'><strong>dicitur</strong></span> <span class='ocrx_word' id='word_1_130' title='bbox 955 887 988 914; x_wconf 89' lang='lat' dir='ltr'><strong>ad</strong></span> <span class='ocrx_word' id='word_1_131' title='bbox 1003 876 1028 906; x_wconf 68' lang='grc' dir='ltr'><strong>Β</strong></span> 
     </span>
    </p>
   </div>
   <div class='ocr_carea' id='block_1_20' title="bbox 205 931 988 970">
    <p class='ocr_par' dir='ltr' id='par_1_20' title="bbox 205 931 988 970">
     <span class='ocr_line' id='line_1_20' title="bbox 205 931 988 970; baseline -0.008 -7"><span class='ocrx_word' id='word_1_132' title='bbox 205 937 281 964; x_wconf 91' lang='lat' dir='ltr'><strong>illum</strong></span> <span class='ocrx_word' id='word_1_133' title='bbox 308 936 340 962; x_wconf 89' lang='lat' dir='ltr'><strong>de</strong></span> <span class='ocrx_word' id='word_1_134' title='bbox 368 942 424 970; x_wconf 91' lang='lat' dir='ltr'><strong>quo</strong></span> <span class='ocrx_word' id='word_1_135' title='bbox 442 934 493 961; x_wconf 87' lang='lat' dir='ltr'><strong>hac</strong></span> <span class='ocrx_word' id='word_1_136' title='bbox 509 933 640 964; x_wconf 85' lang='lat' dir='ltr'><strong>dictione,</strong></span> <span class='ocrx_word' id='word_1_137' title='bbox 669 940 710 964; x_wconf 70' lang='lat' dir='ltr'><strong>ex,</strong></span> <span class='ocrx_word' id='word_1_138' title='bbox 728 933 842 963; x_wconf 89' lang='lat' dir='ltr'><strong>utimur,</strong></span> <span class='ocrx_word' id='word_1_139' title='bbox 871 931 988 958; x_wconf 83' lang='lat' dir='ltr'><strong>maxime</strong></span> 
     </span>
    </p>
   </div>
   <div class='ocr_carea' id='block_1_21' title="bbox 206 977 990 1013">
    <p class='ocr_par' dir='ltr' id='par_1_21' title="bbox 206 977 990 1013">
     <span class='ocr_line' id='line_1_21' title="bbox 206 977 990 1013; baseline -0.009 -3"><span class='ocrx_word' id='word_1_140' title='bbox 206 981 406 1013; x_wconf 84' lang='lat' dir='ltr'><strong>demonstrari;</strong></span> <span class='ocrx_word' id='word_1_141' title='bbox 429 979 553 1007; x_wconf 87' lang='lat' dir='ltr'><strong>eamdem</strong></span> <span class='ocrx_word' id='word_1_142' title='bbox 583 983 673 1005; x_wconf 90' lang='lat' dir='ltr'><strong>tamen</strong></span> <span class='ocrx_word' id='word_1_143' title='bbox 700 978 786 1012; x_wconf 88' lang='lat' dir='ltr'><strong>ipsam</strong></span> <span class='ocrx_word' id='word_1_144' title='bbox 818 977 990 1004; x_wconf 88' lang='lat' dir='ltr'><strong>identitatem</strong></span> 
     </span>
    </p>
   </div>
   <div class='ocr_carea' id='block_1_22' title="bbox 205 1021 992 1059">
    <p class='ocr_par' dir='ltr' id='par_1_22' title="bbox 205 1021 992 1059">
     <span class='ocr_line' id='line_1_22' title="bbox 205 1021 992 1059; baseline -0.005 -4"><span class='ocrx_word' id='word_1_145' title='bbox 205 1021 509 1059; x_wconf 85' lang='lat' dir='ltr'><strong>immutabilitatemque</strong></span> <span class='ocrx_word' id='word_1_146' title='bbox 531 1031 641 1051; x_wconf 81' lang='lat' dir='ltr'><strong>causam</strong></span> <span class='ocrx_word' id='word_1_147' title='bbox 668 1030 739 1055; x_wconf 89' lang='lat' dir='ltr'><strong>esse,</strong></span> <span class='ocrx_word' id='word_1_148' title='bbox 759 1027 787 1049; x_wconf 91' lang='lat' dir='ltr'><strong>et</strong></span> <span class='ocrx_word' id='word_1_149' title='bbox 805 1022 878 1057; x_wconf 87' lang='lat' dir='ltr'><strong>quod</strong></span> <span class='ocrx_word' id='word_1_150' title='bbox 904 1022 992 1051; x_wconf 77' lang='lat' dir='ltr'><strong>Filius</strong></span> 
     </span>
    </p>
   </div>
   <div class='ocr_carea' id='block_1_23' title="bbox 205 1068 992 1108">
    <p class='ocr_par' dir='ltr' id='par_1_23' title="bbox 205 1068 992 1108">
     <span class='ocr_line' id='line_1_23' title="bbox 205 1068 992 1108; baseline -0.009 -6"><span class='ocrx_word' id='word_1_151' title='bbox 205 1075 279 1102; x_wconf 88' lang='lat' dir='ltr'><strong>idem</strong></span> <span class='ocrx_word' id='word_1_152' title='bbox 290 1072 376 1108; x_wconf 86' lang='lat' dir='ltr'><strong>possit</strong></span> <span class='ocrx_word' id='word_1_153' title='bbox 387 1071 460 1106; x_wconf 85' lang='lat' dir='ltr'><strong>quod</strong></span> <span class='ocrx_word' id='word_1_154' title='bbox 476 1070 564 1102; x_wconf 83' lang='lat' dir='ltr'><strong>Pater,</strong></span> <span class='ocrx_word' id='word_1_155' title='bbox 578 1069 706 1104; x_wconf 87' lang='lat' dir='ltr'><strong>quodque</strong></span> <span class='ocrx_word' id='word_1_156' title='bbox 721 1076 769 1103; x_wconf 90' lang='lat' dir='ltr'><strong>per</strong></span> <span class='ocrx_word' id='word_1_157' title='bbox 783 1076 845 1096; x_wconf 87' lang='lat' dir='ltr'><strong>eum</strong></span> <span class='ocrx_word' id='word_1_158' title='bbox 860 1068 992 1103; x_wconf 83' lang='lat' dir='ltr'><strong>procedat</strong></span> 
     </span>
    </p>
   </div>
   <div class='ocr_carea' id='block_1_24' title="bbox 207 1109 992 1154">
    <p class='ocr_par' dir='ltr' id='par_1_24' title="bbox 207 1109 992 1154">
     <span class='ocr_line' id='line_1_24' title="bbox 207 1109 992 1154; baseline -0.01 -7"><span class='ocrx_word' id='word_1_159' title='bbox 207 1119 328 1154; x_wconf 85' lang='lat' dir='ltr'><strong>Spiritus</strong></span> <span class='ocrx_word' id='word_1_160' title='bbox 347 1123 469 1144; x_wconf 89' lang='lat' dir='ltr'><strong>sanctus.</strong></span> <span class='ocrx_word' id='word_1_161' title='bbox 490 1114 646 1142; x_wconf 89' lang='lat' dir='ltr'><strong>Secundum</strong></span> <span class='ocrx_word' id='word_1_162' title='bbox 667 1114 738 1141; x_wconf 90' lang='lat' dir='ltr'><strong>enim</strong></span> <span class='ocrx_word' id='word_1_163' title='bbox 755 1113 878 1141; x_wconf 90' lang='lat' dir='ltr'><strong>divinum</strong></span> <span class='ocrx_word' id='word_1_164' title='bbox 903 1109 992 1148; x_wconf 54' lang='lat' dir='ltr'><strong>Cyri]-</strong></span> 
     </span>
    </p>
   </div>
   <div class='ocr_carea' id='block_1_25' title="bbox 206 1159 992 1196">
    <p class='ocr_par' dir='ltr' id='par_1_25' title="bbox 206 1159 992 1196">
     <span class='ocr_line' id='line_1_25' title="bbox 206 1159 992 1196; baseline -0.009 -4"><span class='ocrx_word' id='word_1_165' title='bbox 206 1166 262 1192; x_wconf 91' lang='lat' dir='ltr'><strong>lum</strong></span> <span class='ocrx_word' id='word_1_166' title='bbox 285 1172 317 1191; x_wconf 82' lang='lat' dir='ltr'><strong>ex</strong></span> <span class='ocrx_word' id='word_1_167' title='bbox 336 1167 464 1196; x_wconf 85' lang='lat' dir='ltr'><strong>utroque,</strong></span> <span class='ocrx_word' id='word_1_168' title='bbox 478 1168 512 1189; x_wconf 83' lang='lat' dir='ltr'><strong>ex</strong></span> <span class='ocrx_word' id='word_1_169' title='bbox 530 1161 609 1187; x_wconf 80' lang='lat' dir='ltr'><strong>Patre</strong></span> <span class='ocrx_word' id='word_1_170' title='bbox 634 1167 682 1194; x_wconf 87' lang='lat' dir='ltr'><strong>per</strong></span> <span class='ocrx_word' id='word_1_171' title='bbox 701 1159 800 1186; x_wconf 86' lang='lat' dir='ltr'><strong>Filium</strong></span> <span class='ocrx_word' id='word_1_172' title='bbox 815 1168 822 1186; x_wconf 88' lang='lat'>:</span> <span class='ocrx_word' id='word_1_173' title='bbox 840 1159 992 1187; x_wconf 89' lang='lat' dir='ltr'><strong>secundum</strong></span> 
     </span>
    </p>
   </div>
   <div class='ocr_carea' id='block_1_26' title="bbox 207 1205 993 1238">
    <p class='ocr_par' dir='ltr' id='par_1_26' title="bbox 207 1205 993 1238">
     <span class='ocr_line' id='line_1_26' title="bbox 207 1205 993 1238; baseline -0.009 0"><span class='ocrx_word' id='word_1_174' title='bbox 207 1219 272 1238; x_wconf 90' lang='lat' dir='ltr'><strong>vero</strong></span> <span class='ocrx_word' id='word_1_175' title='bbox 287 1209 414 1237; x_wconf 89' lang='lat' dir='ltr'><strong>eumdem</strong></span> <span class='ocrx_word' id='word_1_176' title='bbox 427 1207 572 1234; x_wconf 79' lang='lat' dir='ltr'><strong>Maximum</strong></span> <span class='ocrx_word' id='word_1_177' title='bbox 593 1213 627 1233; x_wconf 81' lang='lat' dir='ltr'><strong>ex</strong></span> <span class='ocrx_word' id='word_1_178' title='bbox 640 1205 729 1238; x_wconf 84' lang='lat' dir='ltr'><strong>Patre,</strong></span> <span class='ocrx_word' id='word_1_179' title='bbox 747 1209 774 1232; x_wconf 89' lang='lat' dir='ltr'><strong>et</strong></span> <span class='ocrx_word' id='word_1_180' title='bbox 789 1205 870 1237; x_wconf 84' lang='lat' dir='ltr'><strong>Filio,</strong></span> <span class='ocrx_word' id='word_1_181' title='bbox 887 1205 944 1232; x_wconf 87' lang='lat' dir='ltr'><strong>sive</strong></span> <span class='ocrx_word' id='word_1_182' title='bbox 960 1212 993 1232; x_wconf 78' lang='lat' dir='ltr'><strong>ex</strong></span> 
     </span>
    </p>
   </div>
   <div class='ocr_carea' id='block_1_27' title="bbox 209 1251 993 1290">
    <p class='ocr_par' dir='ltr' id='par_1_27' title="bbox 209 1251 993 1290">
     <span class='ocr_line' id='line_1_27' title="bbox 209 1251 993 1290; baseline -0.01 -5"><span class='ocrx_word' id='word_1_183' title='bbox 209 1258 288 1285; x_wconf 81' lang='lat' dir='ltr'><strong>Patre</strong></span> <span class='ocrx_word' id='word_1_184' title='bbox 307 1264 355 1290; x_wconf 89' lang='lat' dir='ltr'><strong>per</strong></span> <span class='ocrx_word' id='word_1_185' title='bbox 369 1254 469 1282; x_wconf 86' lang='lat' dir='ltr'><strong>Filium</strong></span> <span class='ocrx_word' id='word_1_186' title='bbox 485 1252 620 1288; x_wconf 87' lang='lat' dir='ltr'><strong>procedit,</strong></span> <span class='ocrx_word' id='word_1_187' title='bbox 637 1252 663 1279; x_wconf 90' lang='lat' dir='ltr'><strong>id</strong></span> <span class='ocrx_word' id='word_1_188' title='bbox 685 1256 728 1279; x_wconf 89' lang='lat' dir='ltr'><strong>est</strong></span> <span class='ocrx_word' id='word_1_189' title='bbox 740 1251 928 1279; x_wconf 79' lang='lat' dir='ltr'><strong>exsistentiam</strong></span> <span class='ocrx_word' id='word_1_190' title='bbox 945 1251 993 1278; x_wconf 89' lang='lat' dir='ltr'><strong>ha-</strong></span> 
     </span>
    </p>
   </div>
   <div class='ocr_carea' id='block_1_28' title="bbox 209 1295 993 1336">
    <p class='ocr_par' dir='ltr' id='par_1_28' title="bbox 209 1295 993 1336">
     <span class='ocr_line' id='line_1_28' title="bbox 209 1295 993 1336; baseline -0.009 -7"><span class='ocrx_word' id='word_1_191' title='bbox 209 1304 255 1331; x_wconf 86' lang='lat' dir='ltr'><strong>bet</strong></span> <span class='ocrx_word' id='word_1_192' title='bbox 269 1311 275 1328; x_wconf 84' lang='lat'><strong>:</strong></span> <span class='ocrx_word' id='word_1_193' title='bbox 292 1301 428 1336; x_wconf 85' lang='lat' dir='ltr'><strong>siquidem</strong></span> <span class='ocrx_word' id='word_1_194' title='bbox 438 1299 588 1335; x_wconf 83' lang='lat' dir='ltr'><strong>procedere</strong></span> <span class='ocrx_word' id='word_1_195' title='bbox 603 1298 653 1325; x_wconf 90' lang='lat' dir='ltr'><strong>iste</strong></span> <span class='ocrx_word' id='word_1_196' title='bbox 668 1305 779 1332; x_wconf 91' lang='lat' dir='ltr'><strong>quoque</strong></span> <span class='ocrx_word' id='word_1_197' title='bbox 790 1301 895 1324; x_wconf 87' lang='lat' dir='ltr'><strong>asserat</strong></span> <span class='ocrx_word' id='word_1_198' title='bbox 909 1295 993 1331; x_wconf 75' lang='lat' dir='ltr'><strong>signi-</strong></span> 
     </span>
    </p>
   </div>
   <div class='ocr_carea' id='block_1_29' title="bbox 209 1341 994 1378">
    <p class='ocr_par' dir='ltr' id='par_1_29' title="bbox 209 1341 994 1378">
     <span class='ocr_line' id='line_1_29' title="bbox 209 1341 994 1378; baseline -0.01 -2"><span class='ocrx_word' id='word_1_199' title='bbox 209 1350 290 1377; x_wconf 85' lang='lat' dir='ltr'><strong>llcare</strong></span> <span class='ocrx_word' id='word_1_200' title='bbox 318 1346 508 1374; x_wconf 76' lang='lat' dir='ltr'><strong>cxsisteutiam</strong></span> <span class='ocrx_word' id='word_1_201' title='bbox 538 1344 649 1377; x_wconf 87' lang='lat' dir='ltr'><strong>habere,</strong></span> <span class='ocrx_word' id='word_1_202' title='bbox 664 1343 814 1378; x_wconf 64' lang='lat' dir='ltr'><strong>praesertim</strong></span> <span class='ocrx_word' id='word_1_203' title='bbox 841 1341 994 1369; x_wconf 87' lang='lat' dir='ltr'><strong>secundum</strong></span> 
     </span>
    </p>
   </div>
   <div class='ocr_carea' id='block_1_30' title="bbox 211 1387 994 1429">
    <p class='ocr_par' dir='ltr' id='par_1_30' title="bbox 211 1387 994 1429">
     <span class='ocr_line' id='line_1_30' title="bbox 211 1387 994 1429; baseline -0.011 -6"><span class='ocrx_word' id='word_1_204' title='bbox 211 1396 273 1423; x_wconf 89' lang='lat' dir='ltr'><strong>illos</strong></span> <span class='ocrx_word' id='word_1_205' title='bbox 289 1392 335 1429; x_wconf 80' lang='lat' dir='ltr'><strong>qui</strong></span> <span class='ocrx_word' id='word_1_206' title='bbox 350 1394 402 1420; x_wconf 89' lang='lat' dir='ltr'><strong>hoc</strong></span> <span class='ocrx_word' id='word_1_207' title='bbox 420 1399 519 1419; x_wconf 84' lang='lat' dir='ltr'><strong>nomen</strong></span> <span class='ocrx_word' id='word_1_208' title='bbox 534 1391 667 1418; x_wconf 80' lang='lat' dir='ltr'><strong>duntaxat</strong></span> <span class='ocrx_word' id='word_1_209' title='bbox 690 1388 858 1416; x_wconf 80' lang='lat' dir='ltr'><strong>exsistentiae</strong></span> <span class='ocrx_word' id='word_1_210' title='bbox 874 1387 994 1422; x_wconf 90' lang='lat' dir='ltr'><strong>Spiritus</strong></span> 
     </span>
    </p>
   </div>
   <div class='ocr_carea' id='block_1_31' title="bbox 212 1433 994 1472">
    <p class='ocr_par' dir='ltr' id='par_1_31' title="bbox 212 1433 994 1472">
     <span class='ocr_line' id='line_1_31' title="bbox 212 1433 994 1472; baseline -0.012 -3"><span class='ocrx_word' id='word_1_211' title='bbox 212 1442 345 1469; x_wconf 86' lang='lat' dir='ltr'><strong>tribuunt.</strong></span> <span class='ocrx_word' id='word_1_212' title='bbox 359 1438 437 1472; x_wconf 86' lang='lat' dir='ltr'><strong>Quod</strong></span> <span class='ocrx_word' id='word_1_213' title='bbox 451 1443 542 1465; x_wconf 87' lang='lat' dir='ltr'><strong>autem</strong></span> <span class='ocrx_word' id='word_1_214' title='bbox 558 1436 630 1464; x_wconf 89' lang='lat' dir='ltr'><strong>dicat</strong></span> <span class='ocrx_word' id='word_1_215' title='bbox 643 1439 754 1463; x_wconf 84' lang='lat' dir='ltr'><strong>sanctus</strong></span> <span class='ocrx_word' id='word_1_216' title='bbox 770 1436 876 1467; x_wconf 90' lang='lat' dir='ltr'><strong>doctor,</strong></span> <span class='ocrx_word' id='word_1_217' title='bbox 892 1433 994 1461; x_wconf 84' lang='lat' dir='ltr'><strong>Filium</strong></span> 
     </span>
    </p>
   </div>
   <div class='ocr_carea' id='block_1_32' title="bbox 210 1480 994 1518">
    <p class='ocr_par' dir='ltr' id='par_1_32' title="bbox 210 1480 994 1518">
     <span class='ocr_line' id='line_1_32' title="bbox 210 1480 994 1518; baseline -0.011 -3"><span class='ocrx_word' id='word_1_218' title='bbox 210 1496 264 1515; x_wconf 93' lang='lat' dir='ltr'><strong>non</strong></span> <span class='ocrx_word' id='word_1_219' title='bbox 276 1487 342 1514; x_wconf 79' lang='lat' dir='ltr'><strong>facit</strong></span> <span class='ocrx_word' id='word_1_220' title='bbox 355 1492 464 1513; x_wconf 85' lang='lat' dir='ltr'><strong>causam</strong></span> <span class='ocrx_word' id='word_1_221' title='bbox 480 1483 600 1518; x_wconf 89' lang='lat' dir='ltr'><strong>Spiritus</strong></span> <span class='ocrx_word' id='word_1_222' title='bbox 618 1482 715 1515; x_wconf 88' lang='lat' dir='ltr'><strong>sancti,</strong></span> <span class='ocrx_word' id='word_1_223' title='bbox 743 1481 790 1508; x_wconf 91' lang='lat' dir='ltr'><strong>sed</strong></span> <span class='ocrx_word' id='word_1_224' title='bbox 803 1482 922 1514; x_wconf 81' lang='lat' dir='ltr'><strong>Patrem,</strong></span> <span class='ocrx_word' id='word_1_225' title='bbox 943 1480 994 1507; x_wconf 91' lang='lat' dir='ltr'><strong>mi-</strong></span> 
     </span>
    </p>
   </div>
   <div class='ocr_carea' id='block_1_33' title="bbox 211 1526 993 1564">
    <p class='ocr_par' dir='ltr' id='par_1_33' title="bbox 211 1526 993 1564">
     <span class='ocr_line' id='line_1_33' title="bbox 211 1526 993 1564; baseline -0.01 -3"><span class='ocrx_word' id='word_1_226' title='bbox 211 1534 283 1561; x_wconf 92' lang='lat' dir='ltr'><strong>nimc</strong></span> <span class='ocrx_word' id='word_1_227' title='bbox 297 1531 453 1562; x_wconf 86' lang='lat' dir='ltr'><strong>miraberis,</strong></span> <span class='ocrx_word' id='word_1_228' title='bbox 477 1529 500 1556; x_wconf 94' lang='lat' dir='ltr'><strong>si</strong></span> <span class='ocrx_word' id='word_1_229' title='bbox 515 1529 635 1564; x_wconf 62' lang='lat' dir='ltr'><strong>timeam</strong></span> <span class='ocrx_word' id='word_1_230' title='bbox 653 1527 772 1562; x_wconf 73' lang='lat' dir='ltr'><strong>linguam</strong></span> <span class='ocrx_word' id='word_1_231' title='bbox 794 1526 993 1559; x_wconf 83' lang='lat' dir='ltr'><strong>considerabis,</strong></span> 
     </span>
    </p>
   </div>
   <div class='ocr_carea' id='block_1_34' title="bbox 210 1572 996 1613">
    <p class='ocr_par' dir='ltr' id='par_1_34' title="bbox 210 1572 996 1613">
     <span class='ocr_line' id='line_1_34' title="bbox 210 1572 996 1613; baseline -0.011 -6"><span class='ocrx_word' id='word_1_232' title='bbox 210 1585 239 1607; x_wconf 91' lang='lat' dir='ltr'><strong>ct</strong></span> <span class='ocrx_word' id='word_1_233' title='bbox 254 1580 288 1606; x_wconf 93' lang='lat' dir='ltr'><strong>de</strong></span> <span class='ocrx_word' id='word_1_234' title='bbox 305 1585 359 1613; x_wconf 91' lang='lat' dir='ltr'><strong>quo</strong></span> <span class='ocrx_word' id='word_1_235' title='bbox 381 1577 438 1611; x_wconf 92' lang='lat' dir='ltr'><strong>ipsa</strong></span> <span class='ocrx_word' id='word_1_236' title='bbox 450 1574 559 1610; x_wconf 87' lang='lat' dir='ltr'><strong>proprie</strong></span> <span class='ocrx_word' id='word_1_237' title='bbox 582 1574 634 1600; x_wconf 91' lang='lat' dir='ltr'><strong>hoc</strong></span> <span class='ocrx_word' id='word_1_238' title='bbox 652 1574 762 1601; x_wconf 89' lang='lat' dir='ltr'><strong>nomine</strong></span> <span class='ocrx_word' id='word_1_239' title='bbox 777 1579 859 1599; x_wconf 89' lang='lat' dir='ltr'><strong>causa</strong></span> <span class='ocrx_word' id='word_1_240' title='bbox 873 1572 913 1599; x_wconf 89' lang='lat' dir='ltr'><strong>uti</strong></span> <span class='ocrx_word' id='word_1_241' title='bbox 930 1579 996 1598; x_wconf 89' lang='lat' dir='ltr'><strong>con-</strong></span> 
     </span>
    </p>
   </div>
   <div class='ocr_carea' id='block_1_35' title="bbox 211 1617 997 1654">
    <p class='ocr_par' dir='ltr' id='par_1_35' title="bbox 211 1617 997 1654">
     <span class='ocr_line' id='line_1_35' title="bbox 211 1617 997 1654; baseline -0.011 -2"><span class='ocrx_word' id='word_1_242' title='bbox 211 1626 309 1652; x_wconf 86' lang='lat' dir='ltr'><strong>suevit.</strong></span> <span class='ocrx_word' id='word_1_243' title='bbox 324 1621 502 1650; x_wconf 86' lang='lat' dir='ltr'><strong>Notissimum</strong></span> <span class='ocrx_word' id='word_1_244' title='bbox 518 1627 639 1654; x_wconf 88' lang='lat' dir='ltr'><strong>namque</strong></span> <span class='ocrx_word' id='word_1_245' title='bbox 649 1623 690 1646; x_wconf 93' lang='lat' dir='ltr'><strong>est</strong></span> <span class='ocrx_word' id='word_1_246' title='bbox 707 1618 823 1653; x_wconf 85' lang='lat' dir='ltr'><strong>primam</strong></span> <span class='ocrx_word' id='word_1_247' title='bbox 848 1622 876 1644; x_wconf 88' lang='lat' dir='ltr'><strong>et</strong></span> <span class='ocrx_word' id='word_1_248' title='bbox 893 1617 997 1652; x_wconf 91' lang='lat' dir='ltr'><strong>princi-</strong></span> 
     </span>
    </p>
   </div>
   <div class='ocr_carea' id='block_1_36' title="bbox 212 1664 996 1707">
    <p class='ocr_par' dir='ltr' id='par_1_36' title="bbox 212 1664 996 1707">
     <span class='ocr_line' id='line_1_36' title="bbox 212 1664 996 1707; baseline -0.011 -8"><span class='ocrx_word' id='word_1_249' title='bbox 212 1673 300 1707; x_wconf 90' lang='lat' dir='ltr'><strong>palem</strong></span> <span class='ocrx_word' id='word_1_250' title='bbox 315 1676 435 1700; x_wconf 88' lang='lat' dir='ltr'><strong>causam,</strong></span> <span class='ocrx_word' id='word_1_251' title='bbox 451 1667 602 1697; x_wconf 79' lang='lat' dir='ltr'><strong>etiontem,</strong></span> <span class='ocrx_word' id='word_1_252' title='bbox 612 1665 768 1692; x_wconf 87' lang='lat' dir='ltr'><strong>etradicem</strong></span> <span class='ocrx_word' id='word_1_253' title='bbox 780 1664 996 1698; x_wconf 82' lang='lat' dir='ltr'><strong>uniuscujusque</strong></span> 
     </span>
    </p>
   </div>
   <div class='ocr_carea' id='block_1_37' title="bbox 213 1710 998 1752">
    <p class='ocr_par' dir='ltr' id='par_1_37' title="bbox 213 1710 998 1752">
     <span class='ocr_line' id='line_1_37' title="bbox 213 1710 998 1752; baseline -0.013 -7"><span class='ocrx_word' id='word_1_254' title='bbox 213 1720 283 1746; x_wconf 88' lang='lat' dir='ltr'><strong>hanc</strong></span> <span class='ocrx_word' id='word_1_255' title='bbox 299 1716 408 1752; x_wconf 87' lang='lat' dir='ltr'><strong>proprie</strong></span> <span class='ocrx_word' id='word_1_256' title='bbox 419 1721 528 1742; x_wconf 86' lang='lat' dir='ltr'><strong>causam</strong></span> <span class='ocrx_word' id='word_1_257' title='bbox 546 1712 648 1744; x_wconf 89' lang='lat' dir='ltr'><strong>vocari,</strong></span> <span class='ocrx_word' id='word_1_258' title='bbox 662 1712 771 1745; x_wconf 89' lang='lat' dir='ltr'><strong>qualem</strong></span> <span class='ocrx_word' id='word_1_259' title='bbox 788 1711 875 1737; x_wconf 92' lang='lat' dir='ltr'><strong>solum</strong></span> <span class='ocrx_word' id='word_1_260' title='bbox 890 1710 998 1737; x_wconf 85' lang='lat' dir='ltr'><strong>Patrem</strong></span> 
     </span>
    </p>
   </div>
   <div class='ocr_carea' id='block_1_38' title="bbox 212 1755 1000 1797">
    <p class='ocr_par' dir='ltr' id='par_1_38' title="bbox 212 1755 1000 1797">
     <span class='ocr_line' id='line_1_38' title="bbox 212 1755 1000 1797; baseline -0.011 -6"><span class='ocrx_word' id='word_1_261' title='bbox 212 1772 273 1792; x_wconf 78' lang='lat' dir='ltr'><strong>esse</strong></span> <span class='ocrx_word' id='word_1_262' title='bbox 303 1762 365 1797; x_wconf 88' lang='lat' dir='ltr'><strong>quis</strong></span> <span class='ocrx_word' id='word_1_263' title='bbox 385 1769 439 1787; x_wconf 93' lang='lat' dir='ltr'><strong>non</strong></span> <span class='ocrx_word' id='word_1_264' title='bbox 456 1758 639 1789; x_wconf 90' lang='lat' dir='ltr'><strong>concederet,</strong></span> <span class='ocrx_word' id='word_1_265' title='bbox 671 1756 744 1791; x_wconf 89' lang='lat' dir='ltr'><strong>quod</strong></span> <span class='ocrx_word' id='word_1_266' title='bbox 760 1756 910 1783; x_wconf 82' lang='lat' dir='ltr'><strong>dilucidum</strong></span> <span class='ocrx_word' id='word_1_267' title='bbox 936 1755 1000 1783; x_wconf 90' lang='lat' dir='ltr'><strong>hinc</strong></span> 
     </span>
    </p>
   </div>
   <div class='ocr_carea' id='block_1_39' title="bbox 212 1804 1000 1842">
    <p class='ocr_par' dir='ltr' id='par_1_39' title="bbox 212 1804 1000 1842">
     <span class='ocr_line' id='line_1_39' title="bbox 212 1804 1000 1842; baseline -0.01 -5"><span class='ocrx_word' id='word_1_268' title='bbox 212 1815 256 1837; x_wconf 89' lang='lat' dir='ltr'><strong>est</strong></span> <span class='ocrx_word' id='word_1_269' title='bbox 275 1818 281 1835; x_wconf 87' lang='lat'><strong>:</strong></span> <span class='ocrx_word' id='word_1_270' title='bbox 298 1808 432 1842; x_wconf 84' lang='lat' dir='ltr'><strong>siquidem</strong></span> <span class='ocrx_word' id='word_1_271' title='bbox 453 1811 586 1833; x_wconf 74' lang='lat' dir='ltr'><strong>creatura:</strong></span> <span class='ocrx_word' id='word_1_272' title='bbox 601 1809 629 1831; x_wconf 91' lang='lat' dir='ltr'><strong>et</strong></span> <span class='ocrx_word' id='word_1_273' title='bbox 645 1804 774 1838; x_wconf 90' lang='lat' dir='ltr'><strong>Spiritum</strong></span> <span class='ocrx_word' id='word_1_274' title='bbox 791 1807 925 1834; x_wconf 84' lang='lat' dir='ltr'><strong>sanctum,</strong></span> <span class='ocrx_word' id='word_1_275' title='bbox 936 1809 1000 1829; x_wconf 86' lang='lat' dir='ltr'><strong>cau-</strong></span> 
     </span>
    </p>
   </div>
   <div class='ocr_carea' id='block_1_40' title="bbox 213 1842 999 1886">
    <p class='ocr_par' dir='ltr' id='par_1_40' title="bbox 213 1842 999 1886">
     <span class='ocr_line' id='line_1_40' title="bbox 213 1842 999 1886; baseline -0.013 -2"><span class='ocrx_word' id='word_1_276' title='bbox 213 1865 270 1884; x_wconf 85' lang='lat' dir='ltr'><strong>sam</strong></span> <span class='ocrx_word' id='word_1_277' title='bbox 289 1862 350 1883; x_wconf 89' lang='lat' dir='ltr'><strong>esse</strong></span> <span class='ocrx_word' id='word_1_278' title='bbox 364 1860 456 1885; x_wconf 89' lang='lat' dir='ltr'><strong>nemo,</strong></span> <span class='ocrx_word' id='word_1_279' title='bbox 482 1852 528 1886; x_wconf 91' lang='lat' dir='ltr'><strong>qui</strong></span> <span class='ocrx_word' id='word_1_280' title='bbox 542 1842 700 1878; x_wconf 76' lang='lat' dir='ltr'><strong>Christiano</strong></span> <span class='ocrx_word' id='word_1_281' title='bbox 720 1849 828 1877; x_wconf 90' lang='lat' dir='ltr'><strong>nomine</strong></span> <span class='ocrx_word' id='word_1_282' title='bbox 844 1853 999 1881; x_wconf 85' lang='lat' dir='ltr'><strong>censeatur,</strong></span> 
     </span>
    </p>
   </div>
   <div class='ocr_carea' id='block_1_41' title="bbox 216 1890 1001 1936">
    <p class='ocr_par' dir='ltr' id='par_1_41' title="bbox 216 1890 1001 1936">
     <span class='ocr_line' id='line_1_41' title="bbox 216 1890 1001 1936; baseline -0.01 -8"><span class='ocrx_word' id='word_1_283' title='bbox 216 1906 336 1936; x_wconf 80' lang='lat' dir='ltr'><strong>negaret.</strong></span> <span class='ocrx_word' id='word_1_284' title='bbox 349 1901 383 1926; x_wconf 79' lang='lat' dir='ltr'><strong>At</strong></span> <span class='ocrx_word' id='word_1_285' title='bbox 399 1898 541 1932; x_wconf 75' lang='lat' dir='ltr'><strong>theologus</strong></span> <span class='ocrx_word' id='word_1_286' title='bbox 565 1890 713 1931; x_wconf 64' lang='lat' dir='ltr'><strong>Gregorius</strong></span> <span class='ocrx_word' id='word_1_287' title='bbox 729 1904 735 1922; x_wconf 91' lang='lat'><strong>:</strong></span> <span class='ocrx_word' id='word_1_288' title='bbox 755 1895 836 1927; x_wconf 84' lang='lat' dir='ltr'><strong>Deus,</strong></span> <span class='ocrx_word' id='word_1_289' title='bbox 854 1894 953 1929; x_wconf 90' lang='lat' dir='ltr'><strong>inquit,</strong></span> <span class='ocrx_word' id='word_1_290' title='bbox 972 1894 1001 1920; x_wconf 90' lang='lat' dir='ltr'><strong>in</strong></span> 
     </span>
    </p>
   </div>
   <div class='ocr_carea' id='block_1_42' title="bbox 216 1940 1002 1975">
    <p class='ocr_par' dir='ltr' id='par_1_42' title="bbox 216 1940 1002 1975">
     <span class='ocr_line' id='line_1_42' title="bbox 216 1940 1002 1975; baseline -0.01 -1"><span class='ocrx_word' id='word_1_291' title='bbox 216 1948 303 1974; x_wconf 85' lang='lat' dir='ltr'><strong>tribus</strong></span> <span class='ocrx_word' id='word_1_292' title='bbox 315 1945 440 1973; x_wconf 85' lang='lat' dir='ltr'><strong>consistit</strong></span> <span class='ocrx_word' id='word_1_293' title='bbox 464 1942 601 1975; x_wconf 68' lang='lat' dir='ltr'><strong>maximis,</strong></span> <span class='ocrx_word' id='word_1_294' title='bbox 620 1949 701 1969; x_wconf 74' lang='lat' dir='ltr'><strong>causa</strong></span> <span class='ocrx_word' id='word_1_295' title='bbox 723 1945 751 1968; x_wconf 91' lang='lat' dir='ltr'><strong>et</strong></span> <span class='ocrx_word' id='word_1_296' title='bbox 775 1940 883 1975; x_wconf 80' lang='lat' dir='ltr'><strong>opiﬁce,</strong></span> <span class='ocrx_word' id='word_1_297' title='bbox 899 1944 926 1967; x_wconf 91' lang='lat' dir='ltr'><strong>et</strong></span> <span class='ocrx_word' id='word_1_298' title='bbox 940 1948 1002 1975; x_wconf 89' lang='lat' dir='ltr'><strong>per-</strong></span> 
     </span>
    </p>
   </div>
   <div class='ocr_carea' id='block_1_43' title="bbox 216 1985 1001 2020">
    <p class='ocr_par' dir='ltr' id='par_1_43' title="bbox 216 1985 1001 2020">
     <span class='ocr_line' id='line_1_43' title="bbox 216 1985 1001 2020; baseline -0.009 -1"><span class='ocrx_word' id='word_1_299' title='bbox 216 1994 323 2020; x_wconf 88' lang='lat' dir='ltr'><strong>liciente</strong></span> <span class='ocrx_word' id='word_1_300' title='bbox 353 1991 432 2017; x_wconf 84' lang='lat' dir='ltr'><strong>Patre</strong></span> <span class='ocrx_word' id='word_1_301' title='bbox 454 1988 570 2020; x_wconf 80' lang='lat' dir='ltr'><strong>scilicet,</strong></span> <span class='ocrx_word' id='word_1_302' title='bbox 584 1994 611 2013; x_wconf 75' lang='lat' dir='ltr'><strong>et</strong></span> <span class='ocrx_word' id='word_1_303' title='bbox 627 1987 707 2019; x_wconf 83' lang='lat' dir='ltr'><strong>Filio,</strong></span> <span class='ocrx_word' id='word_1_304' title='bbox 724 1991 751 2014; x_wconf 88' lang='lat' dir='ltr'><strong>et</strong></span> <span class='ocrx_word' id='word_1_305' title='bbox 769 1985 872 2020; x_wconf 86' lang='lat' dir='ltr'><strong>Spiritu</strong></span> <span class='ocrx_word' id='word_1_306' title='bbox 895 1991 1001 2013; x_wconf 84' lang='lat' dir='ltr'><strong>sancto.</strong></span> 
     </span>
    </p>
   </div>
   <div class='ocr_carea' id='block_1_44' title="bbox 213 2032 1002 2067">
    <p class='ocr_par' dir='ltr' id='par_1_44' title="bbox 213 2032 1002 2067">
     <span class='ocr_line' id='line_1_44' title="bbox 213 2032 1002 2067; baseline -0.013 -1"><span class='ocrx_word' id='word_1_307' title='bbox 213 2040 282 2067; x_wconf 75' lang='lat' dir='ltr'><strong>Cum</strong></span> <span class='ocrx_word' id='word_1_308' title='bbox 299 2042 388 2064; x_wconf 87' lang='lat' dir='ltr'><strong>autem</strong></span> <span class='ocrx_word' id='word_1_309' title='bbox 403 2035 498 2062; x_wconf 77' lang='lat' dir='ltr'><strong>audias</strong></span> <span class='ocrx_word' id='word_1_310' title='bbox 516 2034 622 2061; x_wconf 72' lang='lat' dir='ltr'><strong>Patrem</strong></span> <span class='ocrx_word' id='word_1_311' title='bbox 634 2032 811 2067; x_wconf 85' lang='lat' dir='ltr'><strong>principalem</strong></span> <span class='ocrx_word' id='word_1_312' title='bbox 824 2038 948 2062; x_wconf 88' lang='lat' dir='ltr'><strong>causam,</strong></span> <span class='ocrx_word' id='word_1_313' title='bbox 968 2037 1002 2057; x_wconf 90' lang='lat' dir='ltr'><strong>ne</strong></span> 
     </span>
    </p>
   </div>
   <div class='ocr_carea' id='block_1_45' title="bbox 216 2076 1001 2119">
    <p class='ocr_par' dir='ltr' id='par_1_45' title="bbox 216 2076 1001 2119">
     <span class='ocr_line' id='line_1_45' title="bbox 216 2076 1001 2119; baseline -0.011 -8"><span class='ocrx_word' id='word_1_314' title='bbox 216 2090 294 2119; x_wconf 80' lang='lat' dir='ltr'><strong>putes</strong></span> <span class='ocrx_word' id='word_1_315' title='bbox 321 2090 371 2110; x_wconf 91' lang='lat' dir='ltr'><strong>nos</strong></span> <span class='ocrx_word' id='word_1_316' title='bbox 401 2082 454 2116; x_wconf 82' lang='lat' dir='ltr'><strong>jam</strong></span> <span class='ocrx_word' id='word_1_317' title='bbox 482 2081 563 2107; x_wconf 79' lang='lat' dir='ltr'><strong>etiam</strong></span> <span class='ocrx_word' id='word_1_318' title='bbox 590 2080 750 2106; x_wconf 78' lang='lat' dir='ltr'><strong>dillerenter</strong></span> <span class='ocrx_word' id='word_1_319' title='bbox 780 2077 883 2109; x_wconf 87' lang='lat' dir='ltr'><strong>dicere,</strong></span> <span class='ocrx_word' id='word_1_320' title='bbox 902 2076 1001 2103; x_wconf 81' lang='lat' dir='ltr'><strong>Filium</strong></span> 
     </span>
    </p>
   </div>
   <div class='ocr_carea' id='block_1_46' title="bbox 218 2122 1001 2164">
    <p class='ocr_par' dir='ltr' id='par_1_46' title="bbox 218 2122 1001 2164">
     <span class='ocr_line' id='line_1_46' title="bbox 218 2122 1001 2164; baseline -0.011 -7"><span class='ocrx_word' id='word_1_321' title='bbox 218 2130 370 2164; x_wconf 78' lang='lat' dir='ltr'><strong>producere</strong></span> <span class='ocrx_word' id='word_1_322' title='bbox 384 2128 527 2162; x_wconf 70' lang='lat' dir='ltr'><strong>Spiritum,</strong></span> <span class='ocrx_word' id='word_1_323' title='bbox 547 2133 607 2152; x_wconf 84' lang='lat' dir='ltr'><strong>cum</strong></span> <span class='ocrx_word' id='word_1_324' title='bbox 626 2132 680 2151; x_wconf 87' lang='lat' dir='ltr'><strong>non</strong></span> <span class='ocrx_word' id='word_1_325' title='bbox 693 2124 728 2151; x_wconf 91' lang='lat' dir='ltr'><strong>sit</strong></span> <span class='ocrx_word' id='word_1_326' title='bbox 742 2131 824 2151; x_wconf 86' lang='lat' dir='ltr'><strong>causa</strong></span> <span class='ocrx_word' id='word_1_327' title='bbox 833 2122 1001 2158; x_wconf 86' lang='lat' dir='ltr'><strong>principalis.</strong></span> 
     </span>
    </p>
   </div>
   <div class='ocr_carea' id='block_1_47' title="bbox 217 2169 1003 2203">
    <p class='ocr_par' dir='ltr' id='par_1_47' title="bbox 217 2169 1003 2203">
     <span class='ocr_line' id='line_1_47' title="bbox 217 2169 1003 2203; baseline -0.01 0"><span class='ocrx_word' id='word_1_328' title='bbox 217 2176 291 2203; x_wconf 90' lang='lat' dir='ltr'><strong>Idem</strong></span> <span class='ocrx_word' id='word_1_329' title='bbox 303 2175 375 2201; x_wconf 92' lang='lat' dir='ltr'><strong>enim</strong></span> <span class='ocrx_word' id='word_1_330' title='bbox 391 2172 572 2199; x_wconf 80' lang='lat' dir='ltr'><strong>nihilominus</strong></span> <span class='ocrx_word' id='word_1_331' title='bbox 587 2171 668 2197; x_wconf 82' lang='lat' dir='ltr'><strong>etiam</strong></span> <span class='ocrx_word' id='word_1_332' title='bbox 678 2170 712 2196; x_wconf 92' lang='lat' dir='ltr'><strong>de</strong></span> <span class='ocrx_word' id='word_1_333' title='bbox 728 2173 854 2196; x_wconf 85' lang='lat' dir='ltr'><strong>creatura</strong></span> <span class='ocrx_word' id='word_1_334' title='bbox 869 2169 1003 2203; x_wconf 89' lang='lat' dir='ltr'><strong>sequitur,</strong></span> 
     </span>
    </p>
   </div>
   <div class='ocr_carea' id='block_1_48' title="bbox 1035 250 1829 287">
    <p class='ocr_par' dir='ltr' id='par_1_48' title="bbox 1035 250 1829 287">
     <span class='ocr_line' id='line_1_48' title="bbox 1035 250 1829 287; baseline 0.001 -9"><span class='ocrx_word' id='word_1_335' title='bbox 1035 258 1098 278; x_wconf 90' lang='lat' dir='ltr'><strong>cum</strong></span> <span class='ocrx_word' id='word_1_336' title='bbox 1115 251 1222 284; x_wconf 91' lang='lat' dir='ltr'><strong>eadem,</strong></span> <span class='ocrx_word' id='word_1_337' title='bbox 1240 259 1295 287; x_wconf 76' lang='lat' dir='ltr'><strong>per,</strong></span> <span class='ocrx_word' id='word_1_338' title='bbox 1312 251 1394 278; x_wconf 91' lang='lat' dir='ltr'><strong>etiam</strong></span> <span class='ocrx_word' id='word_1_339' title='bbox 1411 250 1571 277; x_wconf 66' lang='lat' dir='ltr'><strong>substantia:</strong></span> <span class='ocrx_word' id='word_1_340' title='bbox 1589 251 1762 279; x_wconf 82' lang='lat' dir='ltr'><strong>identitatem</strong></span> <span class='ocrx_word' id='word_1_341' title='bbox 1780 260 1829 279; x_wconf 90' lang='lat' dir='ltr'><strong>re-</strong></span> 
     </span>
    </p>
   </div>
   <div class='ocr_carea' id='block_1_49' title="bbox 1035 297 1828 332">
    <p class='ocr_par' dir='ltr' id='par_1_49' title="bbox 1035 297 1828 332">
     <span class='ocr_line' id='line_1_49' title="bbox 1035 297 1828 332; baseline 0 -9"><span class='ocrx_word' id='word_1_342' title='bbox 1035 298 1199 332; x_wconf 76' lang='lat' dir='ltr'><strong>praesentet?</strong></span> <span class='ocrx_word' id='word_1_343' title='bbox 1214 297 1320 332; x_wconf 88' lang='lat' dir='ltr'><strong>Quippe</strong></span> <span class='ocrx_word' id='word_1_344' title='bbox 1344 304 1405 323; x_wconf 92' lang='lat' dir='ltr'><strong>cum</strong></span> <span class='ocrx_word' id='word_1_345' title='bbox 1434 297 1507 324; x_wconf 82' lang='lat' dir='ltr'><strong>beati</strong></span> <span class='ocrx_word' id='word_1_346' title='bbox 1536 297 1645 324; x_wconf 77' lang='lat' dir='ltr'><strong>Maximi</strong></span> <span class='ocrx_word' id='word_1_347' title='bbox 1675 298 1828 327; x_wconf 86' lang='lat' dir='ltr'><strong>sententia.</strong></span> 
     </span>
    </p>
   </div>
   <div class='ocr_carea' id='block_1_50' title="bbox 1035 342 1828 377">
    <p class='ocr_par' dir='ltr' id='par_1_50' title="bbox 1035 342 1828 377">
     <span class='ocr_line' id='line_1_50' title="bbox 1035 342 1828 377; baseline -0.001 -8"><span class='ocrx_word' id='word_1_348' title='bbox 1035 349 1116 377; x_wconf 88' lang='lat' dir='ltr'><strong>quam</strong></span> <span class='ocrx_word' id='word_1_349' title='bbox 1136 342 1193 377; x_wconf 92' lang='lat' dir='ltr'><strong>ipse</strong></span> <span class='ocrx_word' id='word_1_350' title='bbox 1209 350 1259 377; x_wconf 84' lang='lat' dir='ltr'><strong>pro</strong></span> <span class='ocrx_word' id='word_1_351' title='bbox 1271 350 1300 369; x_wconf 93' lang='lat' dir='ltr'><strong>se</strong></span> <span class='ocrx_word' id='word_1_352' title='bbox 1320 342 1420 375; x_wconf 90' lang='lat' dir='ltr'><strong>attulit,</strong></span> <span class='ocrx_word' id='word_1_353' title='bbox 1438 342 1529 377; x_wconf 89' lang='lat' dir='ltr'><strong>potius</strong></span> <span class='ocrx_word' id='word_1_354' title='bbox 1543 342 1638 369; x_wconf 72' lang='lat' dir='ltr'><strong>doceat</strong></span> <span class='ocrx_word' id='word_1_355' title='bbox 1655 342 1828 369; x_wconf 73' lang='lat' dir='ltr'><strong>identitatem</strong></span> 
     </span>
    </p>
   </div>
   <div class='ocr_carea' id='block_1_51' title="bbox 1036 387 1829 422">
    <p class='ocr_par' dir='ltr' id='par_1_51' title="bbox 1036 387 1829 422">
     <span class='ocr_line' id='line_1_51' title="bbox 1036 387 1829 422; baseline -0.003 -7"><span class='ocrx_word' id='word_1_356' title='bbox 1036 388 1215 415; x_wconf 56' lang='lat' dir='ltr'><strong>substantiam</strong></span> <span class='ocrx_word' id='word_1_357' title='bbox 1235 387 1270 415; x_wconf 89' lang='lat' dir='ltr'><strong>Ut</strong></span> <span class='ocrx_word' id='word_1_358' title='bbox 1285 389 1369 419; x_wconf 92' lang='lat' dir='ltr'><strong>enim,</strong></span> <span class='ocrx_word' id='word_1_359' title='bbox 1388 388 1487 422; x_wconf 82' lang='lat' dir='ltr'><strong>inquit.</strong></span> <span class='ocrx_word' id='word_1_360' title='bbox 1511 388 1733 422; x_wconf 83' lang='lat' dir='ltr'><strong>conjunctionetu</strong></span> <span class='ocrx_word' id='word_1_361' title='bbox 1761 388 1829 414; x_wconf 88' lang='lat' dir='ltr'><strong>sub-</strong></span> 
     </span>
    </p>
   </div>
   <div class='ocr_carea' id='block_1_52' title="bbox 1036 433 1829 469">
    <p class='ocr_par' dir='ltr' id='par_1_52' title="bbox 1036 433 1829 469">
     <span class='ocr_line' id='line_1_52' title="bbox 1036 433 1829 469; baseline -0.008 -7"><span class='ocrx_word' id='word_1_362' title='bbox 1036 434 1142 462; x_wconf 59' lang='lat' dir='ltr'><strong>stantiae</strong></span> <span class='ocrx_word' id='word_1_363' title='bbox 1159 434 1296 467; x_wconf 90' lang='lat' dir='ltr'><strong>ostendat,</strong></span> <span class='ocrx_word' id='word_1_364' title='bbox 1323 442 1478 469; x_wconf 88' lang='lat' dir='ltr'><strong>quanquam</strong></span> <span class='ocrx_word' id='word_1_365' title='bbox 1494 438 1522 460; x_wconf 93' lang='lat' dir='ltr'><strong>et</strong></span> <span class='ocrx_word' id='word_1_366' title='bbox 1547 434 1569 461; x_wconf 90' lang='lat' dir='ltr'><strong>si</strong></span> <span class='ocrx_word' id='word_1_367' title='bbox 1589 434 1676 461; x_wconf 91' lang='lat' dir='ltr'><strong>solum</strong></span> <span class='ocrx_word' id='word_1_368' title='bbox 1698 433 1797 459; x_wconf 87' lang='lat' dir='ltr'><strong>identit</strong></span> <span class='ocrx_word' id='word_1_369' title='bbox 1810 444 1829 456; x_wconf 79' lang='lat'><strong>:—</strong></span> 
     </span>
    </p>
   </div>
   <div class='ocr_carea' id='block_1_53' title="bbox 1038 479 1828 514">
    <p class='ocr_par' dir='ltr' id='par_1_53' title="bbox 1038 479 1828 514">
     <span class='ocr_line' id='line_1_53' title="bbox 1038 479 1828 514; baseline -0.004 -7"><span class='ocrx_word' id='word_1_370' title='bbox 1038 484 1091 508; x_wconf 88' lang='lat' dir='ltr'><strong>tem</strong></span> <span class='ocrx_word' id='word_1_371' title='bbox 1116 480 1275 512; x_wconf 88' lang='lat' dir='ltr'><strong>voluntatis,</strong></span> <span class='ocrx_word' id='word_1_372' title='bbox 1302 488 1348 514; x_wconf 80' lang='lat' dir='ltr'><strong>per</strong></span> <span class='ocrx_word' id='word_1_373' title='bbox 1375 480 1542 511; x_wconf 87' lang='lat' dir='ltr'><strong>ostenderet,</strong></span> <span class='ocrx_word' id='word_1_374' title='bbox 1584 479 1651 506; x_wconf 87' lang='lat' dir='ltr'><strong>nihil</strong></span> <span class='ocrx_word' id='word_1_375' title='bbox 1675 479 1756 505; x_wconf 88' lang='lat' dir='ltr'><strong>etiam</strong></span> <span class='ocrx_word' id='word_1_376' title='bbox 1788 480 1828 504; x_wconf 82' lang='lat' dir='ltr'><strong>sic</strong></span> 
     </span>
    </p>
   </div>
   <div class='ocr_carea' id='block_1_54' title="bbox 1037 524 1827 560">
    <p class='ocr_par' dir='ltr' id='par_1_54' title="bbox 1037 524 1827 560">
     <span class='ocr_line' id='line_1_54' title="bbox 1037 524 1827 560; baseline -0.004 -8"><span class='ocrx_word' id='word_1_377' title='bbox 1037 525 1150 553; x_wconf 90' lang='lat' dir='ltr'><strong>absurdi</strong></span> <span class='ocrx_word' id='word_1_378' title='bbox 1177 530 1349 560; x_wconf 87' lang='lat' dir='ltr'><strong>sequeretur,</strong></span> <span class='ocrx_word' id='word_1_379' title='bbox 1372 533 1434 552; x_wconf 90' lang='lat' dir='ltr'><strong>cum</strong></span> <span class='ocrx_word' id='word_1_380' title='bbox 1453 525 1547 553; x_wconf 90' lang='lat' dir='ltr'><strong>eadem</strong></span> <span class='ocrx_word' id='word_1_381' title='bbox 1569 532 1623 555; x_wconf 89' lang='lat' dir='ltr'><strong>res,</strong></span> <span class='ocrx_word' id='word_1_382' title='bbox 1648 528 1675 551; x_wconf 90' lang='lat' dir='ltr'><strong>et</strong></span> <span class='ocrx_word' id='word_1_383' title='bbox 1698 524 1827 555; x_wconf 71' lang='lat' dir='ltr'><strong>essentia,</strong></span> 
     </span>
    </p>
   </div>
   <div class='ocr_carea' id='block_1_55' title="bbox 1038 562 1827 606">
    <p class='ocr_par' dir='ltr' id='par_1_55' title="bbox 1038 562 1827 606">
     <span class='ocr_line' id='line_1_55' title="bbox 1038 562 1827 606; baseline -0.003 -8"><span class='ocrx_word' id='word_1_384' title='bbox 1038 576 1066 598; x_wconf 90' lang='lat' dir='ltr'><strong>et</strong></span> <span class='ocrx_word' id='word_1_385' title='bbox 1081 571 1206 599; x_wconf 83' lang='lat' dir='ltr'><strong>voluntas</strong></span> <span class='ocrx_word' id='word_1_386' title='bbox 1222 572 1256 599; x_wconf 93' lang='lat' dir='ltr'><strong>de</strong></span> <span class='ocrx_word' id='word_1_387' title='bbox 1272 572 1328 600; x_wconf 90' lang='lat' dir='ltr'><strong>Deo</strong></span> <span class='ocrx_word' id='word_1_388' title='bbox 1352 572 1470 599; x_wconf 90' lang='lat' dir='ltr'><strong>dicatur.</strong></span> <span class='ocrx_word' id='word_1_389' title='bbox 1492 572 1566 599; x_wconf 86' lang='lat' dir='ltr'><strong>Hanc</strong></span> <span class='ocrx_word' id='word_1_390' title='bbox 1582 573 1655 599; x_wconf 91' lang='lat' dir='ltr'><strong>enim</strong></span> <span class='ocrx_word' id='word_1_391' title='bbox 1676 562 1827 606; x_wconf 77' lang='lat' dir='ltr'><strong>potentiam</strong></span> 
     </span>
    </p>
   </div>
   <div class='ocr_carea' id='block_1_56' title="bbox 1039 617 1829 653">
    <p class='ocr_par' dir='ltr' id='par_1_56' title="bbox 1039 617 1829 653">
     <span class='ocr_line' id='line_1_56' title="bbox 1039 617 1829 653; baseline 0 -10"><span class='ocrx_word' id='word_1_392' title='bbox 1039 617 1235 652; x_wconf 89' lang='lat' dir='ltr'><strong>simpliciorem</strong></span> <span class='ocrx_word' id='word_1_393' title='bbox 1264 617 1509 653; x_wconf 86' lang='lat' dir='ltr'><strong>sublimioremque</strong></span> <span class='ocrx_word' id='word_1_394' title='bbox 1525 618 1651 649; x_wconf 84' lang='lat' dir='ltr'><strong>omnibus</strong></span> <span class='ocrx_word' id='word_1_395' title='bbox 1665 625 1734 647; x_wconf 81' lang='lat' dir='ltr'><strong>esse.</strong></span> <span class='ocrx_word' id='word_1_396' title='bbox 1749 624 1829 643; x_wconf 74' lang='lat' dir='ltr'><strong>uerno</strong></span> 
     </span>
    </p>
   </div>
   <div class='ocr_carea' id='block_1_57' title="bbox 1039 662 1829 699">
    <p class='ocr_par' dir='ltr' id='par_1_57' title="bbox 1039 662 1829 699">
     <span class='ocr_line' id='line_1_57' title="bbox 1039 662 1829 699; baseline -0.004 -9"><span class='ocrx_word' id='word_1_397' title='bbox 1039 668 1080 691; x_wconf 89' lang='lat' dir='ltr'><strong>est</strong></span> <span class='ocrx_word' id='word_1_398' title='bbox 1106 664 1153 699; x_wconf 86' lang='lat' dir='ltr'><strong>qui</strong></span> <span class='ocrx_word' id='word_1_399' title='bbox 1184 664 1299 699; x_wconf 78' lang='lat' dir='ltr'><strong>ignoret.</strong></span> <span class='ocrx_word' id='word_1_400' title='bbox 1320 664 1553 699; x_wconf 67' lang='lat' dir='ltr'><strong>.Unamquamque</strong></span> <span class='ocrx_word' id='word_1_401' title='bbox 1581 670 1647 691; x_wconf 87' lang='lat' dir='ltr'><strong>vero</strong></span> <span class='ocrx_word' id='word_1_402' title='bbox 1676 662 1829 697; x_wconf 87' lang='lat' dir='ltr'><strong>potentiam</strong></span> 
     </span>
    </p>
   </div>
   <div class='ocr_carea' id='block_1_58' title="bbox 1040 708 1829 744">
    <p class='ocr_par' dir='ltr' id='par_1_58' title="bbox 1040 708 1829 744">
     <span class='ocr_line' id='line_1_58' title="bbox 1040 708 1829 744; baseline -0.004 -9"><span class='ocrx_word' id='word_1_403' title='bbox 1040 712 1116 744; x_wconf 87' lang='lat' dir='ltr'><strong>tanto</strong></span> <span class='ocrx_word' id='word_1_404' title='bbox 1126 709 1159 736; x_wconf 89' lang='lat' dir='ltr'><strong>ad</strong></span> <span class='ocrx_word' id='word_1_405' title='bbox 1175 710 1252 744; x_wconf 90' lang='lat' dir='ltr'><strong>plura</strong></span> <span class='ocrx_word' id='word_1_406' title='bbox 1268 717 1297 737; x_wconf 90' lang='lat' dir='ltr'><strong>se</strong></span> <span class='ocrx_word' id='word_1_407' title='bbox 1324 709 1426 736; x_wconf 87' lang='lat' dir='ltr'><strong>habere</strong></span> <span class='ocrx_word' id='word_1_408' title='bbox 1450 713 1554 744; x_wconf 85' lang='lat' dir='ltr'><strong>quanto</strong></span> <span class='ocrx_word' id='word_1_409' title='bbox 1576 708 1726 742; x_wconf 87' lang='lat' dir='ltr'><strong>simplicior</strong></span> <span class='ocrx_word' id='word_1_410' title='bbox 1741 711 1768 734; x_wconf 92' lang='lat' dir='ltr'><strong>et</strong></span> <span class='ocrx_word' id='word_1_411' title='bbox 1782 714 1829 733; x_wconf 87' lang='lat' dir='ltr'><strong>su-</strong></span> 
     </span>
    </p>
   </div>
   <div class='ocr_carea' id='block_1_59' title="bbox 1040 754 1829 790">
    <p class='ocr_par' dir='ltr' id='par_1_59' title="bbox 1040 754 1829 790">
     <span class='ocr_line' id='line_1_59' title="bbox 1040 754 1829 790; baseline -0.004 -8"><span class='ocrx_word' id='word_1_412' title='bbox 1040 755 1149 782; x_wconf 89' lang='lat' dir='ltr'><strong>blimior</strong></span> <span class='ocrx_word' id='word_1_413' title='bbox 1164 756 1209 788; x_wconf 90' lang='lat' dir='ltr'><strong>sit,</strong></span> <span class='ocrx_word' id='word_1_414' title='bbox 1226 755 1355 783; x_wconf 87' lang='lat' dir='ltr'><strong>omnibus</strong></span> <span class='ocrx_word' id='word_1_415' title='bbox 1368 756 1458 790; x_wconf 87' lang='lat' dir='ltr'><strong>palam</strong></span> <span class='ocrx_word' id='word_1_416' title='bbox 1473 759 1525 784; x_wconf 91' lang='lat' dir='ltr'><strong>est.</strong></span> <span class='ocrx_word' id='word_1_417' title='bbox 1539 754 1629 787; x_wconf 84' lang='lat' dir='ltr'><strong>Quare</strong></span> <span class='ocrx_word' id='word_1_418' title='bbox 1644 754 1692 780; x_wconf 88' lang='lat' dir='ltr'><strong>Dei</strong></span> <span class='ocrx_word' id='word_1_419' title='bbox 1716 759 1829 787; x_wconf 87' lang='lat' dir='ltr'><strong>quoque</strong></span> 
     </span>
    </p>
   </div>
   <div class='ocr_carea' id='block_1_60' title="bbox 1040 793 1831 834">
    <p class='ocr_par' dir='ltr' id='par_1_60' title="bbox 1040 793 1831 834">
     <span class='ocr_line' id='line_1_60' title="bbox 1040 793 1831 834; baseline -0.005 -6"><span class='ocrx_word' id='word_1_420' title='bbox 1040 793 1206 828; x_wconf 77' lang='lat' dir='ltr'><strong>voluntatem</strong></span> <span class='ocrx_word' id='word_1_421' title='bbox 1223 800 1256 828; x_wconf 89' lang='lat' dir='ltr'><strong>ad</strong></span> <span class='ocrx_word' id='word_1_422' title='bbox 1280 800 1401 833; x_wconf 86' lang='lat' dir='ltr'><strong>Filium,</strong></span> <span class='ocrx_word' id='word_1_423' title='bbox 1429 805 1457 829; x_wconf 88' lang='lat' dir='ltr'><strong>et</strong></span> <span class='ocrx_word' id='word_1_424' title='bbox 1483 800 1616 834; x_wconf 86' lang='lat' dir='ltr'><strong>Spiritum</strong></span> <span class='ocrx_word' id='word_1_425' title='bbox 1637 803 1774 829; x_wconf 90' lang='lat' dir='ltr'><strong>sanetum,</strong></span> <span class='ocrx_word' id='word_1_426' title='bbox 1799 802 1831 824; x_wconf 92' lang='lat' dir='ltr'><strong>ut</strong></span> 
     </span>
    </p>
   </div>
   <div class='ocr_carea' id='block_1_61' title="bbox 1041 844 1830 878">
    <p class='ocr_par' dir='ltr' id='par_1_61' title="bbox 1041 844 1830 878">
     <span class='ocr_line' id='line_1_61' title="bbox 1041 844 1830 878; baseline -0.006 -5"><span class='ocrx_word' id='word_1_427' title='bbox 1041 851 1166 873; x_wconf 91' lang='lat' dir='ltr'><strong>naturam</strong></span> <span class='ocrx_word' id='word_1_428' title='bbox 1185 854 1233 873; x_wconf 90' lang='lat' dir='ltr'><strong>seu</strong></span> <span class='ocrx_word' id='word_1_429' title='bbox 1261 846 1407 875; x_wconf 87' lang='lat' dir='ltr'><strong>essentiam</strong></span> <span class='ocrx_word' id='word_1_430' title='bbox 1423 853 1452 873; x_wconf 89' lang='lat' dir='ltr'><strong>se</strong></span> <span class='ocrx_word' id='word_1_431' title='bbox 1469 846 1581 878; x_wconf 86' lang='lat' dir='ltr'><strong>habere,</strong></span> <span class='ocrx_word' id='word_1_432' title='bbox 1599 844 1646 872; x_wconf 77' lang='lat' dir='ltr'><strong>sed</strong></span> <span class='ocrx_word' id='word_1_433' title='bbox 1659 848 1688 871; x_wconf 92' lang='lat' dir='ltr'><strong>ut</strong></span> <span class='ocrx_word' id='word_1_434' title='bbox 1704 844 1830 870; x_wconf 84' lang='lat' dir='ltr'><strong>volunta-</strong></span> 
     </span>
    </p>
   </div>
   <div class='ocr_carea' id='block_1_62' title="bbox 1043 886 1828 921">
    <p class='ocr_par' dir='ltr' id='par_1_62' title="bbox 1043 886 1828 921">
     <span class='ocr_line' id='line_1_62' title="bbox 1043 886 1828 921; baseline -0.009 -2"><span class='ocrx_word' id='word_1_435' title='bbox 1043 896 1095 919; x_wconf 88' lang='lat' dir='ltr'><strong>tem</strong></span> <span class='ocrx_word' id='word_1_436' title='bbox 1121 891 1154 918; x_wconf 89' lang='lat' dir='ltr'><strong>ad</strong></span> <span class='ocrx_word' id='word_1_437' title='bbox 1182 896 1347 919; x_wconf 82' lang='lat' dir='ltr'><strong>creaturam.</strong></span> <span class='ocrx_word' id='word_1_438' title='bbox 1377 890 1555 918; x_wconf 82' lang='lat' dir='ltr'><strong>Notissimum</strong></span> <span class='ocrx_word' id='word_1_439' title='bbox 1576 889 1649 916; x_wconf 92' lang='lat' dir='ltr'><strong>enim</strong></span> <span class='ocrx_word' id='word_1_440' title='bbox 1675 892 1728 919; x_wconf 86' lang='lat' dir='ltr'><strong>est,</strong></span> <span class='ocrx_word' id='word_1_441' title='bbox 1754 886 1828 921; x_wconf 89' lang='lat' dir='ltr'><strong>quod</strong></span> 
     </span>
    </p>
   </div>
   <div class='ocr_carea' id='block_1_63' title="bbox 1041 934 1829 964">
    <p class='ocr_par' dir='ltr' id='par_1_63' title="bbox 1041 934 1829 964">
     <span class='ocr_line' id='line_1_63' title="bbox 1041 934 1829 964; baseline -0.008 0"><span class='ocrx_word' id='word_1_442' title='bbox 1041 937 1131 964; x_wconf 88' lang='lat' dir='ltr'><strong>omnis</strong></span> <span class='ocrx_word' id='word_1_443' title='bbox 1140 940 1168 964; x_wconf 87' lang='lat' dir='ltr'><strong>et</strong></span> <span class='ocrx_word' id='word_1_444' title='bbox 1179 937 1306 964; x_wconf 89' lang='lat' dir='ltr'><strong>voluntas</strong></span> <span class='ocrx_word' id='word_1_445' title='bbox 1319 936 1401 964; x_wconf 84' lang='lat' dir='ltr'><strong>etiam</strong></span> <span class='ocrx_word' id='word_1_446' title='bbox 1418 935 1509 963; x_wconf 84' lang='lat' dir='ltr'><strong>divina</strong></span> <span class='ocrx_word' id='word_1_447' title='bbox 1541 934 1575 962; x_wconf 91' lang='lat' dir='ltr'><strong>ad</strong></span> <span class='ocrx_word' id='word_1_448' title='bbox 1593 935 1675 962; x_wconf 84' lang='lat' dir='ltr'><strong>tinem</strong></span> <span class='ocrx_word' id='word_1_449' title='bbox 1687 938 1716 959; x_wconf 90' lang='lat' dir='ltr'><strong>ut</strong></span> <span class='ocrx_word' id='word_1_450' title='bbox 1730 937 1829 960; x_wconf 89' lang='lat' dir='ltr'><strong>natura</strong></span> 
     </span>
    </p>
   </div>
   <div class='ocr_carea' id='block_1_64' title="bbox 1042 978 1831 1016">
    <p class='ocr_par' dir='ltr' id='par_1_64' title="bbox 1042 978 1831 1016">
     <span class='ocr_line' id='line_1_64' title="bbox 1042 978 1831 1016; baseline -0.008 -6"><span class='ocrx_word' id='word_1_451' title='bbox 1042 990 1072 1010; x_wconf 90' lang='lat' dir='ltr'><strong>se</strong></span> <span class='ocrx_word' id='word_1_452' title='bbox 1087 982 1168 1010; x_wconf 88' lang='lat' dir='ltr'><strong>habet</strong></span> <span class='ocrx_word' id='word_1_453' title='bbox 1179 982 1361 1010; x_wconf 86' lang='lat' dir='ltr'><strong>determinate</strong></span> <span class='ocrx_word' id='word_1_454' title='bbox 1378 982 1467 1016; x_wconf 83' lang='lat' dir='ltr'><strong>ipsum</strong></span> <span class='ocrx_word' id='word_1_455' title='bbox 1485 986 1627 1016; x_wconf 86' lang='lat' dir='ltr'><strong>appetens,</strong></span> <span class='ocrx_word' id='word_1_456' title='bbox 1650 978 1831 1014; x_wconf 89' lang='lat' dir='ltr'><strong>quemadmo-</strong></span> 
     </span>
    </p>
   </div>
   <div class='ocr_carea' id='block_1_65' title="bbox 1043 1023 1831 1054">
    <p class='ocr_par' dir='ltr' id='par_1_65' title="bbox 1043 1023 1831 1054">
     <span class='ocr_line' id='line_1_65' title="bbox 1043 1023 1831 1054; baseline -0.006 0"><span class='ocrx_word' id='word_1_457' title='bbox 1043 1027 1107 1054; x_wconf 91' lang='lat' dir='ltr'><strong>dum</strong></span> <span class='ocrx_word' id='word_1_458' title='bbox 1120 1032 1148 1054; x_wconf 91' lang='lat' dir='ltr'><strong>et</strong></span> <span class='ocrx_word' id='word_1_459' title='bbox 1165 1031 1260 1054; x_wconf 86' lang='lat' dir='ltr'><strong>natura</strong></span> <span class='ocrx_word' id='word_1_460' title='bbox 1276 1027 1310 1054; x_wconf 88' lang='lat' dir='ltr'><strong>ad</strong></span> <span class='ocrx_word' id='word_1_461' title='bbox 1323 1035 1407 1054; x_wconf 92' lang='lat' dir='ltr'><strong>unum</strong></span> <span class='ocrx_word' id='word_1_462' title='bbox 1415 1026 1596 1054; x_wconf 89' lang='lat' dir='ltr'><strong>determinate</strong></span> <span class='ocrx_word' id='word_1_463' title='bbox 1610 1033 1639 1052; x_wconf 90' lang='lat' dir='ltr'><strong>se</strong></span> <span class='ocrx_word' id='word_1_464' title='bbox 1659 1025 1740 1051; x_wconf 86' lang='lat' dir='ltr'><strong>habet</strong></span> <span class='ocrx_word' id='word_1_465' title='bbox 1753 1023 1831 1050; x_wconf 87' lang='lat' dir='ltr'><strong>:tinis</strong></span> 
     </span>
    </p>
   </div>
   <div class='ocr_carea' id='block_1_66' title="bbox 1043 1070 1831 1105">
    <p class='ocr_par' dir='ltr' id='par_1_66' title="bbox 1043 1070 1831 1105">
     <span class='ocr_line' id='line_1_66' title="bbox 1043 1070 1831 1105; baseline -0.003 -7"><span class='ocrx_word' id='word_1_466' title='bbox 1043 1076 1133 1099; x_wconf 87' lang='lat' dir='ltr'><strong>autem</strong></span> <span class='ocrx_word' id='word_1_467' title='bbox 1147 1072 1295 1100; x_wconf 86' lang='lat' dir='ltr'><strong>voluntatis</strong></span> <span class='ocrx_word' id='word_1_468' title='bbox 1313 1071 1360 1099; x_wconf 90' lang='lat' dir='ltr'><strong>Dei</strong></span> <span class='ocrx_word' id='word_1_469' title='bbox 1388 1077 1417 1100; x_wconf 88' lang='lat' dir='ltr'><strong>et</strong></span> <span class='ocrx_word' id='word_1_470' title='bbox 1434 1072 1522 1100; x_wconf 88' lang='lat' dir='ltr'><strong>Patris</strong></span> <span class='ocrx_word' id='word_1_471' title='bbox 1535 1093 1543 1104; x_wconf 89' lang='lat'><strong>,</strong></span> <span class='ocrx_word' id='word_1_472' title='bbox 1564 1071 1649 1099; x_wconf 82' lang='lat' dir='ltr'><strong>Filius</strong></span> <span class='ocrx_word' id='word_1_473' title='bbox 1667 1076 1695 1098; x_wconf 92' lang='lat' dir='ltr'><strong>et</strong></span> <span class='ocrx_word' id='word_1_474' title='bbox 1711 1070 1831 1105; x_wconf 80' lang='lat' dir='ltr'><strong>Spiritus</strong></span> 
     </span>
    </p>
   </div>
   <div class='ocr_carea' id='block_1_67' title="bbox 1043 1118 1833 1154">
    <p class='ocr_par' dir='ltr' id='par_1_67' title="bbox 1043 1118 1833 1154">
     <span class='ocr_line' id='line_1_67' title="bbox 1043 1118 1833 1154; baseline -0.001 -11"><span class='ocrx_word' id='word_1_475' title='bbox 1043 1122 1155 1145; x_wconf 90' lang='lat' dir='ltr'><strong>sanctus</strong></span> <span class='ocrx_word' id='word_1_476' title='bbox 1169 1123 1227 1146; x_wconf 88' lang='lat' dir='ltr'><strong>est:</strong></span> <span class='ocrx_word' id='word_1_477' title='bbox 1243 1120 1275 1146; x_wconf 91' lang='lat' dir='ltr'><strong>ad</strong></span> <span class='ocrx_word' id='word_1_478' title='bbox 1287 1126 1357 1154; x_wconf 89' lang='lat' dir='ltr'><strong>quos</strong></span> <span class='ocrx_word' id='word_1_479' title='bbox 1374 1126 1485 1146; x_wconf 90' lang='lat' dir='ltr'><strong>necesse</strong></span> <span class='ocrx_word' id='word_1_480' title='bbox 1500 1123 1543 1145; x_wconf 89' lang='lat' dir='ltr'><strong>est</strong></span> <span class='ocrx_word' id='word_1_481' title='bbox 1559 1125 1622 1145; x_wconf 88' lang='lat' dir='ltr'><strong>eum</strong></span> <span class='ocrx_word' id='word_1_482' title='bbox 1643 1125 1672 1144; x_wconf 90' lang='lat' dir='ltr'><strong>se</strong></span> <span class='ocrx_word' id='word_1_483' title='bbox 1689 1118 1786 1143; x_wconf 89' lang='lat' dir='ltr'><strong>habere</strong></span> <span class='ocrx_word' id='word_1_484' title='bbox 1802 1120 1833 1142; x_wconf 90' lang='lat' dir='ltr'><strong>ot</strong></span> 
     </span>
    </p>
   </div>
   <div class='ocr_carea' id='block_1_68' title="bbox 1044 1161 1832 1198">
    <p class='ocr_par' dir='ltr' id='par_1_68' title="bbox 1044 1161 1832 1198">
     <span class='ocr_line' id='line_1_68' title="bbox 1044 1161 1832 1198; baseline -0.004 -10"><span class='ocrx_word' id='word_1_485' title='bbox 1044 1166 1180 1189; x_wconf 88' lang='lat' dir='ltr'><strong>naturam.</strong></span> <span class='ocrx_word' id='word_1_486' title='bbox 1202 1162 1242 1190; x_wconf 80' lang='lat' dir='ltr'><strong>Ad</strong></span> <span class='ocrx_word' id='word_1_487' title='bbox 1256 1171 1288 1190; x_wconf 89' lang='lat' dir='ltr'><strong>ea</strong></span> <span class='ocrx_word' id='word_1_488' title='bbox 1305 1171 1370 1190; x_wconf 86' lang='lat' dir='ltr'><strong>vero</strong></span> <span class='ocrx_word' id='word_1_489' title='bbox 1395 1170 1455 1198; x_wconf 70' lang='lat' dir='ltr'><strong>quae</strong></span> <span class='ocrx_word' id='word_1_490' title='bbox 1472 1166 1537 1190; x_wconf 88' lang='lat' dir='ltr'><strong>sunt</strong></span> <span class='ocrx_word' id='word_1_491' title='bbox 1558 1161 1592 1188; x_wconf 89' lang='lat' dir='ltr'><strong>ad</strong></span> <span class='ocrx_word' id='word_1_492' title='bbox 1607 1162 1699 1193; x_wconf 85' lang='lat' dir='ltr'><strong>ﬁnem,</strong></span> <span class='ocrx_word' id='word_1_493' title='bbox 1721 1165 1749 1187; x_wconf 92' lang='lat' dir='ltr'><strong>et</strong></span> <span class='ocrx_word' id='word_1_494' title='bbox 1763 1168 1832 1194; x_wconf 77' lang='lat' dir='ltr'><strong>pne-</strong></span> 
     </span>
    </p>
   </div>
   <div class='ocr_carea' id='block_1_69' title="bbox 1044 1207 1831 1244">
    <p class='ocr_par' dir='ltr' id='par_1_69' title="bbox 1044 1207 1831 1244">
     <span class='ocr_line' id='line_1_69' title="bbox 1044 1207 1831 1244; baseline -0.006 -8"><span class='ocrx_word' id='word_1_495' title='bbox 1044 1210 1140 1236; x_wconf 87' lang='lat' dir='ltr'><strong>sertim</strong></span> <span class='ocrx_word' id='word_1_496' title='bbox 1159 1209 1193 1236; x_wconf 91' lang='lat' dir='ltr'><strong>ad</strong></span> <span class='ocrx_word' id='word_1_497' title='bbox 1216 1217 1246 1236; x_wconf 83' lang='lat' dir='ltr'><strong>ea</strong></span> <span class='ocrx_word' id='word_1_498' title='bbox 1276 1210 1335 1236; x_wconf 82' lang='lat' dir='ltr'><strong>sine</strong></span> <span class='ocrx_word' id='word_1_499' title='bbox 1350 1209 1451 1244; x_wconf 88' lang='lat' dir='ltr'><strong>quibus</strong></span> <span class='ocrx_word' id='word_1_500' title='bbox 1478 1213 1567 1243; x_wconf 89' lang='lat' dir='ltr'><strong>potest</strong></span> <span class='ocrx_word' id='word_1_501' title='bbox 1584 1208 1663 1235; x_wconf 83' lang='lat' dir='ltr'><strong>tinem</strong></span> <span class='ocrx_word' id='word_1_502' title='bbox 1686 1207 1831 1240; x_wconf 74' lang='lat' dir='ltr'><strong>attingere,</strong></span> 
     </span>
    </p>
   </div>
   <div class='ocr_carea' id='block_1_70' title="bbox 1044 1250 1832 1286">
    <p class='ocr_par' dir='ltr' id='par_1_70' title="bbox 1044 1250 1832 1286">
     <span class='ocr_line' id='line_1_70' title="bbox 1044 1250 1832 1286; baseline -0.006 -5"><span class='ocrx_word' id='word_1_503' title='bbox 1044 1259 1075 1281; x_wconf 92' lang='lat' dir='ltr'><strong>ut</strong></span> <span class='ocrx_word' id='word_1_504' title='bbox 1098 1259 1163 1281; x_wconf 92' lang='lat' dir='ltr'><strong>sunt</strong></span> <span class='ocrx_word' id='word_1_505' title='bbox 1184 1258 1325 1286; x_wconf 68' lang='lat' dir='ltr'><strong>creaturae,</strong></span> <span class='ocrx_word' id='word_1_506' title='bbox 1340 1254 1407 1281; x_wconf 89' lang='lat' dir='ltr'><strong>nihil</strong></span> <span class='ocrx_word' id='word_1_507' title='bbox 1431 1254 1505 1281; x_wconf 90' lang='lat' dir='ltr'><strong>enim</strong></span> <span class='ocrx_word' id='word_1_508' title='bbox 1523 1253 1564 1280; x_wconf 68' lang='lat' dir='ltr'><strong>ha:</strong></span> <span class='ocrx_word' id='word_1_509' title='bbox 1584 1260 1635 1279; x_wconf 86' lang='lat' dir='ltr'><strong>nec</strong></span> <span class='ocrx_word' id='word_1_510' title='bbox 1661 1251 1757 1278; x_wconf 87' lang='lat' dir='ltr'><strong>adesse</strong></span> <span class='ocrx_word' id='word_1_511' title='bbox 1784 1250 1832 1277; x_wconf 87' lang='lat' dir='ltr'><strong>Dei</strong></span> 
     </span>
    </p>
   </div>
   <div class='ocr_carea' id='block_1_71' title="bbox 1045 1298 1832 1334">
    <p class='ocr_par' dir='ltr' id='par_1_71' title="bbox 1045 1298 1832 1334">
     <span class='ocr_line' id='line_1_71' title="bbox 1045 1298 1832 1334; baseline -0.009 -5"><span class='ocrx_word' id='word_1_512' title='bbox 1045 1301 1201 1334; x_wconf 81' lang='lat' dir='ltr'><strong>conferunt,</strong></span> <span class='ocrx_word' id='word_1_513' title='bbox 1220 1309 1271 1328; x_wconf 91' lang='lat' dir='ltr'><strong>nec</strong></span> <span class='ocrx_word' id='word_1_514' title='bbox 1295 1300 1329 1328; x_wconf 89' lang='lat' dir='ltr'><strong>ad</strong></span> <span class='ocrx_word' id='word_1_515' title='bbox 1355 1300 1453 1327; x_wconf 90' lang='lat' dir='ltr'><strong>melius</strong></span> <span class='ocrx_word' id='word_1_516' title='bbox 1472 1306 1550 1327; x_wconf 84' lang='lat' dir='ltr'><strong>esse:</strong></span> <span class='ocrx_word' id='word_1_517' title='bbox 1570 1299 1605 1326; x_wconf 89' lang='lat' dir='ltr'><strong>ad</strong></span> <span class='ocrx_word' id='word_1_518' title='bbox 1621 1299 1688 1331; x_wconf 65' lang='lat' dir='ltr'><strong>hare,</strong></span> <span class='ocrx_word' id='word_1_519' title='bbox 1708 1298 1832 1332; x_wconf 90' lang='lat' dir='ltr'><strong>inquam,</strong></span> 
     </span>
    </p>
   </div>
   <div class='ocr_carea' id='block_1_72' title="bbox 1045 1343 1832 1380">
    <p class='ocr_par' dir='ltr' id='par_1_72' title="bbox 1045 1343 1832 1380">
     <span class='ocr_line' id='line_1_72' title="bbox 1045 1343 1832 1380; baseline -0.008 -5"><span class='ocrx_word' id='word_1_520' title='bbox 1045 1347 1301 1380; x_wconf 89' lang='lat' dir='ltr'><strong>nondeterminate,</strong></span> <span class='ocrx_word' id='word_1_521' title='bbox 1325 1351 1352 1374; x_wconf 86' lang='lat' dir='ltr'><strong>et</strong></span> <span class='ocrx_word' id='word_1_522' title='bbox 1375 1347 1476 1374; x_wconf 90' lang='lat' dir='ltr'><strong>idcirco</strong></span> <span class='ocrx_word' id='word_1_523' title='bbox 1499 1350 1528 1372; x_wconf 94' lang='lat' dir='ltr'><strong>ut</strong></span> <span class='ocrx_word' id='word_1_524' title='bbox 1545 1345 1670 1372; x_wconf 88' lang='lat' dir='ltr'><strong>voluntas</strong></span> <span class='ocrx_word' id='word_1_525' title='bbox 1690 1351 1719 1371; x_wconf 85' lang='lat' dir='ltr'><strong>se</strong></span> <span class='ocrx_word' id='word_1_526' title='bbox 1734 1343 1832 1373; x_wconf 83' lang='lat' dir='ltr'><strong>habet;</strong></span> 
     </span>
    </p>
   </div>
   <div class='ocr_carea' id='block_1_73' title="bbox 1046 1389 1833 1430">
    <p class='ocr_par' dir='ltr' id='par_1_73' title="bbox 1046 1389 1833 1430">
     <span class='ocr_line' id='line_1_73' title="bbox 1046 1389 1833 1430; baseline -0.008 -9"><span class='ocrx_word' id='word_1_527' title='bbox 1046 1398 1120 1430; x_wconf 87' lang='lat' dir='ltr'><strong>patet</strong></span> <span class='ocrx_word' id='word_1_528' title='bbox 1135 1394 1207 1420; x_wconf 86' lang='lat' dir='ltr'><strong>enim</strong></span> <span class='ocrx_word' id='word_1_529' title='bbox 1221 1401 1251 1420; x_wconf 88' lang='lat' dir='ltr'><strong>ea</strong></span> <span class='ocrx_word' id='word_1_530' title='bbox 1266 1397 1293 1420; x_wconf 89' lang='lat' dir='ltr'><strong>et</strong></span> <span class='ocrx_word' id='word_1_531' title='bbox 1303 1393 1375 1419; x_wconf 92' lang='lat' dir='ltr'><strong>nolle</strong></span> <span class='ocrx_word' id='word_1_532' title='bbox 1401 1397 1429 1419; x_wconf 92' lang='lat' dir='ltr'><strong>et</strong></span> <span class='ocrx_word' id='word_1_533' title='bbox 1447 1392 1526 1419; x_wconf 88' lang='lat' dir='ltr'><strong>velle.</strong></span> <span class='ocrx_word' id='word_1_534' title='bbox 1537 1390 1615 1418; x_wconf 89' lang='lat' dir='ltr'><strong>Unde</strong></span> <span class='ocrx_word' id='word_1_535' title='bbox 1629 1394 1657 1417; x_wconf 81' lang='lat' dir='ltr'><strong>et</strong></span> <span class='ocrx_word' id='word_1_536' title='bbox 1673 1389 1833 1416; x_wconf 75' lang='lat' dir='ltr'><strong>Damasceni</strong></span> 
     </span>
    </p>
   </div>
   <div class='ocr_carea' id='block_1_74' title="bbox 1046 1434 1835 1469">
    <p class='ocr_par' dir='ltr' id='par_1_74' title="bbox 1046 1434 1835 1469">
     <span class='ocr_line' id='line_1_74' title="bbox 1046 1434 1835 1469; baseline -0.009 -2"><span class='ocrx_word' id='word_1_537' title='bbox 1046 1439 1180 1467; x_wconf 84' lang='lat' dir='ltr'><strong>sententia</strong></span> <span class='ocrx_word' id='word_1_538' title='bbox 1200 1439 1331 1469; x_wconf 86' lang='lat' dir='ltr'><strong>solvatur,</strong></span> <span class='ocrx_word' id='word_1_539' title='bbox 1343 1442 1370 1465; x_wconf 91' lang='lat' dir='ltr'><strong>et</strong></span> <span class='ocrx_word' id='word_1_540' title='bbox 1394 1444 1445 1464; x_wconf 90' lang='lat' dir='ltr'><strong>nos</strong></span> <span class='ocrx_word' id='word_1_541' title='bbox 1461 1437 1496 1464; x_wconf 89' lang='lat' dir='ltr'><strong>ab</strong></span> <span class='ocrx_word' id='word_1_542' title='bbox 1517 1436 1592 1463; x_wconf 93' lang='lat' dir='ltr'><strong>omni</strong></span> <span class='ocrx_word' id='word_1_543' title='bbox 1618 1434 1835 1469; x_wconf 88' lang='lat' dir='ltr'><strong>reprehensione</strong></span> 
     </span>
    </p>
   </div>
   <div class='ocr_carea' id='block_1_75' title="bbox 1048 1483 1834 1518">
    <p class='ocr_par' dir='ltr' id='par_1_75' title="bbox 1048 1483 1834 1518">
     <span class='ocr_line' id='line_1_75' title="bbox 1048 1483 1834 1518; baseline -0.009 -5"><span class='ocrx_word' id='word_1_544' title='bbox 1048 1486 1130 1513; x_wconf 82' lang='lat' dir='ltr'><strong>soluti</strong></span> <span class='ocrx_word' id='word_1_545' title='bbox 1145 1492 1249 1517; x_wconf 89' lang='lat' dir='ltr'><strong>sumus,</strong></span> <span class='ocrx_word' id='word_1_546' title='bbox 1264 1492 1326 1511; x_wconf 87' lang='lat' dir='ltr'><strong>cum</strong></span> <span class='ocrx_word' id='word_1_547' title='bbox 1343 1483 1426 1511; x_wconf 83' lang='lat' dir='ltr'><strong>verba</strong></span> <span class='ocrx_word' id='word_1_548' title='bbox 1442 1483 1486 1510; x_wconf 91' lang='lat' dir='ltr'><strong>illa</strong></span> <span class='ocrx_word' id='word_1_549' title='bbox 1506 1490 1567 1518; x_wconf 67' lang='lat' dir='ltr'><strong>quae</strong></span> <span class='ocrx_word' id='word_1_550' title='bbox 1582 1486 1677 1509; x_wconf 87' lang='lat' dir='ltr'><strong>contra</strong></span> <span class='ocrx_word' id='word_1_551' title='bbox 1700 1488 1749 1508; x_wconf 89' lang='lat' dir='ltr'><strong>nos</strong></span> <span class='ocrx_word' id='word_1_552' title='bbox 1774 1487 1834 1507; x_wconf 84' lang='lat' dir='ltr'><strong>esse</strong></span> 
     </span>
    </p>
   </div>
   <div class='ocr_carea' id='block_1_76' title="bbox 1048 1526 1836 1563">
    <p class='ocr_par' dir='ltr' id='par_1_76' title="bbox 1048 1526 1836 1563">
     <span class='ocr_line' id='line_1_76' title="bbox 1048 1526 1836 1563; baseline -0.009 -4"><span class='ocrx_word' id='word_1_553' title='bbox 1048 1532 1223 1563; x_wconf 84' lang='lat' dir='ltr'><strong>videbantur,</strong></span> <span class='ocrx_word' id='word_1_554' title='bbox 1233 1531 1301 1557; x_wconf 91' lang='lat' dir='ltr'><strong>nihil</strong></span> <span class='ocrx_word' id='word_1_555' title='bbox 1314 1530 1429 1557; x_wconf 61' lang='lat' dir='ltr'><strong>aderant</strong></span> <span class='ocrx_word' id='word_1_556' title='bbox 1438 1528 1596 1556; x_wconf 86' lang='lat' dir='ltr'><strong>necessarii.</strong></span> <span class='ocrx_word' id='word_1_557' title='bbox 1609 1528 1702 1562; x_wconf 84' lang='lat' dir='ltr'><strong>Itaque</strong></span> <span class='ocrx_word' id='word_1_558' title='bbox 1714 1526 1765 1554; x_wconf 91' lang='lat' dir='ltr'><strong>iste</strong></span> <span class='ocrx_word' id='word_1_559' title='bbox 1772 1533 1836 1553; x_wconf 88' lang='lat' dir='ltr'><strong>cum</strong></span> 
     </span>
    </p>
   </div>
   <div class='ocr_carea' id='block_1_77' title="bbox 1048 1571 1836 1613">
    <p class='ocr_par' dir='ltr' id='par_1_77' title="bbox 1048 1571 1836 1613">
     <span class='ocr_line' id='line_1_77' title="bbox 1048 1571 1836 1613; baseline -0.008 -8"><span class='ocrx_word' id='word_1_560' title='bbox 1048 1578 1257 1613; x_wconf 81' lang='lat' dir='ltr'><strong>aliquiddixisse</strong></span> <span class='ocrx_word' id='word_1_561' title='bbox 1264 1576 1417 1609; x_wconf 86' lang='lat' dir='ltr'><strong>videbatur,</strong></span> <span class='ocrx_word' id='word_1_562' title='bbox 1424 1580 1519 1602; x_wconf 86' lang='lat' dir='ltr'><strong>contra</strong></span> <span class='ocrx_word' id='word_1_563' title='bbox 1528 1582 1557 1602; x_wconf 82' lang='lat' dir='ltr'><strong>se</strong></span> <span class='ocrx_word' id='word_1_564' title='bbox 1565 1574 1677 1601; x_wconf 89' lang='lat' dir='ltr'><strong>omnino</strong></span> <span class='ocrx_word' id='word_1_565' title='bbox 1685 1571 1836 1600; x_wconf 86' lang='lat' dir='ltr'><strong>concludit.</strong></span> 
     </span>
    </p>
   </div>
   <div class='ocr_carea' id='block_1_78' title="bbox 1211 1632 1666 1667">
    <p class='ocr_par' dir='ltr' id='par_1_78' title="bbox 1211 1632 1666 1667">
     <span class='ocr_line' id='line_1_78' title="bbox 1211 1632 1666 1667; baseline -0.007 -7"><span class='ocrx_word' id='word_1_566' title='bbox 1211 1632 1360 1661; x_wconf 76' lang='lat' dir='ltr'><strong>Serundum</strong></span> <span class='ocrx_word' id='word_1_567' title='bbox 1384 1632 1459 1659; x_wconf 72' lang='lat' dir='ltr'><strong>Vacci</strong></span> <span class='ocrx_word' id='word_1_568' title='bbox 1471 1635 1666 1667; x_wconf 79' lang='lat' dir='ltr'><strong>argumentum.</strong></span> 
     </span>
    </p>
   </div>
   <div class='ocr_carea' id='block_1_79' title="bbox 1084 1686 1837 1724">
    <p class='ocr_par' dir='ltr' id='par_1_79' title="bbox 1084 1686 1837 1724">
     <span class='ocr_line' id='line_1_79' title="bbox 1084 1686 1837 1724; baseline -0.007 -5"><span class='ocrx_word' id='word_1_569' title='bbox 1084 1692 1152 1719; x_wconf 94' lang='lat' dir='ltr'><strong>Cum</strong></span> <span class='ocrx_word' id='word_1_570' title='bbox 1179 1691 1234 1717; x_wconf 90' lang='lat' dir='ltr'><strong>sint</strong></span> <span class='ocrx_word' id='word_1_571' title='bbox 1246 1689 1370 1724; x_wconf 84' lang='lat' dir='ltr'><strong>quidam,</strong></span> <span class='ocrx_word' id='word_1_572' title='bbox 1397 1689 1444 1723; x_wconf 91' lang='lat' dir='ltr'><strong>qui</strong></span> <span class='ocrx_word' id='word_1_573' title='bbox 1471 1688 1677 1723; x_wconf 86' lang='lat' dir='ltr'><strong>Seripturarum</strong></span> <span class='ocrx_word' id='word_1_574' title='bbox 1692 1686 1837 1715; x_wconf 72' lang='lat' dir='ltr'><strong>sententiis</strong></span> 
     </span>
    </p>
   </div>
   <div class='ocr_carea' id='block_1_80' title="bbox 1049 1733 1837 1770">
    <p class='ocr_par' dir='ltr' id='par_1_80' title="bbox 1049 1733 1837 1770">
     <span class='ocr_line' id='line_1_80' title="bbox 1049 1733 1837 1770; baseline -0.005 -6"><span class='ocrx_word' id='word_1_575' title='bbox 1049 1738 1242 1768; x_wconf 82' lang='lat' dir='ltr'><strong>adversantur,</strong></span> <span class='ocrx_word' id='word_1_576' title='bbox 1275 1743 1336 1770; x_wconf 61' lang='lat' dir='ltr'><strong>qua:</strong></span> <span class='ocrx_word' id='word_1_577' title='bbox 1365 1739 1511 1769; x_wconf 83' lang='lat' dir='ltr'><strong>propterea</strong></span> <span class='ocrx_word' id='word_1_578' title='bbox 1529 1742 1576 1768; x_wconf 89' lang='lat' dir='ltr'><strong>per</strong></span> <span class='ocrx_word' id='word_1_579' title='bbox 1591 1734 1690 1761; x_wconf 81' lang='lat' dir='ltr'><strong>Filium</strong></span> <span class='ocrx_word' id='word_1_580' title='bbox 1705 1733 1837 1768; x_wconf 82' lang='lat' dir='ltr'><strong>Spiritum</strong></span> 
     </span>
    </p>
   </div>
   <div class='ocr_carea' id='block_1_81' title="bbox 1049 1781 1839 1813">
    <p class='ocr_par' dir='ltr' id='par_1_81' title="bbox 1049 1781 1839 1813">
     <span class='ocr_line' id='line_1_81' title="bbox 1049 1781 1839 1813; baseline -0.005 -1"><span class='ocrx_word' id='word_1_581' title='bbox 1049 1789 1176 1812; x_wconf 86' lang='lat' dir='ltr'><strong>sanctum</strong></span> <span class='ocrx_word' id='word_1_582' title='bbox 1202 1791 1235 1810; x_wconf 85' lang='lat' dir='ltr'><strong>ex</strong></span> <span class='ocrx_word' id='word_1_583' title='bbox 1265 1782 1344 1809; x_wconf 87' lang='lat' dir='ltr'><strong>Patre</strong></span> <span class='ocrx_word' id='word_1_584' title='bbox 1368 1789 1429 1808; x_wconf 83' lang='lat' dir='ltr'><strong>esse</strong></span> <span class='ocrx_word' id='word_1_585' title='bbox 1442 1781 1578 1813; x_wconf 88' lang='lat' dir='ltr'><strong>indicant,</strong></span> <span class='ocrx_word' id='word_1_586' title='bbox 1599 1781 1721 1808; x_wconf 73' lang='lat' dir='ltr'><strong>collectae</strong></span> <span class='ocrx_word' id='word_1_587' title='bbox 1734 1785 1839 1809; x_wconf 88' lang='lat' dir='ltr'><strong>suntet</strong></span> 
     </span>
    </p>
   </div>
   <div class='ocr_carea' id='block_1_82' title="bbox 1051 1818 1839 1863">
    <p class='ocr_par' dir='ltr' id='par_1_82' title="bbox 1051 1818 1839 1863">
     <span class='ocr_line' id='line_1_82' title="bbox 1051 1818 1839 1863; baseline -0.004 -6"><span class='ocrx_word' id='word_1_588' title='bbox 1051 1831 1092 1857; x_wconf 76' lang='lat' dir='ltr'><strong>lue</strong></span> <span class='ocrx_word' id='word_1_589' title='bbox 1119 1829 1271 1861; x_wconf 71' lang='lat' dir='ltr'><strong>sententiae,</strong></span> <span class='ocrx_word' id='word_1_590' title='bbox 1306 1836 1366 1863; x_wconf 70' lang='lat' dir='ltr'><strong>quae</strong></span> <span class='ocrx_word' id='word_1_591' title='bbox 1390 1828 1548 1855; x_wconf 88' lang='lat' dir='ltr'><strong>immediate</strong></span> <span class='ocrx_word' id='word_1_592' title='bbox 1575 1828 1674 1855; x_wconf 83' lang='lat' dir='ltr'><strong>Filium</strong></span> <span class='ocrx_word' id='word_1_593' title='bbox 1697 1818 1735 1854; x_wconf 31' lang='lat' dir='ltr'><strong>ex.</strong></span> <span class='ocrx_word' id='word_1_594' title='bbox 1759 1828 1839 1855; x_wconf 86' lang='lat' dir='ltr'><strong>Patre</strong></span> 
     </span>
    </p>
   </div>
   <div class='ocr_carea' id='block_1_83' title="bbox 1051 1874 1836 1907">
    <p class='ocr_par' dir='ltr' id='par_1_83' title="bbox 1051 1874 1836 1907">
     <span class='ocr_line' id='line_1_83' title="bbox 1051 1874 1836 1907; baseline -0.005 -3"><span class='ocrx_word' id='word_1_595' title='bbox 1051 1884 1110 1904; x_wconf 86' lang='lat' dir='ltr'><strong>esse</strong></span> <span class='ocrx_word' id='word_1_596' title='bbox 1121 1875 1282 1907; x_wconf 89' lang='lat' dir='ltr'><strong>ostendunt,</strong></span> <span class='ocrx_word' id='word_1_597' title='bbox 1304 1874 1337 1900; x_wconf 93' lang='lat' dir='ltr'><strong>ad</strong></span> <span class='ocrx_word' id='word_1_598' title='bbox 1353 1875 1504 1901; x_wconf 87' lang='lat' dir='ltr'><strong>sententias</strong></span> <span class='ocrx_word' id='word_1_599' title='bbox 1530 1874 1590 1901; x_wconf 85' lang='lat' dir='ltr'><strong>illas</strong></span> <span class='ocrx_word' id='word_1_600' title='bbox 1621 1874 1836 1905; x_wconf 85' lang='lat' dir='ltr'><strong>coniirmandas,</strong></span> 
     </span>
    </p>
   </div>
   <div class='ocr_carea' id='block_1_84' title="bbox 1052 1920 1837 1957">
    <p class='ocr_par' dir='ltr' id='par_1_84' title="bbox 1052 1920 1837 1957">
     <span class='ocr_line' id='line_1_84' title="bbox 1052 1920 1837 1957; baseline -0.004 -8"><span class='ocrx_word' id='word_1_601' title='bbox 1052 1930 1112 1957; x_wconf 61' lang='lat' dir='ltr'><strong>quae</strong></span> <span class='ocrx_word' id='word_1_602' title='bbox 1144 1930 1192 1957; x_wconf 90' lang='lat' dir='ltr'><strong>per</strong></span> <span class='ocrx_word' id='word_1_603' title='bbox 1214 1921 1312 1948; x_wconf 84' lang='lat' dir='ltr'><strong>Filium</strong></span> <span class='ocrx_word' id='word_1_604' title='bbox 1341 1920 1476 1955; x_wconf 82' lang='lat' dir='ltr'><strong>Spiritum</strong></span> <span class='ocrx_word' id='word_1_605' title='bbox 1502 1925 1626 1947; x_wconf 78' lang='lat' dir='ltr'><strong>sanctum</strong></span> <span class='ocrx_word' id='word_1_606' title='bbox 1642 1928 1703 1947; x_wconf 88' lang='lat' dir='ltr'><strong>esse</strong></span> <span class='ocrx_word' id='word_1_607' title='bbox 1721 1921 1837 1947; x_wconf 82' lang='lat' dir='ltr'><strong>demon-</strong></span> 
     </span>
    </p>
   </div>
   <div class='ocr_carea' id='block_1_85' title="bbox 1056 1966 1838 2001">
    <p class='ocr_par' dir='ltr' id='par_1_85' title="bbox 1056 1966 1838 2001">
     <span class='ocr_line' id='line_1_85' title="bbox 1056 1966 1838 2001; baseline -0.005 -4"><span class='ocrx_word' id='word_1_608' title='bbox 1056 1974 1155 1997; x_wconf 82' lang='lat' dir='ltr'><strong>strant.</strong></span> <span class='ocrx_word' id='word_1_609' title='bbox 1167 1969 1234 1996; x_wconf 82' lang='lat' dir='ltr'><strong>Nam</strong></span> <span class='ocrx_word' id='word_1_610' title='bbox 1251 1968 1304 1994; x_wconf 91' lang='lat' dir='ltr'><strong>nisi</strong></span> <span class='ocrx_word' id='word_1_611' title='bbox 1320 1975 1366 2001; x_wconf 88' lang='lat' dir='ltr'><strong>per</strong></span> <span class='ocrx_word' id='word_1_612' title='bbox 1382 1966 1480 1993; x_wconf 83' lang='lat' dir='ltr'><strong>Filium</strong></span> <span class='ocrx_word' id='word_1_613' title='bbox 1498 1967 1617 2001; x_wconf 84' lang='lat' dir='ltr'><strong>Spiritus</strong></span> <span class='ocrx_word' id='word_1_614' title='bbox 1630 1971 1741 1994; x_wconf 84' lang='lat' dir='ltr'><strong>sanctus</strong></span> <span class='ocrx_word' id='word_1_615' title='bbox 1756 1971 1838 1996; x_wconf 89' lang='lat' dir='ltr'><strong>esset.</strong></span> 
     </span>
    </p>
   </div>
   <div class='ocr_carea' id='block_1_86' title="bbox 1054 2013 1841 2049">
    <p class='ocr_par' dir='ltr' id='par_1_86' title="bbox 1054 2013 1841 2049">
     <span class='ocr_line' id='line_1_86' title="bbox 1054 2013 1841 2049; baseline -0.006 -5"><span class='ocrx_word' id='word_1_616' title='bbox 1054 2025 1102 2044; x_wconf 90' lang='lat' dir='ltr'><strong>cur</strong></span> <span class='ocrx_word' id='word_1_617' title='bbox 1114 2024 1167 2043; x_wconf 88' lang='lat' dir='ltr'><strong>non</strong></span> <span class='ocrx_word' id='word_1_618' title='bbox 1179 2020 1207 2042; x_wconf 85' lang='lat' dir='ltr'><strong>et</strong></span> <span class='ocrx_word' id='word_1_619' title='bbox 1219 2017 1276 2049; x_wconf 85' lang='lat' dir='ltr'><strong>ipse</strong></span> <span class='ocrx_word' id='word_1_620' title='bbox 1290 2014 1448 2041; x_wconf 89' lang='lat' dir='ltr'><strong>immediate</strong></span> <span class='ocrx_word' id='word_1_621' title='bbox 1460 2022 1492 2040; x_wconf 77' lang='lat' dir='ltr'><strong>ex</strong></span> <span class='ocrx_word' id='word_1_622' title='bbox 1511 2013 1590 2040; x_wconf 82' lang='lat' dir='ltr'><strong>i‘atre</strong></span> <span class='ocrx_word' id='word_1_623' title='bbox 1604 2020 1664 2040; x_wconf 84' lang='lat' dir='ltr'><strong>esse</strong></span> <span class='ocrx_word' id='word_1_624' title='bbox 1680 2013 1841 2040; x_wconf 73' lang='lat' dir='ltr'><strong>diceretur?</strong></span> 
     </span>
    </p>
   </div>
   <div class='ocr_carea' id='block_1_87' title="bbox 1278 2071 1609 2098">
    <p class='ocr_par' dir='ltr' id='par_1_87' title="bbox 1278 2071 1609 2098">
     <span class='ocr_line' id='line_1_87' title="bbox 1278 2071 1609 2098; baseline 0 0"><span class='ocrx_word' id='word_1_625' title='bbox 1278 2071 1398 2098; x_wconf 77' lang='lat' dir='ltr'><strong>Palumw</strong></span> <span class='ocrx_word' id='word_1_626' title='bbox 1424 2072 1609 2098; x_wconf 76' lang='lat' dir='ltr'><strong>contradictio.</strong></span> 
     </span>
    </p>
   </div>
   <div class='ocr_carea' id='block_1_88' title="bbox 1092 2129 1841 2165">
    <p class='ocr_par' dir='ltr' id='par_1_88' title="bbox 1092 2129 1841 2165">
     <span class='ocr_line' id='line_1_88' title="bbox 1092 2129 1841 2165; baseline -0.004 -6"><span class='ocrx_word' id='word_1_627' title='bbox 1092 2132 1139 2159; x_wconf 71' lang='lat' dir='ltr'><strong>Est</strong></span> <span class='ocrx_word' id='word_1_628' title='bbox 1165 2138 1275 2165; x_wconf 73' lang='lat' dir='ltr'><strong>quoque</strong></span> <span class='ocrx_word' id='word_1_629' title='bbox 1293 2129 1413 2164; x_wconf 83' lang='lat' dir='ltr'><strong>Spiritus</strong></span> <span class='ocrx_word' id='word_1_630' title='bbox 1431 2134 1545 2156; x_wconf 84' lang='lat' dir='ltr'><strong>sanctus</strong></span> <span class='ocrx_word' id='word_1_631' title='bbox 1569 2129 1728 2156; x_wconf 88' lang='lat' dir='ltr'><strong>immediate</strong></span> <span class='ocrx_word' id='word_1_632' title='bbox 1743 2137 1776 2156; x_wconf 74' lang='lat' dir='ltr'><strong>ex</strong></span> <span class='ocrx_word' id='word_1_633' title='bbox 1792 2130 1841 2157; x_wconf 84' lang='lat' dir='ltr'><strong>Pa-</strong></span> 
     </span>
    </p>
   </div>
   <div class='ocr_carea' id='block_1_89' title="bbox 1059 2175 1844 2209">
    <p class='ocr_par' dir='ltr' id='par_1_89' title="bbox 1059 2175 1844 2209">
     <span class='ocr_line' id='line_1_89' title="bbox 1059 2175 1844 2209; baseline -0.001 -6"><span class='ocrx_word' id='word_1_634' title='bbox 1059 2181 1098 2203; x_wconf 90' lang='lat' dir='ltr'><strong>tre</strong></span> <span class='ocrx_word' id='word_1_635' title='bbox 1123 2176 1222 2207; x_wconf 83' lang='lat' dir='ltr'><strong>dictus,</strong></span> <span class='ocrx_word' id='word_1_636' title='bbox 1260 2183 1294 2202; x_wconf 84' lang='lat' dir='ltr'><strong>ex</strong></span> <span class='ocrx_word' id='word_1_637' title='bbox 1322 2183 1377 2209; x_wconf 92' lang='lat' dir='ltr'><strong>quo</strong></span> <span class='ocrx_word' id='word_1_638' title='bbox 1408 2179 1453 2201; x_wconf 85' lang='lat' dir='ltr'><strong>tua</strong></span> <span class='ocrx_word' id='word_1_639' title='bbox 1467 2175 1512 2201; x_wconf 84' lang='lat' dir='ltr'><strong>illa</strong></span> <span class='ocrx_word' id='word_1_640' title='bbox 1529 2175 1678 2206; x_wconf 90' lang='lat' dir='ltr'><strong>sententia,</strong></span> <span class='ocrx_word' id='word_1_641' title='bbox 1695 2176 1844 2209; x_wconf 80' lang='lat' dir='ltr'><strong>omnisque</strong></span> 
     </span>
    </p>
   </div>
   <div class='ocr_carea' id='block_1_90' title="bbox 216 2214 1843 2260">
    <p class='ocr_par' dir='ltr' id='par_1_90' title="bbox 216 2214 1843 2260">
     <span class='ocr_line' id='line_1_90' title="bbox 216 2214 1843 2260; baseline 0 -12"><span class='ocrx_word' id='word_1_642' title='bbox 216 2227 300 2256; x_wconf 84' lang='lat' dir='ltr'><strong>atque</strong></span> <span class='ocrx_word' id='word_1_643' title='bbox 314 2219 442 2246; x_wconf 72' lang='lat' dir='ltr'><strong>omnibus</strong></span> <span class='ocrx_word' id='word_1_644' title='bbox 461 2217 632 2251; x_wconf 70' lang='grc' dir='ltr'><strong>δίωνιίεηοτν</strong></span> <span class='ocrx_word' id='word_1_645' title='bbox 647 2224 706 2250; x_wconf 67' lang='grc' dir='ltr'>(ιιιω</span> <span class='ocrx_word' id='word_1_646' title='bbox 722 2215 806 2242; x_wconf 57' lang='lat' dir='ltr'><strong>Filius</strong></span> <span class='ocrx_word' id='word_1_647' title='bbox 822 2214 913 2250; x_wconf 44' lang='lat' dir='ltr'><strong>habet.</strong></span> <span class='ocrx_word' id='word_1_648' title='bbox 931 2222 1004 2248; x_wconf 70' lang='grc' dir='ltr'><strong>τιυιε-</strong></span> <span class='ocrx_word' id='word_1_649' title='bbox 1022 2233 1043 2260; x_wconf 69' lang='grc' dir='ltr'><strong>η</strong></span> <span class='ocrx_word' id='word_1_650' title='bbox 1058 2222 1228 2249; x_wconf 88' lang='lat' dir='ltr'><strong>interimitur</strong></span> <span class='ocrx_word' id='word_1_651' title='bbox 1242 2226 1357 2247; x_wconf 82' lang='lat' dir='ltr'><strong>conatus</strong></span> <span class='ocrx_word' id='word_1_652' title='bbox 1377 2220 1526 2254; x_wconf 76' lang='lat' dir='ltr'><strong>Gregorius</strong></span> <span class='ocrx_word' id='word_1_653' title='bbox 1540 2239 1547 2252; x_wconf 83' lang='lat'><strong>,</strong></span> <span class='ocrx_word' id='word_1_654' title='bbox 1577 2221 1624 2255; x_wconf 90' lang='lat' dir='ltr'><strong>qui</strong></span> <span class='ocrx_word' id='word_1_655' title='bbox 1638 2229 1686 2247; x_wconf 92' lang='lat' dir='ltr'><strong>sua</strong></span> <span class='ocrx_word' id='word_1_656' title='bbox 1705 2222 1843 2248; x_wconf 66' lang='lat' dir='ltr'><strong>excellen-</strong></span> 
     </span>
    </p>
   </div>
   <div class='ocr_carea' id='block_1_91' title="bbox 217 2261 1003 2301">
    <p class='ocr_par' dir='ltr' id='par_1_91' title="bbox 217 2261 1003 2301">
     <span class='ocr_line' id='line_1_91' title="bbox 217 2261 1003 2301; baseline -0.011 -6"><span class='ocrx_word' id='word_1_657' title='bbox 217 2274 328 2301; x_wconf 87' lang='lat' dir='ltr'><strong>cunque</strong></span> <span class='ocrx_word' id='word_1_658' title='bbox 342 2265 459 2292; x_wconf 84' lang='lat' dir='ltr'><strong>etPater</strong></span> <span class='ocrx_word' id='word_1_659' title='bbox 475 2264 556 2290; x_wconf 86' lang='lat' dir='ltr'><strong>habet</strong></span> <span class='ocrx_word' id='word_1_660' title='bbox 571 2271 576 2289; x_wconf 95' lang='lat'><strong>:</strong></span> <span class='ocrx_word' id='word_1_661' title='bbox 589 2270 640 2290; x_wconf 85' lang='lat' dir='ltr'><strong>nec</strong></span> <span class='ocrx_word' id='word_1_662' title='bbox 656 2263 729 2290; x_wconf 91' lang='lat' dir='ltr'><strong>enim</strong></span> <span class='ocrx_word' id='word_1_663' title='bbox 748 2267 881 2288; x_wconf 77' lang='lat' dir='ltr'><strong>creaturae</strong></span> <span class='ocrx_word' id='word_1_664' title='bbox 903 2261 1003 2294; x_wconf 91' lang='lat' dir='ltr'><strong>princi-</strong></span> 
     </span>
    </p>
   </div>
   <div class='ocr_carea' id='block_1_92' title="bbox 219 2307 1003 2348">
    <p class='ocr_par' dir='ltr' id='par_1_92' title="bbox 219 2307 1003 2348">
     <span class='ocr_line' id='line_1_92' title="bbox 219 2307 1003 2348; baseline -0.009 -8"><span class='ocrx_word' id='word_1_665' title='bbox 219 2314 288 2348; x_wconf 82' lang='lat' dir='ltr'><strong>palis</strong></span> <span class='ocrx_word' id='word_1_666' title='bbox 301 2318 383 2339; x_wconf 85' lang='lat' dir='ltr'><strong>eausa</strong></span> <span class='ocrx_word' id='word_1_667' title='bbox 399 2310 486 2337; x_wconf 83' lang='lat' dir='ltr'><strong>Filius</strong></span> <span class='ocrx_word' id='word_1_668' title='bbox 498 2313 550 2340; x_wconf 87' lang='lat' dir='ltr'><strong>est,</strong></span> <span class='ocrx_word' id='word_1_669' title='bbox 565 2308 700 2343; x_wconf 88' lang='lat' dir='ltr'><strong>siquidem</strong></span> <span class='ocrx_word' id='word_1_670' title='bbox 713 2311 840 2342; x_wconf 83' lang='lat' dir='ltr'><strong>tanquam</strong></span> <span class='ocrx_word' id='word_1_671' title='bbox 856 2307 1003 2334; x_wconf 84' lang='lat' dir='ltr'><strong>causaliter</strong></span> 
     </span>
    </p>
   </div>
   <div class='ocr_carea' id='block_1_93' title="bbox 217 2353 1006 2389">
    <p class='ocr_par' dir='ltr' id='par_1_93' title="bbox 217 2353 1006 2389">
     <span class='ocr_line' id='line_1_93' title="bbox 217 2353 1006 2389; baseline -0.009 -2"><span class='ocrx_word' id='word_1_672' title='bbox 217 2365 244 2387; x_wconf 87' lang='lat' dir='ltr'><strong>et</strong></span> <span class='ocrx_word' id='word_1_673' title='bbox 259 2364 288 2386; x_wconf 91' lang='lat' dir='ltr'><strong>ut</strong></span> <span class='ocrx_word' id='word_1_674' title='bbox 302 2357 386 2384; x_wconf 76' lang='lat' dir='ltr'><strong>Filius</strong></span> <span class='ocrx_word' id='word_1_675' title='bbox 399 2355 491 2383; x_wconf 87' lang='lat' dir='ltr'><strong>omnia</strong></span> <span class='ocrx_word' id='word_1_676' title='bbox 507 2354 596 2387; x_wconf 80' lang='lat' dir='ltr'><strong>habet,</strong></span> <span class='ocrx_word' id='word_1_677' title='bbox 611 2362 781 2389; x_wconf 75' lang='lat' dir='ltr'><strong>quaecunque</strong></span> <span class='ocrx_word' id='word_1_678' title='bbox 791 2358 819 2381; x_wconf 88' lang='lat' dir='ltr'><strong>et</strong></span> <span class='ocrx_word' id='word_1_679' title='bbox 832 2354 913 2381; x_wconf 83' lang='lat' dir='ltr'><strong>Pater</strong></span> <span class='ocrx_word' id='word_1_680' title='bbox 924 2353 1006 2380; x_wconf 82' lang='lat' dir='ltr'><strong>habet</strong></span> 
     </span>
    </p>
   </div>
   <div class='ocr_carea' id='block_1_94' title="bbox 218 2399 1005 2439">
    <p class='ocr_par' dir='ltr' id='par_1_94' title="bbox 218 2399 1005 2439">
     <span class='ocr_line' id='line_1_94' title="bbox 218 2399 1005 2439; baseline -0.009 -7"><span class='ocrx_word' id='word_1_681' title='bbox 218 2403 406 2439; x_wconf 87' lang='lat' dir='ltr'><strong>paternaliter,</strong></span> <span class='ocrx_word' id='word_1_682' title='bbox 419 2405 509 2428; x_wconf 88' lang='lat' dir='ltr'><strong>etnon</strong></span> <span class='ocrx_word' id='word_1_683' title='bbox 522 2400 667 2426; x_wconf 81' lang='lat' dir='ltr'><strong>causaliter</strong></span> <span class='ocrx_word' id='word_1_684' title='bbox 684 2408 691 2426; x_wconf 90' lang='lat'><strong>:</strong></span> <span class='ocrx_word' id='word_1_685' title='bbox 709 2406 798 2427; x_wconf 80' lang='lat' dir='ltr'><strong>tamen</strong></span> <span class='ocrx_word' id='word_1_686' title='bbox 811 2405 839 2426; x_wconf 87' lang='lat' dir='ltr'><strong>et</strong></span> <span class='ocrx_word' id='word_1_687' title='bbox 855 2399 912 2434; x_wconf 87' lang='lat' dir='ltr'><strong>ipse</strong></span> <span class='ocrx_word' id='word_1_688' title='bbox 922 2406 1005 2426; x_wconf 87' lang='lat' dir='ltr'><strong>causa</strong></span> 
     </span>
    </p>
   </div>
   <div class='ocr_carea' id='block_1_95' title="bbox 217 2447 1004 2483">
    <p class='ocr_par' dir='ltr' id='par_1_95' title="bbox 217 2447 1004 2483">
     <span class='ocr_line' id='line_1_95' title="bbox 217 2447 1004 2483; baseline -0.01 -4"><span class='ocrx_word' id='word_1_689' title='bbox 217 2457 270 2483; x_wconf 89' lang='lat' dir='ltr'><strong>cst,</strong></span> <span class='ocrx_word' id='word_1_690' title='bbox 286 2455 314 2478; x_wconf 85' lang='lat' dir='ltr'><strong>et</strong></span> <span class='ocrx_word' id='word_1_691' title='bbox 337 2457 391 2477; x_wconf 89' lang='lat' dir='ltr'><strong>una</strong></span> <span class='ocrx_word' id='word_1_692' title='bbox 412 2455 475 2476; x_wconf 91' lang='lat' dir='ltr'><strong>cum</strong></span> <span class='ocrx_word' id='word_1_693' title='bbox 494 2447 574 2474; x_wconf 87' lang='lat' dir='ltr'><strong>Patre</strong></span> <span class='ocrx_word' id='word_1_694' title='bbox 593 2449 697 2473; x_wconf 87' lang='lat' dir='ltr'><strong>eulium</strong></span> <span class='ocrx_word' id='word_1_695' title='bbox 725 2453 818 2473; x_wconf 84' lang='lat' dir='ltr'><strong>causa.</strong></span> <span class='ocrx_word' id='word_1_696' title='bbox 846 2447 884 2472; x_wconf 80' lang='lat' dir='ltr'><strong>At:</strong></span> <span class='ocrx_word' id='word_1_697' title='bbox 910 2453 1004 2472; x_wconf 90' lang='lat' dir='ltr'><strong>eorum</strong></span> 
     </span>
    </p>
   </div>
   <div class='ocr_carea' id='block_1_96' title="bbox 219 2491 1006 2526">
    <p class='ocr_par' dir='ltr' id='par_1_96' title="bbox 219 2491 1006 2526">
     <span class='ocr_line' id='line_1_96' title="bbox 219 2491 1006 2526; baseline -0.009 -2"><span class='ocrx_word' id='word_1_698' title='bbox 219 2497 401 2526; x_wconf 81' lang='lat' dir='ltr'><strong>identitatem,</strong></span> <span class='ocrx_word' id='word_1_699' title='bbox 432 2499 460 2522; x_wconf 91' lang='lat' dir='ltr'><strong>et</strong></span> <span class='ocrx_word' id='word_1_700' title='bbox 493 2493 640 2520; x_wconf 85' lang='lat' dir='ltr'><strong>voluntatis</strong></span> <span class='ocrx_word' id='word_1_701' title='bbox 681 2491 830 2522; x_wconf 84' lang='lat' dir='ltr'><strong>unitatem,</strong></span> <span class='ocrx_word' id='word_1_702' title='bbox 872 2499 922 2518; x_wconf 90' lang='lat' dir='ltr'><strong>nec</strong></span> <span class='ocrx_word' id='word_1_703' title='bbox 954 2492 1006 2518; x_wconf 89' lang='lat' dir='ltr'><strong>mi-</strong></span> 
     </span>
    </p>
   </div>
   <div class='ocr_carea' id='block_1_97' title="bbox 222 2537 1004 2576">
    <p class='ocr_par' dir='ltr' id='par_1_97' title="bbox 222 2537 1004 2576">
     <span class='ocr_line' id='line_1_97' title="bbox 222 2537 1004 2576; baseline -0.008 -7"><span class='ocrx_word' id='word_1_704' title='bbox 222 2551 273 2570; x_wconf 85' lang='lat' dir='ltr'><strong>nus</strong></span> <span class='ocrx_word' id='word_1_705' title='bbox 302 2547 479 2576; x_wconf 85' lang='lat' dir='ltr'><strong>personarum</strong></span> <span class='ocrx_word' id='word_1_706' title='bbox 509 2538 732 2569; x_wconf 89' lang='lat' dir='ltr'><strong>distinctionem,</strong></span> <span class='ocrx_word' id='word_1_707' title='bbox 768 2544 816 2571; x_wconf 81' lang='lat' dir='ltr'><strong>per</strong></span> <span class='ocrx_word' id='word_1_708' title='bbox 850 2537 1004 2571; x_wconf 75' lang='lat' dir='ltr'><strong>praepositio</strong></span> 
     </span>
    </p>
   </div>
   <div class='ocr_carea' id='block_1_98' title="bbox 221 2583 1007 2623">
    <p class='ocr_par' dir='ltr' id='par_1_98' title="bbox 221 2583 1007 2623">
     <span class='ocr_line' id='line_1_98' title="bbox 221 2583 1007 2623; baseline -0.008 -8"><span class='ocrx_word' id='word_1_709' title='bbox 221 2590 409 2623; x_wconf 70' lang='lat' dir='ltr'><strong>repraesentat.</strong></span> <span class='ocrx_word' id='word_1_710' title='bbox 425 2586 490 2619; x_wconf 63' lang='lat' dir='ltr'><strong>Quae</strong></span> <span class='ocrx_word' id='word_1_711' title='bbox 504 2589 606 2616; x_wconf 87' lang='lat' dir='ltr'><strong>autent,</strong></span> <span class='ocrx_word' id='word_1_712' title='bbox 623 2583 723 2618; x_wconf 91' lang='lat' dir='ltr'><strong>inquit,</strong></span> <span class='ocrx_word' id='word_1_713' title='bbox 739 2583 811 2617; x_wconf 84' lang='lat' dir='ltr'><strong>quod</strong></span> <span class='ocrx_word' id='word_1_714' title='bbox 826 2590 894 2618; x_wconf 87' lang='lat' dir='ltr'><strong>opus</strong></span> <span class='ocrx_word' id='word_1_715' title='bbox 906 2583 1007 2610; x_wconf 76' lang='lat' dir='ltr'><strong>divina:</strong></span> 
     </span>
    </p>
   </div>
   <div class='ocr_carea' id='block_1_99' title="bbox 221 2628 1004 2664">
    <p class='ocr_par' dir='ltr' id='par_1_99' title="bbox 221 2628 1004 2664">
     <span class='ocr_line' id='line_1_99' title="bbox 221 2628 1004 2664; baseline -0.008 -3"><span class='ocrx_word' id='word_1_716' title='bbox 221 2633 379 2664; x_wconf 86' lang='lat' dir='ltr'><strong>voluntatis,</strong></span> <span class='ocrx_word' id='word_1_717' title='bbox 392 2636 420 2659; x_wconf 90' lang='lat' dir='ltr'><strong>et</strong></span> <span class='ocrx_word' id='word_1_718' title='bbox 443 2631 545 2658; x_wconf 85' lang='lat' dir='ltr'><strong>ideirco</strong></span> <span class='ocrx_word' id='word_1_719' title='bbox 560 2634 711 2657; x_wconf 87' lang='lat' dir='ltr'><strong>creaturam</strong></span> <span class='ocrx_word' id='word_1_720' title='bbox 728 2628 845 2656; x_wconf 85' lang='lat' dir='ltr'><strong>dicimus</strong></span> <span class='ocrx_word' id='word_1_721' title='bbox 870 2629 1004 2664; x_wconf 90' lang='lat' dir='ltr'><strong>Spiritum</strong></span> 
     </span>
    </p>
   </div>
   <div class='ocr_carea' id='block_1_100' title="bbox 222 2675 1006 2713">
    <p class='ocr_par' dir='ltr' id='par_1_100' title="bbox 222 2675 1006 2713">
     <span class='ocr_line' id='line_1_100' title="bbox 222 2675 1006 2713; baseline -0.005 -8"><span class='ocrx_word' id='word_1_722' title='bbox 222 2683 335 2713; x_wconf 78' lang='lat' dir='ltr'><strong>propter</strong></span> <span class='ocrx_word' id='word_1_723' title='bbox 349 2678 419 2704; x_wconf 88' lang='lat' dir='ltr'><strong>hanc</strong></span> <span class='ocrx_word' id='word_1_724' title='bbox 438 2676 597 2707; x_wconf 90' lang='lat' dir='ltr'><strong>dictionem,</strong></span> <span class='ocrx_word' id='word_1_725' title='bbox 615 2683 671 2710; x_wconf 84' lang='lat' dir='ltr'><strong>per,</strong></span> <span class='ocrx_word' id='word_1_726' title='bbox 694 2683 754 2710; x_wconf 62' lang='lat' dir='ltr'><strong>qum</strong></span> <span class='ocrx_word' id='word_1_727' title='bbox 771 2675 940 2702; x_wconf 89' lang='lat' dir='ltr'><strong>identitatem</strong></span> <span class='ocrx_word' id='word_1_728' title='bbox 959 2682 1006 2702; x_wconf 90' lang='lat' dir='ltr'><strong>vo-</strong></span> 
     </span>
    </p>
   </div>
   <div class='ocr_carea' id='block_1_101' title="bbox 222 2721 1006 2757">
    <p class='ocr_par' dir='ltr' id='par_1_101' title="bbox 222 2721 1006 2757">
     <span class='ocr_line' id='line_1_101' title="bbox 222 2721 1006 2757; baseline -0.005 -6"><span class='ocrx_word' id='word_1_729' title='bbox 222 2724 336 2751; x_wconf 81' lang='lat' dir='ltr'><strong>tuntatis</strong></span> <span class='ocrx_word' id='word_1_730' title='bbox 360 2727 546 2757; x_wconf 65' lang='lat' dir='ltr'><strong>repraesentat.</strong></span> <span class='ocrx_word' id='word_1_731' title='bbox 579 2721 655 2748; x_wconf 82' lang='lat' dir='ltr'><strong>llaud</strong></span> <span class='ocrx_word' id='word_1_732' title='bbox 683 2722 741 2749; x_wconf 89' lang='lat' dir='ltr'><strong>scio</strong></span> <span class='ocrx_word' id='word_1_733' title='bbox 761 2722 782 2748; x_wconf 89' lang='lat' dir='ltr'><strong>si</strong></span> <span class='ocrx_word' id='word_1_734' title='bbox 815 2721 897 2748; x_wconf 88' lang='lat' dir='ltr'><strong>alicui</strong></span> <span class='ocrx_word' id='word_1_735' title='bbox 928 2721 1006 2748; x_wconf 89' lang='lat' dir='ltr'><strong>alteri</strong></span> 
     </span>
    </p>
   </div>
   <div class='ocr_carea' id='block_1_102' title="bbox 223 2767 1007 2804">
    <p class='ocr_par' dir='ltr' id='par_1_102' title="bbox 223 2767 1007 2804">
     <span class='ocr_line' id='line_1_102' title="bbox 223 2767 1007 2804; baseline -0.004 -8"><span class='ocrx_word' id='word_1_736' title='bbox 223 2775 320 2804; x_wconf 68' lang='lat' dir='ltr'><strong>praeter</strong></span> <span class='ocrx_word' id='word_1_737' title='bbox 335 2777 364 2797; x_wconf 88' lang='lat' dir='ltr'><strong>se</strong></span> <span class='ocrx_word' id='word_1_738' title='bbox 385 2770 473 2803; x_wconf 90' lang='lat' dir='ltr'><strong>ipsum</strong></span> <span class='ocrx_word' id='word_1_739' title='bbox 489 2768 574 2795; x_wconf 85' lang='lat' dir='ltr'><strong>videri</strong></span> <span class='ocrx_word' id='word_1_740' title='bbox 601 2768 716 2802; x_wconf 88' lang='lat' dir='ltr'><strong>possint.</strong></span> <span class='ocrx_word' id='word_1_741' title='bbox 733 2767 760 2795; x_wconf 88' lang='lat' dir='ltr'><strong>Si</strong></span> <span class='ocrx_word' id='word_1_742' title='bbox 774 2767 846 2794; x_wconf 88' lang='lat' dir='ltr'><strong>enim</strong></span> <span class='ocrx_word' id='word_1_743' title='bbox 863 2772 1007 2802; x_wconf 87' lang='lat' dir='ltr'><strong>propterea</strong></span> 
     </span>
    </p>
   </div>
   <div class='ocr_carea' id='block_1_103' title="bbox 223 2813 1008 2851">
    <p class='ocr_par' dir='ltr' id='par_1_103' title="bbox 223 2813 1008 2851">
     <span class='ocr_line' id='line_1_103' title="bbox 223 2813 1008 2851; baseline -0.003 -10"><span class='ocrx_word' id='word_1_744' title='bbox 223 2817 296 2850; x_wconf 79' lang='lat' dir='ltr'><strong>quod</strong></span> <span class='ocrx_word' id='word_1_745' title='bbox 313 2824 359 2851; x_wconf 77' lang='lat' dir='ltr'><strong>per</strong></span> <span class='ocrx_word' id='word_1_746' title='bbox 376 2816 524 2843; x_wconf 85' lang='lat' dir='ltr'><strong>voluntatis</strong></span> <span class='ocrx_word' id='word_1_747' title='bbox 555 2815 727 2842; x_wconf 83' lang='lat' dir='ltr'><strong>identitatem</strong></span> <span class='ocrx_word' id='word_1_748' title='bbox 756 2813 893 2844; x_wconf 78' lang='lat' dir='ltr'><strong>ostendit,</strong></span> <span class='ocrx_word' id='word_1_749' title='bbox 909 2821 1008 2840; x_wconf 77' lang='lat' dir='ltr'><strong>secun-</strong></span> 
     </span>
    </p>
   </div>
   <div class='ocr_carea' id='block_1_104' title="bbox 223 2859 1008 2896">
    <p class='ocr_par' dir='ltr' id='par_1_104' title="bbox 223 2859 1008 2896">
     <span class='ocr_line' id='line_1_104' title="bbox 223 2859 1008 2896; baseline -0.004 -8"><span class='ocrx_word' id='word_1_750' title='bbox 223 2864 288 2893; x_wconf 70' lang='lat' dir='ltr'><strong>dum</strong></span> <span class='ocrx_word' id='word_1_751' title='bbox 316 2863 396 2889; x_wconf 83' lang='lat' dir='ltr'><strong>istum</strong></span> <span class='ocrx_word' id='word_1_752' title='bbox 422 2860 541 2896; x_wconf 67' lang='lat' dir='ltr'><strong>Spiritus</strong></span> <span class='ocrx_word' id='word_1_753' title='bbox 565 2865 689 2888; x_wconf 83' lang='lat' dir='ltr'><strong>creatura</strong></span> <span class='ocrx_word' id='word_1_754' title='bbox 709 2867 768 2887; x_wconf 85' lang='lat' dir='ltr'><strong>esse</strong></span> <span class='ocrx_word' id='word_1_755' title='bbox 785 2859 940 2895; x_wconf 75' lang='lat' dir='ltr'><strong>colligitur:</strong></span> <span class='ocrx_word' id='word_1_756' title='bbox 959 2867 1008 2886; x_wconf 89' lang='lat' dir='ltr'><strong>cur</strong></span> 
     </span>
    </p>
   </div>
   <div class='ocr_carea' id='block_1_105' title="bbox 1059 2266 1843 2300">
    <p class='ocr_par' dir='ltr' id='par_1_105' title="bbox 1059 2266 1843 2300">
     <span class='ocr_line' id='line_1_105' title="bbox 1059 2266 1843 2300; baseline 0 -6"><span class='ocrx_word' id='word_1_757' title='bbox 1059 2268 1095 2294; x_wconf 87' lang='lat' dir='ltr'><strong>tia</strong></span> <span class='ocrx_word' id='word_1_758' title='bbox 1122 2267 1277 2300; x_wconf 76' lang='lat' dir='ltr'><strong>Theologus</strong></span> <span class='ocrx_word' id='word_1_759' title='bbox 1307 2270 1348 2292; x_wconf 72' lang='lat' dir='ltr'><strong>cst</strong></span> <span class='ocrx_word' id='word_1_760' title='bbox 1373 2271 1557 2300; x_wconf 85' lang='lat' dir='ltr'><strong>nuncupatus,</strong></span> <span class='ocrx_word' id='word_1_761' title='bbox 1574 2266 1727 2293; x_wconf 87' lang='lat' dir='ltr'><strong>secundum</strong></span> <span class='ocrx_word' id='word_1_762' title='bbox 1741 2275 1803 2294; x_wconf 84' lang='lat' dir='ltr'><strong>esse</strong></span> <span class='ocrx_word' id='word_1_763' title='bbox 1816 2268 1843 2294; x_wconf 89' lang='lat' dir='ltr'><strong>in</strong></span> 
     </span>
    </p>
   </div>
   <div class='ocr_carea' id='block_1_106' title="bbox 1060 2312 1845 2346">
    <p class='ocr_par' dir='ltr' id='par_1_106' title="bbox 1060 2312 1845 2346">
     <span class='ocr_line' id='line_1_106' title="bbox 1060 2312 1845 2346; baseline 0 -6"><span class='ocrx_word' id='word_1_764' title='bbox 1060 2314 1118 2340; x_wconf 84' lang='lat' dir='ltr'><strong>suis</strong></span> <span class='ocrx_word' id='word_1_765' title='bbox 1144 2312 1325 2343; x_wconf 89' lang='lat' dir='ltr'><strong>carminibus,</strong></span> <span class='ocrx_word' id='word_1_766' title='bbox 1350 2312 1455 2346; x_wconf 91' lang='lat' dir='ltr'><strong>inquit,</strong></span> <span class='ocrx_word' id='word_1_767' title='bbox 1475 2312 1609 2346; x_wconf 50' lang='lat' dir='ltr'><strong>Spiritum</strong></span> <span class='ocrx_word' id='word_1_768' title='bbox 1621 2318 1746 2339; x_wconf 84' lang='lat' dir='ltr'><strong>sanctum</strong></span> <span class='ocrx_word' id='word_1_769' title='bbox 1763 2322 1777 2340; x_wconf 86' lang='lat' dir='ltr'><strong>a</strong></span> <span class='ocrx_word' id='word_1_770' title='bbox 1794 2314 1845 2340; x_wconf 85' lang='lat' dir='ltr'><strong>Pa-</strong></span> 
     </span>
    </p>
   </div>
   <div class='ocr_carea' id='block_1_107' title="bbox 1061 2357 1844 2394">
    <p class='ocr_par' dir='ltr' id='par_1_107' title="bbox 1061 2357 1844 2394">
     <span class='ocr_line' id='line_1_107' title="bbox 1061 2357 1844 2394; baseline -0.001 -8"><span class='ocrx_word' id='word_1_771' title='bbox 1061 2364 1100 2386; x_wconf 88' lang='lat' dir='ltr'><strong>tre</strong></span> <span class='ocrx_word' id='word_1_772' title='bbox 1115 2358 1346 2394; x_wconf 82' lang='lat' dir='ltr'><strong>quemadmodum</strong></span> <span class='ocrx_word' id='word_1_773' title='bbox 1371 2363 1398 2384; x_wconf 90' lang='lat' dir='ltr'><strong>ct</strong></span> <span class='ocrx_word' id='word_1_774' title='bbox 1416 2357 1528 2384; x_wconf 87' lang='lat' dir='ltr'><strong>Filium.</strong></span> <span class='ocrx_word' id='word_1_775' title='bbox 1547 2358 1689 2393; x_wconf 76' lang='lat' dir='ltr'><strong>Nyssenus</strong></span> <span class='ocrx_word' id='word_1_776' title='bbox 1704 2367 1770 2386; x_wconf 89' lang='lat' dir='ltr'><strong>vero</strong></span> <span class='ocrx_word' id='word_1_777' title='bbox 1790 2367 1844 2385; x_wconf 80' lang='lat' dir='ltr'><strong>una</strong></span> 
     </span>
    </p>
   </div>
   <div class='ocr_carea' id='block_1_108' title="bbox 1060 2403 1847 2439">
    <p class='ocr_par' dir='ltr' id='par_1_108' title="bbox 1060 2403 1847 2439">
     <span class='ocr_line' id='line_1_108' title="bbox 1060 2403 1847 2439; baseline 0 -7"><span class='ocrx_word' id='word_1_778' title='bbox 1060 2413 1121 2432; x_wconf 90' lang='lat' dir='ltr'><strong>cum</strong></span> <span class='ocrx_word' id='word_1_779' title='bbox 1144 2403 1268 2439; x_wconf 81' lang='lat' dir='ltr'><strong>pluribus</strong></span> <span class='ocrx_word' id='word_1_780' title='bbox 1296 2403 1358 2429; x_wconf 90' lang='lat' dir='ltr'><strong>aliis</strong></span> <span class='ocrx_word' id='word_1_781' title='bbox 1387 2404 1422 2430; x_wconf 84' lang='lat' dir='ltr'><strong>ad</strong></span> <span class='ocrx_word' id='word_1_782' title='bbox 1436 2411 1516 2430; x_wconf 88' lang='lat' dir='ltr'><strong>unam</strong></span> <span class='ocrx_word' id='word_1_783' title='bbox 1534 2404 1624 2431; x_wconf 88' lang='lat' dir='ltr'><strong>Patris</strong></span> <span class='ocrx_word' id='word_1_784' title='bbox 1641 2412 1787 2438; x_wconf 85' lang='lat' dir='ltr'><strong>personant</strong></span> <span class='ocrx_word' id='word_1_785' title='bbox 1800 2414 1847 2432; x_wconf 81' lang='lat' dir='ltr'><strong>cc-</strong></span> 
     </span>
    </p>
   </div>
   <div class='ocr_carea' id='block_1_109' title="bbox 1060 2451 1844 2486">
    <p class='ocr_par' dir='ltr' id='par_1_109' title="bbox 1060 2451 1844 2486">
     <span class='ocr_line' id='line_1_109' title="bbox 1060 2451 1844 2486; baseline 0 -8"><span class='ocrx_word' id='word_1_786' title='bbox 1060 2451 1122 2478; x_wconf 84' lang='lat' dir='ltr'><strong>dem</strong></span> <span class='ocrx_word' id='word_1_787' title='bbox 1157 2451 1237 2477; x_wconf 88' lang='lat' dir='ltr'><strong>modo</strong></span> <span class='ocrx_word' id='word_1_788' title='bbox 1263 2454 1412 2484; x_wconf 87' lang='lat' dir='ltr'><strong>utrumque</strong></span> <span class='ocrx_word' id='word_1_789' title='bbox 1444 2458 1473 2477; x_wconf 83' lang='lat' dir='ltr'><strong>se</strong></span> <span class='ocrx_word' id='word_1_790' title='bbox 1499 2451 1601 2477; x_wconf 87' lang='lat' dir='ltr'><strong>habere</strong></span> <span class='ocrx_word' id='word_1_791' title='bbox 1615 2451 1718 2485; x_wconf 85' lang='lat' dir='ltr'><strong>inquit,</strong></span> <span class='ocrx_word' id='word_1_792' title='bbox 1745 2457 1844 2486; x_wconf 76' lang='lat' dir='ltr'><strong>praeter</strong></span> 
     </span>
    </p>
   </div>
   <div class='ocr_carea' id='block_1_110' title="bbox 1061 2495 1846 2531">
    <p class='ocr_par' dir='ltr' id='par_1_110' title="bbox 1061 2495 1846 2531">
     <span class='ocr_line' id='line_1_110' title="bbox 1061 2495 1846 2531; baseline 0.001 -8"><span class='ocrx_word' id='word_1_793' title='bbox 1061 2497 1248 2524; x_wconf 63' lang='lat' dir='ltr'><strong>subsistentia:</strong></span> <span class='ocrx_word' id='word_1_794' title='bbox 1275 2496 1400 2522; x_wconf 88' lang='lat' dir='ltr'><strong>modum.</strong></span> <span class='ocrx_word' id='word_1_795' title='bbox 1422 2495 1492 2529; x_wconf 88' lang='lat' dir='ltr'><strong>Quid</strong></span> <span class='ocrx_word' id='word_1_796' title='bbox 1517 2501 1609 2523; x_wconf 87' lang='lat' dir='ltr'><strong>autem</strong></span> <span class='ocrx_word' id='word_1_797' title='bbox 1623 2497 1662 2523; x_wconf 92' lang='lat' dir='ltr'><strong>illi</strong></span> <span class='ocrx_word' id='word_1_798' title='bbox 1682 2498 1730 2531; x_wconf 88' lang='lat' dir='ltr'><strong>qui</strong></span> <span class='ocrx_word' id='word_1_799' title='bbox 1750 2498 1846 2524; x_wconf 89' lang='lat' dir='ltr'><strong>dicunt</strong></span> 
     </span>
    </p>
   </div>
   <div class='ocr_carea' id='block_1_111' title="bbox 1062 2541 1846 2576">
    <p class='ocr_par' dir='ltr' id='par_1_111' title="bbox 1062 2541 1846 2576">
     <span class='ocr_line' id='line_1_111' title="bbox 1062 2541 1846 2576; baseline 0 -8"><span class='ocrx_word' id='word_1_800' title='bbox 1062 2541 1196 2576; x_wconf 88' lang='lat' dir='ltr'><strong>Spiritum</strong></span> <span class='ocrx_word' id='word_1_801' title='bbox 1223 2546 1348 2568; x_wconf 85' lang='lat' dir='ltr'><strong>sanctum</strong></span> <span class='ocrx_word' id='word_1_802' title='bbox 1377 2549 1409 2568; x_wconf 80' lang='lat' dir='ltr'><strong>ex</strong></span> <span class='ocrx_word' id='word_1_803' title='bbox 1438 2541 1519 2569; x_wconf 81' lang='lat' dir='ltr'><strong>Patre</strong></span> <span class='ocrx_word' id='word_1_804' title='bbox 1534 2542 1697 2575; x_wconf 66' lang='lat' dir='ltr'><strong>piocetlere,</strong></span> <span class='ocrx_word' id='word_1_805' title='bbox 1718 2544 1846 2576; x_wconf 79' lang='lat' dir='ltr'><strong>atquein</strong></span> 
     </span>
    </p>
   </div>
   <div class='ocr_carea' id='block_1_112' title="bbox 1062 2587 1845 2622">
    <p class='ocr_par' dir='ltr' id='par_1_112' title="bbox 1062 2587 1845 2622">
     <span class='ocr_line' id='line_1_112' title="bbox 1062 2587 1845 2622; baseline -0.001 -7"><span class='ocrx_word' id='word_1_806' title='bbox 1062 2588 1132 2615; x_wconf 81' lang='lat' dir='ltr'><strong>Filio</strong></span> <span class='ocrx_word' id='word_1_807' title='bbox 1148 2595 1322 2622; x_wconf 88' lang='lat' dir='ltr'><strong>permanere,</strong></span> <span class='ocrx_word' id='word_1_808' title='bbox 1342 2592 1370 2614; x_wconf 84' lang='lat' dir='ltr'><strong>et</strong></span> <span class='ocrx_word' id='word_1_809' title='bbox 1384 2594 1418 2613; x_wconf 76' lang='lat' dir='ltr'><strong>ex</strong></span> <span class='ocrx_word' id='word_1_810' title='bbox 1433 2587 1515 2614; x_wconf 84' lang='lat' dir='ltr'><strong>Patre</strong></span> <span class='ocrx_word' id='word_1_811' title='bbox 1531 2589 1557 2613; x_wconf 93' lang='lat' dir='ltr'><strong>in</strong></span> <span class='ocrx_word' id='word_1_812' title='bbox 1574 2587 1674 2614; x_wconf 86' lang='lat' dir='ltr'><strong>Filium</strong></span> <span class='ocrx_word' id='word_1_813' title='bbox 1688 2593 1845 2622; x_wconf 84' lang='lat' dir='ltr'><strong>penetrare,</strong></span> 
     </span>
    </p>
   </div>
   <div class='ocr_carea' id='block_1_113' title="bbox 1062 2633 1846 2669">
    <p class='ocr_par' dir='ltr' id='par_1_113' title="bbox 1062 2633 1846 2669">
     <span class='ocr_line' id='line_1_113' title="bbox 1062 2633 1846 2669; baseline -0.001 -8"><span class='ocrx_word' id='word_1_814' title='bbox 1062 2642 1093 2661; x_wconf 85' lang='lat' dir='ltr'><strong>ac</strong></span> <span class='ocrx_word' id='word_1_815' title='bbox 1108 2641 1142 2661; x_wconf 78' lang='lat' dir='ltr'><strong>ex</strong></span> <span class='ocrx_word' id='word_1_816' title='bbox 1157 2633 1238 2660; x_wconf 85' lang='lat' dir='ltr'><strong>Patre</strong></span> <span class='ocrx_word' id='word_1_817' title='bbox 1252 2640 1323 2664; x_wconf 85' lang='lat' dir='ltr'><strong>esse,</strong></span> <span class='ocrx_word' id='word_1_818' title='bbox 1338 2633 1483 2667; x_wconf 82' lang='lat' dir='ltr'><strong>Verboque</strong></span> <span class='ocrx_word' id='word_1_819' title='bbox 1501 2633 1701 2661; x_wconf 73' lang='lat' dir='ltr'><strong>concomitaril</strong></span> <span class='ocrx_word' id='word_1_820' title='bbox 1719 2635 1786 2661; x_wconf 85' lang='lat' dir='ltr'><strong>Item</strong></span> <span class='ocrx_word' id='word_1_821' title='bbox 1799 2636 1846 2669; x_wconf 89' lang='lat' dir='ltr'><strong>qui</strong></span> 
     </span>
    </p>
   </div>
   <div class='ocr_carea' id='block_1_114' title="bbox 1063 2677 1848 2707">
    <p class='ocr_par' dir='ltr' id='par_1_114' title="bbox 1063 2677 1848 2707">
     <span class='ocr_line' id='line_1_114' title="bbox 1063 2677 1848 2707; baseline 0.001 -1"><span class='ocrx_word' id='word_1_822' title='bbox 1063 2679 1287 2707; x_wconf 88' lang='lat' dir='ltr'><strong>communionem</strong></span> <span class='ocrx_word' id='word_1_823' title='bbox 1312 2678 1474 2705; x_wconf 87' lang='lat' dir='ltr'><strong>charitatcm</strong></span> <span class='ocrx_word' id='word_1_824' title='bbox 1515 2678 1605 2705; x_wconf 85' lang='lat' dir='ltr'><strong>Patris</strong></span> <span class='ocrx_word' id='word_1_825' title='bbox 1637 2683 1664 2705; x_wconf 85' lang='lat' dir='ltr'><strong>et</strong></span> <span class='ocrx_word' id='word_1_826' title='bbox 1695 2677 1756 2705; x_wconf 77' lang='lat' dir='ltr'><strong>Filii</strong></span> <span class='ocrx_word' id='word_1_827' title='bbox 1787 2686 1848 2707; x_wconf 85' lang='lat' dir='ltr'><strong>esse</strong></span> 
     </span>
    </p>
   </div>
   <div class='ocr_carea' id='block_1_115' title="bbox 1064 2723 1850 2758">
    <p class='ocr_par' dir='ltr' id='par_1_115' title="bbox 1064 2723 1850 2758">
     <span class='ocr_line' id='line_1_115' title="bbox 1064 2723 1850 2758; baseline 0 -8"><span class='ocrx_word' id='word_1_828' title='bbox 1064 2723 1196 2758; x_wconf 88' lang='lat' dir='ltr'><strong>Spiritum</strong></span> <span class='ocrx_word' id='word_1_829' title='bbox 1220 2728 1344 2750; x_wconf 85' lang='lat' dir='ltr'><strong>sanctum</strong></span> <span class='ocrx_word' id='word_1_830' title='bbox 1370 2727 1508 2755; x_wconf 85' lang='lat' dir='ltr'><strong>asserunt,</strong></span> <span class='ocrx_word' id='word_1_831' title='bbox 1539 2728 1674 2758; x_wconf 65' lang='lat' dir='ltr'><strong>prmtcrea</strong></span> <span class='ocrx_word' id='word_1_832' title='bbox 1689 2724 1736 2758; x_wconf 85' lang='lat' dir='ltr'><strong>qui</strong></span> <span class='ocrx_word' id='word_1_833' title='bbox 1754 2731 1850 2751; x_wconf 85' lang='lat' dir='ltr'><strong>unam-</strong></span> 
     </span>
    </p>
   </div>
   <div class='ocr_carea' id='block_1_116' title="bbox 1062 2769 1850 2805">
    <p class='ocr_par' dir='ltr' id='par_1_116' title="bbox 1062 2769 1850 2805">
     <span class='ocr_line' id='line_1_116' title="bbox 1062 2769 1850 2805; baseline 0.001 -9"><span class='ocrx_word' id='word_1_834' title='bbox 1062 2777 1199 2805; x_wconf 84' lang='lat' dir='ltr'><strong>quamque</strong></span> <span class='ocrx_word' id='word_1_835' title='bbox 1212 2776 1357 2802; x_wconf 85' lang='lat' dir='ltr'><strong>personam</strong></span> <span class='ocrx_word' id='word_1_836' title='bbox 1380 2769 1413 2795; x_wconf 88' lang='lat' dir='ltr'><strong>ad</strong></span> <span class='ocrx_word' id='word_1_837' title='bbox 1426 2769 1540 2795; x_wconf 82' lang='lat' dir='ltr'><strong>alteram</strong></span> <span class='ocrx_word' id='word_1_838' title='bbox 1557 2777 1586 2796; x_wconf 89' lang='lat' dir='ltr'><strong>se</strong></span> <span class='ocrx_word' id='word_1_839' title='bbox 1602 2769 1702 2796; x_wconf 85' lang='lat' dir='ltr'><strong>habere</strong></span> <span class='ocrx_word' id='word_1_840' title='bbox 1725 2777 1780 2796; x_wconf 85' lang='lat' dir='ltr'><strong>non</strong></span> <span class='ocrx_word' id='word_1_841' title='bbox 1797 2770 1850 2797; x_wconf 85' lang='lat' dir='ltr'><strong>mi-</strong></span> 
     </span>
    </p>
   </div>
   <div class='ocr_carea' id='block_1_117' title="bbox 1064 2815 1851 2851">
    <p class='ocr_par' dir='ltr' id='par_1_117' title="bbox 1064 2815 1851 2851">
     <span class='ocr_line' id='line_1_117' title="bbox 1064 2815 1851 2851; baseline 0.003 -9"><span class='ocrx_word' id='word_1_842' title='bbox 1064 2823 1115 2842; x_wconf 87' lang='lat' dir='ltr'><strong>nus</strong></span> <span class='ocrx_word' id='word_1_843' title='bbox 1146 2823 1227 2849; x_wconf 86' lang='lat' dir='ltr'><strong>quam</strong></span> <span class='ocrx_word' id='word_1_844' title='bbox 1251 2815 1284 2841; x_wconf 89' lang='lat' dir='ltr'><strong>ad</strong></span> <span class='ocrx_word' id='word_1_845' title='bbox 1316 2821 1345 2842; x_wconf 82' lang='lat' dir='ltr'><strong>se</strong></span> <span class='ocrx_word' id='word_1_846' title='bbox 1376 2815 1474 2850; x_wconf 88' lang='lat' dir='ltr'><strong>ipsam.</strong></span> <span class='ocrx_word' id='word_1_847' title='bbox 1498 2815 1569 2848; x_wconf 83' lang='lat' dir='ltr'><strong>Quid</strong></span> <span class='ocrx_word' id='word_1_848' title='bbox 1593 2815 1712 2850; x_wconf 81' lang='lat' dir='ltr'><strong>denique</strong></span> <span class='ocrx_word' id='word_1_849' title='bbox 1730 2817 1786 2849; x_wconf 88' lang='lat' dir='ltr'><strong>ille,</strong></span> <span class='ocrx_word' id='word_1_850' title='bbox 1804 2817 1851 2851; x_wconf 83' lang='lat' dir='ltr'><strong>qui</strong></span> 
     </span>
    </p>
   </div>
   <div class='ocr_carea' id='block_1_118' title="bbox 1064 2860 1849 2896">
    <p class='ocr_par' dir='ltr' id='par_1_118' title="bbox 1064 2860 1849 2896">
     <span class='ocr_line' id='line_1_118' title="bbox 1064 2860 1849 2896; baseline 0.001 -9"><span class='ocrx_word' id='word_1_851' title='bbox 1064 2865 1154 2887; x_wconf 61' lang='lat' dir='ltr'><strong>cantat</strong></span> <span class='ocrx_word' id='word_1_852' title='bbox 1171 2870 1177 2887; x_wconf 85' lang='lat'><strong>:</strong></span> <span class='ocrx_word' id='word_1_853' title='bbox 1198 2860 1293 2887; x_wconf 65' lang='lat' dir='ltr'><strong>lienus</strong></span> <span class='ocrx_word' id='word_1_854' title='bbox 1319 2865 1371 2887; x_wconf 74' lang='lat' dir='ltr'><strong>ture</strong></span> <span class='ocrx_word' id='word_1_855' title='bbox 1404 2860 1521 2894; x_wconf 63' lang='lat' dir='ltr'><strong>fecerunt</strong></span> <span class='ocrx_word' id='word_1_856' title='bbox 1550 2869 1591 2887; x_wconf 80' lang='lat' dir='ltr'><strong>me</strong></span> <span class='ocrx_word' id='word_1_857' title='bbox 1610 2866 1633 2888; x_wconf 75' lang='grc' dir='ltr'><em>τι</em></span> <span class='ocrx_word' id='word_1_858' title='bbox 1651 2861 1849 2896; x_wconf 79' lang='lat' dir='ltr'><strong>pla-muremnt</strong></span> 
     </span>
    </p>
   </div>
  </div>
