1925 3056
99 143 155 176 293

564 127 756 173 Arctoam
779 131 1090 171 thcmrrtONUM
1112 128 1232 173 Vacci.

1671 124 1725 168 est

98 200 165 227 me?
194 199 292 228 Nonne
315 200 400 237 igitur
422 199 450 227 hi
465 207 561 227 omnes
581 198 740 227 immediate
753 197 885 233 Spiritum
901 202 923 231 Α
938 198 990 224 erit
1004 197 1135 232 deinceps
1155 198 1236 224 Pater
1257 203 1375 231 persona
1398 195 1483 223 altera
1500 199 1598 230 praeter
1613 193 1724 225 Filium,

99 251 229 274 sanctum
243 254 276 274 ex
293 246 375 274 Patre
390 254 451 274 esse
467 245 628 273 ostendunt.

376 302 476 330 Nicwni
488 302 614 337 defensio.

138 360 196 388 Nec
227 367 295 387 vero
318 358 432 386 omnino
455 365 506 385 nos
527 365 660 393 negamus
680 357 812 392 Spiritum
828 365 890 384 san-

102 413 178 435 ctum
208 406 368 434 immediate
398 413 429 432 ex
474 404 567 436 Patre.
599 411 757 439 quanquam
784 411 839 431 non
864 403 890 430 id

103 461 232 488 expresse
262 453 365 480 dictum
389 459 411 491 \a
441 451 602 479 doctoribus
623 450 749 478 attulisti.
765 450 794 478 Si
808 446 891 485 igitur

75 499 88 565 ξ
105 501 188 528 etiam
215 499 273 534 ipse
299 498 443 525 nobiscunt
471 505 534 524 eum
558 497 678 524 mediate
705 503 766 524 esse
786 495 891 528 fateris,

107 554 157 565 nrn
174 545 253 565 uniti:
266 553 356 565 ttortnn
367 549 409 565 ut
421 552 428 565 ς
443 544 483 565 sin
507 548 596 565 nntnm
610 543 635 565 id
648 550 738 565 mres.
751 542 891 565 sonttenlia

107 554 157 582 pro
174 545 253 572 nobis
265 553 356 572 sermo
367 549 428 572 est:
443 544 484 571 sin
506 548 596 570 atttcm
610 543 636 570 id
648 550 739 574 cares,
751 542 893 577 sequentia

107 566 156 582 ν...
174 566 253 572 μνη.-
265 566 355 572 ,νηην
369 566 409 572 ν-.
422 566 428 571 .
443 566 484 571 η...
506 566 596 570 -,..-...
610 566 636 570 .-
649 566 739 574 __.--,
751 566 892 577 “rem.

84 566 95 627 ἱ
108 591 302 623 reformidans,
332 590 476 617 doctorum
506 589 555 615 tibi
581 588 762 623 reprehensio
781 591 892 622 praesto,

90 637 155 670 lqui
183 640 210 662 et
234 635 334 662 Filium
356 642 388 661 ex
421 635 501 661 Patre
535 633 692 660 immediate
709 639 769 659 esse
783 631 893 662 docent,

90 672 96 688 Ἰ
108 687 191 716 atque
203 681 273 708 inter
288 689 336 708 eos
351 680 421 707 nihil
448 682 508 707 esse
525 679 625 711 medii,
638 686 669 705 ac
684 678 816 712 Spiritum
834 684 895 703 esse

108 735 158 763 per
176 727 288 759 Filium,
317 726 492 761 mediamque
519 732 667 760 personam
687 723 748 751 Filii
762 723 834 750 inter
847 723 896 749 Pa-

110 778 180 801 trem
204 778 232 801 et
262 772 396 808 Spiritum
426 775 562 799 sanctum.
590 770 634 798 Fit
656 774 746 797 autent
766 769 814 796 tibi
831 769 896 795 hinc

110 818 249 853 deceptio,
282 825 344 845 cum
371 815 543 850 distinguere
556 816 581 843 id
600 823 654 842 non
667 815 765 849 possis,
782 821 836 849 quo
851 821 898 848 pa-

111 866 156 889 cto
176 869 209 889 ex
236 862 318 888 Patre
352 861 511 888 immediate
541 859 661 894 Spiritus
688 860 806 894 sit,quo
818 863 897 894 pacto

111 907 195 934 etiam
226 907 354 934 ntediate.
381 906 449 933 Nam
480 906 502 932 si
535 906 577 932 vel
593 905 699 932 duabus
714 908 742 931 et
767 904 896 931 diﬂ‘eren-

112 954 188 981 tlbus
209 953 433 989 processionibus
448 960 482 979 ex
511 952 589 979 Patre
617 951 741 986 Filioque
762 950 896 985 Spiritum

112 1004 240 1027 sanctum
261 1006 322 1026 esse
345 998 506 1031 faleremur,
523 1002 553 1025 ttt
570 1005 602 1024 ex
618 997 699 1024 Patre
715 996 826 1031 quidem
845 996 899 1022 im-

114 1046 247 1081 perfecte.
272 1045 394 1082 perfecte
415 1052 481 1072 vero
511 1043 674 1079 procederet
695 1050 728 1069 ex
749 1042 818 1069 Filio
835 1042 898 1069 :vel

114 1092 138 1120 si
155 1100 189 1119 ex
203 1091 272 1118 Filio
289 1095 395 1118 tantum
411 1090 522 1125 prodire
548 1096 724 1124 poneremus,
739 1092 796 1115 tum
809 1088 898 1115 solum

114 1137 234 1164 tnediate
256 1144 288 1163 ex
317 1136 398 1163 Patre
426 1134 600 1170 procederet.
629 1134 706 1161 Nunc
720 1141 785 1160 vero
799 1133 821 1160 si
837 1133 900 1167 quis

114 1183 148 1210 ad
175 1182 284 1209 unicam
313 1182 522 1216 productionem
551 1179 791 1215 processionisque
821 1179 899 1206 iden-

115 1229 221 1255 titatem
235 1234 267 1254 ex
284 1231 404 1260 utroque
420 1225 584 1261 prospiciat,
602 1225 723 1259 itemque
734 1225 805 1259 quod
822 1224 902 1252 Pater

116 1278 145 1301 et
172 1281 266 1304 causa.
296 1277 324 1300 et
352 1272 412 1299 fons
437 1271 594 1299 divinitatis
609 1272 661 1302 sit.
674 1271 710 1298 ita
727 1274 757 1298 ut
772 1271 793 1298 si
810 1271 832 1297 is
847 1278 900 1297 tton

116 1324 201 1353 esset,
223 1320 305 1346 etiam
337 1319 394 1354 ipse
426 1318 513 1345 Filius
528 1326 619 1353 neque
635 1322 720 1349 esset,
744 1325 834 1352 neque
855 1317 902 1343 ali-

117 1364 196 1400 cujus
219 1371 302 1390 causa
335 1367 418 1395 esset,
443 1362 603 1390 immediate
631 1370 664 1389 ex
687 1362 767 1389 Patre
783 1361 903 1396 reperiet

119 1410 274 1444 Spiritum;
301 1413 330 1435 et
354 1409 386 1436 ad
417 1409 474 1436 haec
497 1408 602 1436 ducunt
627 1415 688 1442 qua
712 1407 770 1442 ipse
795 1406 904 1434 inducis

119 1457 204 1483 dicta.
236 1456 269 1482 At
292 1456 316 1482 si
340 1455 466 1482 ordinem
490 1455 608 1489 quisque
632 1453 799 1487 speculetur,
812 1452 858 1486 qui
875 1459 904 1478 re

119 1503 147 1529 in
159 1501 294 1528 Trinitate
306 1506 356 1533 est,
383 1508 432 1527 nec
452 1499 539 1527 solum
561 1504 655 1525 nostra
672 1498 824 1525 intentione
838 1504 904 1524 con-

120 1552 185 1579 stat,
214 1547 311 1574 Filium
333 1546 452 1573 tnedittm
482 1548 587 1576 cernet,
611 1548 639 1571 et
664 1543 773 1570 tertium
795 1552 809 1569 a
827 1542 905 1570 Patre
920 1551 942 1582 ε

122 1594 267 1628 Spiritum,
296 1600 327 1620 ac
354 1599 402 1627 per
430 1590 529 1618 Filium
555 1598 587 1617 ex
604 1591 684 1618 Patre
698 1588 904 1624 proeedentent,

122 1640 323 1672 habentemque
335 1642 398 1664 ante
411 1645 440 1664 se
458 1636 689 1672 praaintelleetum
705 1634 815 1665 Filium,
835 1633 907 1660 sicut

123 1686 210 1713 Filius
239 1684 323 1711 habet
348 1683 458 1714 Patrem
485 1689 541 1716 prae
572 1688 601 1707 se
626 1679 808 1706 intellectum.
829 1678 905 1711 Quod

124 1731 182 1765 ipse
198 1729 309 1756 minime
325 1727 448 1762 cogitans
463 1726 605 1754 concludis
620 1733 675 1752 tton
695 1724 863 1751 necessario.

302 1776 416 1801 Tertium
433 1777 618 1807 argumentum
646 1770 730 1798 Verri.

159 1832 301 1868 Congestze
323 1835 386 1858 sunt
409 1834 436 1857 et
454 1830 511 1856 haec
529 1829 734 1862 Scripturarunt
753 1825 907 1857 sententia,

116 1887 185 1915 quae
212 1877 358 1905 conferunt
374 1875 406 1902 ad
437 1879 554 1901 mentem
571 1873 714 1900 doctorutn
732 1870 908 1907 probantiunt

126 1930 180 1952 non
197 1923 362 1953 immediate,
381 1922 428 1948 sed
446 1928 494 1955 per
510 1919 611 1946 Filium
625 1926 658 1945 ex
675 1918 755 1944 Patre
770 1916 908 1951 Spiritum

125 1977 196 1999 esse.
222 1969 290 1996 Nam
314 1967 337 1994 si
362 1966 517 1994 immediate
545 1964 663 1999 Spiritus
689 1963 761 1990 foret
774 1970 806 1990 ex
819 1962 909 1993 Patre,

126 2023 182 2043 non
193 2015 332 2042 diceretur
345 2021 406 2040 esse
424 2012 509 2039 Filius
522 2011 611 2045 imago
632 2010 732 2042 Patris,
748 2013 775 2036 et
790 2008 911 2043 Spiritus

125 2062 217 2095 imago
244 2059 315 2091 Filii,
338 2058 424 2085 Filius
456 2058 580 2092 operatio
613 2056 711 2088 Patris,
736 2059 764 2082 et
791 2053 911 2088 Spiritus

125 2107 251 2142 operatio
274 2104 346 2136 Filii,
369 2103 455 2131 Filius
470 2110 587 2138 persona
599 2101 699 2134 Patris,
714 2100 833 2135 Spiritus
848 2107 909 2134 per—

127 2162 194 2183 sona
212 2153 284 2180 Filii.

361 2199 483 2226 Palatino
497 2194 684 2224 contradictio.

163 2259 369 2290 Amentissime,
397 2255 446 2292 qui
474 2253 557 2289 impie
576 2252 621 2279 hic
651 2250 878 2284 describis,quae
897 2256 912 2276 a

129 2298 234 2336 sanctis
261 2310 335 2333 recte
377 2310 410 2330 ac
437 2301 482 2336 pie
512 2300 653 2330 dicuntur,
689 2295 829 2332 quomodo
858 2302 913 2321 tton

129 2352 278 2387 conspicis,
317 2349 391 2385 quod
419 2351 520 2375 sanetae
543 2343 670 2372 Trinitati
695 2341 853 2370 communia
887 2345 914 2368 et

130 2399 268 2427 naturalia
294 2396 397 2424 nullam
424 2393 527 2420 habent
553 2389 758 2419 differentiam:
775 2387 913 2422 siquidem

132 2455 204 2474 unus
219 2446 288 2472 Deus
305 2448 355 2475 est,
370 2448 424 2468 una
453 2440 552 2473 imago,
577 2444 631 2464 una
646 2436 783 2468 voluntas,
802 2442 855 2461 una
869 2434 915 2460 de-

131 2494 216 2527 nique
242 2489 342 2521 Patris,
366 2492 394 2514 et
412 2485 484 2517 Filii,
496 2489 523 2511 et
535 2483 655 2518 Spiritus
667 2481 753 2508 sancti
766 2480 889 2516 operatio
907 2488 913 2506 :

132 2525 217 2570 igitur
245 2540 299 2560 una
327 2538 389 2558 cum
423 2529 485 2557 aliis
509 2527 592 2554 etiam
614 2533 676 2553 cum
694 2533 810 2560 persona
829 2525 915 2552 altera

131 2581 247 2610 alterius
271 2579 368 2605 harum
391 2576 507 2607 dicitur,
530 2573 665 2600 naturalis
675 2577 730 2604 est,
742 2576 770 2598 et
786 2579 841 2599 non
853 2579 916 2606 per-

132 2627 245 2660 sonaiis,
262 2630 344 2659 atque
360 2621 500 2651 ostensiva
515 2618 697 2647 immutabilis
714 2617 915 2651 similitudinis,

132 2673 181 2701 sed
204 2680 259 2699 non
289 2670 399 2697 modum
427 2665 603 2695 subsistentia
631 2664 815 2695 demonstrat,
832 2662 915 2690 absit.

132 2711 174 2746 Tu
189 2724 254 2745 vero
267 2724 322 2743 non
338 2715 379 2742 sic
391 2719 537 2748 personam
550 2711 664 2738 alteram
677 2709 792 2736 alterius
805 2708 915 2741 dicens,

132 2765 181 2793 sed
206 2762 376 2798 hypostatiee
402 2759 459 2786 hate
489 2757 645 2791 intelligens
663 2765 670 2783 :
689 2763 743 2790 non
761 2760 839 2790 potes
857 2763 918 2783 esse

133 2810 265 2843 deinceps
292 2806 454 2842 praedicator
483 2802 636 2830 Trinitatis.
658 2802 725 2829 Nam
742 2803 764 2829 si
782 2802 867 2829 Filius
876 2806 918 2829 est

133 2862 251 2892 persona
275 2853 375 2884 Patris,
407 2857 436 2878 ut
459 2855 491 2877 ex
513 2857 556 2883 eo,
589 2853 616 2876 et
640 2849 758 2884 Spiritus
772 2849 844 2883 Filii,
862 2856 917 2876 non

940 251 1029 278 neque
1056 243 1141 270 Filius
1169 246 1268 277 praeter
1287 241 1420 276 Spiritum
1446 244 1584 268 sanctum.
1607 239 1726 267 Videsne

940 296 994 323 quo
1012 294 1091 324 pacto
1102 293 1260 315 sanctorum
1274 287 1385 322 quidem
1406 287 1479 314 dicta
1494 286 1538 321 pie
1553 293 1584 312 ac
1604 289 1680 312 recte
1696 290 1727 311 sc

941 336 1052 367 habent.
1066 335 1113 362 abs
1128 339 1154 363 te
1162 341 1228 362 vero
1238 335 1320 368 impie
1337 337 1364 361 et
1376 339 1504 368 perverse
1519 329 1728 365 suscipiuntur?

1213 394 1314 428 Nicwtti
1337 400 1461 435 defensio.

978 468 1087 497 Siccine
1116 473 1144 496 tu
1174 468 1284 494 beatum
1300 467 1394 501 :etiam
1412 466 1548 498 Paulum,
1569 457 1730 500 qui'Filium

942 515 1095 543 invisibilis
1106 515 1153 542 Dei
1166 514 1313 550 imaginem
1344 513 1475 546 afﬁrmat,
1489 516 1516 539 et
1536 511 1595 547 ejus
1609 516 1733 545 personae

945 561 1133 596 splendorem.
1161 560 1311 595 glorizeque
1341 558 1517 594 splendorem
1547 557 1693 586 audiszac
1711 554 1733 582 si

946 608 1051 635 diceret
1062 615 1125 634 eum
1139 607 1262 642 ejusdem
1277 613 1405 640 personat
1424 612 1486 633 cum
1502 605 1582 631 Patre
1595 609 1668 634 esse,
1687 609 1734 630 na-

947 658 1070 688 turaeque
1096 652 1184 680 solum
1215 651 1373 679 ostenderet
1389 651 1570 682 identitatcm,
1599 657 1654 676 non
1678 647 1735 674 dis-

947 699 1109 726 tinctionem
1129 705 1239 733 qttoqtte
1270 703 1462 732 personarum.
1478 696 1513 722 At
1539 701 1600 726 nos,
1617 694 1664 728 qui
1682 693 1735 720 ﬁde

947 752 980 772 ac
1013 744 1120 772 ratione
1150 744 1291 774 ducimur.
1319 747 1348 770 et
1376 741 1546 770 identitatem
1566 744 1673 768 naturae
1688 746 1736 773 per

948 790 1008 819 haec
1038 790 1150 817 nomina
1171 789 1354 823 intelligimus
1382 782 1660 823 imaginem,sciiicet
1676 792 1737 820 per-

950 842 1044 863 sonam
1069 839 1096 862 et
1125 836 1336 869 operationem:
1352 834 1389 860 ita
1418 837 1448 860 ut
1472 839 1620 868 possumus
1651 830 1736 858 etiam

915 877 934 905 Β
950 882 1043 909 dicere
1056 881 1150 910 -unam
1179 888 1240 908 esse
1267 884 1368 907 sanctas
1389 870 1533 906 Trinitatis
1548 882 1576 906 et
1591 877 1736 911 imaginem

951 932 977 955 et
1000 927 1172 955 divinilatem
1203 934 1253 961 pro
1288 925 1459 960 exemplari,
1494 923 1641 959 imaginem
1667 922 1737 949 reci—

952 975 1059 1008 pientes
1078 973 1175 1000 eodem
1190 972 1282 1004 tnodo,
1299 976 1326 998 et
1337 977 1482 1006 personam
1497 969 1586 997 Patris
1602 969 1736 998 dicentes.

952 1020 1041 1048 Patris
1066 1019 1251 1047 substant‘am
1268 1018 1502 1046 demonstramus,
1531 1022 1594 1042 cum
1626 1013 1654 1041 in
1682 1013 1738 1040 Deo

952 1065 1108 1094 substantia
1135 1066 1207 1094 idctu
1232 1065 1268 1092 sit
1297 1071 1359 1092 cum
1392 1070 1510 1098 persona
1539 1062 1610 1096 ejus,
1638 1067 1690 1088 nec
1705 1067 1738 1087 eo

954 1113 1046 1140 minus
1073 1117 1100 1140 et
1117 1118 1297 1146 personarum
1324 1109 1496 1137 ostendimus
1518 1107 1738 1135 distinctionem.

953 1158 1021 1185 Nam
1033 1162 1061 1184 et
1079 1161 1134 1184 tres
1153 1163 1285 1192 personas
1299 1159 1393 1182 saneta
1406 1155 1434 1182 itt
1447 1154 1585 1181 Trinitate
1609 1153 1738 1184 fatemur,

956 1212 1008 1231 non
1042 1203 1215 1230 identitatcm
1248 1210 1297 1237 per
1324 1201 1387 1233 ltoc,
1413 1202 1460 1228 sed
1475 1201 1681 1228 distinctionem
1694 1199 1741 1226 de-

956 1253 1168 1277 monstrantes:
1188 1248 1333 1283 imagoque
1360 1253 1435 1275 certe
1462 1255 1517 1274 non
1541 1247 1574 1274 ad
1598 1254 1627 1273 se
1643 1247 1740 1281 ipsam,

956 1296 1003 1324 sed
1032 1295 1065 1322 ad
1094 1295 1169 1322 illam
1188 1294 1322 1327 refertur,
1342 1296 1420 1329 cttjus
1435 1293 1564 1327 etimago
1583 1297 1642 1324 est;
1658 1297 1686 1319 et
1702 1291 1740 1318 id-

957 1342 1032 1369 circo
1049 1341 1219 1376 ltypostasim
1238 1340 1384 1375 signiﬁcat,
1397 1347 1459 1367 cum
1479 1338 1624 1365 relativum
1643 1344 1741 1364 nomen

958 1387 992 1414 sit
1014 1392 1042 1414 et
1060 1393 1205 1420 personam
1225 1385 1386 1413 constituat.
1416 1384 1457 1411 Tu
1470 1392 1536 1411 vero
1553 1391 1607 1418 quo
1619 1387 1701 1418 pacto
1714 1383 1740 1410 id

959 1431 1106 1466 intelligas,
1138 1430 1250 1463 nescio,
1281 1437 1343 1457 cum
1366 1429 1531 1456 naturaliter
1544 1428 1600 1455 diei
1617 1435 1672 1455 non
1693 1427 1743 1463 hy-

958 1478 1094 1513 postatice
1122 1477 1244 1504 afﬁrmes
1261 1485 1267 1503 :
1281 1475 1392 1511 quando
1417 1475 1486 1502 alter
1500 1481 1615 1509 persona
1627 1466 1744 1501 alterius

960 1524 1072 1555 dicitur,
1105 1528 1186 1558 atque
1206 1521 1405 1549 inconveniens
1434 1520 1572 1555 quoddam
1587 1523 1681 1547 contra
1695 1526 1745 1547 nos

960 1570 1059 1597 aﬂerre
1072 1573 1162 1604 putas,
1178 1568 1251 1603 quod
1266 1567 1372 1601 liquido
1394 1571 1491 1594 contra
1509 1571 1534 1593 te
1547 1571 1600 1594 est.
1617 1565 1683 1592 Nam
1697 1573 1746 1593 no-

958 1617 1000 1644 bis
1017 1616 1174 1644 dicentibus
1202 1615 1303 1642 Filium
1318 1621 1465 1650 personam
1478 1621 1537 1640 esse
1552 1612 1652 1646 Patris,
1667 1620 1700 1640 ex
1712 1619 1745 1638 eo

959 1663 1153 1700 prodeuntem,
1169 1661 1231 1688 Filii
1249 1668 1344 1688 rursus
1355 1660 1487 1695 Spiritqu
1503 1663 1629 1687 sanetum
1640 1680 1647 1693 ,
1665 1664 1697 1686 ut
1711 1667 1745 1686 ex

959 1717 992 1736 eo
1020 1707 1226 1743 procedentem,
1251 1705 1329 1741 sequi
1358 1710 1438 1741 putas
1458 1713 1490 1732 ex
1508 1705 1560 1733 hoc
1575 1713 1630 1733 non
1653 1704 1746 1732 dicere

960 1753 1066 1781 Patrem
1092 1753 1173 1780 aliam
1193 1759 1339 1787 personam
1356 1759 1417 1778 esse
1431 1771 1437 1783 ,
1451 1756 1478 1778 et
1494 1750 1594 1777 Filiunt
1610 1749 1702 1783 aliam,
1720 1755 1747 1777 et

960 1800 1092 1834 Spiritum
1107 1803 1244 1825 sanetum.
1260 1797 1316 1832 Ego
1335 1801 1439 1831 autem,
1453 1798 1474 1824 si
1491 1796 1562 1825 bene
1577 1801 1651 1824 tuatn
1667 1797 1748 1824 intel-

960 1847 1014 1881 ligo
1040 1845 1185 1877 rationem,
1216 1851 1250 1870 ex
1276 1848 1321 1870 tua
1350 1843 1462 1878 quidem
1492 1843 1543 1870 hac
1567 1842 1706 1878 positione
1720 1841 1746 1868 id

960 1891 1189 1919 absurdissimum
1223 1889 1301 1924 sequi
1327 1896 1500 1921 assererem;
1531 1896 1545 1916 e
1576 1894 1668 1916 nostra
1682 1895 1747 1915 vero

961 1937 1074 1963 omnino
1102 1935 1285 1962 contrarium.
1313 1934 1340 1961 Si
1375 1934 1448 1961 enim
1473 1934 1587 1961 alteram
1602 1941 1747 1969 personam

961 1982 1075 2010 alterius
1102 1981 1157 2008 diei
1186 1980 1358 2007 identitatem
1383 1979 1527 2012 duntaxat,
1546 1979 1750 2007 acimmutalti-

963 2028 1014 2054 lem
1045 2026 1254 2054 similitudinem
1284 2025 1426 2056 ostendit,
1454 2029 1484 2051 ttt
1514 2025 1571 2059 ipse
1594 2025 1750 2060 ponis:est

962 2079 1053 2101 autent
1081 2079 1197 2107 persona
1223 2072 1313 2099 Patris
1340 2071 1437 2103 Filius,
1471 2075 1501 2098 ut
1523 2070 1597 2098 idem
1614 2072 1751 2098 eisccun-

963 2120 1026 2147 dum
1039 2119 1229 2150 Substantiam,
1259 2118 1380 2153 itemque
1400 2118 1461 2146 Filii
1477 2117 1607 2152 Spiritus,
1622 2123 1652 2144 ttt
1671 2118 1746 2154 ejus-

964 2166 1025 2192 dem
1067 2164 1155 2192 solum
1184 2172 1245 2191 cum
1278 2171 1311 2190 eo
1341 2163 1514 2196 substantia,
1543 2163 1668 2198 profecto
1696 2171 1752 2191 nott

928 2218 950 2245 ι)
965 2217 1039 2240 es~et
1062 2212 1113 2238 alia
1145 2219 1260 2246 persona
1283 2210 1382 2242 Patris,
1411 2217 1493 2245 quam
1511 2211 1571 2238 Filii
1589 2215 1617 2237 et
1631 2210 1751 2245 Spiritus

967 2258 1064 2288 sancti.
1087 2265 1138 2284 nec
1156 2256 1264 2284 illorum
1286 2257 1319 2284 ab
1336 2257 1465 2283 invicem.
1484 2256 1579 2291 Neque
1596 2257 1669 2283 enim
1686 2257 1754 2283 alte-

967 2304 1023 2330 rius
1053 2302 1215 2330 substantia:
1242 2307 1318 2334 sunt,
1350 2302 1397 2329 sed
1417 2309 1478 2329 cum
1495 2310 1639 2337 personam
1664 2302 1753 2329 Patris

968 2350 1009 2375 rel
1037 2357 1180 2388 personam
1212 2348 1273 2375 Filii
1295 2348 1450 2381 audiemus,
1486 2349 1605 2383 itemque
1634 2347 1754 2382 Spiritus

967 2395 1055 2422 sancti
1070 2394 1243 2430 identitatem
1256 2394 1418 2421 substantia:
1437 2393 1642 2428 intelligemus;
1668 2394 1704 2420 ita
1725 2399 1755 2420 ut

967 2441 1119 2467 secundum
1146 2438 1185 2467 te‘
1200 2439 1319 2467 Trinitas
1343 2439 1497 2475 perimatur
1514 2439 1547 2466 ad
1565 2439 1678 2466 unicum
1699 2439 1753 2465 cir-

968 2486 1133 2521 cumscripta
1165 2486 1261 2514 Deum.
1290 2488 1337 2513 Sin
1367 2491 1472 2518 autem,
1503 2490 1531 2511 ut
1561 2489 1753 2516 nustatcmur,

968 2532 1081 2559 alteram
1094 2539 1238 2567 personam
1253 2531 1366 2558 alterius
1379 2531 1433 2558 dici
1447 2552 1454 2563 ,
1471 2539 1503 2558 ex
1516 2531 1561 2558 illo
1578 2538 1639 2557 esse
1651 2531 1754 2565 signiﬁ-

968 2582 1022 2610 cat,
1043 2578 1122 2613 cujus
1144 2582 1171 2605 et
1187 2585 1247 2605 csse
1262 2577 1375 2608 dicitur.
1396 2577 1533 2612 simulque
1556 2577 1680 2612 ejusdem
1694 2573 1754 2603 esse

969 2623 1128 2650 substantia:
1143 2634 1149 2650 -.
1164 2623 1292 2657 quoniam
1308 2623 1442 2658 quidquid
1458 2631 1491 2650 ex
1507 2623 1600 2657 aliquo
1616 2629 1669 2655 est,
1680 2622 1753 2649 aluuzl

969 2667 1089 2694 dilucide
1118 2671 1170 2699 est,
1196 2667 1293 2694 saltem
1319 2667 1472 2695 substantia
1487 2671 1515 2695 et
1532 2675 1753 2702 persona,qua—ut

969 2714 1048 2746 illud,
1075 2721 1107 2741 ex
1138 2721 1192 2748 quo
1206 2713 1308 2741 dicitur
1321 2721 1392 2745 esse,
1409 2714 1548 2749 quomodo
1565 2722 1619 2741 non
1633 2715 1688 2742 erit
1704 2715 1754 2742 Pa-

970 2764 1012 2786 ter
1037 2759 1088 2786 alia
1115 2766 1242 2793 persona,
1268 2763 1295 2786 et
1324 2759 1420 2792 Filius,
1444 2765 1473 2786 et
1491 2760 1612 2795 Spiritus
1624 2761 1755 2788 sanctus?

970 2803 1063 2838 Itaque
1093 2811 1145 2830 nos
1169 2803 1280 2838 quidem
1309 2804 1367 2832 haec
1400 2810 1567 2839 asserentes,
1594 2804 1755 2833 Trinitatem

971 2857 1052 2884 quam
1068 2851 1187 2878 maxime
1202 2857 1363 2884 SCI‘VﬂlllllS;
1391 2855 1419 2878 ιιι
1435 2859 1500 2879 vero
1514 2859 1582 2880 eave
1602 2859 1637 2879 ne
1649 2857 1759 2879 contra-
