1925 3056
201 139 258 172 995

681 137 937 170 RESSARIONIS
956 140 985 171 S.
1011 141 1044 171 ll.
1067 140 1100 169 Ε.
1118 137 1350 170 CARDlNALlS

1762 136 1815 170 296

196 198 269 226 rium
299 197 395 228 facias,
422 196 580 232 injusteque
611 204 661 224 nos
691 197 851 232 redarguas,
877 196 979 231 quibus
994 199 1016 227 Α
1031 197 1160 227 atltrmas.
1179 196 1333 232 Filinmqne
1360 197 1481 225 medium
1505 204 1564 225 esse
1581 197 1693 229 asseris,
1709 205 1743 225 ne
1759 198 1814 224 itu-

188 243 257 278 'ipse
283 242 381 277 dignus
403 249 432 269 es
444 261 452 275 ,
466 242 630 277 improperia
647 242 674 269 in
691 251 740 270 nos
757 243 885 269 inferens.
903 241 980 275 Quod

197 292 289 315 autem
304 295 364 314 cum
379 287 481 322 aliquid
496 295 622 322 persona,
651 289 694 315 vel
710 288 844 323 putentia,
858 288 898 314 vel
915 295 980 322 ope-

199 335 269 362 ratio
284 335 385 362 dicitur
399 335 563 370 cujuspiam,
591 335 625 362 ad
641 335 694 362 hoc
712 335 796 361 aliant
815 333 980 369 hyposlasim

197 381 254 406 sive
267 387 409 414 personam
437 379 584 414 signiticet,
618 380 701 407 etiam
719 387 752 407 ex
769 387 801 406 eo
817 386 879 406 esse
894 377 980 412 signi-

200 424 272 456 ﬁcat,
293 426 380 461 lcujus
408 430 436 452 et
462 433 523 453 esse
550 425 664 453 dicitur.
697 425 767 454 Audi
798 425 864 460 quid
886 431 982 451 omnes

199 470 313 497 dicant:
331 470 456 499 Chistum
488 471 596 499 scilicet
622 471 669 499 Dei
698 471 862 506 potentiant,
892 474 921 497 et
933 469 980 496 Dei

198 516 382 551 sapientiam;
409 518 529 551 itemque
554 517 691 544 viventem
719 521 746 544 et
785 515 980 543 subsistentem

199 563 397 596 operationem,
422 567 449 589 et
470 562 619 597 potentiatn
637 562 729 590 Patris
742 562 852 588 Filium.
873 561 904 588 Et
920 568 981 587 rur-

198 616 245 635 sus
267 608 400 642 Spiritum
427 613 552 635 sanctum
581 616 635 635 non
656 607 775 634 alienum
803 614 818 633 a
836 605 914 639 Filio,
933 605 980 633 sed

199 654 226 680 in
239 661 283 685 eo,
301 658 329 680 et
342 661 375 681 ex
389 661 434 687 eo,
449 658 531 689 atque
557 658 587 681 ut
610 655 764 680 naturalem
781 651 980 687 operationem.

196 698 276 726 Patet
303 699 376 726 enim
393 699 466 734 quod
491 707 552 726 cum
583 699 668 726 Filius
688 699 843 726 subsistens
858 697 980 732 potetttia

192 745 288 772 ‘Patris
309 746 356 777 sit,
386 745 423 772 ab
450 753 484 772 eo
501 745 583 772 etiam
599 745 691 773 differt
705 745 734 772 in
747 749 881 779 quantunt
895 743 982 778 hypo-

199 790 279 817 stasis
300 795 354 823 est,
385 795 414 818 et
444 791 595 818 secundum
620 791 673 819 ltoc
694 791 776 819 etiam
790 798 823 818 ex
837 797 871 817 eo
886 793 938 821 est,
954 792 982 816 ct

200 835 332 870 Spiritum
363 841 487 864 sanctum
518 837 671 864 naturalem
701 836 761 863 Filii
778 834 979 870 operationem,

1034 241 1152 268 tnediate
1164 241 1296 276 Spiritum
1315 249 1420 276 ponens
1430 250 1492 270 eum
1502 243 1624 278 genitum
1639 243 1749 278 cogaris
1757 243 1817 278 opi-

1031 286 1103 318 nari,
1120 285 1222 312 videris
1237 294 1326 321 neque
1344 294 1374 314 re
1393 287 1422 314 in
1442 287 1564 315 divinant
1590 288 1754 316 Trinitatem
1769 297 1818 316 or-

1032 331 1122 357 dinem
1139 339 1254 366 ponere,
1281 333 1328 359 sed
1347 333 1404 367 ipse
1420 333 1445 360 id
1463 334 1642 369 concipiendo
1654 334 1732 369 quasi
1744 334 1817 361 dono

1033 378 1195 410 concedere,
1212 386 1243 405 ac
1259 384 1355 413 putare
1371 380 1398 406 in
1416 384 1442 407 te
1455 388 1526 412 esse,
1540 388 1602 408 cum
1615 381 1737 408 volueris
1756 388 1818 415 per-

1033 423 1164 450 mutando
1181 423 1305 451 ordinem
1324 424 1470 452 nominum
1493 429 1669 461 postponere.
1689 426 1717 453 Si
1739 427 1812 453 enim

1032 468 1067 495 ob
1083 476 1182 495 nomen
1200 469 1289 496 Patris
1304 469 1376 504 (nam
1401 470 1453 497 ltoc
1469 471 1590 498 arbitror
1611 471 1814 498 confessionem

1032 514 1124 549 vocas)
1148 521 1202 541 non
1227 514 1309 541 etl'ers
1334 515 1492 543 immediate
1518 516 1650 551 Spiritum
1679 521 1815 547 sanctum.

1033 568 1067 588 ne
1089 561 1198 596 genitus
1214 565 1335 595 putetur,
1349 561 1412 588 licet
1429 562 1452 589 si
1474 569 1537 589 eum
1561 562 1710 597 spirantem
1727 561 1815 589 nomi-

1033 604 1171 636 nabimus,
1188 605 1319 640 Spiritum
1335 607 1427 634 statim
1447 607 1561 641 inferre,
1572 612 1606 635 et.
1616 615 1665 642 per
1680 607 1816 642 Spiritum

1032 658 1065 678 ex
1080 651 1200 686 spirante
1218 651 1316 678 Filium
1334 659 1405 685 esse,
1424 651 1579 687 Filiumque
1598 660 1647 688 per
1667 661 1698 680 se
1714 661 1747 680 ex
1765 649 1817 679 Pa—

1034 701 1084 729 tre,
1108 697 1155 724 sed
1181 705 1226 732 per
1249 697 1378 724 accidens
1398 706 1432 725 ex
1446 698 1568 733 spirante
1584 706 1591 725 ε
1607 697 1740 732 Spiritum
1765 706 1817 725 au-

1035 750 1087 772 tem
1103 749 1227 771 sanctum
1245 751 1292 778 per
1309 751 1337 770 se
1350 751 1381 771 ex
1396 744 1528 779 spirante,
1551 743 1599 771 sed
1615 751 1646 771 ex
1665 744 1744 771 Patre
1769 753 1818 779 per

1033 788 1172 822 accidens,
1188 793 1270 823 atque
1282 788 1308 815 in
1322 788 1400 816 nobis
1411 796 1473 816 esse
1485 789 1608 816 ordinem
1622 789 1815 816 alterantibus.

1033 833 1174 861 Interdum
1194 833 1291 860 Filium
1322 834 1444 861 medium
1467 834 1556 861 Patris
1579 838 1606 861 et
1629 834 1750 869 Spiritus
1767 841 1818 869 po-

200 888 288 916 neque
315 881 387 909 hanc
417 889 471 909 non
498 882 692 909 subsistentem
706 900 713 913 ,
731 886 759 908 et
771 888 804 907 ex
819 887 852 907 eo
871 886 941 911 esse,
954 883 980 905 et
996 885 1017 913 Β
1032 886 1096 906 nere
1109 899 1117 911 ,
1146 886 1206 906 cum
1226 880 1339 914 primam
1366 887 1476 907 causam
1492 880 1665 908 nominemus
1682 880 1791 907 Patrem
1809 889 1815 907 :

198 926 255 953 hac
271 927 375 954 ratione
406 927 441 954 ab
466 935 500 954 eo
525 926 666 961 distingui.
691 926 781 958 Quare
801 932 855 951 non
874 928 979 952 tantum

200 977 306 1000 naturae
332 973 503 1000 identitatem
532 971 590 999 h'aec
617 972 729 999 nomina
758 970 920 1002 ostendunt,
953 970 980 997 itt

199 1026 255 1053 quo
270 1019 328 1053 ipse
341 1023 367 1045 te
382 1018 489 1050 laudas,
504 1018 552 1045 scd
569 1018 651 1045 etiam
664 1017 873 1045 distinctionem
888 1023 981 1052 perso-

199 1072 306 1091 narum.
333 1064 388 1092 Hac
413 1064 496 1099 igitur
521 1064 627 1091 ratione
643 1064 760 1096 devicta,
779 1063 871 1091 omnia
883 1062 979 1095 etiam.

199 1117 260 1145 quae
277 1115 442 1144 sequuntur,
463 1110 544 1137 simul
564 1109 690 1137 conﬂicta
700 1109 888 1144 dissipataque
905 1113 979 1136 sunt.

377 1177 510 1209 Quartum
526 1180 709 1212 argumentum
728 1174 813 1202 Vacci.

234 1234 302 1261 Cum
321 1233 432 1268 quidam
451 1232 538 1260 nolint
553 1231 675 1267 proﬁteri
688 1231 786 1259 Filium
804 1231 832 1258 in
843 1231 978 1258 Trinitate

198 1279 320 1308 medium
337 1286 408 1312 esse,
426 1278 498 1314 quod
518 1283 608 1305 tamen
627 1277 771 1304 manifeste
783 1276 911 1304 asanctis
929 1276 978 1303 Pa-

199 1326 288 1353 tribus
306 1325 461 1352 institutum
488 1324 516 1351 in
542 1323 677 1358 theologia
700 1326 758 1355 est,
785 1329 840 1350 non
869 1322 981 1349 omnino

197 1372 284 1400 velint
302 1372 330 1398 in
344 1371 478 1398 Trinitate
495 1377 595 1397 nomen
620 1366 725 1396 ordinis
737 1375 880 1401 asserere;
897 1373 926 1395 et
939 1367 981 1394 ita:

199 1418 343 1445 doctorum
353 1415 533 1443 auctoritates
548 1414 669 1442 collectae
680 1417 755 1445 sunt,
766 1416 823 1439 tum
839 1411 873 1440 ad
887 1415 981 1439 osten-

197 1464 317 1491 dendum
338 1458 472 1497 Spiritum
497 1465 623 1488 sanctum
648 1466 696 1494 per
710 1457 809 1486 Filium
826 1465 980 1486 connexum

197 1517 257 1538 esse
278 1509 362 1542 Patri,
378 1515 433 1535 tum
448 1507 482 1535 ad
503 1507 610 1542 liquido
636 1505 881 1534 demonstrandum
906 1504 981 1533 ordi-

198 1562 261 1583 nem
279 1562 339 1582 esse
356 1555 382 1581 in
398 1553 543 1581 Trinitate.

430 1624 552 1652 Palama:
567 1624 749 1651 contradictio.

233 1680 356 1709 Mentiris
369 1685 462 1708 contra
477 1681 537 1715 pios
548 1680 697 1714 ﬁdelesque
707 1678 863 1719 hominum,
882 1678 980 1705 miser-

197 1729 277 1754 rime.
295 1726 371 1754 l'laud
396 1726 471 1753 enim
490 1726 578 1760 ignari
601 1733 706 1758 sumus,
731 1724 856 1752 ordinem
871 1725 897 1751 in
915 1724 979 1750 Tri-

197 1774 283 1799 nitate
304 1779 396 1804 esse;-
411 1771 459 1798 sed
484 1771 559 1805 pium
582 1775 664 1805 atque
684 1770 803 1796 fidelem.
830 1770 882 1802 Qui
913 1776 978 1795 vero

197 1818 308 1846 tertium
326 1825 340 1844 a
360 1817 441 1846 Patre
465 1816 599 1852 Spiritum
617 1820 741 1843 sanctum
767 1823 799 1843 ex
817 1816 979 1842 necessitate

196 1871 256 1892 esse
269 1863 400 1895 ostendit,
418 1867 547 1897 tanquam
563 1861 691 1896 impium,
707 1868 786 1895 quem
804 1866 831 1888 tu
850 1868 912 1888 cum
925 1861 979 1888 Eu.

197 1910 290 1937 nomio
309 1909 420 1940 asseris,
445 1908 558 1935 ntinime
585 1908 743 1942 recipimus.
769 1907 859 1941 Atque
884 1913 978 1934 contra

198 1956 405 1990 Scripturarum
421 1953 572 1981 sententias
589 1953 725 1980 mentiris.
740 1952 806 1986 Qua:
822 1961 877 1980 tton
899 1954 979 1980 modo

198 2001 307 2035 Filium,
322 2001 370 2029 sed
384 2001 521 2028 interdum
534 2000 617 2028 etiam
629 2000 737 2028 Patrem
751 1999 821 2027 Filio
848 2000 978 2035 Spiritui-

196 2056 250 2083 qtte
266 2052 360 2075 sancto
381 2054 481 2075 nexum
496 2054 559 2074 esse
579 2047 657 2073 aiuttt
681 2054 689 2074 :
707 2046 845 2074 interdum
869 2053 979 2082 quoque

197 2094 256 2122 r‘tlti
271 2098 298 2121 et
323 2093 412 2121 Patris
436 2093 570 2128 Spiritum
597 2097 723 2119 sanctum
755 2093 878 2119 medium
903 2099 978 2119 com-

197 2147 362 2173 munemque
377 2137 523 2165 alllrmant.
541 2137 574 2164 Et
588 2143 670 2172 quem
697 2137 801 2170 liquido
826 2136 880 2163 dici
897 2135 975 2163 ordi-

197 2193 258 2212 nent
277 2184 388 2215 nsseris,
405 2183 580 2209 manifestum
611 2186 670 2214 est,
698 2182 771 2217 quod
784 2189 839 2209 non
856 2182 890 2209 de
910 2182 980 2209 Filio

196 2236 224 2257 et
240 2230 343 2264 Spiritu
361 2233 454 2255 sancto
468 2232 520 2255 est.
537 2227 706 2255 Conceditur
720 2232 811 2254 tamen
834 2231 863 2254 ct
877 2227 977 2255 Filium
996 2227 1016 2254 Ι)

197 2283 256 2303 esse
273 2274 411 2307 medium,
429 2273 476 2301 sed
495 2280 550 2300 non
567 2274 657 2308 quoad
675 2273 864 2301 eXsistentiam
889 2274 978 2308 Spiri-

198 2329 241 2350 tus
259 2322 292 2348 ab
319 2320 378 2352 eis,
405 2319 450 2355 qui
474 2319 566 2347 divina
587 2325 735 2353 noverunt,
754 2319 804 2348 sed
826 2321 978 2348 secundum

196 2366 409 2399 confessionem,
428 2372 482 2392 non
508 2365 665 2393 immediate
694 2365 827 2401 Spiritum
851 2371 978 2393 sanctum

197 2413 374 2449 ponentibus.
399 2420 433 2439 ne
456 2416 484 2439 et
505 2412 563 2447 ipse
587 2411 697 2444 genitus
719 2413 856 2440 videatur.
883 2412 978 2447 Itaque

196 2459 330 2494 ejusmodi
343 2459 416 2486 dicta
431 2466 446 2486 a
466 2458 532 2486 viris
548 2459 652 2485 sanctis
667 2458 737 2485 bctte
763 2465 796 2485 ac
811 2463 884 2485 recte
899 2466 979 2493 repo-

197 2507 249 2534 sita
267 2510 342 2533 sunt.
365 2504 419 2532 Sed
435 2505 482 2540 qui
508 2504 535 2531 in
554 2505 606 2531 hoc
621 2504 681 2531 loco
699 2502 744 2531 illa
770 2503 881 2538 collegit
896 2509 978 2540 atque

195 2553 229 2580 ad
255 2559 354 2583 suam,
373 2551 417 2578 hic
443 2551 537 2578 falsam
563 2549 720 2584 opinionem
749 2549 876 2583 inseruit,
907 2551 977 2578 male

195 2599 335 2634 impieque
352 2597 395 2624 his
413 2597 508 2624 utitur.

463 2651 566 2679 Nirami
584 2651 711 2686 defensio.

229 2712 264 2737 At
279 2709 362 2737 homo
379 2709 504 2744 quisquis
518 2717 559 2744 es,
576 2709 623 2745 qui
641 2710 698 2738 haec
721 2709 803 2743 dicis,
816 2710 975 2746 hujusmodi

194 2756 273 2788 ordo,
288 2763 370 2790 quem
386 2755 514 2789 attulisti,
527 2761 643 2792 tuosque
658 2757 741 2784 doces
755 2757 907 2789 auditores,
920 2766 974 2785 non

194 2802 273 2834 ordo,
299 2802 346 2828 sed
369 2803 462 2837 potius
480 2802 650 2831 inordinatio
679 2804 864 2839 nuncupanda
892 2805 973 2832 foret.

196 2847 262 2873 Nam
286 2847 309 2874 si
338 2852 450 2882 propter
469 2848 691 2883 confessionem,
708 2853 737 2876 ut
765 2849 817 2884 ais,
848 2849 972 2878 ordinem

1033 924 1172 952 interdum
1191 932 1258 952 vero
1277 925 1366 952 Patris
1387 930 1416 952 et
1434 925 1494 952 Filii
1520 926 1640 953 medium
1669 925 1815 961 Spiritum,

1033 978 1094 998 cum
1109 979 1171 999 eum
1189 971 1337 1006 spirantem
1357 971 1534 999 atlirmemus.
1550 972 1614 1004 Quae
1627 973 1739 1007 quidem
1759 980 1815 999 om-

1033 1016 1078 1044 nia
1105 1021 1134 1044 et
1162 1017 1279 1044 absurda
1295 1022 1358 1044 sunt
1373 1037 1380 1050 ,
1412 1023 1440 1044 et
1463 1018 1549 1052 magis
1571 1017 1816 1050 inordinationetn,

1033 1070 1113 1098 quatn
1125 1063 1251 1090 ordinem
1272 1064 1417 1092 inducunt.
1437 1064 1470 1090 At
1488 1071 1539 1090 nos
1559 1064 1750 1100 hujuscemodi
1768 1072 1815 1091 or-

1033 1108 1125 1136 dinem
1144 1116 1287 1143 negamus.
1303 1109 1359 1137 Nec
1375 1117 1442 1137 vero
1459 1109 1604 1137 arbitreris
1619 1118 1669 1137 nos
1682 1118 1744 1137 cum
1759 1110 1816 1137 Eu.

1032 1154 1126 1181 nomio
1143 1162 1206 1182 eutn
1231 1155 1356 1182 ordinem
1376 1156 1498 1188 sentire,
1525 1156 1691 1191 tertiumque
1713 1164 1747 1184 ex
1767 1163 1816 1183 ne-

1033 1199 1161 1227 cessitate
1182 1207 1196 1226 a
1221 1199 1303 1227 Patre
1330 1199 1466 1235 Spiritum
1486 1206 1593 1236 putare.
1611 1202 1677 1229 Nam
1703 1203 1815 1229 tertiunt

1031 1251 1091 1272 esse
1108 1245 1196 1279 ipsum
1217 1245 1334 1272 maxime
1349 1246 1462 1280 quidem
1480 1247 1629 1280 credimus,
1653 1252 1681 1274 ct
1705 1247 1757 1274 ltoc
1780 1255 1815 1274 cx

1032 1291 1207 1318 necessitate.
1229 1290 1308 1318 Modo
1325 1291 1377 1319 hoc
1398 1293 1446 1320 tibi
1462 1293 1575 1320 verbum
1599 1301 1631 1320 ex
1649 1293 1816 1321 neceSsitatc

1033 1343 1088 1362 non
1105 1335 1240 1371 signiﬁcet
1254 1336 1336 1369 idem,
1350 1342 1431 1371 atque
1449 1345 1482 1364 ex
1496 1343 1603 1369 natura,
1620 1346 1682 1364 eum
1699 1338 1736 1365 illi
1755 1346 1816 1365 cae-

1032 1381 1142 1415 damus,
1157 1382 1205 1417 qui
1219 1390 1280 1410 eutn
1300 1387 1334 1411 tet
1343 1383 1409 1410 tiutn
1424 1390 1485 1411 esse
1508 1384 1622 1411 tradidit
1640 1384 1665 1411 in
1686 1385 1815 1411 salutaris

1031 1426 1204 1461 baptismatis
1219 1428 1386 1458 traditione.
1403 1428 1458 1460 Ite,
1475 1429 1575 1464 inquit,
1594 1433 1618 1456 et
1634 1430 1766 1464 baptizata
1788 1431 1815 1457 iu

1031 1474 1139 1501 nomine
1156 1473 1258 1506 Patria,
1273 1479 1297 1501 et
1314 1474 1388 1507 Filii,
1405 1480 1429 1502 ct
1447 1475 1564 1511 Spiritus
1578 1477 1676 1503 sancti.
1690 1477 1814 1503 Terttunt

1031 1523 1122 1546 autem
1138 1524 1236 1546 natura
1254 1528 1314 1547 esse
1329 1528 1468 1555 nunquam
1485 1521 1612 1554 dicimus,
1629 1530 1680 1550 nec
1694 1531 1814 1558 unquam

994 1558 1017 1588 C
1032 1565 1186 1593 incidemus
1203 1565 1231 1592 in
1248 1567 1364 1593 alterum
1385 1567 1587 1595 contrariorum
1601 1568 1731 1604 fugiendo
1747 1569 1816 1596 aite-

1032 1617 1103 1643 rum,
1122 1615 1152 1637 ut
1166 1610 1224 1645 ipse
1238 1611 1306 1646 agis.
1320 1611 1462 1646 Siquidem
1493 1614 1605 1641 tertium
1629 1620 1727 1642 natura
1754 1614 1814 1649 ipse

1032 1655 1157 1690 fugiens,
1174 1656 1262 1691 ipsum
1277 1657 1360 1684 etiant
1374 1658 1550 1686 discretivutn
1567 1667 1748 1694 personarum
1767 1668 1815 1688 or-

1031 1701 1123 1729 dinem
1152 1710 1254 1736 negas;
1283 1710 1372 1738 neque
1398 1710 1475 1739 potes
1497 1704 1524 1731 itt
1549 1700 1639 1733 medio
1668 1713 1781 1734 manere
1805 1715 1813 1734 :

1031 1755 1112 1782 quam
1138 1747 1237 1775 melius
1262 1748 1310 1775 tibi
1329 1749 1427 1777 fuisset
1449 1750 1530 1777 ambo
1556 1752 1652 1785 fugere
1676 1756 1812 1783 extrema.

1030 1797 1159 1827 stareque
1183 1794 1209 1820 in
1230 1794 1331 1827 medio,
1353 1799 1384 1822 ut
1408 1800 1501 1823 nostra
1517 1797 1653 1824 sententia
1686 1801 1730 1825 est
1744 1806 1751 1824 :
1767 1799 1815 1833 qui

1032 1846 1082 1866 nec
1094 1841 1208 1866 omnino
1223 1840 1333 1867 tertium
1347 1849 1408 1869 esse
1424 1849 1566 1876 negamus,
1587 1851 1677 1878 neque
1701 1845 1814 1871 tertium

1030 1892 1090 1913 esse
1103 1891 1201 1913 natura
1217 1888 1406 1921 concedimus,
1420 1889 1469 1916 sed
1488 1890 1598 1916 tertium
1616 1890 1726 1925 quidem
1749 1899 1815 1929 eunt

1030 1937 1172 1966 ponentes,
1195 1941 1250 1961 non
1268 1934 1356 1961 solttm
1375 1934 1428 1962 dici
1441 1955 1448 1967 ,
1475 1935 1523 1962 sed
1543 1937 1625 1963 ctiam
1641 1944 1702 1965 esse
1731 1943 1816 1972 atque

1031 1978 1156 2005 ordinem
1173 1979 1351 2007 discretivum
1369 1981 1535 2016 recipientes
1548 1989 1740 2017 personarum.
1757 1992 1814 2011 non

1031 2028 1192 2051 naturarum
1209 2033 1216 2051 :
1233 2032 1314 2059 quem
1342 2026 1453 2060 quidem
1482 2026 1572 2061 ipsum
1600 2033 1633 2054 ex
1651 2029 1817 2056 necessitate

1029 2077 1089 2097 esse
1103 2070 1165 2105 quis
1178 2071 1542 2107 contradicat?Quanquam
1561 2074 1619 2107 ipse
1638 2082 1746 2101 omnem
1768 2082 1817 2102 or-
1864 2077 1870 2083 '

1030 2115 1122 2142 dinem
1152 2123 1261 2150 quoquo
1277 2117 1359 2144 tnodo
1382 2125 1414 2144 ex
1435 2119 1598 2147 ttccessitate
1623 2120 1817 2148 demonstran-

1031 2165 1095 2192 tetn,
1113 2160 1185 2187 ltuttc
1198 2169 1259 2188 esse
1274 2161 1384 2189 tertium
1409 2170 1463 2190 non
1478 2165 1623 2198 concedas,
1639 2173 1689 2192 nec
1705 2166 1814 2193 Patrem

1031 2211 1156 2242 nostrum
1175 2206 1400 2241 (illrysostomum
1431 2209 1536 2241 audias,
1555 2218 1617 2237 cum
1644 2211 1716 2239 dicat
1735 2221 1741 2238 :
1757 2211 1817 2239 Dis-

1030 2253 1155 2279 cretivus
1187 2252 1280 2287 itaque
1295 2252 1451 2280 divinarum
1469 2263 1648 2290 personarum
1664 2257 1734 2284 ordo
1752 2264 1816 2284 san-

1031 2299 1083 2326 ctis
1102 2302 1185 2325 notus
1198 2299 1333 2333 consistit,
1353 2300 1401 2327 scd
1429 2301 1595 2329 discretivus
1621 2309 1725 2330 natura:
1743 2303 1815 2330 ordo

1032 2345 1058 2372 in
1086 2351 1178 2372 sancta
1205 2345 1342 2373 Trinitale
1363 2347 1528 2381 rejiciendus
1552 2353 1593 2375 est
1610 2357 1617 2375 ε
1636 2349 1814 2376 discretivum

1031 2396 1121 2417 autettt
1142 2398 1323 2425 personarum
1343 2392 1470 2419 ordinem
1500 2398 1606 2420 naturae
1620 2394 1730 2428 quidem
1757 2403 1813 2422 non

1029 2443 1100 2469 esse,
1119 2437 1166 2464 sed
1183 2441 1278 2463 natura
1294 2443 1383 2464 tamen
1398 2445 1459 2466 esse
1483 2438 1600 2473 quilibet
1625 2447 1699 2467 same
1712 2441 1814 2467 nteutis

1031 2482 1205 2517 concederet,
1222 2490 1253 2510 ac
1267 2483 1420 2510 sccuttdum
1445 2484 1515 2511 hanc
1544 2485 1679 2512 rationem
1700 2492 1760 2512 esse
1786 2491 1815 2513 et

1031 2528 1197 2560 naturalcnt,
1214 2537 1267 2556 non
1296 2529 1449 2557 secundum
1471 2530 1543 2565 quod
1564 2535 1688 2557 naturam
1709 2531 1814 2559 discer-

1030 2575 1081 2605 nit.
1098 2575 1145 2601 sed
1159 2575 1310 2602 secundum
1328 2575 1400 2610 quod
1415 2580 1512 2603 natura
1537 2584 1590 2603 tton
1610 2577 1747 2612 positione
1764 2585 1814 2604 no-

1029 2625 1086 2648 atra
1111 2624 1161 2647 est.
1183 2620 1211 2647 1d
1230 2625 1321 2646 autem
1339 2620 1475 2649 aﬂirmant
1491 2627 1518 2648 et
1538 2622 1665 2649 doctores
1687 2622 1814 2650 Ecclesiae

1028 2666 1168 2701 principes
1189 2666 1357 2694 Athanasius
1387 2671 1469 2701 atque
1495 2667 1614 2695 Basilius
1634 2677 1640 2694 :
1662 2668 1706 2695 hic
1726 2671 1814 2704 majo-

1030 2719 1086 2739 rem
1104 2711 1321 2748 propositionem
1350 2712 1472 2745 tradens,
1493 2713 1661 2740 Athanasius
1677 2714 1812 2741 minorem

1029 2759 1174 2792 inducens,
1189 2764 1216 2785 ct
1231 2758 1420 2794 syllogismum
1434 2759 1516 2786 ambo
1526 2767 1610 2786 uttutn
1627 2761 1814 2794 complecten-

1029 2810 1069 2832 tes
1087 2805 1322 2831 demonstrantem
1351 2809 1449 2831 natura
1469 2805 1601 2840 Spiritum
1631 2811 1755 2832 sanetum
1778 2806 1811 2832 ad

1028 2852 1127 2880 Filium
1145 2850 1287 2882 ordinari;
1305 2850 1338 2878 ad
1359 2850 1467 2879 Patrem
1498 2852 1572 2879 enitn
1594 2850 1693 2878 Filium
1714 2856 1812 2878 natura
