1925 3056
703 130 717 140 /

98 187 150 220 297

555 189 749 220 APOLOGIA
769 190 1078 223 lNSLRlP’I‘lONUM
1100 193 1220 227 VECCI.

1655 197 1710 230 298

97 245 233 279 ordinari,
247 250 275 274 et
291 246 328 274 ita
345 247 456 281 quidem
473 251 582 277 natura.
597 252 627 274 ut
642 255 723 275 omne
738 252 879 275 causatum
894 250 918 278 Δ
930 251 1076 285 quamdam
1092 253 1169 286 ponit
1185 253 1217 280 ad
1235 260 1316 288 quam
1331 255 1501 289 probandam
1515 256 1586 284 nihil
1605 256 1715 284 inducit

97 292 133 319 ad
148 292 286 326 propriam
300 299 426 325 causam;
445 297 528 327 utque
545 293 582 323 id.
599 293 671 328 quod
685 300 718 320 ex
739 293 800 327 igne
814 301 878 328 pro-

97 336 209 364 ducitur
222 336 255 364 ad
276 337 365 370 ipsum
379 336 482 371 ignem.
499 339 579 364 docet
594 337 727 371 Basilius;
745 337 878 372 Spiritum

101 386 193 413 autem
220 382 355 416 ejusmodi
374 387 500 409 naturam
526 383 708 418 ordinemque
727 384 761 411 ad
779 384 878 411 Filium

97 427 209 460 habere,
236 435 316 462 quem
337 427 421 455 Filius
438 428 472 455 ad
498 429 617 461 Patrem,
644 429 812 458 Athanasius
834 430 881 458 lit-

98 474 164 500 teris
177 473 328 506 mandavit,
341 474 388 508 qui
402 482 464 501 cum
475 475 609 506 naturalis
622 475 669 507 sit,
685 482 740 502 non
754 476 782 503 in
792 483 879 510 quan-

97 524 155 546 tum
170 523 295 546 naturam
315 519 461 547 discernit.
483 520 560 555 Saepe
573 528 692 556 namque
711 521 738 549 id
757 522 877 554 dicatur.

97 569 127 590 ut
143 564 372 592 calumniantium
394 565 576 594 obstruantur
595 574 654 599 ora,
675 567 723 595 sed
743 567 808 602 quia
827 575 878 595 na.

97 613 158 637 tura
179 616 234 636 non
264 610 402 644 positione
420 615 516 638 nostra
536 616 598 645 est;
626 620 655 640 re
675 612 786 647 quidem
806 619 877 644 esse.

95 660 123 680 et
143 662 196 681 non
214 655 368 683 intentione
385 661 491 688 nostra,
511 665 601 692 neque
619 657 646 684 in
669 658 750 685 nobis
763 665 835 690 esse,
849 661 880 685 ut

96 700 152 732 ίιιςε
167 700 310 727 arbitraris
324 721 330 732 ,
353 708 416 728 cum
447 702 565 729 velimus
591 707 771 737 permutare:
789 703 878 731 inter-

96 744 218 779 dumque
238 745 275 772 itu
291 745 432 778 ordinare,
453 746 593 774 interdum
607 747 688 774 aliter
707 755 714 774 :
729 755 810 774 nemo
825 752 877 779 est.

99 790 147 824 qui
168 799 222 818 non
239 791 383 819 fateretur.
406 791 433 819 Si
447 792 538 826 itaque
547 792 739 827 hujuscemodi
753 792 878 820 ordinem

95 841 124 863 ct
140 836 198 871 ipse
213 837 318 870 fateris,
342 837 552 872 Scripturamm
568 838 720 866 sententias
736 846 791 865 non
815 846 878 873 per-

96 882 247 915 vurtimus;
268 890 320 910 nec
338 883 418 919 ullis,
438 883 486 918 qui
510 889 631 911 mentem
655 883 787 919 habeant,
804 883 878 911 vide-

98 926 174 953 liitur
190 936 196 954 :
215 927 263 954 sed
284 928 355 955 bene
371 914 403 956 ac
419 912 504 960 recte,
534 929 581 962 qui
601 935 648 956 eas
667 912 787 963 collegit,
802 927 876 960 fecit,
892 912 914 951 β

93 976 177 1006 atque
189 980 238 1007 pro
258 972 338 1000 nobis
355 974 397 1000 hae
416 974 536 1001 rationes
548 979 621 1001 sunt.
640 974 688 1001 Sin
699 978 790 1001 autem
806 974 879 1001 hunc

95 1025 192 1052 negas,
208 1019 255 1052 qui
277 1018 344 1045 dicit
363 1023 390 1046 te
404 1026 466 1046 eum
485 1027 597 1054 negare,
617 1027 711 1047 rerum
727 1019 805 1051 dicit,
826 1026 878 1047 nec

95 1063 250 1096 mentitur,
271 1063 320 1091 sed
344 1064 414 1092 bene
440 1071 465 1092 te
492 1065 616 1092 vulnerat
642 1065 734 1092 verbis
755 1065 876 1092 collectis

93 1107 252 1136 doctorum.
267 1110 327 1137 Vile
344 1109 426 1137 etiam
442 1110 500 1138 hmc
510 1119 577 1138 sane
592 1112 660 1146 agis,
675 1118 737 1138 cum
748 1111 782 1138 ad
795 1110 875 1138 aliam

94 1156 262 1185 sententiam
274 1155 362 1182 dictas
382 1156 563 1183 auctoritates
576 1157 634 1191 ipse
648 1156 772 1191 colligis,
785 1161 813 1184 et
828 1163 877 1190 per

92 1208 142 1228 eas
157 1206 238 1236 putas
253 1201 380 1229 refellere
400 1201 471 1229 hanc
490 1201 663 1230 insolubilem
680 1209 790 1229 auream
804 1202 877 1229 ordi-

93 1246 139 1274 nis
161 1251 299 1274 catenam.
324 1245 445 1281 Spiritus
468 1254 585 1281 namque
606 1247 714 1274 medius
737 1247 809 1274 inter
833 1246 877 1274 Fi-

93 1291 162 1321 lium
190 1295 217 1318 et
236 1291 345 1318 Patrem
367 1295 496 1326 tanquam
523 1291 673 1326 ingenitum
700 1292 877 1327 genitumque

92 1345 156 1365 esse
182 1337 292 1372 dicitur,
315 1344 377 1367 cum
403 1337 462 1371 ipse
487 1345 576 1372 neque
590 1337 701 1372 genitus
722 1338 768 1370 sit,
787 1345 876 1372 neque

93 1383 233 1417 ingenitus
244 1383 395 1410 secundum
407 1382 570 1418 Gregorium
586 1383 788 1410 Nazianzenum
807 1383 877 1410 :Pa-

94 1433 138 1456 ter
152 1433 244 1458 autem
259 1429 322 1456 Filii
344 1433 371 1456 et
388 1428 508 1463 Spiritus
536 1429 624 1456 sancti
642 1437 740 1462 nexus,
765 1434 793 1456 ut
819 1430 888 1469 ipse_

93 1475 156 1504 fons
173 1475 214 1503 eis
237 1475 383 1506 exsistens,
405 1480 433 1502 et
455 1480 487 1502 ut
501 1475 574 1506 sint,
601 1480 629 1502 et
655 1480 686 1502 ut
703 1482 786 1502 unum
810 1475 876 1503 sint.

93 1521 161 1554 Quce
176 1529 238 1549 cum
250 1522 298 1549 abs
313 1526 339 1549 te
351 1529 565 1556 supervacanea,
584 1529 635 1549 nec
652 1521 684 1549 ad
705 1522 876 1556 propositum

930 295 1113 324 necessitatis.
1142 296 1285 332 Siquidem
1309 299 1503 326 auctoritatem
1529 299 1625 332 illam,
1652 306 1714 334 quas

930 339 1051 374 Spiritus
1068 342 1192 369 veritatis
1206 342 1307 370 fatetur
1328 344 1462 378 Spiritum
1487 349 1625 377 sanctum,
1650 351 1713 372 esse

931 386 968 413 illi
981 387 1125 421 aequalem,
1137 395 1199 422 quae
1213 388 1301 422 ipsum
1318 396 1352 416 ex
1365 389 1443 417 Patre
1458 390 1610 424 procedere
1623 389 1712 425 ponit.

930 432 973 459 vel
987 439 1020 459 ex
1036 432 1106 460 Filio
1128 434 1253 468 accipere
1266 454 1274 467 ,
1291 434 1372 461 nobis
1389 435 1547 462 dicentibus
1564 445 1571 462 :
1587 435 1636 462 His
1651 436 1713 462 uni-

931 482 1014 505 tatem
1029 498 1036 510 ,
1067 478 1168 513 inquit.
1196 484 1226 506 et.
1249 479 1566 507 consubstantialitatem
1591 480 1713 515 Spiritus

930 522 1096 555 ostendere;
1114 531 1167 550 non
1185 529 1276 551 tamen
1294 524 1337 551 eis
1364 524 1570 559 processionem
1585 532 1619 552 ex
1635 524 1714 552 Patre
1730 539 1733 554 ς

929 572 957 595 et
972 567 1054 600 Filio,
1070 569 1222 596 secundum
1235 569 1289 596 hoc
1304 570 1377 596 enim
1391 569 1519 597 din‘erre:
1534 571 1580 597 sed
1597 577 1713 604 quomo-

930 612 965 639 do
979 619 1035 640 non
1062 612 1252 644 demonstrat.
1272 621 1367 640 verum
1385 614 1566 641 auctoritates
1594 613 1654 640 illas
1679 620 1712 640 ac

931 657 1004 685 dicta
1020 662 1146 689 testatur,
1159 664 1219 692 qua:
1233 663 1323 685 tamen
1349 658 1471 685 dilucide
1487 659 1514 686 in
1529 658 1713 689 contrarium.

929 711 1011 737 quam
1027 703 1086 737 ipse
1104 703 1172 730 velit
1191 703 1306 731 ducunt.
1325 703 1402 736 Quod
1433 704 1508 730 enim
1530 705 1715 731 communita-

932 753 984 776 tem
1016 751 1162 782 quamdam
1190 747 1563 783 cunsubstantialitatémque
1586 749 1619 775 ad
1645 749 1715 775 invi-

930 801 989 820 cem
1003 793 1190 827 signit‘uzantes
1205 793 1399 826 mquivaleant,
1409 793 1462 821 hoc
1475 794 1648 821 verissimum
1662 799 1714 821 est.

929 839 1007 872 Quod
1023 844 1114 866 autem
1129 846 1161 866 ex
1178 838 1259 867 Patre
1275 839 1399 874 Filioque
1413 839 1533 874 Spiritus
1545 840 1632 867 sancti
1651 847 1716 874 pro.

931 883 1082 912 crssionem
1100 891 1154 911 non
1171 883 1337 916 ostendant,
1353 884 1405 912 hoc
1428 890 1502 912 certe
1526 893 1541 911 a
1571 885 1716 919 temetipso

930 929 1024 962 alfers,
1041 930 1189 962 adversum
1205 937 1315 957 omnem
1331 930 1474 958 veritatem
1496 938 1630 965 pugnans.
1649 930 1715 958 Nam

930 975 957 1002 id
977 974 1066 1012 ipsum
1087 975 1322 1003 consubstantiale
1337 983 1420 1003 causa
1436 980 1489 1008 est,
1504 980 1534 1002 ut
1548 975 1666 1010 Spiritus
1682 982 1716 1003 ex

930 1019 1010 1053 Filio,
1027 1020 1069 1047 vel
1090 1028 1124 1047 ex
1145 1019 1225 1047 Patre
1243 1028 1292 1055 per
1308 1020 1407 1047 Filium
1430 1022 1617 1055 producatur;
1635 1025 1716 1055 prout

929 1065 1009 1093 divus
1026 1065 1144 1100 Cyrillus
1157 1065 1278 1093 dilucide
1293 1066 1415 1093 ostendit
1433 1074 1440 1092 :
1457 1065 1599 1100 Proprius,
1613 1066 1715 1101 inquit.

928 1111 1017 1138 Patris
1042 1116 1068 1138 et
1094 1111 1155 1138 Filii
1178 1117 1221 1139 est
1248 1111 1368 1146 Spiritus
1401 1119 1522 1140 sanctus.
1544 1116 1572 1139 et
1595 1120 1668 1140 unus
1682 1119 1716 1140 ex

928 1156 1010 1184 Patre
1033 1164 1084 1192 per
1099 1157 1198 1184 Filium
1214 1162 1329 1192 propter
1344 1157 1507 1185 substantiae
1530 1157 1714 1188 identitatem.

927 1202 985 1228 sive
1001 1202 1089 1228 Patris
1104 1202 1213 1229 scilicet
1226 1205 1255 1229 et
1271 1201 1344 1233 Filii.
1369 1203 1427 1230 sive
1443 1207 1471 1229 et
1490 1202 1587 1229 horum
1602 1202 1634 1229 ad
1652 1201 1714 1237 Spi-

927 1247 1022 1274 ritum.
1040 1246 1096 1274 Hoc
1111 1249 1186 1274 enim
1207 1247 1290 1274 modo
1312 1248 1355 1275 vel
1387 1247 1434 1275 illo
1450 1255 1500 1283 pro
1517 1248 1597 1276 nobis
1614 1248 1656 1276 hae
1672 1256 1714 1275 ra-

929 1292 1018 1319 tiones
1030 1292 1143 1320 faciunt.
1163 1293 1445 1321 Consubstautialitas
1458 1294 1531 1321 enim
1544 1294 1664 1329 Spiritus
1680 1294 1714 1321 ad

928 1336 1036 1364 Patrem
1056 1342 1085 1364 et
1097 1337 1206 1366 Filium.
1217 1337 1347 1373 quodque
1357 1346 1454 1366 eorum
1468 1338 1581 1373 propius
1595 1338 1713 1370 dicatur,

929 1390 983 1413 non
1004 1383 1127 1410 excludit
1145 1384 1235 1418 ipsum
1253 1391 1286 1411 ex
1311 1384 1383 1411 Filio
1396 1404 1404 1417 ,
1431 1384 1474 1412 vel
1500 1391 1549 1419 per
1567 1384 1665 1411 Filium
1681 1391 1715 1411 ex

928 1424 1019 1456 Patre'
1034 1436 1113 1462 esse;
1140 1429 1195 1456 imo
1219 1436 1286 1457 vero
1306 1429 1447 1457 concludit
1482 1434 1565 1464 atque
1591 1429 1713 1464 probat:

928 1473 1003 1508 quod
1020 1474 1102 1501 etiam
1118 1479 1146 1503 et
1168 1474 1234 1502 alibi
1259 1475 1331 1503 idem
1349 1475 1407 1510 ipse
1425 1474 1515 1510 inquit
1532 1483 1539 1502 :
1558 1475 1604 1502 Dei
1627 1475 1716 1502 Patris

930 1518 1025 1552 etiam,
1038 1525 1067 1547 et
1079 1519 1140 1548 Filii
1154 1519 1286 1554 Spiritum
1303 1525 1429 1548 sanctum
1442 1527 1514 1552 esse.
1531 1520 1577 1554 qui
1594 1520 1716 1547 consub-

93 1568 283 1603 producantur
295 1587 302 1600 ,
333 1575 389 1594 non
412 1567 504 1594 minus
530 1571 627 1594 contra
658 1567 854 1602 producentem
867 1587 875 1599 ,
891 1574 913 1604 α
929 1563 1095 1592 Itantialiter
1108 1572 1141 1592 ex
1157 1569 1285 1600 utroque,
1296 1565 1404 1593 scilicet
1414 1573 1447 1592 ex
1458 1565 1538 1594 Patre
1551 1572 1601 1600 per
1617 1565 1715 1592 Filium

94 1622 176 1650 quam
192 1619 289 1642 contra
299 1610 358 1646 e'os,
368 1614 500 1642 adversus
508 1621 577 1649 quos
588 1613 699 1641 inducta
709 1618 783 1645 sunt,
793 1619 820 1641 et
831 1622 875 1641 rc-

94 1659 289 1695 prehensionis
301 1665 328 1687 et
342 1659 469 1687 ruditatis
480 1660 745 1688 demonstrationem
761 1659 873 1688 habent.

264 1727 393 1760 Quintum
416 1725 491 1754 Verri
511 1732 706 1762 argumentum.

130 1782 198 1809 Cum
222 1782 334 1816 quidam
353 1781 419 1814 sint,
436 1782 482 1816 qui
506 1782 572 1808 illud
595 1782 735 1815 Ev:ingclii
761 1782 874 1812 dictum,

93 1827 168 1863 quod
184 1828 317 1862 Spiritum
349 1831 475 1855 sanctum
497 1819 630 1861 Spiritum
648 1827 772 1854 veritatis
788 1829 876 1854 nomi-

94 1880 153 1907 nat,
170 1881 224 1902 non
241 1872 399 1900 concedunt
412 1872 485 1899 idem
503 1871 595 1898 valere
618 1871 691 1906 quod
708 1872 778 1898 valet
792 1876 820 1898 et
836 1871 876 1899 di-

94 1924 168 1948 ctum
185 1927 217 1946 ex
232 1919 313 1947 Patre
330 1919 419 1954 ipsum
434 1918 597 1953 procedere.
610 1917 734 1952 Itemque
747 1925 796 1945 nec
808 1917 876 1945 illud

93 1966 261 2002 a'quivalere
275 1969 415 1996 asserunt.
429 1973 462 1992 ex
478 1965 560 1992 Patre
572 1964 700 1992 videlicet
713 1964 875 1999 procedere.

92 2017 122 2040 et
138 2020 172 2040 ex
190 2012 260 2039 Filio
284 2011 411 2046 accipere
436 2011 568 2046 Spiritum
598 2015 734 2038 sanctum.
750 2011 877 2039 Collectze

93 2062 164 2086 suntP
171 2062 198 2084 et
211 2065 249 2084 ea?
257 2057 441 2085 auctoritates
451 2058 594 2084 doctorum
607 2057 639 2084 ad
653 2057 876 2091 equivalentiam

93 2103 294 2132 ostendendam
319 2104 456 2139 ejusmodi
476 2104 614 2131 dictorum
640 2103 875 2139 evangelicorum.

324 2167 446 2195 Palamw
462 2167 648 2195 contradictio.

127 2224 149 2252 0
159 2223 277 2251 hominis
290 2224 452 2251 amentiam!
472 2223 540 2250 Cum
553 2225 627 2250 enim
642 2223 807 2257 mquivalent
820 2223 878 2250 hare

91 2270 326 2301 dicta,unitatem
355 2269 412 2296 sive
435 2269 758 2297 consubstantialitatem
789 2269 877 2297 divini

91 2317 212 2350 Spiritus
229 2319 447 2350 repraesentant,
468 2315 710 2352 dilferuntautem
725 2317 805 2350 quasi
821 2324 877 2344 non

91 2362 126 2389 ab
144 2366 281 2396 utroque,
303 2359 383 2387 Patre
395 2361 500 2388 scilicet
515 2364 543 2388 et
567 2360 648 2392 Filio,
669 2361 876 2389 subsistentiam

93 2406 215 2442 Spiritus
240 2407 442 2434 demonstrent.
469 2406 548 2440 Quod
578 2407 691 2441 quidem
714 2407 749 2434 ab
773 2407 876 2435 eisdem

92 2453 302 2488 Scripturarutn
326 2453 473 2480 sententiis
500 2458 598 2481 notum
626 2459 677 2481 est.
700 2454 752 2487 Qui
784 2459 876 2482 autem

92 2499 142 2526 has
159 2498 312 2527 sententias
327 2500 495 2534 aggregavit,
515 2500 548 2528 ad
564 2501 750 2529 differentiam
775 2501 875 2530 horum

92 2545 228 2572 dictorum
243 2545 323 2580 quasi
337 2545 439 2573 surdus
455 2545 569 2574 effectus
589 2551 643 2576 est.

363 2611 464 2640 Nieami
487 2613 615 2648 defensio.

127 2667 155 2696 In
171 2668 215 2697 bis
226 2675 277 2697 nec
288 2674 465 2705 apparentem
477 2669 588 2705 quidem
607 2671 875 2705 argumentationem

92 2713 188 2746 εαξη,
203 2721 257 2749 qua
273 2714 331 2741 sola
342 2714 371 2741 in
385 2714 446 2742 aliis
465 2715 562 2747 utitur,
580 2715 637 2742 veri
657 2715 796 2750 negligens
807 2735 814 2747 ,
833 2715 874 2742 vel

91 2759 236 2797 imperitus
249 2760 332 2787 etiam
343 2760 370 2787 in
380 2760 476 2792 illis,in
486 2761 585 2794 quibus
596 2761 663 2788 illud
677 2761 800 2795 reperire
815 2769 877 2788 con.

92 2804 222 2840 lingeret.
237 2805 266 2833 In
283 2805 326 2833 his
344 2805 426 2832 etiam
440 2813 527 2840 neque
544 2805 566 2832 si
583 2805 762 2833 vehementer
778 2806 876 2842 qua’si-

92 2850 188 2883 visset,
207 2852 368 2886 reperisset,
392 2851 567 2878 contumeliis
582 2858 648 2878 vero
661 2856 801 2879 auctorem
820 2851 877 2878 alli-

92 2896 150 2923 cit:
171 2889 255 2930 prout
276 2897 359 2929 etiam
383 2897 410 2924 in
427 2897 486 2924 aliis
507 2897 571 2925 facit
588 2906 594 2924 :
611 2898 774 2932 positionem
793 2898 874 2926 etiam

928 1609 1116 1644 profunditur.
1128 1609 1156 1636 Si
1168 1610 1241 1636 enim
1253 1610 1418 1646 simpliciter
1427 1610 1516 1638 solum
1529 1610 1715 1638 consubstan-

930 1657 1033 1686 tialitas
1050 1664 1132 1684 causa
1148 1660 1242 1688 esset.
1270 1657 1343 1691 quod
1363 1650 1483 1692 Spiritus
1510 1661 1624 1685 sanctus
1649 1663 1714 1692 pro-

929 1702 1005 1736 prius
1019 1701 1081 1729 Filii
1093 1701 1246 1734 diceretur,
1264 1702 1359 1736 utique
1372 1706 1401 1729 et
1415 1701 1502 1729 Filius
1519 1701 1640 1736 Spiritus
1652 1709 1717 1729 san-

928 1748 964 1775 cti
984 1747 1113 1782 proprius
1131 1747 1281 1779 diceretur,
1294 1755 1357 1774 cum
1369 1747 1395 1774 ei
1411 1747 1656 1775 consubstantialis
1667 1747 1714 1778 sit,

929 1793 1001 1828 quod
1022 1800 1102 1820 nemo
1121 1800 1242 1827 unquam
1258 1792 1394 1820 afﬁrmare
1416 1800 1500 1820 ausus
1522 1784 1575 1820 est.
1594 1792 1622 1819 Si
1648 1800 1715 1819 vero

929 1838 964 1865 ob
981 1837 1058 1870 illud,
1077 1838 1150 1873 quod
1178 1837 1265 1865 Filius
1290 1837 1324 1864 ad
1349 1837 1459 1865 Patrem
1484 1837 1632 1868 referatur,
1659 1845 1714 1864 non

928 1890 1022 1918 posse,
1040 1883 1141 1917 inquit,
1167 1883 1427 1918 Filium‘proprium
1450 1883 1572 1918 Spiritus
1587 1883 1654 1914 dici,
1679 1890 1715 1910 ne

929 1928 990 1964 eju§
1003 1937 1063 1955 esse
1084 1929 1165 1958 Pater
1182 1928 1302 1962 Spiritus
1319 1933 1433 1956 sanctus
1452 1928 1581 1956 videatur
1594 1937 1601 1956 :
1613 1932 1717 1956 testan-

931 1978 975 2001 tur
997 1974 1078 2002 nobis
1104 1982 1135 2000 ex
1173 1974 1342 2001 necessitate
1361 1974 1461 2000 Filium
1486 1974 1637 2009 spirantem
1668 1977 1716 2000 aut

931 2019 1129 2054 producontem
1150 2026 1222 2052 esse,
1239 2023 1386 2053 propterea
1402 2018 1477 2052 quod
1501 2018 1622 2052 Spiritus
1647 2025 1713 2045 cum

931 2065 1075 2092 relativum
1092 2072 1192 2092 nomen
1218 2065 1273 2098 sit,
1292 2064 1325 2091 ad
1347 2064 1499 2099 spirantem
1518 2063 1655 2091 referatur
1668 2071 1716 2091 nc-

931 2119 1009 2139 eesse
1026 2114 1079 2144 est,
1098 2116 1182 2146 atque
1207 2118 1240 2138 cx
1265 2110 1313 2137 illo
1329 2110 1439 2145 spirari,
1454 2110 1534 2145 cujus
1549 2109 1633 2137 etiam
1649 2109 1717 2137 dici.

932 2160 977 2182 tur
988 2162 1060 2182 esse.
1077 2155 1109 2182 Et
1125 2156 1162 2182 ita
1174 2159 1270 2182 contra
1285 2155 1391 2189 scipsos
1409 2154 1473 2181 talia
1486 2155 1624 2189 jactantes
1639 2162 1717 2189 repe-

932 2201 1050 2234 rientur,
1063 2209 1125 2229 cum
1141 2206 1238 2236 putent
1258 2200 1432 2228 adversarios
1449 2207 1621 2235 oppugnare.
1638 2199 1716 2233 Quod

870 2244 878 2280 ζ
893 2244 917 2274 D
931 2250 1021 2272 autem
1037 2253 1092 2272 non
1117 2245 1204 2272 solum
1222 2244 1276 2272 dici
1301 2244 1434 2280 Spiritum
1452 2246 1594 2279 proprium
1612 2244 1672 2272 Filii
1690 2245 1717 2272 in

931 2291 1057 2318 eumdem
1075 2297 1188 2318 sensum
1205 2290 1295 2323 cadit,
1310 2295 1393 2325 atque
1410 2298 1443 2318 ex
1463 2290 1543 2318 Patre
1556 2290 1716 2325 procedere.

931 2337 978 2365 sed
996 2336 1177 2364 nihilominus
1189 2341 1216 2364 et
1230 2337 1356 2372 accipere
1381 2344 1414 2363 ex
1430 2335 1510 2368 Filio,
1524 2337 1549 2363 id
1562 2337 1644 2363 etiam
1660 2344 1718 2362 rur-

931 2390 983 2420 sus‘
993 2390 1046 2409 una
1066 2389 1128 2409 cum
1144 2382 1238 2409 multis
1259 2383 1322 2409 aliis
1337 2382 1499 2412 doctoribus
1512 2383 1578 2416 ipse
1599 2382 1718 2416 Cyrillus
1733 2420 1737 2426 .

933 2432 1048 2456 testatur
1066 2436 1073 2454 τ
1091 2428 1125 2457 Ut
1137 2428 1211 2456 enim
1222 2429 1379 2463 procedens
1394 2435 1444 2463 per
1462 2428 1552 2462 ipsum
1578 2427 1715 2454 naturali-
1731 2436 1735 2463 χ

933 2478 974 2505 ter
987 2479 1116 2509 tanquam
1133 2475 1274 2509 proprium
1287 2475 1358 2510 ejus,
1373 2474 1473 2509 inquit,
1493 2473 1715 2505 cum‘omnibus,

931 2527 992 2555 qua:
1001 2520 1093 2552 habet,
1103 2520 1223 2554 perfecte
1232 2521 1356 2555 accipere
1364 2519 1475 2550 dicitur,
1485 2527 1546 2554 qua:
1557 2518 1631 2546 illius
1643 2522 1716 2545 sunt.

1113 2577 1223 2608 Sextum
1238 2581 1423 2612 argumentum
1444 2576 1528 2603 Vacci.

970 2624 1039 2652 Cum
1062 2623 1174 2657 quidam
1193 2622 1265 2654 sint,
1283 2622 1330 2656 qui
1353 2622 1489 2649 allirment
1507 2620 1563 2647 haec
1586 2621 1668 2648 verba
1683 2620 1717 2648 ad

931 2669 1051 2696 invicem
1088 2667 1214 2699 dili‘erre,
1245 2667 1357 2702 prodire
1379 2667 1495 2699 scilicet,
1519 2667 1658 2701 proﬂuere
1690 2670 1717 2694 et

931 2713 1094 2749 procedere,
1108 2713 1228 2740 collectae
1244 2718 1308 2740 sunt
1329 2713 1362 2740 ad
1379 2713 1600 2748 irrcfragahilem
1617 2720 1715 2740 eorum

930 2760 1131 2793 azquivalentize
1158 2758 1422 2791 demonstrationem
1435 2759 1598 2794 propositae
1626 2759 1716 2787 sancti

930 2806 1024 2840 Cyrilli
1043 2805 1204 2833 sententiae:
1233 2804 1334 2832 deinde
1355 2804 1473 2832 aliorum
1494 2804 1568 2833 dicta
1591 2806 1715 2838 Patrum,

932 2852 979 2886 qui
996 2851 1030 2879 de
1056 2855 1151 2878 sancta
1172 2848 1309 2877 Trinitate
1327 2853 1502 2883 tractarunt,
1520 2851 1713 2878 aliirmantium

930 2906 963 2926 ex
979 2897 1059 2926 Patre
1075 2897 1195 2932 prodire,
1211 2900 1240 2924 et
1251 2895 1351 2931 emitti,
1367 2901 1394 2924 et
1410 2897 1546 2932 proﬂuere
1572 2894 1706 2933 Spiritum

1730 2456 1737 2470 ί
