1925 3056
146 158 200 188 219

621 150 872 182 BBSSARI’ONIS
894 149 924 178 S.
943 146 980 178 Β.
999 147 1032 178 Ε.
1054 143 1286 176 CARDINALIS

1705 134 1762 169 300

138 214 271 241 sanctum
292 209 318 236 in
336 208 388 236 illis
403 208 484 241 locis,
504 207 606 242 quibus
632 206 734 235 dicturi
756 209 845 238 erant,
864 210 928 231 eum
944 204 966 232 Δ
981 201 1102 235 Spiritus
1117 205 1243 228 naturam
1260 206 1294 226 ex
1310 196 1405 225 divina
1419 193 1591 235 substantia,
1607 196 1765 226 naturaque

147 263 181 283 ex
198 255 278 283 Patre
295 255 457 289 proci-dere.

378 311 499 339 Patamw
519 310 706 338 contradictio.

185 356 209 385 0
223 356 406 386 dementiam!
424 356 491 390 Quis
505 357 577 383 enim
599 361 654 383 tam
675 356 787 390 ignarus
805 359 846 382 est
865 353 932 388 quin

152 402 221 430 sciat
235 401 287 429 hoc
302 402 416 429 verbum
433 401 545 436 prodire
573 400 607 428 de
622 399 692 428 Filio
705 399 787 427 etiam
802 398 870 429 dici,
885 397 932 425 sed

152 448 313 484 procedere,
339 451 386 475 aut
411 446 548 482 proﬂuere
573 446 607 473 de
633 453 666 473 eo
694 445 753 480 ipso
773 442 936 478 nunquam?

156 492 391 526 Quemadmodum
411 496 438 519 et
457 491 595 525 proﬂuere
615 491 725 526 proprie
741 489 776 517 de
794 487 936 523 temporali

156 539 288 566 missione
308 538 445 571 Spiritus,
464 536 602 564 interdum
614 555 622 569 ,
639 541 696 563 tum
715 535 798 562 etiam
819 534 853 562 de
871 541 936 568 pro-

157 584 284 611 cessione
303 582 415 610 dicitur.
434 582 539 610 Veccus
561 586 650 608 tamen
672 580 742 613 iste,
761 584 790 607 et
808 579 854 614 qui
875 586 938 606 eum

158 633 325 663 sequuntur.
338 629 396 655 haec
411 627 479 654 nihil
490 627 522 654 ad
534 627 650 653 invicem
661 625 773 653 diﬂ‘erre
790 624 937 656 alIirmant,

159 674 242 708 impie
266 673 369 708 pariter
398 677 481 706 atque
512 670 697 705 impudenter.
719 668 860 704 Siquidem
878 675 941 695 san-

158 725 265 748 ctorum
284 719 356 746 dicta
367 719 457 745 hocin
474 717 535 744 loco
545 717 670 749 collecta,
687 715 740 743 etsi
752 714 901 742 ostendunt
914 713 941 740 in

159 766 261 801 quibus
276 765 416 792 interdum
431 765 489 791 bare
501 764 583 791 verba
597 766 777 794 concurrunt,
791 768 887 788 eorum
900 765 941 788 ta-

160 818 223 838 men
238 809 271 837 ad
288 809 407 837 invicem
422 808 606 836 diﬂ‘erentiam
618 807 730 835 minime
746 807 922 834 interimunt.

435 865 536 892 Nieami
555 865 681 899 defensio.

197 913 232 940 At
252 912 273 939 si
293 916 398 939 attente
418 912 530 939 beatum
549 910 681 946 Cyrillum
699 909 812 944 legisses
824 929 831 941 ,
848 908 883 936 de
897 907 944 935 Fi-

163 959 201 987 lio
217 959 301 987 etiam
321 957 472 993 reperisses
487 963 550 984 eum
570 963 650 983 usum
669 955 721 983 hac
740 955 860 982 dictione
880 961 945 988 pro-

169 1005 269 1033 cedere
289 1005 316 1031 in
335 1007 453 1031 tractatu
479 1009 560 1036 quem
590 1002 655 1029 fecit
688 1007 770 1035 super
795 1000 945 1032 Joannem,

165 1052 194 1078 in
220 1059 252 1078 ea
276 1054 354 1085 parte
380 1048 526 1079 videlicet.
554 1055 616 1075 cum
641 1046 750 1074 venerit
777 1045 945 1073 Paraeletus.

167 1097 236 1124 Nam
256 1096 279 1123 si
297 1103 329 1123 ex
347 1094 445 1126 Patre,
461 1093 567 1128 inquit.
587 1100 641 1119 non
659 1090 801 1126 procedit,
817 1090 844 1117 id
861 1094 902 1117 est
915 1097 948 1116 ex

165 1141 227 1176 ejus
244 1141 398 1168 substantia
419 1138 503 1166 Filius
522 1137 674 1165 secundum
696 1143 746 1163 nos
765 1145 771 1162 :
791 1136 813 1163 si
830 1142 896 1162 vero
913 1134 949 1161 de

167 1188 237 1215 Filio
256 1186 392 1221 proﬂuere
413 1192 467 1211 non
488 1183 600 1215 dicitur,
621 1190 683 1209 ctnn
713 1185 805 1208 tamen
842 1180 949 1206 dicatur

167 1233 202 1261 de
222 1231 343 1266 Spiritu,
368 1225 482 1257 minime
502 1228 658 1255 mirandum
680 1231 744 1258 est;
766 1232 828 1253 cum
857 1223 950 1259 ﬁgurae

169 1279 289 1307 nominis
314 1276 433 1312 Spiritus
459 1275 518 1303 haec
535 1273 622 1301 dictio
640 1271 876 1304 accommodatur,
895 1278 948 1297 non

168 1329 260 1353 autem
281 1323 362 1354 Filii;
381 1320 615 1357 quemadmodum
641 1320 724 1346 etiam
753 1317 837 1345 dictio
867 1323 949 1352 gene-

170 1371 241 1399 ratio
271 1369 331 1397 Filii
358 1368 470 1404 quidem
498 1366 603 1393 nomini
631 1363 870 1395 aecommodatur,
889 1369 950 1394 _non

174 1422 264 1448 autem
286 1415 405 1450 Spiritus
422 1413 529 1442 nomini
546 1411 696 1444 convenit;
716 1417 770 1437 non
800 1414 892 1436 tamen
910 1408 952 1436 id-

171 1463 246 1490 circo
272 1463 347 1497 juste
373 1460 480 1487 diceret
502 1458 667 1493 quisquam,
690 1455 762 1490 quod
782 1461 845 1481 cum
863 1454 951 1488 ipsum

171 1507 299 1546 generari
319 1514 350 1534 ex
366 1512 448 1533 causa
469 1511 529 1531 esse
547 1502 693 1538 signiﬁcet,
725 1500 844 1535 Spiritus
862 1503 952 1526 autem

172 1535 228 1581 ξιοη
242 1555 390 1587 generatur
404 1557 435 1576 ex
451 1549 532 1576 Patre
544 1568 552 1580 ,
568 1535 615 1574 sed
632 1546 771 1582 procedit,
788 1545 876 1578 ipsum
894 1550 955 1577 pro-
969 1535 989 1564 (ἶ

174 1599 274 1628 cedere
291 1605 346 1625 non
365 1595 502 1631 signiticet
521 1599 651 1627 tanquam
672 1599 706 1619 ex
725 1597 808 1618 causa
836 1597 897 1617 esse
922 1596 956 1615 ex

174 1642 269 1678 eo,’a
293 1651 348 1679 quo
378 1640 512 1678 procedit.
539 1639 596 1666 Hoc
619 1639 692 1665 enim
715 1637 807 1663 dicere
827 1634 956 1662 stolidum

175 1689 346 1722 est.-Quare
374 1685 558 1714 differentiam
585 1684 683 1710 harum
712 1681 865 1709 dictionum
894 1679 958 1706 binc

178 1735 296 1772 probare
318 1733 433 1763 minime
460 1735 548 1766 potes.
578 1729 647 1757 Cum
679 1731 772 1754 autem
788 1730 816 1753 et
835 1726 868 1753 de
890 1724 959 1753 Filio

177 1787 204 1810 et
225 1782 259 1808 de
277 1779 381 1814 Spiritu
401 1781 497 1805 sancto
513 1775 615 1810 pariter
632 1774 690 1802 hanc
715 1772 864 1800 dicantur:
893 1770 958 1797 item

181 1834 243 1855 cum
264 1824 402 1853 emanatio
433 1821 552 1857 Spiritus
574 1824 602 1847 et
624 1819 762 1855 processio
784 1821 908 1851 vocetur.
932 1819 960 1843 et

179 1870 362 1908 proﬂuentia,
376 1872 404 1896 et
419 1874 581 1904 progressus
595 1870 726 1900 tanquam
745 1863 817 1890 idetn
832 1863 889 1889 haec
902 1869 960 1889 om-

180 1919 226 1946 nia
242 1915 399 1952 significent
411 1935 419 1947 ,
437 1913 507 1941 nihil
523 1913 635 1940 omnino
650 1910 761 1937 diﬂ‘erre
777 1908 835 1936 haec
850 1908 961 1942 nomina

180 1964 214 1992 ab
231 1963 351 1991 invicem
367 1961 508 1988 videntur.
527 1957 606 1991 Quod
624 1957 646 1984 si
670 1964 725 1984 non
745 1955 879 1983 diﬂ'erunt
892 1972 898 1984 .
916 1961 963 1981 eo-

181 2011 244 2039 dem
262 2009 345 2044 igitur
361 2007 443 2035 modo
463 2003 599 2032 audienda
623 2007 706 2034 sunt,
730 2009 793 2029 cum
817 2000 903 2032 Filio,
920 1999 963 2026 vel

181 2064 232 2092 per
258 2054 359 2082 Filium
386 2051 538 2087 procedere
563 2049 685 2083 Spiritus
712 2051 825 2074 sanctus
848 2045 962 2076 dicitur,

182 2090 413 2138 quemadmodum
430 2106 493 2126 cum
512 2097 545 2123 de
561 2096 642 2122 Patre
657 2103 663 2121 :
683 2093 730 2120 sed
754 2099 817 2119 eum
833 2091 867 2118 de
883 2090 964 2117 Patre

183 2136 327 2178 dicuntur,
343 2152 393 2180 per
410 2151 443 2171 ea
459 2140 640 2175 intelligimus
658 2137 745 2166 sancti
765 2136 884 2170 Spiritus
902 2142 965 2169 pro-

185 2179 350 2223 eessionemr
365 2197 397 2217 ex
423 2196 476 2220 eo;
503 2187 598 2215 eadem
624 2185 707 2219 igitur
731 2187 759 2209 et
781 2189 815 2208 ex
830 2180 921 2211 Filio,
939 2179 965 2206 id

183 2246 242 2271 est.
269 2246 318 2274 per
342 2237 442 2267 Filium
470 2232 647 2271 intelligenda
672 2234 724 2257 est.
753 2227 868 2256 Proﬂuit
891 2226 964 2253 enim

185 2271 307 2321 Spiritus
333 2286 465 2312 sanctus,
492 2282 522 2316 ut
545 2277 665 2312 Cyrillus
693 2275 804 2312 fatetur,
833 2281 847 2306 a
876 2271 965 2309 Filio;

186 2317 418 2366 quemadmodum
441 2325 524 2352 etiam
548 2330 580 2349 ex
607 2321 662 2359 Det)
696 2324 724 2347 et
748 2319 827 2346 Patre
860 2317 967 2344 nullum

187 2363 370 2406 dubitationis
387 2371 533 2406 vestigium
551 2368 723 2402 relinquens.
738 2365 817 2399 Quod
839 2364 861 2391 si
878 2368 905 2391 tu
922 2363 970 2389 de—

188 2420 405 2456 monstraveris,
425 2418 483 2444 hate
500 2415 613 2443 nomina
631 2413 672 2440 vel
697 2419 751 2439 non
774 2411 845 2437 idem
865 2408 970 2450 signiti-

188 2477 269 2502 eare,
291 2467 333 2494 vel
356 2466 379 2493 si
400 2464 472 2491 idem
496 2462 575 2488 aliter
596 2464 686 2486 tamen
705 2457 738 2484 de
754 2455 823 2483 Filio
838 2446 970 2482 aliterde

189 2516 271 2543 Patre
297 2511 412 2545 intelligi
430 2509 549 2538 debere,
578 2510 735 2540 quanquam
762 2505 857 2528 noster
876 2500 972 2527 doctor

191 2560 331 2598 clamitet,
359 2556 396 2585 ita
424 2563 438 2583 a
465 2553 534 2581 Filio
560 2551 714 2587 proﬂuere,
740 2546 970 2583 quemadmodum

187 2585 350 2639 intelligitur
368 2599 402 2629 ei
423 2601 483 2636 ipso
496 2585 570 2628 Deo,
586 2601 613 2623 et
629 2596 709 2623 Patre
724 2603 731 2620 :
748 2593 922 2620 absolvemus
947 2585 973 2616 te

191 2645 274 2686 hujus
296 2649 404 2684 injustas
427 2643 603 2686 blasphemia:
619 2642 645 2669 in
670 2639 788 2667 Veccum
804 2657 811 2670 ,
829 2642 857 2664 et
876 2643 972 2663 amen-

247 2718 254 2730 ,
269 2696 347 2731 cujus
366 2700 429 2720 eum
440 2691 453 2724 ,‘
475 2683 528 2734 non
545 2693 618 2718 recte
634 2687 812 2715 considerans
823 2705 831 2716 ,
848 2688 972 2710 accusas.

353 2748 500 2786 Septimum
521 2747 706 2780 argumentum
726 2739 814 2767 Vacci.

227 2808 295 2836 Cum
321 2805 445 2843 quidam,
461 2802 605 2831 audientes
631 2798 764 2834 Spiritum
793 2798 916 2822 sanctum
942 2799 975 2819 ex

195 2855 265 2897 Filio
280 2854 361 2882 ctiam
377 2857 507 2880 emanare
528 2852 609 2883 atque
636 2844 747 2881 prodire
761 2863 767 2876 ,
783 2849 837 2869 non
853 2840 974 2868 divinam

983 248 1044 275 Filii
1060 248 1127 275 oriri
1151 252 1234 281 atque
1261 250 1388 272 emanare
1402 241 1506 269 insulse
1520 238 1696 267 concedunt:
1713 235 1766 263 sed
1789 246 1791 248 τ

983 293 1125 330 spirituale
1145 291 1283 327 quoddam
1303 295 1403 316 munus
1422 287 1494 318 illis.
1510 285 1557 320 qui
1578 283 1655 318 digni
1679 285 1766 313 sunt,

984 327 1184 375 superveniens
1196 358 1203 370 .
1220 337 1257 364 ob
1276 336 1358 370 idque
1381 334 1426 361 illa
1438 353 1444 364 .
1462 339 1522 367 quae
1538 331 1566 358 in
1582 330 1623 357 eis
1638 329 1667 356 ﬁt
1684 327 1778 358 inha-V

984 373 1082 414 bitatio
1096 384 1198 418 ubique
1214 381 1357 416 praesentis
1373 377 1523 406 divinitatis
1539 374 1627 403 sancti
1644 373 1768 408 Spiritus

985 430 1211 460 habitudinaliter
1227 429 1296 456 ﬂat:
1316 427 1352 454 ita
1379 424 1514 460 ejusmodi
1539 428 1640 450 manus
1665 418 1772 448 intelli-

990 481 1086 513 gentes
1102 483 1133 504 ac
1160 475 1182 502 si
1214 475 1367 509 seiunctum
1404 474 1616 505 separatumque
1639 473 1653 492 a
1677 464 1772 492 divina

990 523 1110 558 Spiritus
1134 519 1290 548 substantia
1314 517 1526 550 intelligeretur.
1552 513 1681 541 Collectze
1704 513 1774 538 sunt

991 557 1018 598 et
1034 577 1072 597 em
1089 569 1285 596 auctoritates.
1303 571 1336 591 ex
1352 563 1453 598 quibus
1476 561 1502 588 id
1529 557 1645 593 intelligi
1670 559 1773 591 potest.

991 615 1070 648 Quod
1094 613 1181 641 sancti
1203 611 1325 647 Spiritus
1347 606 1530 637 inhabitatio,
1566 611 1628 638 quae
1645 601 1777 628 ﬁdelibus

992 645 1135 695 dignisque
1163 658 1212 689 tit,
1225 645 1399 691 unanquam
1422 649 1624 679 babitudinalis
1650 645 1778 674 ineﬂ‘abi-

992 692 1066 737 liter,
1091 692 1120 731 et
1143 709 1227 737 super
1254 701 1360 728 ratione
1380 702 1437 725 est:
1463 701 1553 723 tamen
1576 693 1640 729 quia
1665 699 1698 720 eo
1718 692 1778 718 hac

993 751 1065 778 dona
1081 749 1203 784 Spiritus
1218 745 1377 781 proﬂuunt,
1404 743 1451 770 ubi
1482 741 1576 768 divina
1592 739 1652 774 ejus
1671 742 1770 765 natura

999 792 1225 822 habitudinaliter
1243 788 1410 819 inbabitabit
1426 788 1483 822 ipse
1507 785 1626 821 Spiritus
1643 786 1756 811 sanctus
1769 800 1778 812 ,

996 840 1043 875 qui
1063 839 1091 866 in
1107 838 1243 865 Trinitate
1259 841 1287 863 et
1303 841 1358 862 una
1374 839 1490 869 persona
1501 851 1508 864 ,
1524 835 1552 858 et
1572 830 1632 866 eius
1655 827 1778 862 comple-

961 865 982 895 Β
998 865 1086 916 δινσε,
1109 883 1212 918 quique
1235 880 1328 908 divina
1356 865 1456 905 natura
1484 875 1678 911 perfectusque
1705 873 1781 905 Deus

996 934 1039 958 est
1065 932 1147 964 prout
1171 927 1262 958 Pater,
1291 929 1319 953 et
1343 924 1429 951 Filius
1455 922 1682 952 demonstratur;
1715 925 1781 946 cum

997 974 1095 1009 aliquis
1125 972 1257 1007 Spiritum
1281 974 1406 998 sanciunt
1431 974 1580 998 emanare,
1609 964 1721 1000 prodire
1753 966 1783 990 et

998 1026 1060 1046 esse
1077 1026 1110 1046 ex
1129 1017 1198 1044 Filio
1216 1016 1300 1043 dieat.

1228 1073 1348 1100 Patama:
1365 1070 1551 1101 contradictio.

1035 1123 1129 1158 Neque
1144 1120 1209 1156 quid
1226 1120 1301 1147 dicat
1317 1118 1441 1153 profecto
1457 1117 1544 1148 novit.
1561 1121 1649 1150 neque
1666 1113 1732 1148 quid
1744 1112 1786 1140 af-

1001 1170 1111 1197 ﬁrmare
1136 1167 1219 1198 velit,
1246 1166 1293 1200 qui
1324 1165 1397 1191 hanc
1424 1163 1590 1197 scripturam
1615 1159 1785 1194 composuit.

1000 1215 1085 1243 Nemo
1106 1219 1226 1248 namque
1240 1211 1287 1246 qui
1307 1210 1351 1245 pie
1367 1208 1503 1243 intelliget
1518 1215 1579 1242 quae
1601 1206 1676 1233 dicta
1700 1208 1787 1236 sunt,

1002 1265 1135 1289 semotam
1165 1266 1226 1286 esse
1246 1266 1262 1285 a
1295 1256 1388 1284 divina
1410 1258 1508 1281 natura
1529 1253 1648 1280 divinam
1671 1250 1788 1285 gratiam

1002 1313 1029 1335 et
1050 1306 1238 1342 operationem
1260 1307 1388 1338 putaret.
1411 1301 1467 1328 Nec
1487 1306 1519 1326 ea
1541 1299 1574 1325 de
1596 1304 1696 1329 causa,
1720 1295 1789 1330 quia

1003 1351 1195 1388 inseparabilis
1210 1353 1252 1378 est
1273 1357 1287 1375 a
1303 1348 1395 1376 divina
1411 1351 1509 1374 natura
1526 1343 1619 1372 divina
1644 1342 1788 1377 operatio,

1004 1385 1149 1436 propterea
1164 1401 1192 1424 et
1207 1399 1307 1423 natura
1324 1397 1366 1421 est
1382 1391 1509 1426 operatio
1525 1389 1594 1417 nihil
1611 1388 1644 1415 ab
1660 1394 1692 1415 ea
1707 1385 1789 1414 diffe-

1005 1452 1078 1474 rens.
1100 1443 1242 1478 Siquidem
1265 1441 1359 1468 divina
1384 1437 1510 1472 operatio
1524 1443 1559 1463 ex
1575 1439 1673 1462 natura
1688 1439 1746 1464 est,
1762 1436 1792 1460 et

1005 1493 1031 1520 ei
1057 1491 1148 1518 inesse
1171 1494 1202 1516 ut
1227 1486 1348 1521 theologi
1375 1483 1528 1515 aﬂirmant,
1550 1480 1597 1509 sed
1628 1487 1676 1515 per
1691 1487 1720 1506 se
1734 1486 1790 1513 non

1006 1542 1057 1566 est.
1082 1536 1178 1564 Divina
1199 1541 1264 1561 vero
1279 1536 1374 1560 natura
1393 1536 1444 1556 nec
1457 1536 1491 1556 ex
1507 1527 1668 1565 opera_tione
1683 1529 1744 1554 est.
1760 1526 1790 1550 et

1006 1589 1050 1612 est
1071 1590 1118 1618 per
1142 1589 1188 1613 se,
1206 1585 1233 1607 et
1248 1580 1325 1606 locus
1352 1580 1394 1604 est
1409 1575 1564 1603 divinarum
1587 1571 1791 1606 operationem,

1008 1629 1056 1658 sed
1075 1633 1102 1656 et
1118 1627 1249 1661 Spiritum
1267 1628 1393 1652 sanctum
1418 1626 1590 1656 nequaquam
1615 1624 1648 1644 ex
1674 1621 1794 1651 persona

1008 1683 1068 1704 esse
1085 1674 1147 1702 Filii
1163 1672 1341 1700 atiirmamus.
1357 1669 1410 1696 Iste
1431 1671 1525 1694 autem
1548 1671 1610 1692 cum
1633 1670 1696 1690 eum
1720 1661 1795 1688 dicat

1009 1729 1044 1749 ex
1070 1725 1168 1747 natura
1193 1724 1254 1745 esse
1277 1715 1358 1746 Filii,
1387 1712 1468 1740 nobis
1490 1709 1681 1738 contradicere
1709 1710 1794 1740 atque

1009 1764 1150 1795 adversari
1177 1763 1350 1790 arbitratur:
1374 1758 1444 1787 nihil
1465 1755 1598 1787 diﬂ‘erre,
1632 1758 1662 1780 ut
1684 1751 1794 1779 videtur

1009 1816 1110 1847 putans
1125 1813 1251 1836 naturam
1266 1814 1280 1833 a
1298 1802 1476 1832 subsistentia
1487 1820 1494 1833 ,
1511 1800 1552 1827 vel
1568 1804 1596 1827 et
1609 1796 1794 1825 differentiam

1012 1857 1176 1892 insipienter
1196 1858 1303 1880 naturae
1323 1850 1442 1878 aﬂ'crens
1462 1848 1490 1875 in
1516 1851 1612 1874 sancta
1637 1843 1794 1876 Trinitate,

1013 1903 1077 1938 quia
1094 1898 1248 1941 diﬂ‘erentia
1264 1902 1445 1933 personarum
1461 1898 1515 1921 est.

1282 1953 1385 1994 Nitenti
1405 1950 1533 1987 defensio.

1050 2017 1078 2046 Si
1099 2022 1164 2050 ergo
1187 2017 1319 2042 semotam
1343 2009 1465 2037 divinam
1489 2005 1609 2041 Spiritus
1630 2001 1743 2037 gratiam
1759 2001 1797 2030 an

1016 2064 1075 2099 ejus
1101 2044 1200 2089 natura
1235 2061 1410 2092 personaque
1436 2060 1491 2080 non
1521 2048 1668 2078 arbitraris
1697 2056 1704 2074 ε
1732 2044 1797 2080 quid

1017 2095 1146 2142 intelligis
1181 2104 1296 2132 audiens
1332 2108 1365 2128 ex
1396 2099 1465 2126 Filio
1506 2096 1640 2131 Spiritum
1673 2095 1797 2119 sanctum

1017 2153 1088 2181 tnitti
1102 2137 1200 2186 :Vpate’t
1214 2147 1288 2183 quod
1310 2145 1394 2173 etiam
1418 2142 1511 2175 volens
1533 2140 1631 2168 nolens
1647 2137 1720 2164 illius
1739 2142 1801 2170 per-

983 2209 1004 2236 υ
1019 2206 1134 2228 sonam.
1157 2194 1293 2230 siquidem
1318 2190 1404 2227 gratia
1430 2189 1490 2216 sine
1514 2191 1631 2221 persona
1653 2190 1708 2209 non
1738 2181 1800 2207 init-

1022 2246 1108 2272 titur:
1123 2242 1198 2277 quia.
1214 2245 1243 2266 ut
1255 2238 1356 2274 Cyrillo
1372 2236 1471 2270 placet,
1489 2240 1544 2259 non
1561 2229 1728 2258 subsistente
1744 2233 1803 2261 gra-

1021 2289 1057 2316 tia
1069 2271 1182 2315 minime
1198 2271 1397 2320 partidipamns
1413 2289 1418 2306 :
1435 2278 1482 2305 sed
1499 2277 1525 2304 id
1541 2280 1603 2307 est,
1619 2273 1692 2308 quod
1716 2271 1802 2298 mitti-

1023 2341 1067 2362 tur
1082 2333 1175 2360 divina
1191 2335 1289 2357 natura
1300 2349 1307 2361 ,
1324 2332 1351 2355 et
1374 2325 1543 2354 subsistens.
1566 2321 1639 2356 quod
1660 2317 1804 2352 completi-

1022 2387 1087 2407 vum
1114 2382 1156 2404 est
1185 2374 1352 2405 Trinitatis,
1383 2377 1499 2407 persona
1527 2366 1654 2394 videlicet
1683 2363 1801 2398 Spiritus

1023 2425 1122 2456 sancti.
1138 2423 1199 2456 Quo
1214 2421 1299 2455 igitur
1319 2423 1399 2454 pacto
1420 2421 1449 2443 et
1473 2415 1572 2442 Filium
1599 2412 1674 2439 hunc
1696 2410 1804 2436 mittere

1025 2454 1184 2504 intelliges?
1201 2454 1278 2494 Haud
1301 2464 1373 2492 enim
1392 2462 1473 2489 aliter
1494 2466 1575 2494 quam
1591 2458 1699 2485 Patrem
1713 2464 1720 2482 ι
1737 2454 1804 2480 alte-

1025 2516 1084 2543 rius
1099 2501 1172 2542 enim
1187 2513 1269 2539 etiam
1286 2509 1418 2545 potentia:
1443 2507 1514 2533 foret
1528 2513 1535 2535 :
1562 2501 1739 2530 manifestum
1767 2502 1806 2525 est

1025 2562 1111 2599 igitur
1125 2559 1197 2595 quod
1212 2558 1285 2592 sicut
1300 2560 1329 2582 et
1344 2554 1435 2581 Pater.
1452 2550 1506 2579 Sed
1529 2550 1612 2578 Pater
1637 2547 1723 2573 mittit
1746 2552 1807 2579 pro-

1025 2597 1130 2635 duccns
1156 2610 1183 2632 et
1206 2604 1294 2642 ipsam
1314 2606 1480 2636 personam;
1498 2597 1581 2631 igitur
1596 2598 1624 2621 et
1646 2593 1732 2621 Filius
1746 2597 1805 2618 eum

1027 2655 1118 2689 ipsum
1136 2639 1220 2678 mittit
1236 2648 1393 2683 producens
1407 2650 1435 2672 et
1453 2645 1539 2678 ipsam
1562 2645 1708 2675 personam
1722 2657 1730 2670 ,
1756 2635 1807 2662 nisi

1027 2704 1157 2733 tanquam
1174 2695 1335 2723 ministrum
1356 2699 1418 2719 eum
1438 2690 1514 2717 dicas
1534 2686 1686 2722 Spiritum.
1712 2682 1760 2717 qui
1777 2689 1809 2709 ex

1027 2729 1107 2774 Patre
1127 2741 1250 2779 procedit
1264 2744 1357 2776 postea
1373 2737 1492 2764 mittere.
1506 2732 1584 2768 Quod
1600 2737 1631 2759 ut
1645 2729 1806 2758 absurdum.

1028 2793 1064 2820 ita
1086 2795 1113 2818 et
1134 2789 1248 2824 impium
1271 2791 1323 2814 est.
1349 2782 1522 2812 Coneedatur
1559 2779 1633 2807 enim
1659 2783 1714 2804 non
1739 2774 1806 2802 idem

1027 2845 1087 2866 esse
1115 2835 1214 2863 divinae
1248 2831 1408 2862 substantire
1443 2827 1563 2857 divinam
1597 2822 1805 2858 operationem:
