1925 3056
101 153 150 186 301

591 153 781 184 APOLOGIA
801 151 1108 184 lNSCRlPTlONUM
1128 150 1246 183 VECCI.

1669 145 1742 183 301

100 209 233 245 quidnam
248 209 413 238 concludere
428 213 486 236 tum
508 216 540 236 ex
561 209 615 236 hoc
637 210 765 241 conaris,
781 209 805 235 si
823 215 884 235 cum
902 206 924 234 Δ
938 216 1000 236 cum
1027 208 1086 236 haec
1115 207 1225 234 nomina
1256 212 1309 232 non
1340 206 1547 232 convertantur.
1577 199 1720 236 Siquidem
1743 222 1746 225 .

102 258 225 292 Spiritus
255 262 368 285 sanctus
397 258 534 289 mittatur.
566 263 621 283 non
656 255 884 283 insuLsistentem

103 304 234 339 gratiam,
256 310 352 329 verum
377 303 464 336 ipsam
487 302 608 328 divinam
626 301 822 328 subsistentem
840 307 886 326 na-

103 354 192 376 turam
210 348 279 375 mitti
301 353 328 375 ct
350 348 408 383 ipse
425 347 567 380 concedis,
593 347 768 374 manifestum
786 350 827 373 est
840 366 846 377 ,
864 345 887 372 si

103 395 186 421 etiam
212 393 336 427 ignorare
362 392 420 426 ipse
451 391 627 424 dissimulas,
657 390 745 417 sancti
769 389 889 424 Spiritus

103 439 225 466 divinam
241 437 406 472 hypOstasim
421 443 452 463 ex
468 436 536 463 Filio
567 443 644 468 esse,
658 442 786 462 emanare
807 439 889 467 atque

105 485 194 515 mitti.
212 483 443 518 quemadmodum
460 483 542 510 etiam
564 489 597 509 ex
623 482 703 508 Patre
715 501 722 512 ,
747 480 821 515 quod
837 478 889 506 sibi

105 528 307 557 ostendendum
338 527 500 563 praposuit,
530 527 576 562 qui
607 527 751 554 doctorum
779 524 891 559 collegit

106 575 267 602 sententias.
290 574 367 607 Quod
382 575 404 601 si
418 573 537 607 miraris,
561 580 616 607 quo
637 577 717 607 pacto
732 579 781 598 nos
794 578 827 598 ex
844 578 891 596 na-

108 626 170 648 tura
194 621 254 647 Filii
269 620 402 654 Spiritqu
418 624 541 647 sanctum
566 622 722 645 asserentes
743 616 830 649 oriri,
852 620 892 643 at-

107 675 162 702 que
179 675 309 694 ctnanare
321 687 328 699 ,
342 671 369 694 et
385 675 417 694 ex
440 667 499 701 ejus
515 672 633 700 persona
658 671 719 691 esse
744 668 890 698 putamus,

108 721 141 741 ac
157 713 179 740 si
197 719 306 748 propter
322 713 492 740 identitatem
510 717 633 743 natura),
655 715 684 737 et
711 715 892 744 personarum

108 761 279 787 identitatem
296 766 472 794 poneremus,
484 758 527 785 vel
538 762 649 792 propter
660 763 754 783 eorum
765 754 894 781 dideren-

111 807 177 832 tiam
191 826 197 837 ,
216 806 380 832 alteritatem
404 805 486 832 etiam
508 808 613 830 naturae
641 801 892 829 introduceremus.

109 851 193 878 Multo
208 851 330 886 profecto
340 850 425 885 magis
445 857 495 877 nos
508 854 582 876 tuam
593 847 734 882 perﬁdiam
750 846 891 872 miramur.
912 870 934 899 Β

110 897 139 924 Si
155 905 216 924 cum
238 897 298 924 Filii
323 901 448 923 naturam
471 895 568 922 audias
589 901 652 920 cum
674 894 726 920 hac
750 890 893 919 additione

116 943 195 974 Filii,
212 950 270 968 eam
299 947 428 976 tanquam
457 940 521 975 quid
548 938 711 974 simpliciter
735 937 893 964 absolutum

111 989 270 1023 intelligas,
286 993 383 1014 etnon
413 994 474 1013 cum
501 985 670 1020 proprietate
690 982 771 1015 Filii,
794 989 846 1009 nec
869 980 896 1008 id

113 1035 226 1069 quidem
259 1032 498 1067 comprehendere
528 1030 663 1066 potuisti,
695 1029 766 1063 quod
794 1035 844 1063 per
870 1033 898 1054 se

115 1084 213 1106 natura
252 1079 377 1106 absolute
409 1077 647 1109 communiterque
673 1077 782 1108 sumpta
812 1079 899 1104 neque

113 1125 225 1152 mittere
255 1132 344 1159 neque
369 1123 522 1158 producere
547 1121 696 1156 quidquam
728 1122 834 1154 potest,
849 1124 900 1144 neq

116 1177 171 1204 que
202 1170 316 1196 omnino
341 1176 402 1196 esse
425 1175 507 1195 causa
534 1166 662 1198 essendi,
687 1172 748 1200 quas
776 1171 833 1191 non
863 1163 900 1189 sit

117 1223 181 1243 cum
209 1215 300 1249 aliqua
327 1213 495 1249 proprietate
517 1216 646 1246 sumpta,
671 1217 731 1245 quae
755 1215 900 1244 personam

116 1261 277 1290 constituat.
302 1260 370 1287 Nam
396 1259 470 1294 quod
495 1257 702 1285 individuorum
728 1255 783 1282 sint
807 1260 903 1288 opera-

117 1309 217 1341 tiones,
233 1311 290 1338 tota
306 1305 479 1341 philosophia
494 1304 602 1331 clamat.

294 1363 421 1391 Octavum
437 1365 623 1396 argumentum
642 1359 725 1386 Vecct'.

155 1420 196 1448 Ad
209 1417 455 1447 demonstrandum
471 1416 603 1451 Spiritum
632 1418 758 1441 sanctum
776 1419 808 1439 ex
823 1412 904 1439 Patre

120 1467 246 1501 Filioque
266 1472 338 1496 esse,
376 1463 496 1491 collectze
521 1465 586 1488 sunt
608 1460 635 1487 et
664 1466 704 1487 eae
727 1457 905 1486 auctoritates

122 1513 341 1547 Scripturarum,
354 1517 414 1544 qum
428 1507 576 1535 ostendunt
590 1513 653 1534 eum
669 1512 730 1533 esse
747 1503 904 1539 qualitatem

121 1558 284 1587 substantiae
305 1555 396 1584 Patris
416 1560 445 1582 et
468 1554 542 1581 Filii.
565 1552 687 1586 Itemque
709 1550 904 1586 fragrantiam,

121 1604 302 1639 spirationem
332 1605 361 1629 et
396 1600 531 1631 odorem;
556 1599 633 1633 juxta
657 1601 748 1623 autem
772 1593 906 1630 ejusmodi

123 1648 296 1680 sententias,
318 1651 347 1674 et
369 1646 422 1674 alia
449 1645 521 1673 dicta
547 1646 676 1677 excerpta
698 1645 782 1669 sunt:
800 1648 861 1674 qum
880 1640 908 1666 in

123 1694 250 1722 eumdem
267 1699 378 1725 sensum
395 1691 515 1722 ducunt,
532 1696 593 1724 quae
611 1693 638 1715 et
661 1687 770 1715 Patrem
790 1685 911 1720 Spiritus

124 1742 212 1769 sancti
235 1740 358 1771 fontem,
374 1744 402 1766 et
423 1737 523 1766 Filium
549 1735 670 1771 Spiritus
694 1733 782 1762 sancti
807 1732 910 1760 fantem

125 1788 248 1824 piissime
262 1790 429 1814 asseverant.

356 1842 475 1869 Palamte
495 1840 679 1868 contradictio.

163 1895 313 1923 Sententiae
334 1893 379 1920 hic
401 1880 565 1926 scriptorum
590 1891 711 1918 collectae
727 1897 776 1925 per
789 1887 913 1922 exempla

129 1942 268 1978 quaedam,
285 1939 376 1976 quoad
394 1938 453 1966 ﬁeri
468 1943 569 1973 potest,
580 1936 711 1971 Spiritum
727 1939 851 1962 sanctum
865 1932 914 1964 Pa-

130 1977 165 2016 tri
185 1987 310 2022 Filioque
335 1983 598 2013 conSubstanti-alem
611 1989 672 2009 esse
687 1980 846 2009 ostendunt.
860 1977 915 2005 Nec

131 2035 207 2062 enim
223 2032 379 2066 exemplum
400 2029 524 2065 reperire
548 2028 695 2063 quisquam
720 2029 826 2061 potest,
841 2022 915 2058 quod

131 2079 320 2107 omnimodam
338 2077 439 2104 habeat
459 2074 679 2103 similitudinem.
697 2073 808 2100 Etcum
830 2070 917 2097 inter-

133 2126 198 2155 dum
215 2125 337 2159 Spiritus
350 2127 462 2150 sanctus
473 2128 543 2156 aqua
557 2120 618 2146 viva
633 2122 749 2146 vocetur
761 2115 916 2144 secundum

132 2172 249 2207 gratiam
271 2174 299 2197 et
313 2168 501 2204 operationem
513 2187 521 2199 ,
540 2166 620 2200 hujus
636 2172 713 2197 aqua:
742 2168 771 2190 et
797 2162 876 2190 Pater
890 2165 918 2188 et

134 2203 220 2244 Filius
235 2215 297 2242 fons
314 2215 498 2246 nuncupatur.
513 2209 652 2237 interdum
668 2212 696 2235 et
711 2207 782 2234 idem
797 2205 918 2241 Spiritus
935 2203 956 2230 ῐ)

134 2265 257 2288 sanctus.
289 2259 340 2291 Qui
358 2265 422 2284 vero
439 2255 574 2290 ejusmodi
591 2254 664 2280 dicta
681 2253 726 2278 hic
742 2251 854 2283 attulit,
870 2250 920 2276 ho-

137 2313 199 2332 rum
224 2303 348 2339 quaedam
373 2301 525 2334 praeteriit,
551 2298 716 2334 quihusdam
739 2297 842 2323 abusus
864 2300 917 2323 est.

136 2351 167 2378 Et
183 2351 234 2377 hoc
258 2349 339 2376 modo
362 2348 472 2374 allicere
495 2350 532 2385 let
569 2344 675 2371 trahere
698 2346 775 2378 putat
790 2341 824 2368 ad
839 2348 919 2368 suum

140 2403 302 2431 perversum
317 2401 428 2422 sensum
445 2391 599 2419 audientes.

402 2449 426 2476 Ν
430 2448 507 2476 icazni
525 2447 654 2482 defensio.

172 2507 368 2534 Demonstrant
390 2502 501 2538 quidem
519 2499 665 2528 sententiae
680 2498 818 2534 praedictae
833 2497 922 2532 Spiri-

140 2557 183 2580 tus
203 2551 289 2578 sancti
313 2557 375 2577 eum
400 2548 479 2575 Patre
500 2546 626 2580 Filioque
650 2543 923 2572 consubstantialita-

141 2603 206 2628 tem,
226 2604 276 2623 nec
295 2596 320 2622 id
339 2600 429 2621 tamen
456 2593 556 2623 solum,
576 2591 624 2620 sed
644 2592 718 2625 quod
734 2591 817 2616 etiam
834 2596 868 2616 ex
885 2589 926 2615 eis

141 2644 178 2671 sit
206 2648 287 2677 atque
301 2641 444 2676 procedat.
461 2639 529 2666 Nam
547 2646 579 2665 ex
600 2639 684 2666 Patre
699 2637 792 2671 utique
807 2643 878 2667 esse,
898 2639 926 2662 et

142 2691 257 2725 ipsmuet
276 2694 303 2715 tu
332 2686 486 2721 significare
510 2685 652 2712 concedis.
670 2684 727 2711 Hoc
752 2688 844 2711 autern
863 2688 926 2708 cutn

141 2734 264 2765 dederis,
280 2739 335 2759 non
352 2731 456 2765 poteris
475 2729 591 2757 reddere
607 2730 754 2761 rationem,
769 2734 818 2756 cur
831 2727 927 2754 eadem

142 2780 177 2806 de
193 2778 271 2805 Patre
285 2777 397 2812 quidem
413 2775 486 2802 dicta
501 2782 557 2801 non
584 2774 667 2801 modo
681 2771 928 2801 consubstantiali-

145 2828 239 2855 tatem,
261 2822 309 2850 sed
338 2821 421 2848 etiam
442 2828 473 2846 ex
499 2827 532 2847 eo
558 2826 621 2847 esse
651 2819 868 2845 demonstrent:
894 2816 929 2842 de

147 2870 216 2896 Filio
234 2876 300 2896 vero
321 2867 407 2896 solam
432 2865 759 2896 consubstantialitatem,
780 2861 931 2898 praesertim

938 253 1185 282 consubstantialis
1199 251 1313 287 Spiritui
1329 251 1416 278 Filius
1428 249 1532 277 dicitur
1545 256 1552 275 ι
1566 247 1656 275 forma
1671 254 1720 274 ve-

938 308 980 331 ro,
993 304 1042 326 aut
1055 298 1218 333 fragrantia,
1239 301 1289 324 aut
1307 297 1368 332 ejus
1381 296 1494 331 spiratio
1510 300 1652 329 nunquam
1680 292 1724 319 di-

938 350 1000 373 ctus
1014 349 1066 373 est.
1081 345 1116 372 Ut
1133 344 1218 379 igitur
1232 343 1332 370 Filium
1349 342 1464 369 fortnam
1490 340 1591 372 Patris,
1610 338 1651 366 rei
1667 337 1723 365 fra-

939 391 1084 426 grantiam.
1103 390 1144 417 vel
1161 381 1476 424 qualitatem-legentes,
1493 393 1547 413 non
1566 389 1671 412 tantum
1698 383 1723 410 ei

940 434 1204 465 consubstantialem
1230 434 1305 461 hunc
1334 432 1524 467 intelligimus,
1552 430 1601 458 sed
1629 437 1663 457 ex
1690 435 1724 456 eo

940 484 1022 511 etiam
1038 482 1222 517 prodeuntem
1239 489 1246 507 :
1269 480 1305 507 ita
1323 483 1351 506 ct
1372 478 1505 513 Spiritum
1525 481 1650 504 sanctum
1668 475 1726 509 spi-

942 531 1086 561 rationem,
1113 527 1239 559 formam,
1266 525 1446 560 fragrantlam
1475 528 1557 557 atque
1584 520 1725 556 operatio—
1754 531 1757 561 λ

942 583 1007 604 nem
1028 574 1092 602 Filii
1112 578 1232 608 utroque
1256 570 1339 599 modo
1363 569 1495 605 praedicto
1509 572 1639 604 putamus
1658 565 1726 593 dici.
1751 568 1754 592 Δ

942 622 1006 655 Quae
1028 620 1102 648 enim
1129 619 1200 646 ratio
1228 623 1270 645 est
1296 617 1378 644 aliter
1398 616 1432 643 de
1464 615 1543 642 Patre
1572 613 1603 640 ad
1626 612 1725 639 Filium

944 666 1144 702 Spiritumque,
1165 663 1244 691 aliter
1261 662 1294 690 de
1315 661 1385 689 Filio
1403 661 1435 688 ad
1461 660 1594 694 Spiritum
1610 658 1668 685 haec
1682 657 1726 684 in-

945 712 1091 748 telligere?
1105 711 1147 737 'l'u
1164 717 1230 736 vero
1257 712 1285 736 et
1301 715 1398 736 eorum
1415 714 1476 741 qua:
1490 711 1570 733 antea
1586 703 1727 734 fatebaris,

945 759 1058 789 oblitus.
1092 764 1202 785 rursum
1228 755 1359 790 Spiritum
1389 757 1514 781 sanetum
1541 751 1660 778 allirmas
1685 757 1728 776 se-

945 804 1065 832 cundum
1082 801 1198 837 gratiam
1217 804 1323 827 tantum
1340 805 1440 833 aquam
1462 797 1553 823 vivam
1568 794 1674 826 vocari,
1702 799 1730 820 et

947 851 1029 885 hujus
1045 849 1181 876 duntaxat
1197 846 1296 874 Filium
1311 851 1371 872 esse
1392 843 1508 870 fontem.
1528 840 1582 868 Sed
1603 840 1626 868 si
1644 838 1730 874 gratia

948 892 1203 924 haecasubstantia
1232 889 1466 923 subsistentiaque
1493 887 1607 914 minime
1635 885 1731 918 sejun-

949 943 1022 978 gitur
1036 941 1111 975 (nam
1127 939 1179 965 hoc
1196 937 1250 972 jam
1269 934 1454 967 concessisti),
1474 931 1614 968 quomodo
1630 937 1685 957 non
1703 932 1733 956 et

949 974 1069 1018 divinam
1087 984 1207 1019 Spiritus
1225 981 1314 1010 sancti
1330 986 1476 1017 personam
1495 985 1558 1006 cum
1577 977 1628 1004 hac
1644 974 1732 1010 gratia

950 1034 1036 1063 Filius
1051 1037 1080 1060 ut
1096 1031 1157 1059 fons
1171 1029 1294 1058 emittit?
1495 1037 1498 1040 -

1137 1086 1245 1114 Nonum
1263 1088 1448 1120 argumentum
1465 1082 1547 1110 Veccr'.

987 1146 1033 1173 Hae
1053 1144 1260 1178 Scripturarum
1284 1140 1437 1172 sententiae,
1472 1139 1500 1166 in
1523 1137 1624 1172 quibus
1639 1135 1737 1163 Patres

952 1199 1037 1220 sacra:
1055 1189 1198 1224 theologia:
1221 1187 1406 1223 professores,
1421 1189 1531 1217 cuncta,
1549 1190 1610 1218 qua:
1625 1181 1736 1217 propria

953 1243 1018 1266 sunt
1037 1236 1136 1267 Patris,
1153 1233 1317 1262 naturaliter
1343 1231 1461 1259 transire
1494 1231 1520 1257 in
1544 1229 1643 1257 Filium
1661 1232 1689 1254 et
1704 1233 1738 1253 cx

953 1291 986 1311 eo
1002 1283 1123 1318 genitum
1141 1280 1378 1309 demonstrarunt,
1402 1278 1448 1305 hic
1472 1276 1595 1304 collectae
1613 1277 1677 1301 sunt
1703 1271 1737 1299 ad

954 1327 1196 1357 demonstrandum
1218 1325 1350 1360 Spiritum
1376 1323 1501 1351 sanctum
1528 1328 1600 1353 esse,
1629 1317 1739 1354 prodire

955 1377 1036 1407 atque
1054 1371 1119 1398 oriri
1145 1370 1228 1398 etiam
1246 1376 1279 1397 ex
1296 1368 1367 1396 Filio
1391 1366 1508 1403 perinde
1524 1370 1554 1393 ut
1578 1373 1612 1392 ex
1631 1364 1712 1391 Patre
1730 1369 1737 1387 :

956 1419 1026 1447 sicut
1040 1418 1121 1445 divus
1131 1416 1354 1453 Cyrilluslitteris
1366 1415 1514 1442 mandavit.
1526 1413 1554 1441 Si
1566 1413 1640 1440 enim
1652 1411 1739 1438 dicta-

957 1473 1017 1493 rum
1045 1463 1246 1491 sententiarum
1274 1460 1519 1488 determinationes
1547 1457 1739 1493 paternitatem

957 1510 1046 1538 solum
1064 1508 1325 1544 generationemque
1359 1513 1374 1533 a
1399 1502 1469 1532 Filio
1493 1504 1634 1535 auferunt,
1652 1499 1743 1529 mani-

959 1557 1058 1583 festum
1076 1559 1129 1586 est,
1149 1552 1224 1588 quod
1249 1551 1336 1578 Filius
1364 1551 1476 1586 quidem
1491 1557 1546 1577 non
1574 1549 1628 1576 erit
1650 1546 1743 1578 Pater,

959 1601 1079 1635 Spiritus
1093 1606 1160 1625 Vero
1170 1606 1202 1625 ex
1212 1602 1326 1633 paterna
1342 1595 1495 1623 substantia
1507 1601 1651 1625 emanans,
1669 1597 1697 1620 et
1710 1598 1743 1619 ex

959 1645 1111 1674 substantia
1121 1643 1184 1672 Filii
1197 1651 1250 1671 non
1264 1648 1411 1678 generante
1424 1645 1452 1669 et
1461 1644 1571 1669 emanat
1583 1645 1611 1668 et
1621 1638 1744 1675 proﬂuit.

1190 1701 1314 1728 Palamaz
1333 1699 1516 1727 contradictio.

998 1761 1078 1789 Nulla
1100 1759 1226 1796 profecto
1251 1757 1360 1785 ratione
1383 1755 1512 1790 impietas
1528 1753 1745 1785 corroboratur;

964 1808 1081 1836 transire
1103 1806 1176 1834 enim
1194 1804 1310 1832 audiens
1336 1803 1443 1830 Veccus
1470 1801 1521 1828 iste
1537 1800 1565 1827 in
1580 1799 1679 1827 Filium
1698 1806 1748 1833 pa-

965 1861 1057 1884 ternas
1071 1853 1267 1889 proprietates,
1295 1854 1324 1878 et
1341 1847 1506 1876 naturaliter
1522 1851 1549 1874 et
1565 1845 1749 1874 essentialiter

966 1902 999 1930 de
1017 1900 1073 1928 illis
1095 1899 1228 1935 propriis,
1249 1904 1311 1932 qum
1335 1900 1458 1931 paternae
1485 1892 1647 1921 substantia:
1673 1895 1749 1924 sunt,

967 1947 1075 1982 putavit
1093 1945 1222 1972 doctores
1244 1941 1347 1974 dicere,
1363 1948 1418 1968 non
1437 1939 1470 1967 de
1495 1939 1548 1966 illis
1565 1945 1626 1973 qua:
1652 1941 1750 1965 natura

966 1992 1079 2028 propria
1106 1995 1180 2018 sunt.
1199 1988 1357 2017 Secundum
1384 1993 1449 2021 ergo
1474 1986 1534 2020 ejus
1561 1985 1588 2011 in
1614 1982 1752 2017 theologia

967 2038 1093 2075 peritiam
1110 2036 1177 2064 divo
1194 2035 1295 2070 Cyrillo
1310 2034 1338 2060 in
1353 2033 1411 2061 suis
1435 2031 1576 2059 Therona-is
1600 2029 1751 2062 scribente,

968 2074 1106 2121 quomodo
1116 2090 1171 2110 non
1186 2082 1239 2109 erit
1251 2081 1324 2108 Deus
1338 2078 1469 2112 Spiritus,
1479 2084 1542 2104 cum
1554 2080 1637 2103 totam
1653 2074 1755 2102 habeat

971 2120 1179 2160 substantialem
1204 2126 1404 2162 proprietatem
1433 2122 1523 2151 Patris
1546 2125 1574 2149 et
1593 2120 1676 2148 Filii?
1690 2120 1755 2147 Per-

971 2175 1074 2204 sonalia
1091 2173 1179 2201 Patris
1195 2176 1221 2199 et
1235 2170 1295 2198 Filii
1308 2169 1428 2205 Spiritus
1456 2166 1579 2198 habebit,
1595 2170 1623 2193 et
1633 2165 1754 2200 genitus.

970 2227 998 2249 ct
1015 2220 1123 2256 genitor
1140 2219 1194 2246 erit
1220 2217 1356 2244 luminum
1374 2214 1467 2245 Pater,
1493 2218 1521 2240 et
1537 2213 1591 2240 vim
1606 2211 1756 2247 generandi

971 2273 997 2296 et
1021 2264 1188 2302 producendi
1207 2264 1323 2290 habens.
1341 2261 1401 2294 Qua
1416 2259 1528 2295 quidem
1541 2267 1571 2286 re
1587 2258 1653 2293 quid
1670 2258 1758 2292 magis

973 2312 1089 2346 impium
1111 2310 1211 2346 quidve
1224 2309 1310 2344 magis
1328 2313 1564 2342 supervacaneum
1582 2305 1635 2332 dici
1651 2303 1758 2338 potest?

973 2359 1047 2388 Idem
1065 2365 1161 2387 rursus
1176 2356 1235 2384 fere
1257 2354 1394 2388 intelliget
1411 2353 1476 2384 ista.
1493 2359 1555 2379 cum
1572 2350 1683 2378 audiret
1705 2349 1759 2376 Da-
1773 2349 1776 2353 ‘

974 2411 1131 2432 mascenum
1149 2403 1285 2430 dicentem
1301 2400 1329 2427 in
1349 2407 1396 2427 vtu
1416 2398 1574 2433 Dogmatum
1586 2397 1665 2431 ejus:
1681 2395 1760 2427 Quae‘

975 2457 1087 2484 cunque
1112 2448 1197 2476 habet
1213 2447 1304 2479 Pater,
1322 2450 1350 2472 et
1367 2445 1490 2479 Spiritus
1505 2446 1627 2473 sanctus,
1646 2446 1761 2475 praeter-

975 2503 1056 2531 quam
1077 2494 1150 2529 quod
1178 2500 1234 2520 non
1257 2497 1299 2519 est
1321 2489 1471 2525 ingenitus.
1497 2488 1530 2515 Et
1553 2486 1757 2514 Nazianzcnum

974 2542 1150 2576 Gregorium,
1168 2539 1196 2566 in
1218 2545 1252 2565 eo
1277 2543 1416 2567 sermone,
1434 2541 1516 2569 quem
1531 2533 1566 2560 ad
1585 2539 1634 2559 eos
1653 2530 1701 2566 qui
1727 2530 1761 2556 ab

977 2584 1093 2621 ASgypto
1110 2587 1247 2611 venerunt
1277 2581 1373 2610 scribit
1390 2588 1397 2606 :
1412 2580 1589 2613 Quzecunque
1604 2583 1668 2605 sunt
1680 2576 1741 2603 Filii
1754 2595 1762 2605 .

977 2637 1041 2660 sunt
1058 2637 1085 2658 et
1100 2631 1231 2665 Spiritus,
1247 2633 1346 2663 prmter
1359 2625 1652 2657 [iliationemﬂuantze
1664 2623 1763 2650 iterum

979 2677 1106 2705 amentia:
1126 2675 1279 2710 putandum
1305 2678 1359 2704 est.
1383 2680 1445 2707 cum
1473 2679 1506 2699 ex
1532 2670 1685 2698 substantia
1702 2667 1764 2695 Filii

978 2730 1039 2752 esse
1056 2722 1162 2754 audiat,
1188 2721 1269 2747 etiam
1288 2727 1321 2747 ex
1343 2720 1404 2754 ejus
1428 2724 1546 2753 persona
1570 2723 1630 2744 esse
1647 2713 1765 2749 putare?

980 2775 1012 2795 ac
1040 2767 1063 2795 si
1089 2765 1322 2802 quemadmodum
1348 2771 1403 2791 una
1429 2762 1595 2795 substantia,
1619 2762 1660 2789 sic
1681 2759 1765 2787 etiam

981 2813 1163 2842 subsistentia
1178 2816 1252 2839 esset
1267 2811 1301 2837 de
1320 2811 1387 2837 Deo.
1404 2810 1539 2841 Przterea
1552 2815 1607 2835 non
1620 2806 1766 2841 conspicit,

981 2860 1053 2894 quod
1070 2866 1132 2886 cum
1149 2858 1182 2885 de
1216 2857 1296 2884 l'atrc
1311 2861 1339 2883 ct
1356 2863 1388 2882 ex
1403 2855 1486 2883 Patre
1509 2854 1611 2882 dicitur
1634 2852 1765 2886 Spiritus,
