1925 3056
148 117 207 147 308»

623 122 875 156 BESSARIONIS
897 127 927 156 5.
947 127 982 157 Β.
1004 127 1039 158 Ε.
1059 129 1291 160 CAIiDlNALlS

1709 131 1764 164 304

146 173 193 220 qui
211 173 318 201 Patrem
333 180 392 200 esse
407 173 506 220 Filium
524 181 635 211 negant,
660 179 763 213 pariter
777 185 804 208 et
817 181 877 208 Filii
893 180 926 207 ad
942 183 965 211 Α
980 183 1093 211 omnino
1112 189 1194 219 prout
1207 184 1294 212 Filius
1320 185 1358 212 ita
1372 190 1399 212 ct
1423 185 1481 220 ipse
1505 188 1634 213 causatus
1648 193 1663 212 a
1683 185 1764 212 Patre

144 217 253 244 Patrem
276 219 501 248 communitatem
518 227 620 257 negant
641 225 792 253 secundum
813 233 926 260 proces-

143 265 229 291 sivam
243 265 449 300 proprietatem.

406 335 511 364 Νἱεωηί
533 339 660 373 defensio.

180 399 239 428 Non
254 401 323 429 adeo
341 402 418 431 illum
434 404 585 439 sapientem
603 406 692 434 virum
707 411 789 442 putes
801 408 925 443 ignarum

146 446 290 482 tlieologize
313 456 384 481 esse,
408 455 438 477 nt
463 459 524 485 qua:
541 457 663 486 paternze
686 444 846 482 substantia:
863 463 926 490 pro-

142 492 201 525 pria
220 497 294 524 sunt,
307 500 338 521 ea
350 494 376 520 in
390 494 489 522 Filium
507 497 624 524 transire
639 497 741 525 debere
758 499 924 526 arbitretur.

143 535 221 568 Quod
247 541 338 564 autem
367 539 448 566 Pater
470 540 606 574 producat
630 541 763 575 Spiritum
786 549 923 575 sanctum,

143 588 198 608 non
215 582 242 609 id
258 583 284 610 in
305 589 439 618 quantum
465 585 548 613 Pater
570 587 665 619 habet,
681 588 728 615 sed
746 589 772 615 in
790 594 924 623 quantum

143 627 276 660 spirator.
301 629 358 656 lloc
380 635 474 657 autem
492 639 592 659 nomen
607 634 727 668 spirator
751 643 924 670 nequaquam

142 672 351 700 eonstitutivum
378 682 502 708 personae
528 685 629 705 nomen
644 684 698 706 est.
719 679 775 713 Qua
792 680 826 707 de
843 689 923 709 causa

143 718 314 752 impossibile
330 726 384 746 non
401 725 456 752 est.
476 721 529 749 hoc
545 723 628 750 etiam
642 724 711 752 Filio
724 733 785 752 esse
802 733 926 753 commu-

141 770 193 795 ne;
212 763 234 789 si
261 764 434 792 sanctissimo
451 764 527 793 Patri
550 767 654 802 Cyrillo
679 769 848 796 credendum
872 776 923 802 est,

140 809 189 843 qui
213 810 300 837 multo
327 811 427 840 melius
450 820 532 847 quam
549 821 600 841 nos
620 814 655 855 _de
674 815 811 850 theologia
830 817 924 844 sentit.

981 229 1016 255 sit
1034 237 1041 255 :
1063 233 1092 255 at
1117 237 1205 264 neque
1222 229 1322 262 filialis,
1346 231 1425 265 cujus
1447 230 1569 258 etenim!
1583 230 1718 264 siquidem
1735 231 1763 259 id

981 275 1128 309 personalc
1144 280 1187 303 est
1203 276 1284 309 Filio,
1303 283 1363 304 esse
1377 276 1488 303 Filium.
1504 275 1581 308 Quod
1602 275 1657 310 jam
1674 283 1688 302 a
1703 275 1763 310 Spi-

980 320 1033 346 ritu
1049 320 1140 355 adepti
1156 320 1274 354 fuimus;
1290 321 1322 348 ad
1333 321 1398 348 illud
1408 326 1500 348 autem
1515 319 1587 355 quod
1601 320 1623 347 si
1639 327 1701 347 cum
1713 328 1765 346 au-

980 365 1037 392 diat
1052 367 1197 401 quisquam
1211 375 1244 394 ex
1260 367 1414 395 substantia
1440 366 1500 394 Filii
1518 366 1663 401 Spiritum,
1678 366 1762 392 etiam

979 419 1012 438 ex
1036 412 1097 446 ejus
1123 420 1239 446 persona
1263 420 1328 440 eum
1358 413 1505 447 intelliget,
1528 419 1581 439 non
1607 411 1763 438 mirandum

979 464 1051 490 esse,
1079 459 1145 485 satis
1162 458 1239 492 prius
1262 458 1367 485 dictum
1391 462 1443 485 cst.
1466 457 1517 484 Hic
1531 464 1598 484 vero
1615 461 1642 484 et
1660 463 1766 491 magna:

979 502 1125 530 dementia:
1137 509 1190 535 est,
1212 503 1320 538 inquit,
1338 511 1394 530 non
1411 503 1549 538 respicere
1567 502 1640 536 quod
1655 508 1717 528 cum
1730 500 1764 528 de

978 548 1059 576 Patre
1094 552 1121 575 ct
1146 556 1179 576 ex
1206 549 1284 576 Patre
1311 549 1432 584 Spiritus
1456 548 1566 579 dicitur,
1592 547 1639 582 qui
1663 547 1764 574 Filium

979 598 1079 628 negant
1105 601 1166 621 esse
1189 594 1310 626 Patrem,
1339 594 1420 621 simul
1446 601 1556 627 quoque
1584 597 1682 627 negant
1706 593 1762 619 vim

979 639 1100 672 spirandi
1119 647 1295 666 communem
1322 647 1382 666 esse
1406 639 1475 666 Filio
1491 646 1554 666 eum
1572 638 1662 665 Patre.
1682 639 1763 673 Ejus-

979 685 1040 712 dem
1067 685 1183 712 fortasse
1203 685 1349 712 dementize
1364 685 1542 719 semetipsum
1578 692 1719 716 accusans,
1735 691 1763 712 et

979 730 1092 757 forsitan
1120 731 1242 766 majoris,
1266 731 1332 758 dum
1360 731 1410 758 hoc
1428 731 1580 758 absurdttm
1608 731 1765 764 intelligens

979 774 1158 802 niliElominus
1185 783 1239 802 non
1263 775 1333 810 fugit
1350 775 1435 808 illud,
1455 783 1517 802 cum
1540 774 1673 809 Spiritum
1692 775 1765 802 dicat

980 819 1111 854 Spiritum
1129 820 1200 848 Filii.
1217 820 1285 847 Nam
1302 821 1323 848 si
1351 821 1447 851 Patris.
1465 825 1492 847 et
1506 828 1539 847 ex
1557 821 1645 852 Patre,
1666 826 1696 848 ut
1714 821 1765 848 is”:

141 855 249 887 Omnia,
276 857 374 892 inquit,
396 862 438 885 est
461 858 550 887 Filius
572 868 746 895 quaecunque
774 862 854 888 Pater
872 867 924 895 est,
941 855 964 886 Β
979 865 1094 895 fatetur.
1112 866 1212 893 dicitur
1237 866 1379 900 Spiritus:
1396 867 1442 900 qui
1469 865 1569 893 Filium
1591 871 1692 900 negant
1705 873 1765 894 esst:

142 905 241 936 prater
257 902 283 930 id
296 903 385 930 solum
401 905 475 939 quod
492 913 547 933 nou
561 906 597 933 sit
612 906 703 934 Pater.
723 906 824 935 Deinde
838 907 925 942 addit,

142 949 286 982 proprium
300 948 405 977 habens
423 955 451 978 et
470 958 503 978 ex
516 959 560 984 eo,
574 957 602 978 et
616 952 643 979 in
659 960 693 980 eo
707 953 734 980 in
748 959 845 980 natura
863 954 926 988 Spi-

144 993 226 1021 ritum
240 1000 378 1023 sanctum.
396 996 491 1031 Neque
513 996 572 1025 haec
585 998 726 1026 adversari
744 999 816 1026 inter
832 1007 861 1027 se
876 1008 927 1034 pn-

143 1041 209 1068 tavit
238 1041 336 1068 Filium
361 1049 416 1069 non
443 1050 504 1071 esse
528 1043 647 1078 Patrem,
664 1049 692 1072 et
715 1049 807 1072 tamen
833 1053 867 1073 ex
893 1053 926 1073 eo

145 1087 278 1122 Spiritum
307 1096 377 1116 esse.
403 1089 484 1116 Aliud
512 1090 617 1117 scilicet
646 1095 687 1118 est
719 1091 872 1118 arbitratus
899 1092 925 1118 in

147 1138 282 1168 quantum
300 1133 382 1162 Pater
397 1139 450 1167 est,
468 1140 496 1163 et
513 1135 587 1163 aliud
604 1136 631 1163 in
653 1141 787 1171 quantum
804 1138 926 1172 spirator

142 1185 196 1212 est,
213 1185 240 1207 et
256 1180 322 1208 illud
344 1181 457 1220 quidem
483 1181 553 1209 Filio
572 1182 833 1210 incommunicabile
852 1190 926 1215 esse,

142 1225 197 1252 hoc
212 1233 278 1253 vero
299 1233 381 1265 quam
408 1225 527 1254 maxime
551 1227 711 1254 convenire.
740 1226 817 1261 Quod
841 1227 924 1254 etiam

142 1270 208 1298 alibi
227 1263 400 1299 enucleatius
419 1279 568 1309 exponens.
586 1279 639 1298 non
659 1263 759 1306 praeter
778 1271 806 1299 id
822 1272 924 1304 solum,

141 1318 243 1352 inquit,
258 1317 332 1352 quod
349 1324 403 1344 non
426 1317 462 1344 sit
479 1317 572 1349 Pater,
590 1318 637 1355 sed
655 1323 836 1359 praeterquam
854 1318 925 1352 quod

142 1371 197 1391 non
227 1367 351 1398 generet.
381 1362 526 1391 Manifeste
551 1363 744 1401 paternitalem
769 1368 874 1402 tantum
899 1368 927 1390 et

143 1410 230 1437 solam
260 1409 410 1444 generandi
442 1400 508 1442 vim,
526 1417 581 1436 non
601 1408 721 1444 spirandi
749 1410 783 1437 ab
801 1400 834 1437 eo
851 1409 926 1437 aufe-

142 1464 217 1484 rens.
236 1456 277 1484 Tu
304 1463 371 1483 vero
397 1460 489 1483 utrum
508 1464 559 1484 nos
581 1464 615 1483 an
640 1461 666 1483 te
692 1457 781 1491 ipsum
799 1456 926 1491 decipere

144 1502 265 1534 conaris,
282 1501 377 1529 nescio
393 1508 442 1536 per
460 1501 524 1528 illud
538 1501 594 1528 divi
607 1500 702 1536 Cyrilli
720 1501 834 1528 dictum.
847 1500 925 1534 Quod

143 1553 172 1576 et
188 1548 211 1576 si
236 1548 386 1584 propositis
402 1547 485 1574 rebus
498 1547 602 1582 aliquid
622 1547 714 1574 simile
731 1548 834 1575 habere
851 1547 926 1574 video

143 1599 200 1626 tur,
221 1594 309 1621 multo
329 1599 419 1633 tamen
436 1593 606 1633 discrepare,
625 1594 648 1620 si
673 1594 742 1621 bene
757 1594 926 1626 advertatur,

142 1639 326 1675 reperiemus.
352 1631 580 1676 Quam‘maxime
605 1639 679 1666 extitit
708 1640 814 1672 differt,
833 1639 927 1666 dicere

143 1686 303 1720 quempiam
329 1685 432 1712 habere
456 1685 612 1712 naturalem
635 1685 751 1721 alicujus
771 1686 928 1720 proprieta-

145 1736 212 1762 tem,
228 1731 270 1757 vel
292 1730 353 1765 ejus
376 1730 542 1757 naturaliter
557 1731 751 1765 proprietates.
776 1731 842 1758 Nam
859 1732 927 1758 illud

143 1776 232 1803 solum
257 1775 290 1801 ad
320 1774 481 1802 substantia:
504 1774 617 1808 respicit
646 1774 820 1802 identitatem
842 1784 849 1802 :
876 1775 928 1803 hoc

141 1822 298 1857 aliquarum
323 1821 511 1857 personalium
539 1821 682 1848 notionum
702 1821 927 1849 communitatem

142 1868 291 1903 significat,
311 1875 371 1902 qua:
392 1867 557 1894 naturaliter
581 1872 609 1894 et
644 1867 864 1896 substantialitcr
880 1869 928 1904 sit,

144 1922 180 1942 ne
212 1913 331 1948 cuipiam
375 1913 512 1940 accidenti
547 1917 594 1940 aut
615 1914 818 1949 participationi
850 1915 928 1942 locus

144 1962 236 1989 detur.
254 1960 321 1987 lllttd
340 1963 432 1987 autem
446 1959 538 1986 omnia
556 1959 663 1987 scilicet
673 1967 733 1994 quae
749 1960 839 1988 Patris
851 1965 927 1993 sunt,

142 2012 171 2034 et
184 2006 305 2041 Spiritus
318 2012 379 2033 esse
392 2009 491 2040 prater
503 2005 656 2040 ingenitum
670 2013 749 2038 esse;
762 2011 790 2033 et
800 2013 930 2041 quaecun-

142 2060 196 2087 que
221 2052 282 2079 Filii
304 2056 368 2078 sunt
383 2052 466 2078 etiam
482 2051 604 2085 Spiritus
626 2058 688 2078 csse
703 2055 804 2086 praeter
818 2051 929 2078 ﬁliatio-

142 2106 218 2130 nem,
245 2097 338 2125 nescio
362 2098 440 2132 cujus
466 2096 505 2124 rei
530 2096 617 2131 gratia
643 2096 845 2130 superaddidit.
872 2096 928 2124 Nos

143 2145 216 2172 enim
243 2143 361 2173 feliciter
386 2150 418 2170 ac
445 2143 490 2176 pie
521 2142 579 2169 haec
616 2142 708 2169 omnia
739 2141 926 2176 intelligimus.

977 911 1097 943 Patrem,
1119 918 1173 937 non
1202 911 1291 938 solum
1309 912 1363 938 vim
1381 911 1503 946 spirandi
1519 918 1690 938 communem
1705 918 1765 938 esse

977 956 1046 983 Filio
1060 964 1122 983 cum
1144 956 1226 984 Patre
1244 962 1357 989 negant,
1374 956 1421 983 sed
1444 957 1526 984 etiam
1550 956 1681 990 Spiritum
1704 957 1765 988 Filii

977 1002 1042 1029 dici.
1061 1002 1138 1033 Ottod
1153 1002 1175 1029 si
1193 1002 1261 1030 bene
1273 1002 1343 1029 hanc
1360 1002 1527 1029 dementiam
1542 1002 1636 1035 fugiat,
1654 1002 1680 1028 in
1697 1002 1764 1029 alte-

978 1056 1036 1074 ram
1052 1048 1157 1080 incidit,
1180 1049 1264 1075 mnlto
1277 1048 1363 1083 magis
1376 1048 1574 1080 detestandam,
1591 1049 1613 1075 si
1632 1048 1763 1082 Spiritum

978 1099 1103 1120 sanctum
1129 1093 1235 1120 scilicet
1260 1101 1314 1120 non
1341 1093 1435 1123 dii-at.
1460 1101 1549 1127 neque
1576 1094 1677 1120 sentiat
1700 1093 1763 1119 Filii

978 1137 1127 1173 Spiritum;
1143 1138 1214 1172 quod
1232 1138 1350 1172 denique
1367 1137 1516 1172 Scriptum
1534 1138 1607 1165 omni
1626 1138 1764 1166 adversari

978 1183 1039 1218 quis
1058 1191 1112 1210 non
1133 1183 1228 1210 dicat?
1260 1182 1353 1217 itaque
1373 1184 1424 1211 iste
1440 1182 1522 1211 etiam
1541 1191 1632 1211 sermo
1649 1183 1763 1210 manife-

980 1229 1099 1257 stissime
1129 1228 1344 1264 deprehenditur
1358 1229 1433 1256 omni
1462 1229 1583 1261 undique
1610 1229 1763 1265 ignorantia

977 1275 1074 1309 plenus
1091 1282 1161 1308 esse.

1152 1342 1289 1370 Decimum
1304 1345 1489 1377 argumentum
1506 1341 1588 1369 Vecri.

1013 1412 1059 1441 llce
1074 1411 1277 1448 Scripturarum
1293 1414 1446 1446 sementim,
1464 1413 1490 1440 in
1504 1412 1604 1447 quibus
1619 1411 1714 1438 Patres
1729 1411 1763 1438 de

977 1457 1121 1485 divinitate
1144 1463 1294 1487 tractantes
1312 1460 1454 1495 proprium
1474 1459 1562 1486 Patris
1579 1458 1677 1485 Filium
1701 1465 1763 1488 esse

978 1509 1113 1534 asserunt,
1127 1508 1158 1531 ut
1170 1512 1202 1532 cx
1216 1504 1275 1540 ejus
1291 1505 1406 1532 essentia
1423 1504 1612 1534 exsistentem,
1627 1511 1659 1530 ex
1676 1510 1763 1537 eoque

979 1556 1040 1576 esse
1055 1555 1084 1577 ut
1096 1551 1236 1584 proprium
1250 1550 1409 1578 substantia:
1420 1550 1489 1583 ejus,
1502 1549 1547 1576 hic
1558 1549 1678 1575 collectae
1689 1552 1762 1576 sunt.

979 1600 1010 1622 nt
1023 1595 1123 1630 cuique
1134 1595 1235 1623 volenti
1248 1596 1362 1623 facultas
1374 1595 1420 1626 sit,
1438 1595 1503 1622 hinc
1517 1594 1660 1621 manifeste
1673 1600 1763 1623 nosse,

979 1641 1112 1676 Spiritum
1140 1641 1220 1671 etiam
1242 1641 1345 1669 idcirco
1362 1642 1502 1676 propriqu
1524 1640 1584 1667 Filii
1607 1639 1672 1670 dici,
1690 1638 1762 1673 quod

979 1695 1011 1714 ex
1025 1688 1178 1720 substantia
1193 1688 1253 1722 ejus
1267 1692 1319 1715 est.
1334 1689 1459 1722 Itemque
1475 1687 1569 1714 eadem
1588 1686 1622 1714 de
1635 1692 1716 1715 causa
1729 1691 1761 1714 ex

979 1733 1130 1760 substantia
1151 1731 1212 1758 Filii
1239 1739 1298 1758 esse
1316 1731 1427 1764 dicitur,
1444 1732 1516 1765 quod
1536 1729 1672 1765 ejusmodi
1695 1729 1762 1755 sub-

979 1779 1086 1806 stantiae
1103 1777 1242 1813 proprium
1256 1777 1358 1806 bonum
1374 1780 1424 1805 est.
1447 1777 1524 1809 Quod
1544 1776 1625 1803 etiam
1644 1774 1764 1803 coiisub-

980 1824 1184 1859 stantialitatem
1199 1823 1318 1858 Spiritus
1332 1831 1393 1850 cum
1410 1822 1478 1850 Filio
1495 1822 1624 1849 ostendit.
1641 1821 1668 1848 Si
1688 1820 1761 1847 enim

981 1865 1133 1896 secundum
1151 1864 1298 1902 quamdam
1322 1867 1402 1895 aliam
1423 1867 1556 1894 rationem
1584 1866 1764 1894 consubstan-

981 1914 1117 1945 tialitatis,
1129 1913 1219 1948 qualis
1237 1918 1289 1945 est,
1304 1904 1365 1947 quae
1380 1913 1413 1940 dc
1427 1913 1535 1940 duobus
1546 1911 1765 1951 consubstantia-

978 1960 1102 1987 litatibus
1123 1959 1243 1992 dicitur;
1261 1959 1287 1986 in
1310 1959 1410 1994 quibus
1435 1966 1488 1985 non
1509 1962 1550 1985 est
1575 1958 1690 1984 alterum
1715 1965 1763 1991 per

980 2006 1108 2035 alterunt.
1129 2005 1250 2039 Spiritus
1269 2010 1342 2032 esset
1361 2005 1489 2040 proprius
1507 2004 1580 2034 Filii.
1597 2011 1630 2031 cx
1646 2003 1764 2037 Filiique

980 2050 1133 2078 Substantia
1160 2055 1244 2081 esset,
1267 2050 1348 2077 etiam
1378 2048 1463 2076 Filius
1489 2048 1616 2084 proprius
1643 2048 1763 2082 Spiritus

981 2096 1079 2126 sancti,
1095 2101 1122 2123 et
1136 2104 1168 2122 ex
1182 2096 1241 2130 ejus
1253 2096 1404 2122 substantia
1420 2095 1454 2122 ob
1467 2094 1674 2121 conversionem
1689 2093 1763 2125 ejus-

981 2141 1060 2168 modi-
1076 2140 1379 2171 consubslantialitalis,
1405 2139 1477 2174 quod
1504 2147 1584 2166 nemo
1606 2143 1762 2165 sanctorum

142 2191 221 2224 Quod
238 2190 261 2216 si
285 2189 432 2224 quisquam
458 2192 506 2215 aut
524 2188 582 2221 ipse
600 2195 654 2214 non
677 2187 746 2214 bene
760 2187 858 2220 sentit,
879 2191 927 2214 aut
944 2196 966 2223 ι)
981 2187 1091 2214 Patrum
1116 2194 1236 2221 unquam
1262 2186 1341 2216 dixit.
1368 2193 1457 2220 neque
1480 2186 1587 2212 dicetur
1603 2185 1636 2211 ah
1662 2184 1764 2218 aliqum,

143 2242 259 2264 creteros
276 2235 406 2269 decipere
424 2238 551 2266 conatur,
576 2234 651 2261 illius
668 2238 709 2261 cst
725 2233 840 2261 crimen.
858 2233 928 2260 Nam

144 2283 168 2309 si
183 2282 245 2317 quis
258 2289 273 2308 a
286 2280 392 2316 Spiritu
409 2280 603 2314 proprietatem
628 2279 717 2308 Patris
732 2279 852 2312 auferat,
869 2287 929 2314 quae

144 2332 187 2356 est
210 2327 363 2363 ingenitum
387 2334 447 2354 esse
465 2333 652 2360 :causamque
678 2326 736 2353 sive
761 2325 926 2360 principium

144 2375 260 2401 aliarum
277 2380 470 2409 personarum,
487 2372 599 2406 qualem
619 2372 737 2406 amplius
755 2371 927 2406 pcrsonalcm

146 2421 233 2447 l‘atris
258 2420 456 2455 proprietatem
481 2418 506 2445 ei
534 2416 728 2451 derelinquat?
746 2417 880 2444 Similiter
905 2417 927 2444 si

149 2467 212 2502 quis
243 2466 341 2494 Filium
372 2465 487 2499 Spiritui
520 2464 626 2498 hosque
652 2463 725 2490 solos
750 2462 782 2489 ad
811 2463 928 2489 invicem

144 2519 319 2548 comparans,
338 2513 452 2545 negaret
472 2509 606 2544 Spiritum
622 2515 684 2535 esse
698 2507 809 2539 Filium,
823 2507 932 2534 caeteris

143 2559 209 2589 vero
223 2559 249 2585 in
269 2558 352 2586 rebus
366 2564 431 2583 eum
445 2555 559 2582 omnino
574 2554 691 2581 similem
709 2553 778 2580 Filio
792 2560 853 2580 esse
868 2560 929 2579 cre-

143 2607 242 2633 deret:
262 2611 344 2639 quam
366 2603 390 2631 ei
417 2600 588 2637 personalem
607 2599 804 2634 proprietatem
822 2599 928 2626 tribue-

143 2645 272 2682 ret?'nec
288 2649 362 2676 enim
379 2653 520 2683 paternam
539 2645 681 2673 tribueret.
705 2644 772 2672 Nam
789 2653 878 2679 neque
895 2645 929 2672 de

143 2696 224 2728 Patre
238 2700 300 2724 erat
318 2701 420 2725 sermo,
435 2700 524 2727 neque
545 2693 577 2719 ad
593 2691 665 2718 hunc
685 2691 729 2718 illa
746 2690 927 2724 comparatio,

144 2730 233 2776 neque
249 2741 315 2769 licet
331 2739 364 2767 ad
378 2739 452 2767 hunc
467 2737 576 2770 fuisset,
589 2736 692 2772 aliquid
708 2736 733 2764 ei
751 2734 928 2770 proprietatis

145 2787 236 2814 l’atris
252 2786 429 2821 relinqueret.
449 2783 517 2812 Cum
533 2787 717 2818 praeterquam
733 2779 806 2815 quod
822 2787 877 2806 non
891 2779 927 2806 sit

145 2831 240 2870 ij-ilius,
252 2836 349 2860 caetera
361 2830 450 2863 omnia
469 2829 622 2861 secundum
638 2828 735 2856 Filium
751 2826 794 2858 sit,
808 2833 925 2861 cumque

982 2232 1028 2267 qui
1043 2236 1115 2258 recte
1131 2239 1162 2258 ac
1176 2231 1220 2266 pie
1242 2231 1276 2258 de
1291 2231 1343 2257 (ide
1361 2231 1484 2258 sentiret.
1502 2229 1575 2256 Talis
1592 2234 1682 2256 autem
1697 2237 1766 2255 con-

982 2276 1198 2303 substantialitas
1209 2284 1297 2311 neque
1309 2276 1418 2311 proprie
1431 2275 1701 2303 ronsubstantialitas
1711 2278 1764 2306 est;

982 2319 1030 2348 scil
1047 2322 1108 2352 illa.
1131 2329 1191 2356 quae
1211 2321 1326 2349 alterum
1344 2322 1422 2349 alteri
1439 2321 1548 2356 copulat
1566 2326 1695 2355 tanquam
1716 2328 1765 2354 per

981 2377 1044 2396 eum
1064 2376 1096 2395 ex
1110 2376 1144 2395 eo
1159 2368 1294 2396 exsistens
1308 2368 1470 2395 naturaliter
1491 2372 1519 2394 et
1535 2367 1764 2394 substantialiter.

981 2415 1059 2447 Quod
1081 2414 1190 2449 quidem
1216 2414 1342 2448 probabit
1359 2414 1448 2448 magni
1474 2413 1564 2441 Basilii
1585 2413 1629 2440 hic
1647 2413 1765 2439 adducta

981 2460 1129 2490 sententia.
1143 2461 1190 2494 qui
1215 2460 1359 2487 manifeste
1380 2460 1477 2487 asserit
1505 2459 1602 2486 fratres
1628 2466 1683 2485 non
1707 2457 1761 2484 dici

982 2507 1090 2541 proprie
1104 2506 1219 2536 invicem
1234 2505 1492 2534 consubstantiales.
1511 2505 1655 2533 Adduntur
1672 2507 1763 2530 autem

982 2553 1118 2587 ejusmodi
1137 2552 1280 2580 sententiis
1304 2557 1332 2578 et
1343 2552 1404 2579 alim
1419 2551 1573 2581 sententim,
1590 2558 1650 2583 qum
1663 2550 1698 2576 ob
1714 2550 1766 2576 hoc

981 2599 1131 2626 ostendunt
1144 2597 1242 2626 Filium
1256 2605 1316 2625 esse
1327 2597 1590 2628 consubstantialem
1604 2595 1688 2626 Patri.
1702 2597 1764 2627 quia

979 2653 1011 2670 ex
1027 2645 1086 2678 ejus
1104 2643 1256 2670 substantia
1273 2646 1325 2674 est.
1342 2638 1372 2668 ut
1391 2649 1496 2672 omnes,
1519 2642 1564 2675 qui
1583 2641 1678 2672 Velint,
1699 2640 1765 2666 hinc

980 2690 1132 2724 intelligere
1149 2689 1266 2723 possint.
1289 2688 1390 2714 idcirco
1410 2687 1541 2722 Spiritum
1560 2692 1682 2714 sanctum
1701 2693 1764 2713 cum

979 2736 1048 2763 Filio
1065 2734 1326 2763 consubstantialem
1347 2740 1421 2764 esse,
1435 2734 1498 2767 quia
1514 2741 1547 2759 ex
1563 2733 1623 2767 ejus
1638 2732 1766 2759 substan-

981 2781 1017 2807 tia
1032 2785 1084 2806 est.
1103 2779 1169 2807 Item
1187 2778 1220 2806 ad
1243 2779 1292 2806 has
1311 2778 1461 2806 sententias
1479 2777 1650 2804 roborandas
1668 2781 1696 2803 et
1711 2775 1764 2804 alia

980 2825 1089 2853 Patrum
1109 2825 1180 2852 dicta
1201 2824 1360 2858 adorentur,
1376 2831 1434 2858 qua:
1450 2821 1764 2854 consubstantialitatcnt
