1925 3056
122 169 183 201 305

603 167 794 198 APOLOGIA
815 166 1123 197 INSCRIPTIONUM
1145 167 1263 198 VECCL

1688 167 1740 198 306

124 225 244 260 Spiritus
255 225 286 252 ad
298 226 403 253 Patrem
427 224 582 260 Filinmque
595 224 658 252 inde
669 224 906 258 ostendunt,quod
921 226 942 255 Α
960 225 1029 251 bene
1048 225 1182 260 percipio,
1201 225 1271 252 nihil
1286 224 1357 252 enim
1370 224 1427 259 ipse
1441 224 1543 252 clarum
1559 223 1644 256 dicis;
1663 223 1738 258 atqui

126 271 149 298 is
160 279 190 297 et
203 271 282 298 Patre
299 278 346 305 per
362 269 459 297 Filium
474 271 519 297 sit.

359 339 478 366 PaIama:
492 339 678 366 contradictio.

161 409 292 443 Proprius
317 412 359 434 est
388 406 474 434 Filius
499 405 588 433 Patris
617 410 647 433 ut
672 413 704 432 ex
729 412 763 432 eo
787 404 906 439 genitus,

125 456 278 489 eodemque
293 454 373 480 modo
385 458 412 480 ct
427 453 548 487 Spirittts
563 456 672 479 sanctus
685 457 737 482 est.
759 456 789 478 ut
804 459 837 476 ex
854 451 905 477 Pa-

131 508 173 529 tre
199 499 359 535 procedens.
388 497 622 531 Quemadmodum
653 505 764 531 magnus
793 496 907 523 Basilius

126 546 257 573 adversus
274 543 457 571 Eunomianos
471 543 569 570 litteris
584 542 737 569 mandavit:
750 542 906 575 Proprieta-

128 596 192 621 tem,
210 590 310 624 inquit,
327 589 359 615 ad
382 589 489 616 Patrent
512 588 631 622 Spiritus
650 587 737 615 sancti
756 587 829 619 novi.
843 588 906 622 quia

126 644 140 662 a
156 636 236 663 Patre
254 634 387 669 procedit.
405 633 508 662 Dicitur
529 638 617 660 tamen
639 632 699 659 Filii
719 632 848 666 Spiritus,
869 633 908 660 si-

127 686 174 708 cttt
196 680 267 707 idem
290 683 399 707 sanctus
413 679 502 713 capite
517 682 613 706 octavo
632 678 664 704 ad
685 677 907 711 Amphilochium

129 727 238 758 asserit,
263 731 291 757 ut
307 725 458 757 secundum
474 730 599 754 naturam
615 724 639 751 ei
655 724 818 758 conjunctus
831 733 838 756 ;
851 723 909 750 ﬁeri

129 773 201 800 cnitn
226 773 337 800 minime
359 776 458 806 potest,
476 779 517 803 ea,
537 778 598 805 quze
621 775 716 797 natura
740 769 810 796 idem
835 773 908 800 sunt.

129 827 182 846 non
208 826 267 845 esse
292 817 408 845 invicem
432 818 587 851 conjuncta.
614 815 672 844 Non
697 815 797 842 dicitur
820 818 909 842 autem

130 862 215 891 Filius
237 863 356 899 Spiritus
379 863 478 892 sancti,
498 870 532 888 ne
552 861 672 894 Spiritus
698 864 809 887 sanctus
831 860 911 886 Pater

128 917 187 941 esse
202 909 336 938 videatur,
350 915 409 934 cum
426 906 510 934 Filius
526 906 557 932 ad
575 906 682 933 Patrem
697 905 842 935 referatur,
861 912 909 934 cu-

127 955 172 990 jus
189 953 275 981 Filius
289 953 439 981 diceretur.
459 952 564 979 Veccus
580 956 669 977 autem
687 950 738 977 iste
752 958 785 977 ex
801 956 910 977 sen'eu-

133 1001 177 1027 tiis
193 995 237 1026 hic
257 1006 321 1026 sane
335 997 458 1025 collectis
472 997 539 1023 nihil
554 997 612 1023 sani
628 996 746 1029 colligit;
763 995 911 1029 reprehene

129 1045 204 1071 ditur
222 1049 310 1071 tamen
322 1052 336 1070 a
352 1043 508 1077 sentietipso,
522 1050 582 1069 cum
597 1041 669 1068 dicat
683 1041 718 1068 ob
734 1041 912 1068 consubstan-

132 1090 275 1126 tialitatem
298 1096 331 1116 ex
357 1088 509 1116 substantia
532 1087 591 1114 Filii
613 1086 744 1121 Spiritum
767 1085 831 1112 dici.
857 1085 912 1115 Nec

131 1135 204 1162 enim
229 1142 260 1161 ea
284 1135 317 1161 de
339 1141 420 1161 causa
446 1134 527 1160 etiam
553 1140 587 1160 ex
608 1139 725 1167 persona
743 1130 802 1157 Filii
821 1135 911 1163 esset;

132 1181 274 1214 continget
287 1179 359 1206 enim
374 1187 406 1206 ex
421 1179 537 1206 invicem
555 1178 612 1204 haec
626 1185 696 1204 esse.
714 1176 817 1204 Idcirco
833 1183 913 1203 nemo

132 1225 158 1252 id
171 1231 289 1258 unquam
302 1224 428 1255 asseruit.
444 1223 575 1257 Spiritum
587 1230 621 1250 ex
635 1229 750 1257 persona
763 1229 824 1249 esse
838 1220 911 1253 Filii,

131 1271 179 1300 sed
199 1279 230 1298 cx
248 1278 360 1305 persona
372 1269 472 1297 Patris.

403 1341 504 1369 Nicen:
519 1340 643 1374 defensio.

167 1410 226 1436 Non
243 1409 330 1440 solum
346 1407 447 1434 dixisse
458 1406 524 1434 satis
536 1410 587 1437 cst.
618 1405 664 1432 sed
680 1404 762 1432 etiam
780 1403 912 1430 rationem

135 1455 237 1487 addere
254 1459 371 1489 oportet.
389 1454 518 1486 Quamnam
538 1452 634 1478 istltzec
648 1450 798 1476 voluntaria
816 1449 914 1483 positio

134 1507 189 1533 est,
206 1500 346 1535 proprium
361 1499 450 1530 Patris
464 1497 573 1525 Filium.
584 1500 630 1523 act
642 1495 773 1530 Spiritum
790 1499 913 1521 sanctum

136 1548 240 1578 dicere.
256 1551 287 1574 ut
300 1545 447 1576 essentiam
463 1543 595 1576 habentes
611 1550 644 1571 ex
666 1541 743 1570 Patre
760 1550 766 1567 :
785 1540 833 1567 sed
853 1547 916 1574 pro-

137 1595 226 1630 prittut
247 1592 306 1620 Filii
330 1591 462 1625 Spirilttm
490 1591 610 1616 dicentes
636 1595 688 1614 non
714 1586 809 1614 eodem
834 1584 915 1611 modo

137 1641 301 1675 intelligere,
313 1637 385 1672 qttod
400 1645 430 1664 ex
445 1636 513 1663 Filio
530 1635 635 1662 scilicet
647 1632 794 1661 essentiam
806 1631 914 1662 habeat,

136 1687 182 1714 sed
198 1693 280 1720 quem
299 1685 357 1717 ipse
374 1690 423 1717 pro
448 1681 527 1708 libito
544 1680 621 1714 quasi
646 1679 672 1706 in
693 1677 807 1705 somniis
825 1676 915 1710 ﬁngis.

138 1733 204 1760 Nam
218 1731 290 1765 quod
307 1729 396 1764 magni
420 1727 511 1754 Basilii
527 1727 631 1752 dictum
647 1725 673 1751 in
691 1724 810 1750 ntedium
827 1722 916 1752 ducis,

138 1787 188 1813 pro
213 1777 292 1804 nobis
312 1775 414 1810 petitis,
443 1778 471 1800 et
494 1777 586 1799 centra
613 1776 639 1798 te
660 1769 808 1797 adduxisti.
829 1767 918 1795 Unius

137 1824 237 1851 etenim
253 1827 280 1850 et
293 1820 416 1854 ejusdem
436 1819 486 1850 rei,
516 1817 588 1852 quod
604 1816 706 1844 scilicet
722 1815 839 1849 Spiritus
855 1821 918 1839 san-

138 1876 199 1898 ctus
216 1868 377 1896 naturaliter
402 1865 473 1893 Patri
492 1868 519 1891 et
536 1862 604 1890 Filio
618 1861 780 1894 conjunctus
794 1859 840 1890 sit,
857 1865 918 1894 pro-

138 1916 263 1943 bationes
283 1920 410 1948 quat-reus
426 1911 522 1938 doctor
544 1907 743 1936 sanctissimus.
765 1905 836 1931 hanc
860 1909 919 1930 tan-

139 1969 220 1994 quam
233 1959 412 1996 potissintam.
429 1957 501 1992 quod
518 1955 623 1982 scilicet
639 1961 670 1979 ex
685 1953 766 1979 Patre
778 1950 918 1985 procedat,

140 2007 258 2043 Filiique
278 2006 395 2036 dicatur,
415 2009 440 2030 et
461 2003 506 2033 sit,
532 1999 657 2035 producit
677 1999 703 2025 in
723 1997 851 2027 medium,
867 2003 919 2030 pu-

139 2059 202 2080 tans
224 2052 257 2078 ad
281 2051 353 2085 idem
378 2050 492 2079 referre.
515 2048 641 2080 idemque
657 2045 715 2071 ba~c
728 2043 809 2070 amho
829 2048 918 2076 posse.

139 2099 206 2126 Nam
225 2097 304 2131 cujus
321 2095 441 2131 Spiritus
468 2093 577 2125 dicitur.
595 2099 628 2118 ex
652 2090 698 2117 illo
723 2089 843 2122 denique
866 2085 922 2121 spi-

140 2149 228 2170 ratur.
238 2141 278 2168 Tu
291 2148 353 2168 vero
367 2139 563 2166 absurditatem
581 2138 629 2169 rei,
642 2142 759 2170 suasque
772 2134 922 2169 positiones

141 2193 315 2222 sequentem,
333 2194 364 2214 ac
386 2185 569 2213 necessariam
586 2182 802 2212 conversionem,
816 2187 875 2214 quae
889 2187 921 2206 ex

143 2235 196 2262 tuis
221 2233 346 2268 sequitur
361 2232 452 2259 verbis
475 2230 597 2265 eﬂ'ugere
619 2237 679 2256 cum
695 2227 814 2258 conaris,
839 2225 920 2253 etiant
938 2225 962 2253 Ι)

142 2281 239 2307 nolens
249 2280 303 2307 tuis
315 2278 480 2305 adversariis
493 2276 576 2303 faves.
589 2275 647 2302 Non
661 2275 734 2301 enim
745 2273 848 2299 dicitur
860 2271 921 2306 (ais)

143 2326 262 2365 Spiritus
278 2325 364 2351 sanCti
379 2323 483 2350 Filius:
498 2329 531 2348 ne
548 2321 629 2354 hujus
643 2319 720 2346 Pater
735 2317 818 2345 Filius
833 2317 924 2343 vidca-

144 2363 200 2404 tur,
220 2378 346 2399 asserens
361 2369 467 2397 scilicet
481 2373 508 2394 et
521 2367 578 2401 ipse
594 2366 707 2393 relativa
722 2365 823 2392 debere
834 2363 867 2390 ad
883 2363 924 2389 in-

145 2419 232 2445 vicem
249 2415 382 2445 converti.
402 2419 431 2441 ut
446 2421 507 2442 cum
525 2419 552 2441 et
572 2412 690 2447 Spiritus
713 2419 813 2439 nomen
833 2411 924 2437 relati-

144 2471 206 2488 vum
242 2462 300 2488 sit:
319 2459 549 2496 quemadmodum
572 2463 599 2486 et
620 2458 676 2492 ipse
702 2457 797 2484 volens
828 2457 925 2482 nolens

144 2507 250 2538 fateris,
267 2507 300 2533 ad
318 2507 467 2540 spirantem
485 2504 593 2534 referri.
613 2509 744 2538 atque-ex
765 2503 812 2529 illo
825 2501 923 2535 spirari

144 2552 255 2581 debere.
272 2551 349 2585 cujus
362 2555 389 2577 et
404 2549 505 2576 dicitur
522 2548 652 2581 Spiritus.
665 2547 741 2580 Quod
757 2551 847 2573 autem
861 2549 889 2572 et
903 2544 925 2571 si

144 2605 176 2625 ex
196 2597 348 2623 substantia
372 2595 432 2622 Filii
461 2589 582 2629 Spiritus
604 2599 716 2621 sanctus
731 2593 848 2622 dicatur,
871 2598 925 2617 non

145 2645 237 2668 tanien
258 2641 319 2667 idco
339 2640 524 2667 necessarium
545 2639 695 2666 arbitratur
715 2638 796 2664 etiam
818 2645 850 2664 et
867 2636 927 2671 ejus

145 2694 262 2722 persona
287 2694 365 2718 esse,
391 2685 539 2713 absurdum
569 2685 652 2712 etiam
676 2683 827 2718 quiddam;
854 2681 926 2708 unde

144 2732 273 2767 equidem
287 2732 377 2758 nescio
391 2731 424 2758 ad
438 2732 489 2758 ltoc
501 2731 740 2758 demonstrandum
753 2729 861 2756 conaris
873 2728 928 2755 col-

144 2778 240 2812 ligere.
268 2776 314 2803 Sic
333 2776 405 2802 enim
427 2776 466 2802 ais
484 2784 515 2802 ex
546 2777 662 2802 invicem
685 2779 779 2802 essent
800 2778 926 2808 tanquam

148 2823 279 2859 possibile
294 2822 400 2850 scilicet
411 2822 493 2848 etiam
506 2820 604 2848 Filium
619 2829 652 2848 ex
669 2820 788 2855 Spiritus
801 2820 928 2846 substan-

150 2871 185 2911 tia
195 2868 248 2896 dici
262 2876 269 2902 ;
284 2872 313 2896 et
325 2867 427 2896 idcirco
439 2868 520 2895 etiam
537 2876 568 2894 cx
584 2868 643 2902 ejus
658 2874 782 2902 persona.
796 2866 823 2894 Si
839 2873 889 2901 ego
902 2870 928 2893 te

959 276 1053 298 nostra
1075 271 1145 298 ratio
1167 270 1230 298 inde
1246 270 1400 297 ﬁrmissime
1423 270 1587 301 roboratur;
1604 276 1738 302 nusquam

958 317 1033 344 enim
1048 316 1171 351 reperies
1185 316 1226 343 vel
1238 316 1349 346 Filium.
1362 317 1404 343 vel
1421 316 1540 345 Patrem.
1557 323 1644 348 nequc.
1657 314 1739 340 sacri:

959 364 987 389 in
1005 363 1126 391 Litteris.
1140 370 1228 395 neqtte
1239 361 1310 396 apud
1325 364 1460 392 doctores.
1472 369 1503 387 ex
1519 360 1670 387 substantia
1681 359 1741 385 Sci-

960 409 1029 434 ritus
1055 408 1140 434 sancti
1168 407 1270 433 dictant
1291 413 1362 432 esse.
1388 407 1421 433 At
1447 406 1469 433 si
1493 405 1551 432 hate
1571 405 1665 433 dictio.
1685 406 1740 437 hinc

959 455 1114 481 substantia
1143 454 1268 480 videlicet
1292 452 1354 479 Filii
1382 457 1428 479 aut
1449 451 1538 479 Patris
1564 458 1636 480 esse.
1656 451 1741 476 solam
1761 437 1767 446 /

962 499 1286 530 cotisuhstantialitatem,
1312 497 1544 532 queritadtttodttm
1569 503 1618 521 vos
1647 496 1741 524 Vultis.

960 545 1135 579 signiﬁcaret,
1161 544 1226 571 illttd
1248 543 1330 570 etiam
1348 542 1470 573 perfecto
1486 542 1538 568 dici
1564 541 1691 567 debebat.
1713 540 1740 566 Si

961 595 1051 617 autent
1074 597 1156 616 nemo
1170 594 1328 616 sanctorum
1345 596 1377 615 ex
1393 595 1509 622 persona
1526 586 1586 613 Filii
1609 585 1741 620 Spiritum

961 643 1021 662 esse
1037 635 1203 669 pncdicavit,
1227 639 1348 661 attamen
1375 642 1406 660 cx
1431 633 1500 660 Filio
1518 640 1588 662 esse,
1612 636 1742 667 atquecx

962 683 1031 709 Filio
1045 682 1178 708 exsistere
1194 681 1372 710 atlirmarunt.
1389 689 1450 715 quae
1474 679 1591 706 maxime
1610 678 1743 704 exsistun-

963 728 1028 754 tiam
1045 727 1163 760 Spiritus
1183 727 1349 760 signiﬁcant.
1369 725 1558 754 Occidentales
1582 728 1671 750 atttem
1693 723 1743 750 Pa-

964 779 1020 800 tres
1044 778 1125 807 atque
1142 772 1270 799 doctores
1285 772 1368 799 etiam
1385 779 1417 797 cx
1433 771 1502 797 Filio
1516 777 1578 796 eum
1594 768 1744 803 procedere

963 823 1098 846 asserunt.
1117 819 1167 846 Per
1179 826 1277 845 nomen
1292 823 1384 845 autem
1399 817 1458 843 Filii
1472 816 1523 842 nisi
1539 822 1682 849 personant
1701 813 1746 840 Fi-

964 865 991 891 lii
1013 864 1160 896 intellittas,
1174 864 1336 890 miraculum
1350 868 1432 893 esset,
1453 867 1479 888 tu
1498 868 1586 895 neque
1602 869 1634 886 ev
1657 859 1744 887 Patris

963 918 1078 945 persona
1107 909 1239 944 Spiritum
1265 916 1324 936 esse
1340 907 1536 938 dixisses,-nisi
1553 907 1628 933 solus
1642 905 1745 939 Grego-

962 958 1018 984 rius
1039 957 1185 991 ‘Nyssenus,
1203 961 1230 983 et
1247 956 1269 983 is
1291 955 1401 990 quidem
1418 954 1501 982 semel
1518 953 1576 980 suis
1592 953 1619 979 in
1638 959 1745 979 sermo-

961 1002 1054 1034 nibus,
1065 1001 1198 1035 Spiritum
1208 1009 1238 1028 ex
1251 1005 1363 1035 paterna
1376 1007 1490 1034 persona
1503 997 1652 1032 procedere
1663 997 1746 1023 dixis-

962 1053 1004 1075 set
1027 1057 1034 1074 :
1057 1047 1104 1074 snd
1128 1054 1189 1074 cum
1214 1054 1246 1073 ex
1273 1045 1351 1072 Patre
1375 1045 1487 1071 audires
1513 1043 1576 1077 (qua
1605 1041 1742 1070 sententia

962 1093 1041 1127 plena
1055 1092 1144 1120 omnis
1154 1091 1296 1122 Scriptura
1306 1090 1370 1123 est).
1381 1095 1477 1117 cuncta
1494 1089 1584 1122 potius
1595 1095 1673 1122 quam
1685 1094 1746 1120 per-

962 1145 1057 1175 sonam
1076 1137 1163 1165 Patris
1187 1137 1363 1170 intelligens.
1388 1135 1423 1162 At
1449 1135 1500 1162 hoc
1523 1141 1604 1167 quam
1627 1132 1745 1159 maxime

963 1183 1067 1218 puerile
1086 1187 1137 1210 est.
1156 1181 1222 1214 Quis
1241 1182 1324 1213 igitur
1340 1185 1459 1207 vestrum
1473 1179 1540 1206 nihil
1557 1179 1615 1206 sani
1629 1177 1742 1204 conclu-

963 1228 1018 1258 dat.
1043 1233 1118 1259 tune,
1142 1235 1176 1254 an
1194 1227 1307 1258 Veccus,
1330 1233 1422 1253 sermo
1440 1230 1534 1252 noster
1553 1223 1673 1251 dilucide
1694 1222 1743 1249 de-

964 1273 1134 1300 monstravit.

1111 1329 1280 1357 Undecimum
1295 1333 1481 1363 argumentum
1503 1326 1588 1353 Vacci.

1001 1386 1068 1413 Cum
1096 1386 1219 1420 quidam.
1242 1385 1386 1412 audientes
1402 1383 1535 1418 Spiritum
1564 1386 1689 1409 sanctum
1710 1388 1745 1408 ex

966 1432 1118 1459 substantia
1149 1430 1308 1461 esse‘Filii.
1329 1430 1401 1457 aliud
1414 1438 1444 1456 ex
1462 1428 1615 1456 substantia
1631 1434 1690 1453 esse
1703 1426 1745 1452 di-

966 1483 1042 1508 cunt.
1059 1478 1131 1504 aliud
1152 1486 1183 1504 et
1203 1484 1318 1511 persona
1334 1485 1341 1505 ς
1360 1483 1410 1502 nr-c
1427 1474 1492 1502 illud
1506 1471 1745 1507 comprehendere

967 1527 1080 1557 possunt
1099 1524 1148 1550 hoc
1165 1530 1263 1549 nomen
1285 1522 1371 1549 Filius
1397 1520 1539 1555 personale
1563 1512 1660 1544 notnen
1674 1524 1746 1547 csse,

967 1574 995 1596 et
1016 1569 1061 1603 qui
1083 1577 1115 1596 ex
1148 1568 1300 1596 substantia
1331 1567 1398 1593 dicit
1426 1566 1505 1598 Filii,
1536 1571 1622 1592 totum
1647 1563 1745 1590 Filium

967 1615 1086 1642 ostendit
1107 1615 1301 1646 substantiam,
1327 1613 1432 1640 scilicet
1471 1611 1678 1638 subsistentem.
1706 1609 1744 1647 Ad

967 1668 1062 1688 eorum
1095 1660 1178 1695 igitur
1209 1661 1318 1693 ineptos
1331 1658 1521 1690 absurdosque
1535 1663 1633 1683 sensus
1654 1654 1748 1681 redar-

967 1707 1091 1742 guendus
1106 1707 1226 1734 eollcetae
1246 1712 1310 1732 sunt
1321 1709 1348 1731 ct
1363 1712 1402 1731 ea:
1414 1704 1621 1738 Scripturarunt
1636 1706 1748 1727 sentcn-

969 1753 1023 1785 Περ,
1053 1761 1113 1779 (tum
1141 1760 1172 1778 cx
1202 1751 1353 1779 substantia
1380 1750 1467 1777 Patris
1499 1748 1596 1775 Filium
1623 1746 1747 1781 genera-ri

971 1799 1130 1825 ostendunt.
1163 1798 1229 1824 Nam
1263 1798 1285 1823 si
1316 1804 1396 1822 unam
1430 1803 1488 1821 esse
1503 1794 1672 1821 nativitatem
1687 1791 1748 1818 Filii

969 1853 1000 1872 ex
1016 1845 1096 1872 Patre
1116 1845 1242 1873 fatemur.
1257 1851 1310 1876 quo
1328 1847 1408 1876 pacto
1424 1841 1467 1867 illa
1490 1839 1601 1866 differre
1622 1843 1748 1870 possunt.

969 1899 1030 1918 esse
1050 1891 1157 1918 scilicet
1183 1898 1215 1916 ex
1240 1889 1404 1918 substantia.
1433 1891 1460 1913 et
1483 1893 1543 1912 esse
1565 1891 1596 1911 et
1614 1883 1749 1918 persona?

969 1937 1023 1964 nisi
1053 1937 1199 1970 quisquam
1227 1934 1450 1961 manifestissime
1465 1931 1683 1965 blasphemarct.
1701 1937 1749 1954 att-

971 1983 1103 2015 deretque
1126 1981 1230 2012 dicere,
1261 1980 1342 2006 aliam
1372 1978 1432 2005 Filii
1460 1984 1520 2004 csse
1547 1983 1579 2002 ex
1593 1973 1748 2002 substantia

970 2027 1059 2055 Patris
1085 2026 1267 2055 nativitatem,
1295 2025 1375 2050 aliam
1404 2032 1436 2050 ex
1467 2028 1593 2056 persona.
1608 2019 1752 2046 Adduntur

971 2073 1054 2100 etiattt
1069 2076 1097 2099 et
1112 2071 1145 2099 iis
1161 2070 1306 2098 sententiis
1318 2070 1370 2096 alia
1394 2069 1505 2096 Patrum
1518 2067 1601 2097 dicta,
1614 2072 1673 2098 qua‘
1688 2070 1751 2096 pcr-

973 2119 1071 2146 fcctam
1093 2117 1289 2146 substantiam,
1318 2120 1346 2142 et
1360 2116 1443 2142 Deum
1462 2112 1616 2147 perfectum
1631 2110 1751 2139 Patrem,

973 2171 1000 2193 et
1022 2165 1172 2199 perfectam
1188 2162 1368 2190 substantiam
1403 2160 1514 2189 Filium,
1545 2162 1571 2183 et
1598 2155 1748 2191 perfectam

975 2210 1156 2238 substantiam
1173 2208 1306 2243 Spiritum
1330 2210 1455 2233 sanctum
1467 2202 1628 2231 ostendunt.

1209 2264 1326 2292 Palamae
1340 2262 1521 2289 conlradiclio.

1008 2325 1075 2352 Cum
1090 2322 1191 2358 aliquid
1220 2321 1303 2348 unius
1329 2319 1488 2347 substantia!
1505 2326 1683 2353 personaeque
1699 2324 1750 2348 est.

975 2376 1040 2398 tunc.
1054 2370 1124 2404 quod
1142 2377 1177 2396 ex
1192 2368 1236 2395 illa
1252 2367 1404 2394 substantia
1423 2365 1586 2392 naturaliter
1603 2365 1754 2391 essentiam

974 2416 1068 2444 habet.
1083 2422 1115 2441 ex
1130 2414 1175 2441 illa
1189 2414 1270 2440 etiam
1292 2419 1407 2446 persona
1437 2410 1560 2438 eamdem
1587 2409 1679 2438 habet.
1700 2414 1725 2436 et
1740 2417 1757 2436 e

975 2468 1122 2489 converso.
1152 2459 1230 2492 Quod
1257 2459 1329 2486 enitn
1362 2457 1469 2484 exstitit
1497 2464 1530 2484 ex
1562 2456 1607 2482 illa
1625 2462 1754 2490 persona.

975 2509 1056 2535 etiam
1088 2515 1120 2534 ex
1147 2507 1191 2533 illa
1227 2504 1384 2532 substantia
1400 2508 1452 2531 est.
1469 2503 1650 2530 Personarum
1666 2507 1758 2528 autem

977 2554 1098 2589 plurium
1115 2551 1187 2586 qttod
1208 2555 1298 2577 estex
1314 2550 1358 2576 illa
1387 2556 1440 2575 ttna
1461 2548 1626 2578 substantia.
1652 2554 1707 2572 non
1722 2554 1755 2572 ex

978 2599 1086 2626 caeteris
1115 2596 1243 2624 omnibus
1278 2594 1414 2629 personis.
1443 2587 1490 2621 εει]
1519 2601 1551 2620 ex
1567 2600 1620 2619 una
1639 2592 1756 2626 quadam

978 2651 1072 2672 earum
1097 2646 1149 2669 est.
1177 2640 1245 2667 Cum
1286 2640 1367 2674 igitur
1396 2647 1522 2674 suprema
1545 2638 1758 2671 venerandaque

981 2690 1103 2717 Trinitas
1129 2694 1182 2714 una
1209 2691 1307 2712 natura
1330 2685 1357 2712 in
1381 2685 1470 2712 trihtts
1488 2684 1614 2719 personis
1629 2683 1682 2714 sit.
1702 2691 1758 2710 non

981 2741 1061 2762 omne
1074 2732 1146 2767 quod
1157 2739 1190 2758 ex
1210 2730 1389 2757 subsistentia
1402 2729 1483 2756 habet
1501 2736 1533 2755 ex
1547 2729 1662 2758 caeteris,
1675 2728 1758 2755 etiam

980 2788 1013 2806 ex
1039 2779 1168 2805 omnibus
1197 2776 1321 2811 personis
1349 2780 1401 2806 est,
1429 2774 1476 2801 sed
1508 2781 1541 2800 ex
1569 2782 1622 2801 una
1641 2774 1759 2808 quadam

980 2832 1074 2852 carttm
1098 2823 1204 2850 scilicet
1232 2821 1330 2856 prima.
1357 2820 1425 2848 Nam
1448 2828 1481 2847 ex
1500 2819 1549 2846 hac
1567 2827 1620 2847 non
1631 2827 1690 2847 esse
1711 2827 1759 2846 tte-

982 2876 1116 2902 quaquam
1146 2870 1246 2901 potest.
1276 2865 1335 2893 Non
1360 2866 1442 2901 igitur
1467 2872 1500 2892 ex
1515 2864 1584 2897 alia,
1604 2864 1650 2891 sed
1663 2872 1696 2890 ex
1711 2864 1762 2899 hae
