1925 3056
157 122 210 153 307

638 124 893 156 BESSARIONIS
915 126 943 157 S.
967 127 1005 157 Β.
1027 128 1060 159 Ε.
1082 128 1314 160 CARDINALIS

155 180 225 207 sola.
252 178 388 213 siquidem
411 186 445 206 ex
470 186 536 207 una.
553 179 630 213 Quod
647 181 760 215 quidem
777 182 805 209 in
820 182 940 210 homini-
954 183 980 214 Δ
994 193 1108 213 necesse
1122 191 1165 213 est
1188 187 1303 214 omnino
1318 194 1390 219 esse,
1412 194 1474 214 cum
1490 195 1523 215 ex
1550 187 1705 216 substantia
1731 196 1793 215 nu-

155 226 206 251 bus
220 230 301 259 patet.
321 225 387 251 Nam
407 227 595 261 unusquisque
621 233 747 255 nostrum
763 236 794 256 ex
813 230 943 257 substan-

155 272 193 297 tia
208 271 317 302 quidem
336 272 400 298 Adae
418 277 472 302 est,
501 273 547 299 sed
568 281 622 299 non
635 279 678 300 est
692 281 725 301 ex
736 273 796 309 ejus
814 283 941 308 persona,

154 325 214 343 cum
230 325 284 344 una
305 318 459 344 substantia
480 318 623 345 hominum
639 319 686 350 ait,
700 321 747 347 sed
766 321 859 348 multat
877 328 940 355 per—

154 371 278 390 souzeza
304 364 438 398 principio
465 373 530 392 vero
559 372 623 391 cum
653 365 771 395 humana
788 367 943 394 substantia

154 410 201 440 sit,
215 414 298 443 atque
312 418 430 444 persona
446 412 554 439 setlicet
584 413 646 439 Adae
663 420 716 439 una
735 417 818 444 esset,
833 413 943 447 Eraque

157 457 217 489 ejus
245 457 402 487 substantia
432 457 494 487 fuit.
509 467 543 486 ex
559 467 675 493 persona
690 467 799 494 quoque
810 460 870 495 ejus
884 460 943 487 for-

157 508 227 530 mata
262 508 313 530 est.
337 503 426 537 Atque
445 504 605 539 priusquam
622 506 688 532 Cain
713 510 787 532 esset
805 513 868 532 cum
890 513 944 533 una

157 548 214 574 sola
231 549 300 574 virili
318 549 471 576 substantia
487 558 659 586 personaqtte
675 553 830 584 exsisteret,
848 559 881 578 ex
912 559 943 578 ea

159 601 214 620 una
252 594 324 620 virili
354 595 419 622 Atla:
449 597 602 624 substantia
639 605 809 633 personaquc
837 598 945 632 genitus

158 644 201 666 est
225 640 302 668 Cain.
319 641 433 668 Duobus
451 648 542 669 autem
561 644 627 671 viris
645 645 700 677 jam
717 644 867 670 secundum
884 651 945 679 per~

157 694 253 713 sonam
281 688 481 716 exsisteutibus
515 690 607 716 Euoch
636 697 669 717 ex
699 690 763 717 Atiae
789 691 944 718 substantia

159 732 280 766 quidem.
302 741 356 760 non
373 740 465 761 autem
494 742 527 762 ex
550 743 667 768 persona
685 736 747 765 fuit.
762 737 809 763 sed
826 737 860 762 de
878 737 944 764 Cain

159 779 216 805 sola
246 787 361 812 persona
393 781 502 814 genitus
525 786 578 807 eat.
601 782 705 808 Veccus
719 787 811 809 autem
825 783 875 809 iste
893 782 945 810 Itoc

160 825 188 851 in
220 825 281 851 loco
312 833 439 854 asserens
461 835 493 854 ex
508 828 571 855 Filii
585 836 701 862 persona
723 829 856 864 Spiritum
872 837 944 866 esse.

159 879 192 898 eo
217 872 290 905 quod
322 880 356 900 ex
378 873 438 906 eius
451 874 604 901 substantia
618 883 633 901 a
653 875 786 910 theologis
799 883 860 902 esse
876 876 945 902 dici-

160 922 215 948 tur,
251 925 332 944 nnam
361 918 388 944 in
418 918 473 945 Deo
501 927 647 954 personant
677 921 749 947 sicut
764 921 944 950 substantiam

160 970 219 990 esse
242 964 320 998 ponit
333 964 442 997 Filium,
459 971 505 992 aut
519 967 626 994 Patrem
650 967 764 994 omnino
779 975 880 1002 negans
897 968 947 994 mi-

160 1018 214 1038 ser.
247 1011 368 1046 Itemque
402 1021 416 1039 a
443 1014 502 1040 solo
527 1014 596 1040 Filio
612 1014 733 1049 Spiritus
753 1015 840 1042 sancti
854 1022 948 1042 essen-

161 1057 224 1084 tiam
245 1065 305 1085 esse
333 1060 463 1086 ostendit.
488 1059 577 1094 Atque
604 1061 638 1087 ab
666 1069 763 1093 eorum
793 1061 883 1093 dictis,
900 1060 946 1095 qui

160 1102 188 1128 in
218 1101 321 1129 divinis
351 1107 478 1137 pertect:e
497 1105 658 1132 substantiae
673 1113 733 1132 esse
749 1105 870 1132 Patrem.
886 1113 947 1140 per-

160 1147 295 1181 fect-Eque
330 1149 427 1176 Filium
456 1154 484 1177 et
515 1151 645 1179 similiter
669 1151 804 1186 Spiritum
820 1156 947 1180 sanctum

159 1192 307 1225 atlirmant,
320 1202 372 1221 non
390 1195 550 1223 substantia:
571 1197 714 1229 unitatem,
738 1205 770 1224 ac
791 1198 872 1225 trium
888 1205 948 1232 per-

159 1247 291 1267 sonarum
320 1241 628 1270 incommutabilitatem
664 1243 810 1278 intelligit,
839 1243 887 1271 sed
920 1244 947 1270 in

165 1286 262 1311 eadettt
281 1285 415 1319 Trinitate
428 1287 659 1322 multiplicitatem
674 1287 819 1322 quamdam
847 1293 874 1316 et
893 1288 947 1316 dif-

161 1332 306 1359 ferentiam
324 1333 488 1368 insipienter
500 1335 636 1369 speculari
650 1339 776 1362 conatur.

431 1380 532 1408 Nicmii
551 1381 679 1416 defensio.

198 1423 282 1457 Quam
301 1425 402 1452 similia
425 1426 581 1461 decoraque
602 1427 630 1453 in
659 1426 797 1461 theologia
824 1426 949 1462 exempla

164 1469 317 1496 inducitis?
345 1471 369 1496 id
398 1470 476 1500 vobis
498 1472 652 1500 certissime
671 1479 751 1499 causa
772 1472 875 1499 erroris
895 1477 947 1499 est.

163 1515 241 1548 Quod
255 1515 288 1542 de
309 1515 410 1542 divinis
421 1516 534 1550 perinde
550 1524 580 1543 ac
598 1517 630 1544 de
650 1517 778 1544 humanis
793 1518 897 1552 sapitis,
921 1521 948 1544 et
961 1525 985 1558 ε
1001 1517 1074 1553 qttod
1091 1518 1178 1544 veniat
1192 1517 1337 1552 vestigium

165 1566 250 1593 totam
270 1562 334 1588 hinc
355 1561 387 1588 ad
407 1570 439 1589 ea
463 1562 673 1590 similitudinem
696 1563 817 1591 trahitis.
833 1563 869 1590 At
883 1570 948 1591 cave

165 1615 200 1637 ne
219 1608 251 1635 de
268 1607 399 1634 inell'altili
419 1607 463 1634 illa
485 1608 623 1636 Triuitate
637 1608 713 1636 nefas
729 1609 765 1636 sit
785 1610 822 1636 ita
835 1609 948 1637 sentire.

165 1654 231 1681 Nam
252 1660 281 1681 ut
298 1655 322 1681 ei
338 1654 492 1681 divinitatis
514 1655 614 1687 unitas,
630 1655 671 1683 sic
687 1663 866 1689 personarum
889 1655 950 1683 Tri-

167 1699 240 1727 nitas
261 1706 303 1727 est
329 1702 473 1735 servanda,
499 1710 532 1730 ne
562 1707 619 1730 tres
646 1709 706 1730 esse
736 1702 803 1730 deos
824 1710 948 1730 asserere

166 1747 344 1781 cogeremini,
369 1753 398 1774 ut
419 1748 479 1775 istis
501 1756 549 1775 vos
564 1748 657 1776 verbis
676 1749 819 1776 manifeste
844 1748 947 1777 facitis.

165 1794 224 1821 Non
240 1795 312 1821 enim
327 1795 557 1829 quemadmodum
573 1799 627 1822 tres
638 1795 764 1822 homines
780 1795 813 1822 ad
830 1795 948 1822 invicem

166 1848 341 1867 communem
368 1849 445 1868 suam
483 1841 586 1868 habent
628 1840 822 1873 substantiam,
860 1841 896 1867 ita
922 1846 950 1868 et

165 1891 267 1924 sanetae
287 1885 431 1923 Trinitatis
446 1895 570 1922 personae
587 1886 708 1921 divinam
724 1875 886 1916 easeniiam.
908 1886 950 1914 Si-

167 1933 276 1969 quidem
290 1933 382 1968 specie
397 1933 460 1964 illis,
478 1941 532 1965 non
549 1941 664 1960 numero
681 1933 776 1960 eadem
794 1932 951 1968 humanitas

166 1983 218 2013 cst.
252 1979 357 2005 Sanctae
387 1986 452 2005 vero
475 1979 603 2006 Triuitati
631 1978 726 2006 eadem
759 1986 874 2010 numero
907 1983 951 2006 est

166 2024 257 2058 tiivina
271 2025 409 2055 essentia,
427 2024 485 2051 sive
502 2024 630 2052 divinitas
649 2033 655 2051 :
672 2029 700 2053 et
714 2025 818 2053 ideirco
833 2030 888 2052 tres
906 2024 951 2052 ille

168 2078 290 2105 persona:
300 2075 327 2096 et
340 2078 392 2097 una
408 2070 539 2103 essentia,
552 2075 580 2098 et
599 2078 670 2098 ttnus
685 2070 756 2098 Deus
767 2076 820 2098 est.
838 2070 871 2097 Et
893 2070 952 2097 hac

168 2115 279 2148 quidem
297 2114 385 2142 tribus
414 2115 522 2142 substat
550 2115 650 2142 divinis
672 2115 809 2150 personis,
835 2119 863 2142 et
888 2122 951 2147 cum

169 2161 285 2194 singulis
311 2169 404 2199 earum
423 2169 507 2188 unum
530 2161 684 2188 subsistens
711 2166 764 2188 est.
791 2160 952 2188 Humanitas

994 240 1070 259 mero
1085 233 1180 259 eadem
1208 233 1404 267 communique
1425 234 1460 261 sit
1485 233 1559 261 Patri
1584 238 1612 261 et
1629 233 1707 266 Filio,
1726 242 1790 261 non

994 278 1085 312 specie
1096 279 1185 306 solum
1200 279 1351 306 secundum
1365 279 1432 307 illud
1450 279 1594 306 hominum
1607 280 1770 314 exemplum
1782 299 1792 311 ,

993 329 1021 351 et
1044 324 1127 351 etiam
1149 325 1256 351 substet
1271 325 1374 352 divinis
1395 325 1439 353 his
1468 326 1605 359 personis,
1622 326 1789 360 pateruitati

994 370 1102 398 scilicet
1116 374 1143 397 et
1160 370 1296 398 filiationi.
1315 370 1408 405 Itaque
1436 371 1519 398 etiam
1533 379 1566 398 ex
1586 378 1636 397 sua
1650 371 1789 398 substan-

994 417 1031 444 tia
1059 424 1230 451 personaque
1257 421 1331 445 esset
1356 417 1477 453 Spiritus
1501 422 1625 449 sanctus,
1649 417 1703 444 nisi
1727 425 1791 444 sum

993 464 1156 499 proprietati
1178 469 1352 498 oppugnaret
1368 473 1374 491 :
1391 471 1453 491 cum
1469 463 1562 491 eadem
1579 471 1697 490 nttmero
1717 463 1791 490 sub-

994 509 1095 535 stantia
1111 508 1155 535 illa
1168 516 1200 535 eo
1216 509 1299 535 etiam
1318 509 1494 543 pradicetur,
1509 516 1540 536 ac
1559 509 1585 535 in
1607 516 1639 535 eo
1655 508 1791 535 similiter

995 555 1112 583 substet.
1128 555 1197 587 Quid
1213 554 1296 589 igitur
1311 555 1396 582 velint
1412 555 1557 582 dissimilia
1576 554 1714 588 exempla,
1735 557 1789 580 aut

994 601 1061 636 quid
1077 609 1109 628 ex
1121 601 1165 627 his
1183 602 1235 628 iste
1257 600 1422 627 concludere
1439 601 1535 635 possit,
1554 600 1659 628 nescio.
1682 599 1788 627 Verum

994 647 1040 675 hic
1051 652 1092 674 est
1111 647 1345 674 contentiosorum
1360 654 1428 677 mos.
1445 646 1613 680 quodetiam
1627 646 1790 673 manifestis

995 701 1024 720 se
1039 696 1193 727 opponunt,
1210 697 1238 720 et
1252 693 1360 719 veritati
1376 700 1456 719 aures
1472 692 1617 725 claudunt,
1633 700 1685 719 nec
1704 692 1790 719 intel-

994 739 1084 773 ligunt
1114 747 1210 774 magna
1235 739 1318 765 etiam
1346 738 1496 773 prmcipitia
1524 739 1611 771 adire,
1634 738 1790 765 dummodo

996 790 1093 812 contra
1108 784 1170 810 illos
1188 784 1343 818 quidquam
1364 791 1445 817 agere
1458 784 1578 818 possint,
1599 791 1669 818 quos
1687 788 1790 818 putant

996 830 1048 858 sibi
1064 830 1235 857 adversarios
1251 838 1321 858 esse.
1335 829 1430 863 Qualis
1444 834 1471 856 et
1483 838 1605 864 prazsens
1621 837 1712 856 sermo
1731 833 1785 856 est.

998 876 1048 910 Qui
1067 875 1211 902 manifeste
1227 875 1253 902 in
1267 883 1362 902 eorum
1379 876 1426 910 qui
1456 880 1512 903 tres
1534 876 1600 902 deos
1618 879 1726 910 putant,
1742 875 1788 901 in-

997 923 1065 950 cidit
1086 923 1222 949 hzerosim.
1255 922 1304 949 llic
1335 930 1399 949 vero
1422 930 1504 956 quam
1530 921 1790 956 imprudentissime

998 974 1077 996 suum
1094 968 1176 995 Deum
1191 969 1216 995 in
1233 969 1299 996 alios
1313 968 1414 995 inferre
1425 972 1542 995 conatur
1554 978 1560 995 :
1572 973 1599 994 et
1613 967 1651 995 illi
1663 968 1789 1002 quidem,

998 1014 1043 1049 qui
1062 1014 1137 1047 prius
1154 1013 1268 1048 Spiritui
1284 1019 1380 1040 saneto
1401 1013 1627 1045 adversabantur,
1658 1020 1692 1040 ex
1704 1012 1789 1040 Patre

999 1061 1042 1087 vel
1065 1060 1134 1086 Filio
1158 1067 1219 1087 esse
1245 1067 1308 1086 cum
1332 1059 1488 1089 audientes,
1514 1058 1587 1093 quod
1615 1065 1648 1085 ex
1668 1065 1788 1092 persona

999 1105 1109 1140 quidem
1130 1113 1225 1132 eorum
1240 1111 1323 1136 esset,
1344 1105 1513 1138 recipiebant
1532 1104 1623 1139 :quod
1646 1107 1738 1131 autem
1753 1112 1788 1130 ex

999 1160 1096 1180 eorum
1113 1151 1279 1190 substantia,
1300 1151 1445 1185 negabant.
1470 1149 1550 1176 Nunc
1571 1156 1639 1177 vero
1666 1149 1788 1175 alterunt

999 1199 1018 1226 ii
1052 1197 1174 1225 atrocius
1200 1198 1303 1224 bellum
1325 1197 1458 1223 inferunt.
1486 1196 1637 1231 Recipiunt
1656 1195 1729 1222 enim
1755 1201 1789 1220 ex

999 1244 1150 1271 substantia
1166 1250 1262 1271 eorum
1276 1250 1338 1270 eum
1355 1250 1431 1270 esse:
1450 1242 1496 1269 sed
1514 1249 1547 1268 es
1562 1248 1657 1268 eorum
1672 1246 1790 1275 persona

999 1290 1123 1317 minime.
1154 1290 1193 1315 Ita
1225 1296 1366 1323 nunquam
1396 1287 1503 1315 desistit
1537 1287 1666 1314 Ecclesia;
1688 1290 1790 1312 sanctas

1001 1335 1087 1363 hostis
1098 1334 1227 1362 scandala
1251 1333 1441 1361 dissemiuare.
1470 1333 1535 1366 Qua‘
1554 1331 1664 1367 quidem
1688 1335 1716 1357 ut
1741 1338 1789 1357 ve-

1000 1382 1077 1409 niant
1110 1388 1224 1408 necesse
1255 1386 1315 1412 cst,
1351 1379 1398 1407 sed
1433 1387 1475 1407 γε
1514 1378 1619 1406 homini
1650 1378 1707 1408 illi,
1741 1384 1789 1411 per

1000 1434 1082 1462 quem
1111 1427 1239 1454 veniunt.
1271 1426 1434 1460 Quanquam
1461 1431 1489 1452 et
1521 1425 1575 1451 illis
1611 1423 1721 1459 quidem
1741 1431 1789 1449 vc-

1002 1473 1047 1500 nla
1079 1472 1195 1500 fortasse
1225 1471 1317 1506 aliqua
1344 1471 1433 1498 danda
1458 1474 1542 1500 esset,
1572 1469 1626 1496 imo
1649 1476 1713 1495 vero
1736 1468 1788 1495 ali-

1364 1524 1371 1543 :
1392 1524 1453 1544 cum
1472 1515 1597 1550 quaedam
1615 1515 1641 1541 in
1661 1515 1786 1541 testimo-

1000 1565 1076 1592 nium
1098 1563 1235 1591 adducere
1251 1562 1397 1595 Itaberent,
1411 1569 1472 1597 qua:
1487 1569 1521 1588 ex
1541 1560 1664 1596 personis
1688 1560 1788 1587 divinis

1000 1614 1105 1642 essent,
1118 1617 1174 1637 non
1187 1614 1279 1637 autem
1295 1617 1328 1637 ex
1347 1608 1512 1640 substantia,
1528 1607 1601 1643 quod
1619 1607 1653 1634 de
1676 1612 1787 1633 creatu-

1000 1657 1039 1684 ris
1056 1660 1140 1692 patet.
1163 1656 1226 1684 Istis
1247 1663 1314 1684 vero
1337 1663 1463 1691 quamam
1483 1654 1624 1682 excusatio
1640 1653 1702 1684 erit,
1724 1659 1785 1678 cum

999 1712 1031 1732 ex
1047 1704 1199 1731 substantia
1214 1711 1278 1731 eum
1294 1711 1355 1731 esse
1371 1702 1520 1734 fateantur,
1537 1709 1570 1728 ex
1586 1707 1704 1736 persona
1721 1707 1786 1726 vero

999 1750 1069 1785 ejus,
1092 1757 1126 1777 ex
1148 1749 1228 1785 cuius
1249 1749 1404 1790 substantia
1429 1748 1506 1776 illum
1531 1754 1592 1773 esse
1621 1745 1785 1778 concedunt,

1000 1799 1111 1830 negent.
1137 1795 1176 1822 Ita
1210 1799 1237 1823 et
1265 1795 1316 1823 sibi
1352 1794 1419 1830 ipsis
1449 1798 1477 1821 et
1507 1791 1619 1820 veritati
1649 1791 1786 1819 contraria

1000 1841 1205 1877 pugnantiaque
1221 1841 1326 1868 dicttttt.

1145 1888 1335 1921 Duodecimum
1353 1890 1541 1922 argumentum
1560 1885 1644 1914 Vacci.

1036 1934 1104 1962 Cum
1121 1934 1233 1969 quidam
1252 1933 1344 1961 dicere
1367 1933 1486 1960 audeant
1512 1933 1580 1960 illud
1600 1939 1731 1960 emanare
1747 1938 1779 1958 ex

1001 1980 1071 2008 Filio
1098 1979 1231 2014 Spiritum
1252 1983 1377 2006 sanctum
1391 1998 1399 2009 ,
1420 1977 1542 2013 prodire,
1577 1977 1722 2012 splendere
1745 1981 1787 2003 atc.

1001 2035 1055 2063 que
1087 2025 1268 2057 manifestari,
1295 2033 1350 2052 nou
1380 2024 1534 2059 signiﬁcare
1568 2031 1631 2051 eum
1661 2023 1786 2050 substan-

1002 2072 1103 2100 tialiter
1130 2076 1158 2099 et
1188 2071 1368 2106 personaliter
1392 2078 1425 2097 ex
1453 2069 1522 2096 Filio
1553 2076 1624 2100 esse,
1654 2067 1701 2095 sed
1727 2075 1787 2102 gra-

1003 2120 1102 2151 tiarum
1129 2126 1162 2146 ex
1199 2125 1233 2145 eo
1266 2117 1450 2151 spiritualium
1477 2115 1623 2150 quamdam
1656 2114 1787 2141 tributio-

1003 2169 1084 2190 nem:
1108 2161 1140 2188 ad
1164 2168 1225 2188 eam
1248 2161 1406 2195 opinionem
1426 2159 1644 2194 redargueudam
1668 2158 1786 2185 collectae

169 2214 235 2243 vero
268 2215 356 2241 neque
389 2207 603 2240 particularibus
637 2207 794 2234 hominibus
834 2207 951 2239 substat,
966 2194 992 2224 Β
1005 2212 1070 2235 sttnt
1083 2211 1234 2242 praesentes
1252 2207 1444 2236 auctoritates,
1460 2213 1519 2240 quae
1532 2205 1690 2239 splendere,
1713 2211 1785 2231 ema-

171 2258 259 2286 neqno
274 2259 358 2277 unum
381 2251 536 2282 subsistens
552 2257 594 2279 est
609 2260 670 2279 cum
691 2253 842 2280 individuis
858 2252 953 2287 singu-

171 2291 216 2338 Iis.
240 2297 423 2330 Quamobrem
451 2298 522 2332 quod
547 2306 578 2325 ex
600 2306 696 2326 eorum
720 2300 874 2327 substantia
899 2305 952 2331 est,

172 2342 382 2382 haudquaquam
417 2352 450 2370 ex
493 2345 615 2371 omnium
643 2346 724 2372 etiam
752 2354 870 2381 persona
900 2350 952 2374 est.

171 2393 237 2427 tlain
254 2391 354 2425 quippe
371 2399 432 2421 cum
465 2399 497 2424 ex
519 2391 583 2418 Adae
611 2396 692 2426 atque
714 2392 779 2419 Abel
802 2393 953 2420 substantia

171 2442 326 2470 naturaque
340 2437 384 2469 sit,
401 2445 434 2463 ex
455 2437 519 2464 Atla:
534 2437 644 2470 quidem
661 2438 742 2463 etiam
759 2445 874 2471 persona
896 2443 953 2470 est;

172 2491 225 2510 non
243 2484 371 2517 quoniam
388 2491 421 2510 ex
443 2483 517 2509 illius
530 2483 680 2510 substantia
697 2483 756 2513 fuit,
774 2484 821 2510 sed
836 2484 897 2518 quia
922 2491 955 2510 ex

171 2530 230 2563 eius
242 2537 355 2564 persona
364 2533 413 2560 est,
429 2536 489 2571 eum
501 2529 589 2563 ipsum
603 2536 711 2555 causam
723 2529 956 2563 habensExlAheI

172 2581 262 2603 autem
274 2576 424 2602 substantia
436 2582 497 2601 eum
507 2574 552 2605 sit,
566 2582 619 2600 non
627 2579 720 2602 1amen
730 2583 762 2602 ex
772 2575 830 2610 ejus
840 2583 955 2610 persona

171 2622 290 2656 est,qnia
302 2629 417 2656 persona
426 2622 492 2648 Abel
501 2629 553 2648 tton
562 2621 738 2652 numero,scd
748 2623 838 2656 specie
851 2626 955 2649 tantum

172 2668 236 2695 Adae
261 2667 420 2699 substantiae
446 2668 650 2700 communicat;
681 2675 770 2702 neque
803 2668 956 2695 subsisten-

172 2719 225 2740 tum
244 2713 270 2739 in
287 2720 316 2739 se
332 2713 414 2740 habet
437 2721 515 2740 suam
534 2713 716 2740 substantiam
731 2733 738 2744 ,
766 2720 853 2746 neque
872 2719 956 2739 unum

173 2758 327 2787 subsistens
341 2766 402 2786 cum
419 2765 539 2794 persona
554 2759 686 2797 secunda.
704 2758 739 2785 At
754 2765 821 2785 vero
836 2758 907 2792 quod
923 2765 957 2784 ex

174 2803 264 2830 Patris
287 2802 405 2838 Filiique
430 2803 584 2831 substantia
607 2809 659 2835 est,
695 2811 728 2831 ex
751 2810 845 2830 corum
874 2802 956 2829 etiam

178 2857 295 2884 persona
320 2850 389 2889 nihil
414 2850 542 2886 prohibet
571 2850 635 2886 quin
660 2850 724 2878 illud
746 2850 791 2876 .sit.
814 2849 868 2877 into
893 2857 957 2876 vero

1004 2261 1070 2281 nare
1097 2258 1180 2286 atque
1191 2252 1359 2279 manifestari
1373 2252 1471 2279 Filium
1485 2259 1518 2278 ex
1532 2251 1613 2277 Patre
1627 2250 1784 2277 ostendunt.

1004 2298 1090 2325 Nemo
1115 2297 1189 2324 enitn
1218 2305 1338 2331 unquam
1368 2296 1473 2324 diceret
1498 2305 1551 2323 non
1575 2302 1714 2327 emanare,
1736 2303 1786 2321 non

1005 2343 1150 2378 splendere
1167 2361 1174 2375 ,
1215 2349 1269 2369 non
1297 2341 1467 2369 manifestari
1509 2340 1728 2368 substantiaiiter
1756 2348 1785 2366 ex

1006 2389 1084 2417 Patre
1098 2388 1210 2420 Filium,
1228 2388 1275 2415 sed
1291 2388 1350 2423 ejus
1363 2389 1475 2423 gratias,
1494 2392 1542 2414 aut
1553 2387 1635 2414 dona.

1239 2434 1360 2461 Palama:
1376 2434 1562 2467 contradictio.

1041 2481 1119 2514 Quod
1132 2488 1164 2508 ex
1179 2481 1283 2515 aliquo,
1298 2485 1345 2507 aut
1355 2481 1544 2514 generatione,
1557 2483 1602 2506 aut
1613 2478 1787 2514 processione

1005 2528 1155 2555 essentiam
1171 2527 1264 2557 habet.
1281 2534 1314 2554 ex
1334 2534 1367 2554 eo
1388 2527 1471 2553 etiam
1501 2526 1623 2561 prodire.
1641 2530 1670 2553 et
1689 2526 1786 2557 emitti,

1008 2580 1036 2601 et
1065 2573 1213 2607 splendere
1241 2572 1353 2604 dicitur,
1384 2577 1412 2599 et
1438 2571 1595 2606 ejusmodi:
1615 2579 1671 2599 non
1701 2576 1785 2598 tamen

1006 2619 1141 2655 quidquid
1167 2619 1269 2654 prodit,
1297 2623 1345 2646 aut
1368 2619 1514 2650 etnittitur,
1540 2622 1588 2644 aut
1610 2617 1736 2651 splendet
1755 2624 1784 2643 ex

1007 2666 1069 2697 alio,
1098 2665 1180 2692 habet
1203 2664 1285 2692 etiam
1320 2671 1353 2690 ex
1379 2664 1425 2691 illo
1448 2672 1495 2698 per
1522 2663 1727 2698 generationem
1748 2660 1785 2688 vel

1008 2711 1213 2746 processionem
1244 2710 1404 2741 essentiam,
1423 2713 1504 2743 atque
1523 2709 1550 2735 in
1567 2708 1679 2742 propria
1700 2706 1785 2734 subsi-

1011 2756 1111 2784 stentia
1129 2761 1180 2783 est.
1206 2756 1241 2783 At
1257 2756 1319 2787 iste,
1334 2756 1380 2790 qui
1406 2755 1454 2782 bas
1477 2754 1588 2789 collegit
1602 2754 1785 2784 auctoritates,

1010 2802 1156 2837 impudens
1170 2802 1228 2836 ipse
1242 2810 1273 2830 ac
1298 2801 1463 2828 temerarius
1479 2808 1540 2828 cttm
1556 2799 1602 2833 sit,
1620 2798 1782 2827 temeritatis
1803 2804 1805 2806 ‘

1011 2849 1070 2876 illos
1087 2852 1207 2879 accusat,
1225 2847 1270 2882 qui
1297 2847 1339 2882 pie
1357 2855 1387 2874 ac
1409 2851 1481 2874 recte
1502 2847 1536 2874 de
1556 2846 1657 2874 divinis
1669 2846 1782 2880 sapiunt.

1730 131 1795 163 308
1830 135 1835 138 ’
