1925 3056
158 134 213 167 309

432 203 534 231 Niccm'
547 205 672 239 defensio.

196 248 273 275 Aﬂ‘er
289 249 370 276 etiam
392 249 595 280 necessitatem.
607 258 661 284 qua
679 251 710 277 de
727 258 809 278 causa
830 250 864 278 de
882 251 943 278 Filii

160 300 308 328 progressu
326 301 359 319 ex
374 292 454 320 Patre
470 297 499 319 et
518 293 637 328 Spiritus
661 295 748 321 sancti
764 294 945 327 mquivaleant

159 342 260 365 cuncta
284 338 342 366 inec
365 339 487 371 nomina,
506 339 630 374 generari
653 340 769 370 scilicet.
782 340 943 375 procedere,

159 385 283 420 prodire,
301 393 440 416 emanare,
457 385 536 417 oriri,
565 379 595 412 et
613 386 758 420 ejusmodi.
785 386 822 412 De
839 386 943 420 produ-

160 433 254 460 ctione
268 440 334 460 vero
352 432 471 466 Spiritus
487 439 519 458 ex
540 431 611 459 Filio
628 440 681 458 non
693 432 765 459 idem
785 431 841 459 sint
866 432 944 464 oriri,

160 481 189 503 et
217 482 314 503 cmtera
344 476 478 511 ejusmodi
510 484 572 504 cum
602 477 761 512 procedere.
790 477 845 504 Aut
879 477 944 512 quid

161 529 251 548 cansm
265 527 305 549 est
322 529 370 549 cur
394 522 466 556 quod
494 522 629 556 procedit.
651 523 733 549 etiam
751 526 872 554 emanet,
896 529 946 549 nec

162 572 253 593 tamen
283 574 298 593 e
324 567 476 594 converso?
494 567 551 594 Non
573 567 609 593 ita
635 566 807 599 simpliciter,
836 571 865 594 et
887 567 946 593 sine

162 612 270 638 ratione
295 612 429 638 conclude
454 611 533 646 quasi
562 617 658 646 petens
688 615 718 638 ut
743 611 884 638 auditores
911 619 945 638 e1

161 657 249 693 gratia
268 657 401 691 quidquid
416 657 484 684 velis
499 657 656 691 admittant.
673 656 751 690 Quod
769 656 792 683 si
818 656 874 691 ipse
899 656 945 684 illa

161 704 221 730 sine
241 703 476 730 demonstratione
502 703 629 737 loquens,
647 707 791 730 strenuum
815 701 945 735 quiddam

161 748 259 776 iecisse
287 749 442 781 arbitraris,
468 749 550 775 etiam
577 748 628 783 ipsi
652 748 748 775 eodem
778 747 858 774 modo
880 747 946 773 sim—

162 795 271 830 pliciter
282 794 330 820 tibi
346 784 582 826 co'ntradicemus;
593 798 621 820 et
632 793 755 820 fortassis
770 797 845 823 lauto
859 793 945 828 magis

161 840 242 866 nobis
266 838 444 866 adhibebitur
465 838 542 868 ﬁdes.
570 844 674 873 quanto
695 845 745 865 nos
772 838 872 870 melius
899 845 947 865 ve-

709 136 929 167 REFU’I‘ATIO
953 139 1046 171 MAX.
1065 140 1267 174 PLANUD/E.

960 205 980 234 Α
997 199 1126 231 mittitur.
1145 201 1186 227 rei
1212 200 1314 235 prodit,
1330 201 1373 228 vel
1396 205 1516 233 emanat,
1533 201 1575 228 vel
1602 201 1700 236 oritur,
1725 210 1779 229 non

1730 143 1784 175 310

998 246 1080 272 etiam
1098 254 1131 272 ex
1145 246 1191 273 illo
1207 247 1355 274 essentiam
1375 247 1467 278 habet.
1486 247 1513 274 in
1533 247 1634 282 quibus
1651 248 1722 274 aliud
1741 252 1783 274 est

998 298 1069 322 esse,
1089 292 1163 318 aliud
1180 293 1249 319 milli
1263 301 1270 319 :
1284 301 1440 327 quanquam
1457 301 1546 327 neque
1563 293 1596 320 de
1614 294 1647 320 iis
1670 294 1782 320 univer-
1801 304 1825 329 ί

998 337 1103 369 saliter,
1130 345 1219 372 neque
1242 338 1275 365 de
1300 339 1408 365 cunctis
1432 339 1483 365 hoc
1508 338 1666 366 nominibus
1689 343 1783 372 aperte

998 382 1052 410 dici
1066 383 1162 417 possit.
1178 382 1284 416 Quippe
1297 389 1358 409 cum
1374 382 1477 416 aliquid
1492 390 1524 409 ex
1542 390 1570 409 re
1591 383 1706 416 quatiam
1726 383 1783 409 ori-

999 433 1044 454 tur
1065 432 1110 455 aut
1124 432 1234 455 emanat
1246 436 1254 455 :
1266 427 1385 454 utetiam
1397 435 1430 454 ex
1446 428 1490 454 illa
1503 428 1538 454 sit
1555 435 1666 454 necesse
1679 433 1731 454 est.
1747 427 1784 454 De

999 480 1092 502 sancta
1105 481 1168 500 vero
1178 473 1311 500 Trinitate
1324 481 1446 508 qurenam
1462 474 1532 500 ratio
1540 477 1592 504 est.
1605 480 1656 499 cur
1666 473 1738 507 quod
1749 481 1783 499 ex

998 519 1090 553 aliquo
1099 519 1182 546 habet
1196 526 1269 549 esse,
1286 519 1401 551 oriatur,
1417 524 1446 545 et
1461 522 1571 546 emanet
1589 518 1671 546 etiam
1688 526 1721 545 ex
1737 519 1784 545 illo

998 573 1111 593 necesse
1125 565 1160 592 sit
1174 574 1180 592 :
1199 565 1223 592 id
1238 570 1328 592 autem
1343 566 1416 600 quod
1432 566 1520 592 oritttr
1543 571 1570 592 et
1591 571 1710 596 etnanat,
1727 572 1782 591 non

1002 613 1086 638 etiam
1099 612 1134 638 sit
1149 619 1179 638 et
1194 619 1237 643 eo,
1251 611 1404 645 prmscrtim
1422 619 1484 638 cum
1501 611 1528 637 in
1542 619 1572 638 ea
1589 611 1645 638 hac
1660 611 1782 642 numina,

999 657 1064 684 oriri
1091 656 1229 688 videlicet,
1270 657 1382 690 prodire
1414 665 1445 684 ac
1476 657 1636 691 procedere,
1664 657 1786 690 itemque

999 706 1027 728 et
1041 701 1124 731 mitti,
1136 708 1217 727 unam
1231 708 1287 727 rem
1299 700 1462 733 signiﬁcent,
1475 701 1526 728 etsi
1544 701 1682 727 interdum
1698 701 1785 728 ratio-

999 753 1033 772 ne
1044 746 1183 772 dili‘erant.
1194 746 1282 778 Quare
1299 745 1443 772 manifeste
1457 750 1531 779 patet
1545 746 1618 780 quod
1635 745 1683 772 iste
1699 747 1783 772 etiam

1004 800 1095 820 sermo
1109 800 1198 826 neque
1215 793 1284 818 bene
1301 791 1414 823 dicitur,
1433 798 1522 825 neque
1539 791 1689 818 necessarii
1704 791 1785 825 quid-

998 845 1080 872 quam
1105 845 1155 864 nec
1181 837 1300 871 denique
1320 836 1423 870 aliquid
1448 837 1505 862 veri
1534 835 1622 863 aﬂ‘ert.
1646 835 1699 868 Qui
1719 843 1781 862 cum

161 887 274 919 riusque
295 885 345 918 ipsi
372 884 506 911 dicemus.
535 884 602 911 Nam
631 884 665 911 de
678 884 814 912 creaturis
832 884 944 925 quidem
961 892 981 919 Β
997 883 1189 918 superioribus
1204 882 1303 909 similis
1323 883 1370 913 sit,
1399 882 1517 909 similem
1533 882 1615 909 etiam
1631 881 1683 909 sibi
1699 885 1783 915 atque

111 956 116 960 ,
163 931 291 958 fortassis
307 930 358 958 hoc
376 931 530 966 reperietur
545 939 553 958 :
574 930 646 965 quod
665 930 791 957 videlicet
803 937 837 961 ex
853 930 946 963 aliquo

999 929 1053 958 illis
1066 929 1248 956 inﬁrmitatem
1264 932 1292 955 et
1306 935 1428 955 errorem
1447 932 1574 955 testatur.

698 1065 765 1092 ΤΟΥ
787 1063 990 1091 ΣΟΦΩΤΔΤΟΥ
1009 1063 1250 1090 ΚΑΡΔΙΝΔΛΕΩΣ

516 1151 804 1216 ΚΥΡΟΥ
841 1147 1428 1215 ΒΗΣΣΑΡΙΩΝΟΣ

199 1265 291 1303 ΠΡΟΣ
309 1265 393 1303 ΓΟΥΣξ
411 1265 574 1293 ΜΑΞΙΜΟΥ
593 1266 776 1299 ΜΟΝΑΧΟΥ,
797 1265 866 1292 ΤΟΥ
885 1265 1089 1300 ΠΛΑΝΟΥΔΗ,
1106 1266 1185 1295 ΠΕΡΙ
1203 1265 1273 1294 ΤΗΣ
1292 1265 1543 1293 ΕΚΠΟΡΕΥΣΕΩΣ
1563 1266 1631 1293 ΤΟΥ
1651 1267 1758 1302 ΔΓΙΟΥ

575 1313 788 1340 ΠΝΕΥΜΑΤΟΣ
808 1313 903 1341 ΚΑΤΑ
920 1314 1075 1342 ΛΑΤΙΝΩΝ
1095 1314 1375 1342 ΣΥΛΔΟΙΊΣΜΟΥΣ.

734 1445 985 1480 SAPlENTISSIMl
1004 1446 1212 1475 CARDINALIS

449 1541 795 1618 DOMINI
857 1539 1485 1619 BESSABIONIS

203 1679 433 1716 REFUTATIO
455 1678 802 1710 SYLLOGISMORUM
818 1676 971 1708 MAXIM!
988 1677 1184 1709 PLANUDJE
1208 1678 1261 1709 DE
1274 1677 1547 1709 PROCESSIONE
1566 1677 1742 1710 SPIRITUS
1788 1705 1790 1709 .

704 1730 855 1777 SANCTII
868 1729 1028 1760 CONTRA
1052 1730 1243 1778 LA'TINOS.

735 1794 878 1825 (Areudius,
892 1795 981 1830 Opusc.
994 1801 1079 1826 aurea,
1092 1802 1118 1827 p.
1132 1794 1200 1827 615.)

165 1946 300 1985 Magium)
314 1945 452 1985 μωεαχοῆ
466 1946 690 1985 τοιὶηλίινούδη
702 1946 770 1985 περὶ
786 1946 943 1985 τῆς-ἐκπο-

999 1946 1113 1975 Mazimi
1131 1946 1261 1974 Plauude
1279 1946 1402 1985 monachi
1424 1947 1456 1985 tl_e
1478 1945 1641 1985 proveniant:
1665 1945 1780 1981 Spiritus

177 1982 309 2016 ρεύσεως
326 1981 380 2007 τοῦ
398 1981 484 2015 ἁγίου
501 1982 673 2015 Πνεύματος
689 1982 765 2009 κατὰ
780 1982 926 2010 Λατίνων.

206 2037 381 2072 Ἑρωτητέον,
398 2037 515 2071 πότερον
530 2037 547 2072 ἡ
564 2037 595 2063 ἐκ
607 2037 713 2072 ﬂat-:95;
725 2038 770 2064 καὶ
783 2037 848 2064 Υῑοῦ
863 2037 946 2064 ἐκπό-

166 2091 258 2118 ρευσις
272 2082 318 2109 τοῦ
331 2083 410 2116 ἁγίου
426 2083 583 2117 Πνεύματος
601 2083 668 2118 ἄλλη
686 2084 733 2110 καὶ
746 2083 812 2118 ἄλλη
827 2083 912 2115 ἐστὶν,
927 2083 945 2117 ἢ

167 2130 213 2162 μία
233 2129 279 2155 καὶ
297 2130 313 2162 ἡ
330 2128 410 2163 αὐτή.
427 2128 458 2154 Εἰ
479 2129 528 2162 μὲν
549 2126 596 2155 οὖν
613 2128 679 2163 ἄλλη
703 2129 750 2155 καὶ
772 2128 850 2162 ἄλλη,
865 2127 944 2162 διπλῆ

164 2176 249 2210 ἄραὴ
276 2175 439 2208 ὲκπόρευσις
463 2174 550 2206 ἔσται,
567 2175 616 2201 καὶ
635 2174 665 2200 τὸ
690 2173 800 2208 Πνεῦμα
823 2173 945 2206 διπλοῦν,

163 2222 230 2256 ὅπερ
245 2221 356 2247 ἄτοποιν
369 2221 394 2246 sl
407 2220 434 2246 δὲ
448 2220 496 2254 μία
512 2222 557 2246 καὶ
569 2221 585 2254 ὴ
600 2220 679 2254 αὑτὴ,
691 2220 749 2251 πῶς
760 2221 791 2246 ἐκ
801 2220 849 2254 τῆς
861 2220 943 2246 eam

163 2268 256 2297 ὃυάῑος
273 2267 384 2293 δύναται
408 2265 438 2291 τὸ
462 2266 491 2292 ἓν
507 2263 595 2298 ιῖναι;
616 2267 706 2295 Mavis
731 2266 781 2300 μὲν
803 2266 857 2300 γὰρ
873 2266 944 2300 ἀρχὴ

163 2314 210 2340 καὶ
233 2313 307 2339 alti:
333 2313 363 2338 οὐ
389 2312 467 2346 μόνον
492 2312 596 2343 δυάδος,
622 2312 689 2338 ἀλλὰ
707 2313 754 2339 καὶ
778 2313 832 2339 τῶν
855 2312 944 2339 ἄλλων

163 2361 289 2387 ἁπάντων
303 2359 438 2395 ἀριθμῶν·
455 2359 521 2389 δυὰς
535 2359 563 2384 δὲ
580 2359 652 2392 ἀρχὴ
667 2360 715 2385 καὶ
728 2358 802 2384 αἰτία
818 2358 942 2391 μηνάδος,

163 2407 249 2432 εῐτουν
265 2405 335 2435 ἑνὸς,
352 2405 401 2430 οὐκ
424 2404 457 2430 ἂν
471 2405 586 2437 γένοιτ’).
603 2404 639 2429 Οὐ
657 2405 710 2437 γὰρ
733 2403 795 2430 καθ’
811 2404 944 2437 ὑποστρο-

121 2443 123 2445 ’
163 2451 213 2485 φὴν
229 2451 257 2476 αἱ
274 2450 395 2483 γενέσεις
409 2449 464 2475 τῶν
487 2449 622 2483 ἀριθμῶν,
639 2448 706 2475 ἀλλὰ
726 2448 795 2475 κατὰ
819 2448 941 2484 πρόοδοντ

162 2496 253 2526 Μονὰς
273 2496 326 2529 γὰρ
340 2496 379 2526 εἰς
392 2495 475 2521 δυάδα
490 2495 615 2526 κινεῖται,
635 2495 762 2521 κάκεῖθεν
779 2495 818 2524 εἰς
834 2494 941 2528 τριάδα,

163 2539 208 2566 καὶ
227 2539 334 2574 ἑφεξῆς.
353 2539 389 2565 Τὸ
405 2539 459 2574 γὰρ
471 2539 562 2573 λέγειν
584 2539 618 2565 ἐκ
630 2539 681 2574 τῆς
698 2539 806 2573 τριάδος
826 2540 942 2572 ἀφαιρε-

1227 1982 1313 2008 saucti
1326 1986 1417 2008 contra
1430 1981 1548 2008 Latinos.

1033 2038 1258 2072 Inlerrogandum
1275 2041 1328 2069 est,
1348 2037 1488 2072 processio
1507 2037 1627 2071 Spiritus
1647 2038 1777 2065 sanetiex

996 2086 1076 2113 Patre
1101 2084 1226 2119 Filioque
1253 2088 1343 2111 utrum
1364 2084 1415 2111 alia
1431 2088 1459 2111 et
1475 2084 1528 2111 alia
1546 2084 1594 2116 sit,
1620 2092 1653 2111 an
1676 2091 1730 2110 una
1753 2089 1781 2111 et

995 2131 1102 2158 eadem.
1120 2130 1148 2158 Si
1161 2131 1236 2157 enim
1254 2129 1305 2156 alia
1324 2134 1352 2157 et
1370 2129 1434 2161 alia,
1446 2137 1511 2164 ergo
1526 2129 1626 2163 dule
1645 2130 1699 2156 erit
1715 2138 1779 2164 pro-

996 2177 1095 2208 cessio,
1124 2182 1151 2203 et
1169 2176 1289 2210 Spiritus
1318 2175 1430 2210 duplex,
1455 2176 1528 2210 quod
1545 2180 1587 2203 est
1615 2175 1779 2214 absurdum.

996 2223 1024 2250 Si
1045 2230 1112 2249 vero
1128 2230 1180 2249 una
1198 2227 1225 2248 et
1241 2222 1348 2253 eadem.
1373 2223 1420 2256 qui
1452 2222 1509 2248 lieri
1528 2227 1616 2256 potest
1631 2227 1661 2249 ut
1679 2230 1712 2249 ex
1729 2222 1779 2248 im-

995 2268 1130 2295 materiali
1141 2267 1271 2296 dualilalc
1282 2275 1364 2294 unum
1374 2267 1623 2302 exsistat?Quippe
1635 2269 1724 2295 unitas
1738 2274 1779 2295 est

995 2307 1160 2346 principium
1191 2316 1219 2339 et
1245 2319 1406 2342 causa.non
1433 2313 1521 2346 solum
1555 2313 1706 2343 dualitatis.
1731 2313 1779 2340 sed

994 2358 1078 2384 etiam
1106 2358 1222 2385 aliorum
1254 2363 1416 2386 cunctorum
1440 2366 1632 2386 numerorum.
1659 2355 1781 2388 Dnaiitas'

995 2408 1086 2432 autem
1116 2404 1192 2431 utsit
1221 2405 1335 2431 unitatis
1362 2405 1526 2439 principium
1554 2409 1581 2431 et
1604 2411 1696 2436 causa,
1718 2403 1778 2430 ﬁeri

994 2457 1050 2476 non
1065 2453 1165 2483 potest.
1184 2450 1243 2476 Non
1261 2450 1334 2477 enim
1352 2450 1503 2477 secundum
1520 2452 1716 2484 reversionem,
1728 2451 1778 2479 sed

994 2496 1145 2522 secundum
1165 2503 1340 2530 progressum
1366 2497 1492 2523 oriuntur
1524 2497 1642 2524 numeri.
1668 2497 1774 2528 Etenim

993 2542 1084 2569 unitas
1097 2547 1224 2570 movetur
1237 2543 1270 2570 ad
1292 2543 1462 2572 dualitatem.
1482 2543 1599 2577 indeque
1614 2544 1646 2570 ad
1670 2534 1777 2577 trinita-i

161 2586 252 2621 θείσης
272 2586 384 2620 μονάδος
413 2585 497 2612 δυάδα
530 2585 664 2619 γίνεσθαι,
697 2587 751 2612 κάκ
768 2586 817 2619 τῆς
847 2577 941 2616 δυάδος

998 2591 1061 2618 tem,
1077 2594 1108 2613 ac
1120 2587 1261 2621 deinceps.
1281 2588 1376 2615 Dicere
1391 2589 1465 2614 enim
1480 2596 1512 2615 ex
1530 2588 1662 2618 trinitate.
1682 2591 1775 2615 adem-

161 2633 260 2666 ὁμοίως
291 2633 402 2666 μονάδα.
434 2631 503 2657 Ἀλλ’
530 2632 604 2657 αἰτία
629 2632 768 2658 κάνταῦθα
794 2631 896 2658 τούτων
924 2631 941 2666 ἡ

998 2638 1041 2666 pta
1056 2632 1184 2663 monade,
1198 2633 1257 2660 ﬁeri
1279 2633 1451 2666 dualttaletn,
1467 2639 1495 2662 et
1512 2634 1641 2661 similiter
1654 2642 1687 2662 ex
1707 2635 1775 2667 dua-

161 2677 352 2712 ἀφαιρουμένη
377 2677 469 2711 μονάς.
494 2677 564 2704 Ἀλλ’
578 2677 627 2704 οὐκ
646 2677 724 2708 ἄλλος
747 2686 789 2708 τις
813 2676 939 2712 ἀριθμός·

998 2678 1071 2706 litate
1099 2678 1244 2706 unitatem.
1263 2680 1295 2706 At
1318 2679 1363 2706 hic
1375 2687 1485 2714 quoque
1508 2688 1589 2707 causa
1612 2685 1655 2707 est
1677 2681 1773 2709 horum

159 2723 281 2749 λείπεται
296 2722 350 2756 ἄρα
370 2721 408 2755 μὴ
423 2722 456 2748 τὰ
471 2721 516 2748 δύο
541 2723 616 2749 αττια
629 2720 700 2749 εἶναι
721 2723 768 2749 τοῦ
789 2722 858 2755 ἑνὸς,
870 2722 941 2749 ἀλλὰ

998 2723 1095 2754 unitas.
1115 2731 1175 2758 qu:e
1196 2724 1329 2751 aufertur.
1355 2724 1414 2751 Non
1439 2730 1530 2751 autem
1548 2725 1618 2753 alius
1636 2726 1774 2760 quispiam

160 2768 188 2794 τὸ
202 2768 232 2794 ἓν
246 2767 300 2794 τῶν
317 2767 374 2794 δύο·
387 2767 433 2793 καὶ
455 2767 525 2794 οὕτω
540 2768 589 2802 μὲν
605 2768 635 2795 ἐν
652 2770 709 2800 τοῖς
726 2769 829 2801 ἁΰλοις,
850 2768 864 2794 ὃ
887 2768 939 2795 κάν

998 2777 1134 2797 numerus.
1151 2770 1246 2797 Restat
1259 2778 1324 2805 ergo
1341 2775 1369 2797 ut
1388 2778 1442 2798 non
1452 2771 1507 2798 sint
1524 2771 1578 2798 duo
1586 2779 1668 2799 causa
1681 2772 1772 2804 unius.

159 2813 192 2848 τῇ
207 2812 314 2847 Θεότητι
328 2812 417 2847 πάσης
430 2812 494 2848 ὕλης
506 2813 690 2850 ὑπερκειμένη
706 2814 837 2850 ἁρμόζειν
852 2813 936 2846 εἰκός·

998 2815 1039 2844 sed
1060 2823 1144 2844 unum
1162 2823 1244 2844 causa
1261 2816 1388 2850 duorum,
1408 2820 1435 2844 et
1451 2817 1490 2845 sic
1504 2817 1615 2852 quidem
1633 2817 1661 2845 in
1673 2808 1772 2856 immaQ
