1925 3056
168 128 221 159 307

648 130 904 162 BESSA’RIONIS
925 133 954 164 S.
978 133 1016 163 R.
1038 134 1070 165 E.
1092 135 1325 166 CARDINALIS

166 186 236 212 sola.
264 184 399 219 siquidem
421 192 456 212 ex
481 193 546 214 una.
564 185 641 219 Quod
658 187 771 222 quidem
788 188 816 215 in
831 188 951 216 homini-
965 190 990 220 Α
1005 199 1119 219 necesse
1133 197 1176 219 est
1199 193 1314 220 omnino
1329 200 1401 225 esse,
1423 200 1485 221 cum
1501 201 1533 221 ex
1560 193 1716 222 substantia
1741 202 1803 221 nu‘

167 232 217 258 btts
231 236 312 265 patet.
332 231 398 258 Nam
417 233 605 268 unusquisque
633 239 758 261 nostrum
773 243 805 262 ex
823 235 953 263 substan-

167 278 205 303 tia
219 277 328 308 quidem
347 278 411 304 Atta:
429 283 483 309 est.
512 279 558 305 sed
579 287 633 306 non
646 285 689 307 est
703 288 736 307 ex
747 280 807 315 ejus
825 289 952 315 persona,

165 331 226 349 cum
242 331 295 350 una
316 325 470 351 substantia
491 325 634 351 hominum
650 326 697 357 ait.
710 327 758 353 sed
777 328 870 354 multa:
888 335 951 362 per-

165 377 288 396 sonae:a
315 370 449 404 principio
476 379 542 398 vero
571 379 634 398 cum
665 371 783 402 humana
799 373 954 400 substantia

166 416 212 445 sit.
226 420 309 449 atque
323 424 442 450 persona
458 418 565 445 scilicet
595 419 658 445 Adae
675 427 727 446 una
746 423 829 451 esset,
844 419 954 454 Evaque

168 463 228 495 ejus
256 463 413 490 substantia
444 464 505 493 fuit.
521 473 555 492 ex
571 473 686 499 persona
701 473 811 501 quoque
821 467 881 501 ejus
895 466 954 493 for-

168 514 238 537 mata
273 514 324 536 est,
348 509 437 543 Atque
456 510 616 545 priusquam
633 512 699 539 Cain
724 516 798 538 esset
816 519 880 538 cum
901 519 955 539 una

168 554 225 579 sola
242 555 311 580 virili
329 556 483 582 substantia
498 564 670 591 personaqtte
687 559 841 590 exsisteret,
859 565 892 584 ex
923 565 954 584 ea

170 607 224 626 una
263 601 336 626 virili
366 601 431 628 Atla:
460 603 613 630 substantia
650 611 820 639 personaque
847 604 956 638 genitus

169 650 212 672 est
235 646 312 674 Cain.
330 647 444 675 Dttuhtts
462 654 553 676 autem
571 650 638 677 viris
656 651 711 684 jam
728 650 878 676 Secundum
895 657 956 685 per-

169 700 264 719 sonam
292 694 492 722 assistentibus
526 696 618 722 Enoeh
647 703 680 723 ex
709 696 774 722 Adae
799 697 955 724 substantia

169 739 291 772 quidem.
312 747 367 766 non
384 746 476 767 autent
505 748 538 767 ex
561 749 677 774 persona
696 741 758 771 fuit.
773 743 820 769 sed
837 743 870 769 de
889 742 954 770 Cain

169 784 227 811 ευιιι
257 792 372 818 persona
403 786 512 820 genitus
535 792 588 813 est.
612 788 715 814 Veccus
730 793 822 815 autem
835 788 886 815 iste
904 788 956 815 ltoc

171 831 198 857 in
230 831 292 857 loco
323 839 450 860 asserens
472 841 504 860 ex
519 833 582 860 Filii
596 842 712 868 persona
733 835 867 870 Spiritum
882 842 955 872 esse,

169 885 203 903 co
228 878 302 911 quod
333 885 366 906 ex
389 879 449 912 ejus
462 879 615 907 substantia
629 889 644 907 a
664 881 796 916 theologis
810 889 871 908 csse
887 882 956 907 dici-

170 927 226 953 tur,
262 930 343 950 unam
372 925 399 950 in
428 924 484 951 lico
512 933 657 960 personant
687 927 759 953 sicut
775 927 955 956 substantiam

170 976 230 995 esse
253 969 331 1004 ponit
344 970 453 1003 Filium,
470 976 517 998 aut
529 973 637 1000 Patrem
661 973 774 1000 omnino
789 981 891 1008 negans
907 974 958 1000 mi-

171 1024 225 1044 ser.
258 1017 379 1052 itemque
412 1026 427 1045 a
454 1020 512 1046 solo
538 1020 607 1046 Filio
623 1020 744 1055 Spiritus
764 1021 959 1048 sauctiessen-

171 1063 235 1090 tiam
256 1071 316 1091 esse
345 1066 473 1092 ostendit.
498 1065 587 1100 Atque
615 1067 648 1093 ab
677 1075 774 1100 eorum
804 1067 894 1098 dictis,
911 1067 956 1101 qui

171 1108 199 1134 in
229 1107 332 1135 divinis
362 1113 489 1143 perlectus-
508 1110 669 1138 substantiaa
684 1119 744 1138 esse
760 1111 880 1139 Patrem.
896 1118 957 1145 per-

171 1153 306 1187 iactatque
340 1155 438 1182 Filium
467 1161 495 1183 et
526 1157 656 1184 similiter
680 1157 815 1192 Spiritum
831 1162 958 1184 sanctum

171 1198 318 1231 afﬁrmant,
331 1208 383 1227 non
401 1202 561 1229 sttbstantire
581 1202 725 1235 unitatem,
748 1211 780 1230 ac
801 1203 882 1230 trittm
898 1211 959 1237 per-

170 1253 302 1272 sonarum
331 1247 639 1275 incommutabilitatem
675 1249 821 1284 intelligit,
849 1249 898 1277 sed
931 1250 957 1276 in

176 1292 273 1316 eadem
291 1291 426 1325 Trinitate
439 1293 670 1327 ntultiplieitatem
684 1294 830 1328 quai’ndam
857 1299 884 1322 et
903 1295 957 1322 dif—

172 1337 316 1364 ferentiam
334 1339 499 1374 insipienter
511 1341 647 1374 speculari
661 1345 786 1368 certatur.

441 1386 543 1413 Nimni
563 1387 689 1422 defensio.

208 1429 293 1463 Quam
311 1431 412 1458 similia
436 1432 592 1466 decoraque
613 1432 640 1459 iu
670 1432 808 1467 theologia
834 1432 959 1468 exempla

175 1474 327 1502 inducitis?
356 1476 380 1502 id
409 1476 487 1505 vobis
509 1477 663 1510 certissime
682 1484 762 1504 causa
783 1478 885 1505 erroris
906 1483 958 1504 est.

174 1521 251 1553 Quod
266 1521 299 1547 de
319 1521 420 1548 divinis
432 1522 545 1556 perinde
560 1530 592 1549 ac
609 1523 641 1549 de
661 1523 788 1550 humanis
803 1523 908 1558 sapitis,
931 1527 959 1550 et
972 1531 996 1564 α
1011 1523 1085 1559 quod
1101 1524 1189 1551 venite
1202 1523 1347 1558 vestigium

176 1571 261 1599 totam
280 1568 345 1594 hinc
365 1567 398 1594 ad
418 1575 450 1594 ea
474 1569 684 1595 similitudinem
706 1570 828 1597 trahitis.
844 1569 879 1596 At
893 1576 959 1597 cave

175 1621 211 1644 ne
229 1614 262 1640 de
278 1613 410 1640 ineﬂ'abili
430 1613 473 1640 illa
496 1614 634 1642 Trinitate
648 1614 724 1642 nefas
740 1615 776 1642 sit
796 1616 832 1642 ita
846 1615 958 1643 sentire.

175 1660 242 1687 Nam
263 1665 292 1687 ut
309 1660 334 1687 ei
349 1660 503 1688 divinitatis
524 1661 624 1693 unitas,
641 1662 682 1689 sic
698 1669 877 1695 personarum
900 1661 961 1688 Tri—

177 1706 250 1733 nitas
272 1712 313 1733 est
339 1708 484 1741 servanda,
509 1716 543 1735 ne
573 1713 630 1736 tres
656 1715 717 1736 esse
747 1708 814 1735 deos
835 1716 959 1736 asserere

177 1753 354 1787 cogeremini,
379 1759 409 1780 ut
430 1754 491 1781 iStis
512 1762 559 1781 vos
575 1754 668 1782 verbis
687 1754 830 1782 manifeste
855 1754 957 1783 facitis.

175 1800 235 1827 Non
251 1801 323 1828 enim
338 1801 567 1835 quemadmodum
583 1805 638 1828 tres
649 1801 774 1828 homines
791 1801 823 1828 ad
841 1801 959 1828 invicem

177 1853 352 1874 communem
379 1855 456 1874 suam
493 1847 596 1874 habent
639 1847 832 1880 substantiam,
871 1847 906 1873 ita
932 1851 961 1874 et

177 1897 278 1929 sanctae
297 1891 441 1929 Trinitatis
457 1900 581 1928 personae
597 1892 719 1927 divinam
735 1882 896 1922 esseniiam.
919 1891 961 1919 Si-

178 1939 287 1976 gpidum
301 1939 392 1973 specie
408 1939 471 1970 illis.
489 1947 542 1971 non
560 1947 675 1966 numero
691 1938 786 1966 eadem
805 1938 962 1974 humanitas

177 1989 229 2019 est.
263 1984 368 2011 Sanctae
398 1992 462 2011 vero
486 1985 613 2012 Triuitati
641 1984 736 2012 eadem
769 1992 884 2016 numero
918 1988 962 2012 est

177 2030 268 2064 divina
283 2031 419 2060 essentia.
438 2030 495 2057 sive
512 2030 641 2058 divinitas
659 2039 666 2057 :
683 2035 710 2059 et
725 2031 829 2058 idcirco
843 2036 899 2057 tres
917 2030 961 2058 ille

178 2083 301 2110 persona:
311 2081 338 2102 et
351 2084 403 2103 una
418 2076 550 2109 essentia,
562 2081 591 2103 et
609 2084 681 2103 unus
696 2076 766 2103 Deus
778 2081 831 2103 est.
849 2076 882 2102 Et
903 2075 962 2103 hate

179 2121 290 2154 quidem
308 2120 396 2147 tribus
425 2121 532 2148 substat
560 2121 660 2148 divinis
682 2121 820 2155 personis,
846 2124 874 2149 et
899 2127 961 2151 cum

180 2167 296 2200 singulis
322 2175 415 2205 earum
433 2175 518 2193 ttnum
540 2167 695 2193 subsistens
722 2171 774 2193 est.
802 2165 963 2193 Humanitas

1004 246 1081 265 mero
1095 239 1191 265 eadem
1219 239 1414 273 communique
1435 240 1471 266 sit
1496 239 1570 267 Patri
1595 245 1622 268 et
1640 239 1718 272 Filio,
1737 248 1801 267 non

1005 285 1096 318 specie
1107 285 1196 312 solum
1210 285 1362 312 secundum
1376 285 1443 313 illud
1461 285 1604 313 hominum
1618 286 1781 320 exemplum
1793 305 1803 317 ,

1004 335 1031 357 et
1055 331 1138 358 etiam
1160 331 1267 358 substet
1282 331 1385 358 divinis
1406 332 1450 359 his
1478 332 1616 366 personis,
1632 332 1800 366 paternitati

1004 377 1113 404 scilicet
1126 380 1154 403 et
1171 376 1306 404 filiationi.
1326 376 1419 411 Itaque
1446 377 1530 404 etiam
1543 385 1576 404 ex
1597 385 1646 404 sua
1660 377 1800 404 substan—

1005 424 1042 451 tia
1070 430 1241 458 personaque
1268 428 1342 451 esset
1367 423 1488 459 Spiritus
1511 428 1635 455 sanctus,
1661 423 1713 450 nisi
1739 431 1802 450 sua:

1004 470 1166 505 proprietati
1189 475 1362 504 oppugnaret
1379 479 1385 497 :
1402 478 1464 497 cum
1480 469 1573 496 eadem
1591 477 1708 496 numero
1728 469 1802 496 sub-

1004 515 1105 541 stantia
1122 515 1166 542 iila
1178 522 1211 541 eo
1227 515 1308 542 etiam
1329 515 1504 549 praedicetur.
1520 522 1550 541 ac
1569 515 1596 541 in
1617 522 1649 541 eo
1665 514 1802 541 similiter

1005 561 1123 589 substet.
1139 561 1208 594 Quid
1224 560 1307 595 igitur
1322 561 1408 588 velint
1423 561 1568 588 dissimilia
1587 561 1725 595 exempla,
1746 563 1800 586 aut.

1005 607 1072 642 quid
1088 614 1121 634 ex
1132 607 1176 633 his
1195 608 1246 634 iste
1267 607 1434 634 concludere
1450 607 1545 640 possit.
1565 606 1670 634 nescio.
1692 605 1799 633 Verum

1005 653 1051 681 hic
1062 658 1103 680 est
1122 653 1355 680 contentiosorum
1371 660 1440 683 mos,
1456 652 1528 687 quod
1541 653 1624 679 etiam
1638 653 1801 679 manifestis

1006 707 1035 726 se
1049 703 1203 733 opponunt,
1221 703 1248 726 et
1262 699 1371 726 veritati
1386 706 1467 725 aures
1483 698 1627 731 claudunt,
1643 706 1695 726 nec
1714 698 1801 725 intel-

1005 745 1094 779 ligunt
1125 752 1221 779 magna
1246 745 1328 771 etiam
1356 744 1507 779 praecipitia
1535 744 1622 777 adire,
1645 744 1801 771 dummodo

1006 795 1103 818 contra
1119 790 1181 816 illos
1199 790 1353 824 quidquam
1374 797 1456 824 agere
1469 789 1588 824 possint,
1610 797 1680 824 quos
1697 794 1800 824 putant

1007 836 1058 864 sibi
1075 836 1246 863 adversarios
1261 844 1332 864 esse.
1345 835 1441 869 Qualis
1454 840 1481 862 et
1495 843 1616 870 praesens
1631 843 1723 863 sermo
1742 840 1796 862 est.

1009 882 1059 916 Qui
1077 881 1222 908 manifeste
1238 882 1264 908 in
1277 889 1373 908 eorum
1390 882 1437 916 qui
1466 886 1523 909 tres
1544 882 1611 908 deos
1629 885 1737 916 putant.
1753 881 1799 907 in-

1008 929 1076 955 cidit
1096 928 1233 955 hmrcsim.
1265 928 1314 955 llic
1345 936 1409 955 vero
1433 936 1514 962 quam
1541 927 1800 962 imprudentissime

1009 979 1087 1002 stium
1104 974 1187 1001 Deum
1202 975 1227 1001 in
1243 975 1310 1002 alios
1324 974 1424 1001 inferre
1436 978 1552 1001 conatur
1565 984 1571 1001 :
1583 979 1610 1001 ct
1624 974 1662 1001 illi
1674 974 1799 1009 quidem,

1009 1020 1054 1055 qui
1073 1020 1148 1053 prius
1165 1019 1279 1054 Spiritui
1295 1024 1390 1046 sancto
1412 1019 1638 1051 adversabantur,
1669 1026 1703 1046 ex
1715 1019 1799 1046 Patre

1009 1067 1052 1093 vel
1076 1066 1145 1092 Filio
1169 1073 1229 1092 esse
1256 1073 1318 1092 eum
1342 1065 1498 1095 audientes.
1525 1065 1598 1099 quod
1626 1072 1658 1091 ex
1679 1071 1798 1098 persona

1009 1112 1120 1147 quidem
1140 1119 1235 1137 eorum
1251 1116 1334 1142 esset,
1354 1111 1524 1144 rm-ipicbant
1543 1110 1634 1144 :quod
1657 1114 1749 1137 autem
1765 1118 1798 1136 ex

1010 1166 1106 1185 eorum
1124 1157 1290 1195 substantia,
1310 1157 1457 1191 negabant.
1481 1155 1560 1182 Nunc
1582 1162 1649 1182 vero
1677 1155 1798 1181 alterum

1009 1205 1029 1232 ii
1063 1204 1184 1231 atrocius
1210 1204 1314 1230 bellum
1336 1203 1468 1230 inferunt.
1497 1202 1648 1236 Recipiunt
1666 1201 1740 1228 enim
1766 1207 1799 1226 ex

1009 1250 1160 1278 substantia
1177 1256 1272 1277 eorum
1287 1256 1348 1276 eum
1365 1256 1442 1276 esse:
1461 1248 1507 1275 sed
1525 1255 1558 1274 ex
1572 1254 1667 1274 eorum
1682 1253 1799 1281 persona

1010 1296 1134 1323 minime.
1165 1296 1203 1322 ita
1236 1302 1377 1329 nunquam
1407 1293 1513 1320 desisut
1548 1293 1677 1320 Ecclesiae
1699 1296 1800 1318 sancta:

1011 1341 1098 1369 hostis
1109 1340 1238 1368 scandala
1261 1340 1452 1367 disseminare.
1481 1338 1546 1372 Quzr
1564 1338 1674 1373 quidem
1698 1341 1727 1364 ut
1752 1344 1799 1363 ve-

1010 1388 1088 1415 niant
1121 1394 1235 1415 necesse
1266 1392 1326 1418 est,
1361 1385 1408 1413 sed
1443 1393 1486 1413 vze
1525 1385 1630 1412 homini
1660 1384 1718 1414 illi.
1751 1390 1800 1417 per

1010 1440 1093 1468 quem
1122 1433 1249 1460 veniunt.
1282 1432 1444 1466 Quanquam
1472 1437 1499 1458 et
1532 1431 1585 1458 illis
1621 1430 1731 1464 quidem
1751 1437 1799 1455 ve-

1013 1479 1058 1506 nia
1090 1478 1205 1506 fortasse
1236 1477 1328 1512 aliqua
1354 1476 1443 1504 danda
1468 1480 1552 1506 esset.
1582 1475 1637 1502 iuto
1659 1482 1724 1501 vero
1747 1474 1798 1501 ali-

1374 1531 1381 1549 :
1403 1530 1464 1549 cum
1483 1521 1608 1556 quaedam
1625 1521 1652 1546 in
1672 1521 1797 1547 testimo-

1011 1570 1087 1598 ttium
1109 1569 1246 1597 adducere
1262 1568 1407 1600 haberent,
1422 1575 1482 1602 quae
1497 1575 1531 1595 ex
1551 1566 1675 1602 personis
1698 1566 1798 1593 divinis

1011 1620 1115 1649 essent,
1129 1623 1185 1643 non
1198 1619 1290 1643 autem
1305 1623 1339 1642 ex
1357 1614 1522 1645 substantia,
1538 1613 1611 1649 quod
1630 1613 1663 1640 de
1686 1618 1797 1639 creatu-

1011 1663 1050 1690 ris
1066 1666 1151 1697 patet.
1173 1662 1236 1690 Istis
1257 1669 1325 1690 vero
1348 1669 1474 1697 quaenam
1494 1660 1635 1688 excusatio
1650 1659 1713 1691 erit,
1734 1666 1795 1684 cum

1010 1718 1042 1738 ex
1058 1710 1210 1737 substantia
1224 1717 1288 1736 eum
1305 1716 1366 1737 esse
1382 1708 1530 1740 fateantur,
1547 1715 1580 1734 ex
1596 1714 1715 1742 persona
1731 1713 1797 1732 vero

1010 1756 1080 1791 ejus,
1103 1763 1137 1782 ex
1159 1755 1238 1791 cuius
1260 1755 1415 1795 substantia
1440 1754 1517 1781 illum
1542 1760 1602 1780 esse
1632 1751 1795 1784 concedunt,

1011 1805 1122 1836 negent.
1147 1800 1187 1828 ita
1220 1805 1248 1829 et
1276 1801 1327 1829 sibi
1362 1800 1429 1836 ipsis
1459 1803 1488 1827 et
1518 1797 1629 1826 veritati
1659 1797 1797 1825 contraria

1010 1847 1216 1883 pugnantiaque
1231 1847 1336 1874 dicttnt.

1015 1884 1017 1887 ~
1156 1893 1345 1926 Duodecimn":
1363 1895 1551 1928 argumentum
1570 1891 1655 1920 Vacci.

1047 1940 1115 1967 Cum
1132 1940 1243 1974 quidam
1263 1939 1355 1966 dicere
1377 1938 1496 1966 audeant
1523 1938 1591 1965 illud
1610 1945 1741 1965 emanare
1758 1945 1789 1964 ex

1012 1986 1081 2014 Filio
1108 1985 1241 2020 Spiritum
1263 1989 1388 2012 sanctum
1402 2004 1409 2015 ,
1430 1983 1552 2018 prodire,
1587 1983 1732 2018 splendere
1755 1987 1796 2009 at-

1012 2040 1066 2068 qtte
1097 2031 1279 2062 manifestari,
1305 2038 1361 2058 non
1390 2030 1545 2065 significare
1579 2037 1641 2057 eum
1672 2029 1796 2056 substan-

1013 2078 1113 2106 tialiter
1141 2081 1168 2104 et
1199 2076 1378 2111 personaliter
1402 2083 1435 2102 ex
1464 2075 1532 2102 Filio
1564 2082 1635 2106 esse,
1664 2074 1711 2101 sed
1737 2081 1796 2107 gra-

1013 2125 1113 2157 tiarum
1140 2131 1174 2150 ex
1210 2130 1243 2150 eo
1277 2122 1461 2157 spiritualium
1487 2121 1634 2156 quamdam
1667 2120 1796 2146 tributio-

1014 2175 1095 2196 nem:
1118 2166 1151 2194 ad
1175 2173 1235 2193 eam
1259 2166 1417 2200 opinionem
1436 2164 1654 2200 redarguendam
1678 2163 1795 2190 collecta!

180 2221 246 2241 vero
279 2221 367 2246 neque
396 2203 614 2246 iparticularibus
648 2212 805 2239 hominibus
845 2212 962 2243 substat,
977 2199 1002 2229 Β
1016 2218 1081 2240 sttnt
1093 2217 1244 2247 prtesentes
1263 2212 1454 2241 auctoritates,
1470 2219 1530 2245 qute
1543 2210 1700 2245 splendere,
1723 2217 1795 2236 etua-

181 2264 270 2290 nequo
285 2265 368 2283 unutn
392 2257 546 2284 subsistens
563 2263 604 2284 est
619 2265 681 2284 eutn
702 2257 852 2285 individuis
870 2257 964 2292 singu-

182 2295 226 2344 lis.
251 2302 434 2335 Quamobrem
461 2303 532 2337 quod
557 2311 589 2330 ex
610 2311 706 2331 eorum
730 2304 885 2331 substantia
910 2310 963 2336 est,

183 2350 393 2389 haudquaquam
427 2357 460 2376 ex
503 2350 625 2377 omnium
653 2351 734 2377 etiam
763 2359 880 2386 persona
911 2355 963 2379 est.

182 2398 247 2433 tjain
264 2397 365 2430 quippe
382 2404 442 2425 cum
476 2403 508 2429 ex
529 2397 594 2423 Adae
621 2402 702 2432 atque
724 2397 790 2424 Abel
812 2398 964 2425 substantia

182 2447 336 2474 naturaque
351 2442 395 2474 sit,
411 2450 444 2469 ex
466 2442 529 2469 Adae
545 2442 654 2476 quidem
671 2443 752 2469 etiam
769 2450 884 2476 persona
907 2448 964 2476 est;

182 2496 235 2515 non
253 2489 382 2522 quoniam
399 2496 431 2515 ex
454 2489 527 2515 illius
540 2488 691 2516 substantia
708 2488 766 2518 fuit.
783 2489 831 2516 sed
846 2489 908 2523 quia
932 2496 966 2515 cx

181 2535 240 2569 ejus
253 2539 424 2568 personaest,
439 2542 500 2577 etth
511 2534 599 2569 ipsum
613 2542 721 2561 causam
733 2534 966 2568 habens.Ex|Abel

182 2587 272 2608 autem
284 2581 435 2607 substantia
447 2588 507 2607 cum
518 2581 562 2612 sit,
576 2588 629 2606 non
638 2585 730 2607 tamen
740 2588 772 2607 ex
782 2581 840 2615 ejus
851 2588 966 2615 persona

181 2627 300 2661 esl,qttia
312 2635 428 2661 persona
437 2628 502 2655 Abel
511 2636 563 2655 non
572 2627 748 2658 numero,sed
758 2628 848 2662 specie
861 2632 965 2655 tantum

182 2673 246 2700 Adte
271 2674 431 2700 substantia:
457 2674 660 2705 communicat;
692 2681 780 2708 neque
813 2674 967 2700 subsisten-

182 2725 236 2746 tem
254 2718 281 2744 in
298 2726 327 2745 se
343 2719 426 2745 habet
448 2726 525 2745 suam
544 2719 726 2746 substantiam
741 2739 748 2750 ,
775 2726 863 2753 neque
883 2725 966 2745 uuutn

183 2764 337 2792 subsistens
351 2772 414 2791 eum
430 2771 550 2799 persona
564 2765 696 2802 secunda.
714 2764 748 2791 At
764 2771 830 2791 vero
846 2764 918 2799 quod
934 2771 968 2790 ex

185 2809 275 2836 Patris
298 2808 416 2843 Filiique
441 2809 593 2837 substantia
617 2815 669 2841 est,
706 2817 738 2837 ex
761 2817 855 2836 eorum
884 2809 966 2836 etiam

189 2863 306 2890 persona
331 2855 400 2883 nihil
425 2856 553 2892 prohibet
581 2856 646 2891 quin
670 2856 734 2884 illud
757 2857 801 2883 sit.
823 2856 878 2883 luto
903 2863 968 2882 vero

1015 2266 1080 2286 nare
1107 2263 1190 2292 atque
1201 2257 1369 2284 manifestari
1383 2257 1482 2284 Filium
1496 2265 1529 2283 cs
1542 2257 1623 2283 Patre
1638 2256 1794 2282 ostendunt.

1015 2303 1101 2330 Nemo
1126 2302 1199 2330 enim
1229 2310 1349 2337 uuquatu
1379 2302 1484 2329 diceret
1509 2310 1562 2329 non
1586 2308 1724 2332 emanare,
1745 2308 1796 2327 non

1016 2348 1160 2382 splendere
1177 2367 1185 2380 ,
1226 2355 1279 2374 non
1308 2347 1477 2374 manifestari
1519 2346 1737 2373 substantialiter
1765 2353 1795 2372 ex

1016 2394 1095 2422 Patre
1109 2394 1221 2426 Filium,
1239 2394 1285 2420 sed
1301 2393 1361 2428 ejus
1373 2395 1485 2429 gratias,
1504 2397 1552 2420 aut
1563 2393 1645 2420 dona.

1250 2439 1370 2467 Polamaa
1386 2440 1572 2473 contradictio.

1052 2486 1130 2520 Quod
1143 2494 1175 2514 ex
1189 2486 1292 2520 aliquo,
1308 2491 1355 2513 aut
1366 2487 1554 2520 generatione,
1567 2490 1613 2512 aut
1624 2484 1796 2520 processione

1016 2533 1165 2561 essentiam
1182 2533 1274 2563 habet,
1290 2540 1324 2559 ex
1344 2540 1377 2559 eo
1399 2533 1482 2559 etiam
1511 2532 1633 2567 prodire.
1651 2536 1679 2559 et
1699 2531 1796 2562 emitti,

1019 2586 1047 2607 et
1076 2578 1223 2614 splendere
1251 2578 1363 2610 dicitur,
1394 2583 1422 2605 et
1449 2577 1605 2611 ejusmodi:
1626 2585 1681 2605 non
1711 2581 1795 2604 tamen

1018 2624 1151 2660 quidquid
1178 2624 1279 2659 prodit,
1307 2629 1355 2652 aut
1378 2625 1524 2656 emittitur,
1550 2628 1598 2650 aut
1620 2623 1746 2658 splendet
1764 2630 1794 2649 ex

1018 2671 1080 2702 alio,
1108 2671 1190 2697 habet
1213 2670 1295 2698 etiam
1330 2677 1363 2697 ex
1389 2669 1436 2697 illo
1458 2677 1506 2704 per
1533 2669 1737 2704 generationem
1758 2666 1795 2694 vel

1019 2716 1224 2752 processionem
1255 2716 1414 2747 essentiam,
1433 2719 1514 2749 atque
1534 2715 1560 2741 in
1578 2714 1689 2749 propria
1710 2712 1795 2740 subsi-

1022 2762 1121 2790 stentia
1140 2766 1191 2789 est.
1216 2761 1251 2788 At
1267 2761 1328 2793 iste,
1344 2761 1390 2796 qui
1415 2761 1464 2788 has
1487 2760 1598 2795 collegit
1612 2760 1794 2790 auctoritates,

1020 2808 1166 2843 impudens
1181 2809 1238 2842 ipse
1252 2815 1283 2838 ac
1308 2807 1474 2835 temerarius
1489 2814 1551 2834 cum
1566 2806 1611 2839 sit,
1629 2804 1792 2833 temeritatis

1021 2855 1080 2882 illos
1098 2858 1218 2885 accusat,
1235 2853 1280 2887 qui
1307 2852 1349 2887 pie
1367 2861 1397 2880 ac
1420 2858 1492 2880 recte
1512 2853 1546 2880 de
1567 2852 1666 2879 divinis
1679 2851 1791 2886 sapiunt.

1740 137 1805 170 308
1838 141 1843 144 “
