1925 3056
155 146 206 179 309

426 216 527 244 Νὶραηί
541 217 665 251 defensio.

190 261 266 288 Atl‘er
282 261 364 288 etiam
386 260 588 293 necessitatem,
600 270 653 296 qua
671 263 704 290 de
720 271 802 290 causa
824 263 857 290 de
876 263 936 291 Filii

155 312 300 340 progressu
319 313 352 332 ex
368 305 447 332 Patre
464 310 492 332 et
511 305 630 340 Spiritus
654 307 741 334 sancti
757 307 939 340 :equivaleant

155 355 253 378 cuncta
277 350 335 378 bzee
358 351 480 383 nomina,
499 352 623 386 generari
645 352 937 388 scilicet.proeedere,

155 398 276 432 prodire,
295 405 434 429 emanare,
451 398 529 429 oriri,
557 392 588 425 et
607 399 751 433 ejusmodi.
778 399 815 425 De
832 399 936 433 produ<

156 443 248 472 ctione
261 452 327 472 vero
345 444 464 478 Spiritus
480 451 512 471 ex
533 444 604 472 Filio
622 452 674 471 non
686 444 758 471 idem
778 444 835 472 sint
860 445 937 477 oriri,

155 494 183 515 ct
210 494 307 516 czetera
338 489 471 524 ejusmodi
504 497 565 516 cum
595 489 754 525 procedere.
783 489 838 516 Aut
872 489 938 524 quid

156 541 244 560 causm
259 539 298 561 est
315 542 363 561 cur
387 534 460 568 quod
487 534 622 568 procedit.
644 535 726 562 etiam
744 539 865 567 emanet,
889 542 939 562 nec

157 584 246 605 tamen
276 586 291 606 ο
317 579 469 606 converso?
487 579 545 606 Non
566 579 602 605 ita
627 579 800 612 simpliciter,
829 583 858 606 et
880 579 939 606 sine

157 624 263 651 ratione
289 624 422 651 conclude
447 624 526 658 quasi
554 629 651 658 petens
682 627 711 651 ut
736 624 877 650 auditores
904 631 938 650 ex

156 670 242 705 gratia
261 669 394 704 quidquid
410 669 477 696 velis
492 669 648 702 admittant.
666 668 744 703 Quod
762 668 785 696 si
811 668 867 703 ipse
892 668 938 697 illa

156 717 214 742 sine
234 715 470 742 demonstratione
495 715 622 750 loquens,
640 719 784 742 strenuum
808 714 938 748 quiddam

156 761 252 788 fecisse
280 761 435 793 arbitraris,
462 761 543 787 etiam
570 760 622 795 ipsi
645 760 741 788 eodem
771 759 851 786 modo
873 759 939 786 sim-

157 807 263 842 pliciter
275 807 323 833 tibi
338 796 575 838 co'ntradicemus;
587 810 614 833 et
626 805 748 832 fortassis
763 810 838 836 lauto
852 806 938 840 magis

155 852 234 878 nobis
259 850 437 878 adhibebitur
458 851 535 880 ﬁdes.
563 857 667 885 quanto
689 858 738 878 nos
765 851 865 882 melius
891 858 939 878 ve-

703 149 922 180 REFUTATIO
946 151 1039 184 ΜᾹΧ.
1058 153 1184 186 PLANU
1191 155 1260 187 DIE.

1723 156 1776 188 310

954 218 973 246 Α
991 212 1119 244 mittitur.
1138 213 1179 240 vel
1206 213 1307 248 prodit,
1324 214 1366 241 vel
1390 219 1509 246 emanat,
1526 214 1568 242 vel
1595 214 1693 249 oritur,
1717 223 1772 242 non

991 258 1073 285 etiam
1090 266 1124 285 ex
1138 259 1185 285 illo
1200 260 1348 287 essentiam
1369 260 1460 291 habet.
1479 260 1506 287 in
1526 260 1627 295 quibus
1644 260 1715 287 aliud
1734 264 1776 287 est

991 311 1062 334 esse.
1082 305 1156 331 aliud
1173 306 1264 332 mitti:
1278 314 1433 340 quanquam
1450 314 1539 340 neque
1556 306 1589 333 de
1607 307 1640 333 iis
1663 307 1775 333 nniver-
1794 317 1818 343 ί

991 350 1096 381 saliter,
1123 358 1212 384 neque
1236 351 1269 378 de
1293 351 1402 378 cunctis
1425 351 1476 378 hoc
1501 351 1659 378 nominibus
1682 356 1776 385 aperte

992 395 1045 422 dici
1060 395 1155 430 possit.
1171 394 1278 429 Quippe
1290 402 1352 422 cum
1367 395 1470 429 aliquid
1485 403 1518 422 ex
1534 403 1563 423 re
1584 396 1699 429 quadam
1719 396 1776 422 ori-

992 446 1037 467 tur
1058 445 1103 467 aut
1117 445 1226 467 emanat
1240 449 1247 467 :
1259 445 1287 467 ut
1297 440 1378 467 etiam
1390 448 1424 467 ex
1439 441 1483 467 illa
1496 441 1531 467 sit
1549 448 1658 467 necesse
1673 446 1724 467 est.
1740 441 1777 467 De

992 493 1085 514 saneta
1098 494 1161 513 vero
1171 486 1305 513 Trinitate
1317 493 1440 520 quaenam
1456 487 1525 513 ratio
1534 490 1584 517 est.
1598 493 1649 512 cur
1659 486 1731 520 quod
1742 494 1775 512 ex

992 531 1083 566 aliquo
1092 531 1175 558 habet
1189 539 1262 562 esse.
1280 532 1394 564 oriatur,
1411 536 1439 559 et
1455 536 1565 558 emanet
1582 532 1664 558 etiam
1681 539 1713 558 ex
1730 532 1777 558 illo

991 586 1104 606 necesse
1118 578 1153 605 sit
1167 587 1173 606 :
1192 578 1216 604 id
1231 583 1320 605 autem
1336 578 1409 613 quod
1425 579 1514 605 oritur
1536 583 1563 605 et
1584 584 1704 610 emanat,
1720 585 1775 604 non

995 625 1079 651 etiam
1092 624 1127 651 sit
1142 632 1173 651 ex
1187 631 1230 656 eo,
1244 624 1397 658 praesertim
1415 631 1477 651 cum
1494 624 1521 650 in
1535 632 1565 650 ea
1582 625 1638 651 hac
1653 624 1775 655 nomina,

993 670 1058 697 oriri
1084 669 1222 700 videlicet.
1263 669 1375 703 prodire
1407 677 1439 697 ac
1469 669 1629 704 procedere.
1657 670 1778 704 itemque

992 718 1020 741 et
1034 714 1117 744 mitti.
1130 721 1210 740 unam
1224 721 1280 740 rem
1292 713 1455 747 significent,
1468 714 1519 741 etsi
1537 714 1675 740 interdum
1691 714 1778 741 ratio-

992 765 1026 785 ne
1037 758 1176 785 differant.
1187 759 1276 791 Quare
1292 758 1436 785 manifeste
1450 763 1524 792 patet
1539 759 1612 792 quod
1628 758 1677 784 iste
1692 760 1776 786 etiam

997 812 1088 833 scrmo
1102 813 1191 839 neque
1208 806 1277 831 bene
1295 804 1408 836 dicitur,
1426 811 1515 838 neque
1533 804 1682 831 necessarii
1697 804 1778 838 quid—

991 857 1072 885 quant
1098 858 1148 877 nec
1174 850 1293 884 denique
1313 849 1416 884 aliquid
1441 849 1499 875 veri
1527 848 1615 876 adert.
1640 849 1692 882 Qui
1712 856 1774 875 cum

155 899 266 931 riusque
287 897 338 930 ipsi
365 897 499 924 dicemus.
528 896 595 923 Nam
625 897 658 924 de
672 896 808 924 creaturis
825 897 937 937 quidem
954 905 974 931 Β
990 895 1182 931 superioribus
1198 895 1296 922 similis
1316 896 1363 926 sit,
1392 895 1510 922 similem
1527 895 1608 922 etiam
1624 895 1676 922 sibi
1692 899 1776 929 atque

106 968 110 972 ,
157 943 284 970 fortassis
299 943 351 970 hoc
369 943 523 978 reperietur
539 951 546 970 :
566 942 639 977 quod
658 943 784 970 videlicet
797 950 830 972 ex
846 943 939 976 aliquo

992 942 1046 970 illis
1059 941 1241 968 inﬁrmitatem
1257 945 1285 968 et
1299 948 1421 968 errorem
1440 945 1567 968 testatur.

691 1078 759 1104 ΤΟΥ
780 1076 984 1104 ΣΟΦΩΤΔΤΟΥ
1002 1075 1243 1103 ΚΑΡΔΙΝΑΛΕΩΣ

509 1163 797 1228 ΚΥΡΟΥ
834 1161 1421 1228 ΒΗΣΣΑΡΙΩΝΟΣ

192 1278 285 1316 ΠΡΟΣ
302 1277 386 1315 ΓΟΥΣ
403 1277 567 1315 ΜΑΞΙΜΟΥ
586 1278 769 1312 ΜΟΝΑΧΟΥ,
790 1278 859 1305 ΤΟΥ
877 1278 1082 1313 ΠΛΑΝΟΥΔΗ,
1100 1279 1178 1307 ΠΕΡΙ
1195 1278 1266 1306 ΤΗΣ
1285 1278 1535 1307 ΕΚΠΟΡΕΥΣΕΩΣ
1556 1279 1624 1307 ΤΟΥ
1644 1280 1750 1313 ΛΓΙΟΥ

567 1325 782 1353 ΠΝΕΥΜΑἸῸΣ
801 1325 896 1354 ΚΑΤΑ
913 1326 1068 1355 ΛΑΤΙΝΩΝ
1088 1327 1368 1355 ΣΥΛΔΟΓΙΣΜΟΥΣ.

727 1458 977 1493 SAPIENTISSIMI
997 1459 1205 1488 CARDINALIS

441 1553 788 1630 DOMINI
850 1552 1478 1631 BESSABIONIS

195 1691 426 1723 REFUTATIO
447 1691 794 1722 SYLLOGISMORUM
810 1689 964 1720 MAXIM!
981 1690 1177 1722 PLANUDJE
1201 1691 1253 1722 DE
1267 1690 1540 1722 PROCESSIONE
1559 1690 1735 1723 SPIRITUS
1780 1718 1783 1722 ,

696 1742 847 1790 ΞΑΝΟΤΙΙ
861 1742 1021 1773 CONTRA
1045 1743 1235 1790 LAtTlNOS.

727 1807 870 1838 (Arcudius,
885 1808 974 1843 Opusc,
986 1814 1071 1839 aurea,
1086 1815 1110 1840 p.
1125 1807 1192 1840 6l5.)

157 1959 293 1998 Μαξίμου
307 1958 444 1998 patagio?
458 1959 519 1998 :01:
523 1959 682 1998 Πλρνούδη
695 1959 762 1998 περὶ
778 1959 832 1998 τῆς
842 1959 936 1998 ’ἐκπο-

992 1959 1106 1987 Maximi
1124 1959 1254 1987 Planudw
1272 1959 1394 1998 mgnas/ri
1417 1960 1449 1998 (ζα
1470 1959 1633 1998 precatione
1657 1958 1772 1994 Spiritus

168 1995 302 2029 ρεύσεως
318 1994 372 2020 τοῦ
390 1994 477 2028 ἁγίου
494 1994 666 2028 Πνεύματος
681 1995 757 2021 κατὰ
773 1995 918 2023 Λατίνων.

198 2050 373 2084 Ἐρωτητέον,
390 2049 507 2084 πότερον
523 2050 539 2085 ή
556 2050 587 2076 ὲκ
600 2050 705 2085 [ἰατρὸς
717 2051 762 2077 καὶ
775 2049 840 2077 Υιοῦ
856 2050 938 2077 ἐκπό-

158 2104 250 2131 ρευσις
264 2095 311 2122 τοῦ
324 2096 402 2129 ἁγίου
418 2095 576 2129 Ηνεύματος
593 2096 660 2130 ἄλλη
678 2096 725 2123 καὶ
738 2095 804 2131 ἄλλη
820 2096 904 2127 ἐστὶν,
919 2095 936 2130 ἢ

159 2142 206 2175 μία
226 2142 272 2168 καὶ
289 2143 304 2175 ἡ
322 2141 402 2175 αὐτή.
419 2141 450 2167 Εἰ
471 2142 520 2174 μὲν
541 2139 588 2167 οὖν
605 2141 671 2176 ἄλλη
694 2141 742 2168 καὶ
764 2141 842 2175 ἄλλη,
857 2140 936 2175 διπλῆ

156 2188 241 2222 ἄραή
269 2188 431 2221 ὲκπόρευσις
455 2186 542 2218 ἕσται,
559 2187 607 2213 καὶ
627 2187 657 2213 τὺ
682 2186 793 2220 Πνεῦμα
816 2186 937 2219 διπλοῦν,

155 2235 222 2268 ὅπερ
237 2234 348 2259 ἄτοκον·
361 2233 386 2259 ιι
399 2233 426 2259 δὲ
441 2233 488 2266 μία
504 2233 577 2267 καὶὴ
592 2232 671 2266 αὑτὴ,
683 2233 741 2264 πῶς
752 2234 783 2259 ὲκ
793 2233 841 2267 τῆς
854 2232 935 2259 ἁΰλου

155 2280 247 2310 audio;
265 2279 377 2306 δύναται
400 2278 430 2304 τὸ
454 2278 483 2304 ἓν
499 2276 587 2311 εἶναις
608 2279 698 2308 Mevi:
723 2278 773 2313 μιν
795 2278 849 2313 γὰρ
865 2278 936 2313 ἀρχὴ

154 2326 202 2352 καὶ
225 2326 299 2352 alti:
325 2326 354 2351 οὐ
380 2325 460 2359 μόνον
484 2325 588 2356 δυάδος,
614 2325 681 2352 ἀλλὰ
699 2326 746 2352 καὶ
771 2325 824 2352 τῶν
847 2325 936 2352 ἄλλων

154 2373 282 2400 ἁπάντων
296 2372 430 2407 ἀριθμῶν*
447 2372 513 2402 δυὰς
527 2372 555 2398 δὲ
572 2372 644 2406 ἀρχὴ
659 2373 706 2399 καὶ
720 2371 794 2398 αἰτία
810 2371 934 2405 μονάδος,

1219 1995 1305 2021 sancti
1319 1999 1410 2021 contra
1423 1994 1541 2021 Latinos.

1025 2050 1250 2085 Interrogandum
1267 2055 1321 2082 est,
1340 2050 1480 2085 processio
1499 2050 1620 2084 Spiritus
1640 2051 1770 2078 sanctiex

989 2098 1069 2126 Patre
1093 2097 1218 2132 Filioque
1245 2101 1336 2124 utrum
1356 2097 1407 2125 alia
1423 2101 1451 2124 et
1467 2097 1520 2124 alia
1538 2097 1586 2130 sit,
1612 2105 1645 2124 an
1668 2105 1723 2124 una
1746 2102 1774 2124 et

988 2144 1094 2171 eadem.
1112 2143 1141 2170 Si
1154 2143 1228 2170 enim
1247 2142 1298 2170 alia
1316 2147 1345 2170 et
1363 2142 1426 2174 alia.
1438 2149 1503 2177 ergo
1519 2142 1619 2176 duplex
1637 2143 1691 2169 erit
1708 2151 1772 2177 pro-

988 2190 1088 2222 cessio,
1116 2195 1143 2216 et
1161 2189 1281 2223 Spiritus
1311 2189 1422 2223 duplex.
1447 2189 1521 2223 quod
1538 2194 1579 2217 est
1607 2189 1771 2228 absurdum,

989 2235 1017 2263 Si
1038 2243 1104 2262 vero
1120 2243 1172 2262 una
1190 2240 1218 2261 et
1234 2235 1341 2265 eadem.
1366 2237 1412 2269 qui
1444 2235 1502 2262 ﬁeri
1520 2240 1608 2269 potest
1623 2240 1654 2262 ut
1671 2243 1704 2262 ex
1722 2235 1771 2262 im-

988 2280 1121 2308 materiali
1133 2280 1263 2308 dualitate
1274 2288 1357 2307 unum
1367 2281 1501 2308 exsistat?
1510 2281 1616 2316 Quippe
1627 2282 1717 2308 unitas
1730 2287 1772 2308 est

987 2320 1152 2359 principium
1183 2330 1211 2352 et
1237 2332 1331 2355 causa,
1344 2334 1399 2352 non
1426 2326 1514 2360 solum
1547 2326 1699 2356 dualitatis.
1723 2327 1773 2353 sed

987 2371 1070 2397 etiam
1098 2370 1214 2397 aliorum
1247 2376 1408 2399 cunctorum
1433 2379 1624 2398 numerorum.
1651 2369 1774 2402 Dualitas

155 2419 241 2444 ettouv
257 2417 327 2448 ἑνὸς,
344 2417 393 2443 οὺχ
416 2416 449 2443 ἂν
464 2417 578 2450 γένοιτο.
595 2417 630 2442 Οὐ
649 2418 702 2450 γὰρ
725 2416 787 2443 καθ’
803 2417 936 2450 ὑποστρο-

992 2421 1078 2445 autem
1108 2417 1184 2443 utsit
1214 2417 1328 2444 unitatis
1355 2417 1518 2452 principium
1546 2422 1572 2445 et
1596 2425 1688 2450 causa,
1710 2417 1770 2444 ﬁeri

108 2454 113 2457 μ
154 2463 206 2497 (pip
222 2464 249 2489 aii
266 2463 387 2496 γενέσεις
401 2462 456 2488 τῶν
479 2462 614 2496 ἀριθμῶν,
631 2461 698 2488 ἀλλὰ
719 2462 787 2488 κατὰ
811 2461 933 2497 πρόοδονε

992 2470 1042 2488 non
1057 2466 1157 2496 potest.
1176 2463 1235 2489 Non
1253 2463 1326 2489 enim
1345 2463 1495 2490 secundum
1512 2465 1708 2497 reversionem,
1721 2465 1771 2492 sed

153 2509 245 2538 Μονὰς
265 2508 318 2542 γὰρ
331 2508 371 2538 si;
384 2507 466 2534 δυάδι
482 2508 607 2539 κινεῖται,
627 2508 754 2534 κάκεῖθεν
771 2509 810 2536 εἰς
826 2507 932 2541 τριάδα,

992 2509 1137 2535 secundum
1157 2516 1333 2543 progressum
1358 2509 1485 2536 oriuntur
1517 2510 1635 2537 numeri.
1660 2510 1766 2541 Etenim

154 2551 200 2578 καὶ
219 2551 326 2586 ἑφεξῆς.
346 2552 381 2578 Τὺ
397 2552 451 2586 γὰρ
463 2552 554 2585 ὶέγαιν
576 2552 609 2577 ἐκ
623 2552 673 2586 τῆς
690 2551 798 2586 τριάδος
818 2553 934 2595 ἀφαιρεα

992 2555 1076 2582 initas
1090 2560 1216 2583 movetur
1229 2556 1262 2583 ad
1285 2556 1454 2585 dualitatem.
1474 2557 1591 2590 indeque
1606 2557 1639 2584 ad
1662 2557 1769 2590 trinita:

153 2598 244 2634 θείσης
264 2599 375 2633 μονάδης
405 2598 489 2624 δυάδα
522 2598 656 2631 γίνεσθαι,
689 2599 743 2625 κάκ
760 2599 808 2633 τῆς
839 2598 932 2629 δυάδας

992 2605 1053 2631 tem,
1069 2607 1100 2626 ac
1112 2600 1254 2634 deinceps.
1273 2600 1368 2628 Dicere
1384 2602 1457 2628 enim
1472 2610 1504 2628 ex
1522 2602 1653 2632 trinitate.
1673 2604 1767 2629 adem-

152 2645 252 2679 ὁμοίιος
283 2645 394 2679 μονάδα.
425 2643 495 2670 Ἀλλ’
522 2644 596 2670 αἰτία
622 2645 760 2670 κάνταῦθα
786 2644 888 2671 τούτων
916 2644 932 2678 ή

992 2651 1032 2679 pta
1048 2646 1176 2676 monade.
1191 2646 1250 2673 fieri
1271 2647 1443 2679 dualttatem,
1459 2653 1487 2675 et
1505 2648 1633 2674 similiter
1646 2656 1679 2675 ex
1699 2649 1767 2681 dua-

151 2690 344 2724 ἀφιιιρουμένη
369 2690 461 2724 μονάς.
485 2689 556 2716 Ἀλλ’
570 2690 619 2716 οὐκ
638 2690 716 2721 ἄλλος
739 2699 781 2721 τις
804 2689 931 2725 ἀριθμός·

992 2692 1063 2719 litate
1091 2691 1236 2719 unitatem.
1255 2694 1286 2719 At
1311 2692 1355 2719 hic
1367 2700 1477 2728 quoque
1500 2701 1581 2721 causa
1604 2699 1647 2721 est
1669 2695 1766 2723 horum

150 2735 273 2761 λείπεται
288 2734 342 2769 ἀρα
362 2733 399 2768 μὴ
415 2735 447 2760 τὰ
463 2734 509 2760 δύο
533 2736 608 2762 αῐτια
621 2733 692 2762 εἰναι
713 2735 760 2762 τοῦ
781 2735 850 2768 ἑνὸς,
862 2735 932 2762 ἀλλὰ

992 2736 1087 2767 initas.
1107 2745 1167 2771 qua:
1188 2737 1321 2764 aufertur.
1347 2737 1407 2764 Non
1432 2743 1522 2765 autem
1541 2739 1610 2766 alius
1629 2739 1766 2774 quispiam

149 2780 180 2807 τὸ
193 2780 224 2806 ἓν
239 2780 292 2806 τῶν
309 2779 365 2806 δύο·
379 2779 425 2806 καὶ
447 2780 517 2807 οὕτω
532 2781 581 2814 μὲν
597 2781 626 2807 ἐν
644 2782 700 2812 τοῖς
718 2782 821 2814 ἁΰλοις,
842 2781 856 2807 ὃ
878 2781 930 2808 κάν

992 2790 1126 2810 tumerus.
1143 2783 1238 2811 Restat
1251 2791 1316 2818 ergo
1333 2789 1362 2810 ut
1380 2792 1434 2811 non
1444 2784 1499 2812 sint
1516 2785 1570 2811 duo
1579 2793 1660 2812 causa
1673 2785 1765 2817 unius,

149 2826 184 2861 τῇ
199 2825 306 2860 θεότητι
320 2824 409 2859 πάσης
422 2825 486 2862 ὕλης
498 2826 682 2862 ὑπερκειμένη
698 2827 828 2862 ἁρμόζειν
844 2827 927 2859 εἰκός·

992 2828 1030 2857 sed
1052 2837 1136 2857 unum
1153 2836 1235 2868 causa
1252 2829 1381 2863 duorum,
1400 2834 1427 2857 et
1444 2830 1483 2858 sic
1496 2830 1607 2866 quidem
1625 2830 1653 2858 in
1666 2821 1764 2869 imma}

1536 2959 1554 2971 θ
