1925 3056
115 137 172 172 313

658 137 878 169 REFUTATIO
898 139 989 169 MAX.
1008 134 1206 170 PLANUDE.

1683 134 1737 175 διε

113 191 162 219 δύο
178 192 319 228 ἑκάτερον,
335 193 384 220 ὅσα
399 195 411 220 ὁ
429 193 534 228 Πατὴρ,
551 192 619 228 πλὴν
633 192 687 219 τῶν
699 192 896 226 ἀντικειμένων

951 192 1021 219 niam
1042 200 1097 220 non
1120 194 1270 228 opponitur
1293 195 1352 231 ejus
1370 195 1481 224 rationi.
1502 197 1630 225 Omnium
1657 206 1731 225 en.m

113 237 197 273 αὐτῷ,
215 237 253 269 ὡς
272 238 391 274 εἴρηται.
415 240 491 265 Ἐπεὶ
505 238 550 266 οὖν
566 240 580 265 ὸ
594 239 687 274 Πατὴρ
711 238 768 273 ἔχει
782 238 812 265 τὺ
832 247 897 272 προ-

115 283 225 311 ϐάλλειν
238 285 269 310 τὺ
285 285 395 319 Πνεῦμα
414 285 444 311 τὸ
460 285 548 318 ἅγιον,
561 284 640 311 τοῦτο
661 284 689 310 δὲ
703 284 741 318 τῷ
759 284 806 310 τοῦ
834 283 896 310 I'loii

953 245 1014 272 qua:
1027 245 1083 265 non
1092 246 1270 273 opponuntur
1288 242 1384 269 rationi
1403 242 1579 277 proprietatis
1595 244 1732 278 ipsorum,

951 291 1123 318 unaquaeque
1139 285 1232 313 divina
1247 294 1367 321 persona
1384 288 1523 324 particeps
1536 294 1626 321 est,ct
1642 290 1734 316 omnia

116 327 187 363 λόγῳ
201 328 251 354 οὐκ
271 329 451 360 ἐναντιοῦται,
469 330 496 354 ὲν
513 329 551 362 τῷ
568 328 665 362 γεννᾷν
681 328 762 358 αὑτὸν
782 328 897 355 δέδωκεν

951 329 1033 356 habet
1052 334 1169 364 utraque
1195 339 1323 366 persona,
1354 341 1414 368 quae
1443 334 1526 361 habet
1545 335 1634 364 Pater,
1653 343 1732 362 exce-

116 373 190 407 αὺτῷ
203 373 232 400 τὸ
243 374 272 406 ἐξ
287 374 370 400 αὐτοῦ
386 374 510 407 προῑὲναι
524 373 553 400 τὸ
569 373 680 408 Πνεῦμα
698 373 728 398 τὸ
744 372 831 407 ἅγιον,
850 373 897 399 sui

951 375 1014 408 p:is,
1033 383 1092 409 qum
1109 376 1158 409 ipsi
1176 385 1363 412 opponuntur,
1377 379 1517 406 utdictum
1534 384 1585 406 est.
1600 380 1734 413 Quoniam

115 417 146 449 ἐξ
160 419 322 453 ἀμφοτέρων
343 419 381 450 ὠς
397 419 451 445 ἀπὸ
475 419 534 450 ἰνὸς
555 418 623 444 Θεοῦ
647 418 694 444 καὶ
723 418 787 452 μιᾶς
809 419 897 452 πηγῆς

952 419 1036 453 igitur
1057 421 1137 448 Pater
1160 422 1244 449 habet
1273 425 1425 457 producere
1446 425 1580 459 Spiritum
1596 431 1733 458 sanctum,

115 465 162 490 καὶ
179 465 264 499 ἀρχῆς
280 465 489 500 ἐκπορεύεσθαι.

954 465 1007 492 hoc
1023 473 1088 492 vero
1113 467 1214 494 rationi
1231 468 1292 495 Filii
1312 477 1367 496 non
1383 470 1556 502 adversatur,
1571 472 1634 497 dum
1651 479 1735 506 gene-

115 514 162 547 rat
175 518 250 543 eum,
264 510 310 537 dat
334 509 385 545 ipsi
407 514 437 537 ut
451 518 484 538 ex
516 510 575 545 ipso
594 508 784 545 proﬁciscatur
805 508 924 544 Spiritus
948 514 1071 544 sanctus,
1091 515 1118 538 et
1133 519 1164 538 ea
1186 511 1319 540 ambobus
1337 517 1464 549 tanquam
1478 514 1512 541 ab
1537 522 1591 542 uno
1622 515 1688 548 Deo,
1706 521 1734 541 et

116 563 172 583 uno
189 555 266 583 futile
279 561 307 584 et
318 555 455 591 principio
475 556 615 592 procedat.

738 602 881 638 Responsio
897 601 971 628 Petri
988 603 1108 630 Arcadii.

150 660 296 688 Possemus
312 662 395 689 etiam
416 670 478 689 cum
499 662 652 697 Augustino
670 669 753 689 serm.
769 669 787 688 tt
811 661 849 688 De
872 660 965 687 verbis
985 662 1093 689 Domini
1116 667 1181 690 tom.
1197 663 1230 695 Χ,
1249 671 1273 691 c.
1289 663 1334 697 20,
1356 665 1383 692 in
1403 658 1455 694 (ine
1467 667 1645 701 respondere.
1669 667 1733 695 lilco

115 707 231 733 societas
245 707 358 734 unitatis
371 707 499 734 Ecclesiae
514 708 571 739 Dei,
585 713 660 734 extra
674 715 755 741 quam
774 713 829 733 non
847 706 876 732 tit
890 706 948 741 ipsa
969 707 1094 734 remissio
1113 713 1300 743 peccatorum,
1315 716 1442 745 tanquam
1459 714 1599 747 proprium
1611 718 1653 739 est
1666 721 1735 748 opus

114 751 233 785 Spiritus
244 753 343 785 sancti,
365 753 445 780 Patre
455 761 521 780 sanie
536 758 564 780 et
586 753 656 780 Filio
680 753 910 787 cooperanlibus;
935 752 998 788 quia
1011 754 1126 782 societas
1147 761 1189 783 est
1212 757 1413 791 quodammodo
1435 751 1523 785 Patris
1546 764 1574 785 ct
1595 759 1655 786 Filii
1675 760 1734 793 ipse

114 798 234 832 Spiritus
252 805 373 827 sanctus.
387 800 455 828 Nam
467 800 549 827 Pater
565 808 617 827 nun
635 800 821 827 communiter
836 799 952 826 habetur
966 799 1047 826 Pater
1062 808 1076 826 a
1091 802 1160 828 Filio
1179 809 1204 829 ei
1220 803 1325 842 Spiritu
1345 809 1452 836 sancto,
1469 805 1533 839 quia
1547 813 1601 831 non
1618 811 1660 832 est
1679 806 1732 832 Pa-

115 850 155 871 ter
170 844 323 872 ainborum.
341 846 375 872 Et
386 845 471 873 Filius
487 854 541 873 non
554 847 737 873 conununitcr
748 846 864 873 liabetur
880 845 966 872 Filius
980 853 995 872 a
1008 845 1087 873 Patre
1097 852 1125 873 et
1138 847 1241 882 Spiritu
1257 854 1362 882 sancto,
1375 851 1439 884 quia
1452 859 1505 878 non
1523 857 1565 879 est
1576 852 1661 879 Fit-us
1679 859 1735 878 am-

114 889 224 918 borum.
243 891 365 926 Spiritus
377 899 467 920 autem
484 900 596 921 sanctus
609 894 792 921 communiter
805 893 921 920 habetur
935 900 950 919 a
965 892 1045 919 Patre
1068 898 1096 921 et
1116 894 1194 926 Filio,
1207 895 1270 929 quia
1284 896 1402 931 Spiritus
1424 903 1467 927 est
1487 905 1558 924 unus
1576 898 1734 925 amborum.

237 939 374 973 Μαξίμου
393 941 602 974 συλλογισμές
618 940 767 974 δεύτερος.

151 983 211 1009 Ἔτι
235 984 252 1017 ἡ
271 984 320 1017 μὲν
346 985 429 1019 μονὰς,
447 986 612 1019 ταυτότητός
633 987 707 1012 ἔστιν
730 986 814 1017 αἰτία,
834 985 850 1019 ἡ
869 983 897 1010 δὲ

114 1028 179 1059 δυὰς
205 1029 376 1064 ἑτερότητος.
392 1029 474 1056 'O’Jev
497 1031 510 1055 ὀ
525 1030 588 1061 Υἱὸς
614 1032 661 1056 καὶ
680 1031 710 1056 τὸ
733 1029 844 1064 Πνεῦμα
866 1029 896 1055 τὸ

115 1072 202 1106 ἆγιην,
218 1074 254 1104 ὡς
271 1074 321 1107 μὲν
337 1073 366 1105 ἐξ
380 1075 438 1105 ἑνὸς
455 1074 502 1101 τοῦ
517 1075 622 1110 lla-cpe;
643 1075 717 1107 ὄντα,
734 1075 831 1101 ταυτὸν
845 1074 895 1108 τῆς

115 1118 223 1151 φύσεως
245 1118 371 1152 ἀλλήλοις
394 1122 441 1145 καί
455 1119 493 1153 τῷ
517 1121 604 1154 Πατρὶ
622 1120 738 1154 ἔχηυοιν·
755 1119 791 1151 ὡς
807 1120 834 1145 δὲ
848 1119 895 1145 δύο

114 1164 197 1189 nam
210 1164 284 1196 ὄντα,
297 1164 379 1198 ἕτερά
391 1166 464 1191 ἐστιν
478 1166 602 1200 ἀλληλοις
618 1167 664 1191 καὶ
675 1165 713 1200 τῷ
728 1165 814 1199 [lupi
828 1165 898 1190 κατὰ.

113 1209 161 1240 τὰς
180 1209 353 1242 omnium,
376 1210 435 1237 ἀλλ’
457 1211 487 1236 οὐ
511 1212 560 1246 τὴν
585 1210 675 1245 φύσιν.
694 1211 731 1237 Ub
757 1212 811 1245 γὰρ
834 1210 897 1245 ἐνῆν

114 1256 200 1281 ταυτά
216 1255 266 1291 τὴν
282 1256 363 1290 φύσιν
384 1256 459 1289 ὄντα,
477 1256 524 1284 καὶ
548 1257 630 1291 ἔτερα
652 1256 733 1283 πάλιν
755 1257 826 1283 κατὰ
849 1257 897 1291 τὴν

115 1300 196 1335 φύσιν
213 1299 292 1328 εἶναι.
305 1301 337 1328 El
353 1302 402 1337 μὲν
416 1302 463 1329 οὖν
477 1303 529 1338 ἄρα
543 1302 573 1335 ei
588 1303 660 1335 ἑνὸς,
672 1302 797 1328 τουτέστι
816 1302 897 1337 μόνου

113 1346 162 1373 τοῦ
179 1347 285 1382 Πατρὸς
297 1351 343 1375 καὶ
356 1348 385 1375 τὸ
403 1348 514 1382 Πνεῦμα
527 1349 700 1383 πρρέρχεται,
717 1347 746 1374 ἓν
761 1348 836 1373 ἔσται
851 1347 898 1373 καὶ

115 1391 215 1417 ταυτὸν
237 1392 303 1419 αὐτὸ
323 1393 423 1428 ἑαυτῷ·
445 1393 510 1419 εἰδὲ
525 1394 556 1419 ἐκ
573 1393 629 1425 δύο,
645 1393 767 1419 τουτέστι
792 1392 898 1426 Πατρὸς

115 1439 162 1463 καὶ
180 1437 256 1471 Υἱοῦ,
271 1438 364 1473 ἕτερον
379 1438 455 1465 ἔσται
472 1438 536 1465 αὐτὸ
553 1438 651 1473 ἑαυτῷ
667 1438 703 1469 ὡς
720 1438 752 1464 ἂν
766 1438 828 1464 ἄλλο
848 1438 897 1472 μὲν

115 1483 145 1509 ὂν
159 1483 189 1510 τὺ
205 1485 237 1510 ἐκ
249 1484 295 1510 τοῦ
313 1485 431 1520 Πατρὸς,
448 1485 512 1511 ἄλλο
527 1485 556 1511 δὲ
575 1484 605 1511 τὸ
618 1485 650 1511 ἐκ
662 1484 707 1511 τοῦ
726 1483 801 1510 Υὶοῦ.
824 1482 899 1509 Ἐπεὶ

116 1529 172 1564 γὰρ
186 1530 266 1561 ἄλλος
280 1531 330 1564 μὲν
344 1531 358 1557 ὀ
372 1531 475 1566 Πατὴρ,
487 1531 565 1561 ἄλλος
579 1530 607 1557 δὲ
618 1532 632 1557 ό
646 1530 720 1563 Υἱὸς,
733 1530 838 1563 ἀνάγκη
852 1528 898 1555 καὶ

121 1576 183 1602 riui;
198 1576 309 1611 Πνεῦμα
330 1577 394 1604 ἄλλο
409 1578 455 1603 καὶ
472 1577 535 1604 ἄλλο
551 1574 631 1603 εἶναι’
646 1575 726 1602 τοῦτο
742 1574 770 1601 δὲ
786 1574 897 1601 ἄτοπον.

117 1622 148 1648 Εἰ
161 1622 190 1648 δὲ
208 1622 282 1656 λέγοι
295 1631 337 1654 τις
355 1623 411 1655 πῶς
427 1624 458 1649 τὸ
477 1623 507 1655 ἐξ
524 1623 605 1650 ἄλλου
621 1623 668 1648 καὶ
683 1621 762 1647 ἄλλον
777 1621 823 1647 τοῦ
843 1628 897 1646 πα-

115 1668 179 1703 τρὸς
193 1669 238 1695 καὶ
250 1669 298 1704 τῆς
311 1670 414 1705 μητρὸς
430 1669 524 1696 τέκνον
535 1669 586 1695 οὐκ
596 1669 661 1696 ἄλλο
674 1668 720 1695 καὶ
735 1667 799 1694 ἄλλο
814 1667 897 1698 ἐστὶν,

117 1714 175 1740 ἀλλ’
192 1715 237 1748 iv;
264 1715 381 1750 ἐροῦμεν
405 1716 446 1742 ὅτι
469 1716 518 1750 οὐχ
542 1715 636 1746 ἁπλῶς
661 1716 734 1741 ἐστιν
758 1714 798 1747 ἓν,
830 1713 899 1740 ἀλλὰ

1110 940 1221 968 Maximi
1244 942 1411 977 syllogismus
1437 945 1574 972 secundus.

985 984 1120 1012 Praeterea
1143 986 1235 1013 unitas
1266 987 1376 1021 quidem
1403 995 1485 1017 causa
1510 994 1552 1016 est
1571 989 1733 1021 identitatis,

949 1028 1067 1057 dualitas
1079 1037 1144 1057 vero
1160 1031 1339 1059 diva-sitatis.
1355 1031 1446 1065 Quare
1459 1033 1545 1060 Filius
1566 1039 1593 1060 et
1612 1034 1733 1068 Spiritus

948 1079 1062 1102 sanctus
1076 1075 1111 1102 ab
1127 1084 1182 1103 uno
1197 1076 1275 1103 l‘atre
1288 1078 1464 1110 exsisteutes,
1489 1079 1660 1106 identitatem
1681 1087 1732 1105 na-

947 1125 1014 1147 tura:
1031 1121 1065 1148 ad
1079 1121 1195 1148 invicem
1207 1126 1234 1149 et
1247 1130 1309 1149 cum
1326 1123 1406 1150 Patre
1419 1124 1532 1151 habent.
1550 1124 1584 1152 Ut
1595 1132 1661 1152 vero
1671 1133 1733 1152 rur-

946 1173 994 1192 sus
1007 1166 1062 1193 duo
1079 1170 1154 1199 sunt,
1168 1166 1283 1195 diversa:
1298 1172 1363 1195 sunt
1382 1169 1415 1196 ad
1435 1168 1552 1196 invicem
1563 1175 1590 1197 et
1605 1163 1665 1197 eum
1683 1170 1732 1196 Pu-

948 1216 988 1239 tre
1004 1213 1156 1240 secundum
1171 1213 1345 1249 hypostases,
1360 1223 1414 1242 non
1428 1217 1578 1243 secundum
1593 1221 1731 1244 naturam.

946 1256 1005 1284 Non
1016 1259 1207 1291 enimlicebat,
1223 1267 1284 1287 cum
1301 1262 1397 1289 eadem
1416 1266 1514 1289 natura
1527 1267 1630 1295 essent,
1647 1263 1731 1290 etiam

947 1302 999 1328 alia
1014 1310 1122 1330 rursum
1138 1305 1290 1332 secundum
1317 1311 1444 1334 naturam
1472 1315 1545 1334 esse.
1561 1307 1589 1334 Si
1602 1309 1684 1343 igitur
1698 1317 1732 1335 ex

948 1354 1002 1373 uno
1019 1347 1126 1375 scilicet
1146 1350 1205 1376 solo
1220 1349 1300 1377 Patre
1316 1351 1435 1385 Spiritus
1450 1352 1643 1386 proﬁciscitur,
1661 1361 1732 1381 unus

947 1393 1001 1419 erit
1014 1397 1041 1420 et
1057 1394 1128 1420 idem
1139 1395 1197 1429 ipse
1214 1395 1279 1422 sibi.
1293 1396 1340 1422 Sin
1356 1404 1389 1423 ex
1403 1397 1522 1430 duobus,
1537 1398 1617 1425 Patre
1628 1399 1733 1426 scilicet

947 1443 975 1465 et
987 1439 1066 1472 Filio,
1080 1440 1210 1468 aliuserit
1222 1442 1278 1476 ipse
1291 1442 1367 1475 sibi;
1385 1447 1514 1477 tanquam
1527 1444 1574 1478 qui
1585 1444 1656 1471 alius
1670 1445 1733 1479 qui-

949 1484 1009 1511 dem
1025 1485 1061 1511 sit
1079 1493 1111 1513 ex
1129 1486 1220 1517 Patre,
1235 1488 1305 1514 alii-s
1320 1496 1386 1515 vero
1403 1488 1438 1515 sit
1452 1497 1484 1515 ex
1502 1489 1580 1516 Filio.
1597 1489 1732 1522 Quoniam

949 1528 1021 1555 enim
1031 1529 1100 1556 alius
1113 1535 1155 1557 est
1170 1530 1261 1562 Pater,
1273 1532 1342 1558 alius
1354 1531 1449 1564 Filius.
1466 1528 1657 1561 iteéessarioet
1672 1534 1732 1569 Spi-

949 1573 1020 1600 ritus
1035 1573 1175 1602 Filiialius
1189 1581 1216 1602 et
1231 1577 1301 1603 alius
1312 1577 1398 1610 sit;id
1418 1586 1485 1605 vero
1502 1579 1651 1606 absurdum
1679 1585 1731 1606 est.

949 1618 1025 1651 Quod
1042 1619 1177 1647 sidixerit
1198 1621 1308 1656 aliquis.
1330 1624 1469 1658 quomodo
1486 1625 1533 1659 qui
1561 1633 1594 1652 ex
1615 1630 1691 1660 patre
1705 1631 1733 1653 et

949 1669 1036 1693 matre
1061 1666 1143 1699 lilius,
1167 1676 1221 1695 non
1245 1669 1316 1696 alius
1336 1676 1364 1697 ct
1387 1671 1458 1697 alius
1484 1676 1546 1703 est,
1573 1672 1621 1698 sed
1650 1680 1732 1704 unus,

951 1713 1157 1745 respondemus,
1181 1713 1253 1747 quod
1272 1722 1327 1741 non
1349 1715 1509 1750 simpliciter
1523 1722 1565 1743 est
1586 1723 1666 1749 unus,
1683 1718 1731 1744 sed

117 1759 247 1786 σύνθετον
263 1760 295 1786 εκ
311 1769 339 1786 τε
354 1760 401 1786 τοῦ
430 1761 587 1795 σπέρματος
601 1759 648 1786 τοῦ
664 1759 765 1794 πατρὸς
780 1759 827 1784 καὶ
842 1758 896 1784 τῶν

951 1758 1118 1792 compositus
1130 1766 1162 1785 ex
1174 1760 1278 1787 semine
1291 1761 1375 1792 patris
1397 1767 1424 1788 et
1435 1763 1613 1798 sanguinibus
1627 1763 1731 1790 matris.

116 1806 242 1841 αἱμάτων
259 1806 307 1840 τῆς
324 1807 438 1842 μητρός.

352 1864 517 1898 Ἀπόκρισις
535 1864 668 1898 δευτέρα.

151 1911 278 1946 Εἴρηται,
297 1908 367 1947 ὄλιιῇ
387 1911 469 1945 μονὰς
483 1911 530 1937 καὶ
542 1911 607 1941 Θεὸς
619 1908 659 1942 εἷς
676 1911 690 1937 ὁ
714 1910 807 1946 Πατὴρ
823 1911 868 1937 καὶ
884 1911 898 1937 6

117 1957 191 1990 Υἱὸς,
210 1958 257 1984 καὶ
277 1958 307 1984 τδ
324 1957 436 1991 Πνεῦμα
458 1957 621 1992 προάγουσι·
637 1957 683 1983 καὶ
699 1957 742 1984 διὰ
763 1957 841 1984 τοῦτο
866 1958 897 1984 οὐ

115 2001 226 2028 δύναται
250 2002 297 2028 καὶ
319 2001 417 2028 ταυτὸν
439 2001 536 2028 ἑαυτοῦ
562 2003 609 2028 καὶ
635 2000 727 2036 ἒτφον
747 2001 845 2028 ἑαυτοῦ
867 2001 898 2027 τὸ

118 2048 229 2082 Πνεῦμα
243 2048 274 2074 τὸ
288 2047 376 2082 ἅγιον,
388 2048 456 2074 ἀλλὰ
469 2048 586 2082 ἀνάγκη,
600 2047 701 2081 μᾶλλον
716 2044 786 2074 εἶναι
801 2047 898 2074 ταυτὸν

116 2093 217 2127 ἑαυτῷ,
233 2093 278 2119 διὰ.
290 2093 321 2119 τὸ
341 2094 464 2128 πρηῐέναι
482 2094 514 2120 ἐκ
533 2094 635 2120 τούτων
659 2093 698 2124 ὡς
723 2094 755 2119 ὲκ
771 2093 896 2128 μονάδος.

116 2139 154 2164 Τὸ
173 2140 226 2173 γὰρ
243 2138 336 2174 ἕτερον
352 2139 460 2171 ἑαυτοῦ,
485 2140 533 2166 καὶ
550 2138 676 2165 σύνθετον
693 2139 898 2174 ὑπολαμσάνειν

116 2186 147 2212 τὸ
163 2185 274 2220 Πνεῦμα
294 2187 325 2211 τὸ
339 2185 428 2219 ἆγιον,
445 2185 488 2211 διὰ
502 2186 531 2211 τὺ
546 2185 610 2211 ἄλλο
629 2186 680 2219 μὲν
703 2185 758 2212 δεῖν
774 2184 843 2212 εἶναι
868 2187 897 2212 τὺ

116 2232 148 2257 ὲκ
164 2232 281 2265 [ἰατρὸς.
300 2231 364 2257 ἄλλο
381 2231 409 2257 δὲ
432 2231 461 2257 τὸ
478 2232 507 2263 ἐξ
523 2230 599 2263 Υἱοῦ,
614 2230 668 2257 τῶν
683 2231 753 2258 πάνυ
777 2239 898 2264 σωματι-

116 2275 172 2301 κῶν
188 2276 263 2302 ὲστιν
275 2275 385 2307 ὲννοιτν,
402 2275 449 2301 καὶ
463 2275 522 2302 λίαν
535 2275 634 2306 ὑλικῶς
649 2284 678 2302 τε
692 2277 739 2302 καὶ
759 2276 898 2311 σαρκικῶς

115 2322 150 2348 τὰ
161 2322 250 2347 ἐκεῖσε
269 2321 429 2348 νοσούντων.
445 2322 482 2348 οὐ
504 2321 558 2356 γὰρ
580 2321 666 2353 οὕτως
685 2323 702 2357 ἡ
723 2322 771 2348 τοῦ
792 2322 898 2358 Πατρδς

117 2369 242 2403 ἐνέργεια
257 2368 307 2403 τῆς
321 2369 368 2394 τοῦ
381 2367 445 2394 Υιοῦ
460 2368 676 2403 ἀπεσχοινισται,
695 2368 732 2399 ὡς
751 2369 767 2402 ἡ
779 2368 832 2402 ὲμὴ
847 2367 897 2401 τῆς

117 2415 176 2449 σῆς·
191 2414 245 2440 οὐδ’
266 2413 352 2445 οὕτως
369 2413 450 2445 ἄλλος
467 2414 513 2439 καὶ
525 2413 606 2456 duo;
621 2413 701 2445 εἰσὶν,
720 2414 758 2444 ὼς
773 2413 828 2447 ἐγὼ
851 2414 897 2440 καὶ
912 2427 935 2456 ι)

86 2460 160 2491 .ζσύ.
183 2459 251 2485 Τότε
278 2459 332 2493 γὰρ
357 2459 389 2484 ἂν
415 2457 495 2493 μόνον
510 2454 566 2491 εῐχε
592 2457 683 2493 χώραν
697 2459 713 2492 ἠ
731 2458 758 2483 ἐν
774 2457 813 2492 τῷ
831 2459 899 2484 ἀπο-

114 2504 265 2538 τελέσματι
281 2502 416 2534 σύνθεσις·
432 2504 456 2528 ει
471 2502 525 2536 γὰρ
541 2504 587 2528 καὶ
597 2502 676 2533 ἄλλος
690 2504 736 2529 καὶ
750 2503 829 2534 ἄλλος
842 2504 897 2535 τοῖς

117 2551 276 2585 προσώποις
294 2550 372 2582 εἰσὶν,
387 2549 446 2576 ἀλλ’
460 2549 536 2575 οὐδὲν
555 2546 636 2585 ἧττον
651 2545 691 2580 εἷς
714 2549 762 2575 καὶ
779 2551 792 2575 ὸ
816 2550 897 2580 αὑτός

116 2597 171 2623 εἰσὶ
189 2598 223 2632 τῇ
242 2597 362 2629 θεότητι,
385 2596 432 2622 καὶ
452 2594 493 2626 εἷς
513 2595 634 2630 ἀριθμῷ,
650 2595 689 2626 ὡς
712 2593 782 2622 εἶναι
809 2595 898 2622 αὐτῶν

116 2643 164 2668 καὶ
176 2643 241 2677 μιαν
256 2642 294 2676 τῷ
319 2641 429 2676 ἀριθμῷ
442 2641 493 2675 τὴν
507 2642 659 2676 ἐνέργειαν.
673 2637 724 2668 Ὠν
738 2641 766 2667 δὲ
783 2641 799 2676 ή
824 2642 900 2677 ἐνέρ-

116 2688 179 2722 γεία
208 2688 268 2722 μία,
293 2688 352 2718 πῶς
376 2687 406 2713 οὐ
434 2687 480 2713 καὶ
504 2687 534 2713 τὸ
556 2687 587 2713 ἐκ
611 2686 713 2721 ταύτης
738 2686 768 2713 ἓν
793 2686 825 2712 ἂν
853 2686 899 2713 καὶ

116 2734 220 2760 ἁπλοῦν
234 2733 289 2767 εἴη,
306 2733 353 2759 καὶ
367 2733 455 2768 πάντη
476 2732 634 2765 ἀσύνθετον,
655 2732 701 2759 καὶ
725 2732 755 2764 ἐξ
775 2732 900 2767 ἀνάγκης

115 2780 214 2807 ταυτὸν
231 2778 339 2813 ὲαυτῷῖ

1202 1858 1342 1894 Responsio
1352 1860 1477 1887 secunda.

987 1902 1095 1931 Dictum
1114 1908 1155 1931 est
1170 1905 1253 1940 quod,
1269 1911 1405 1937 quatenus
1421 1907 1521 1939 unitas,
1533 1911 1561 1933 et
1573 1907 1645 1935 Deus
1662 1911 1733 1934 umis

949 1953 1001 1982 est,
1019 1949 1097 1976 Pater
1110 1954 1137 1976 et
1152 1949 1236 1976 Filius
1260 1952 1417 1984 producunt
1432 1951 1566 1986 Spiritum
1583 1958 1707 1981 sanctum
1723 1963 1730 1986 ;

948 1999 976 2022 et
994 1999 1138 2029 propterea
1155 2003 1210 2033 non
1231 2001 1322 2029 potest
1338 1997 1458 2031 Spiritus
1479 2004 1600 2031 sanctus,
1617 2005 1645 2026 et
1661 1999 1733 2027 idem

950 2040 1014 2073 sibi,
1029 2046 1057 2067 et
1076 2040 1147 2067 alius
1169 2048 1240 2074 esse,
1259 2043 1306 2069 sed
1323 2043 1408 2076 magis
1422 2050 1534 2070 necesse
1548 2049 1591 2071 est
1614 2051 1644 2071 ut
1660 2045 1732 2072 idem
1780 2038 1782 2040 ’

950 2087 986 2113 sit
1002 2086 1067 2118 sibi,
1079 2094 1113 2113 eo
1127 2087 1199 2121 quod
1212 2087 1323 2126 abiipsis
1339 2093 1467 2123 tanquam
1482 2097 1516 2116 ex
1538 2091 1654 2118 monade
1669 2099 1732 2126 pro-

950 2132 1035 2160 cedit.
1050 2132 1215 2160 Existimare
1230 2125 1302 2160 e-nim
1321 2134 1453 2168 Spiritum
1477 2141 1601 2162 sanctum
1617 2125 1700 2164 alium
1717 2145 1731 2164 a

950 2186 978 2206 se
993 2183 1020 2205 ct
1033 2179 1226 2213 compositum,
1239 2173 1274 2206 eo
1290 2180 1362 2214 quod
1375 2180 1445 2207 alius
1464 2186 1590 2215 oporteat
1606 2189 1675 2214 esse,
1699 2191 1730 2208 ex

950 2224 1040 2256 Patre,
1061 2225 1130 2251 alius
1151 2232 1185 2252 ex
1199 2225 1289 2258 ,Filio,
1314 2230 1355 2252 est
1374 2226 1526 2258 hominum,
1546 2227 1592 2261 qui
1611 2227 1731 2262 cogitant

949 2277 993 2297 res
1011 2270 1087 2297 valde
1110 2271 1278 2304 corporales,
1303 2275 1331 2298 et
1352 2272 1499 2299 admodum
1527 2268 1683 2300 materiales
1705 2279 1732 2300 ct

949 2315 1083 2348 carnales,
1114 2316 1216 2352 quique
1236 2317 1310 2344 circa
1335 2323 1380 2345 res
1395 2316 1520 2345 caelestes
1544 2319 1692 2353 desipiunt,
1706 2324 1733 2345 ct

950 2362 1019 2388 vitio
1031 2362 1169 2389 laborant.
1186 2363 1245 2389 Non
1261 2364 1334 2390 enim
1349 2360 1437 2391 Patris
1452 2366 1576 2399 operatio
1589 2365 1625 2391 ita
1636 2365 1734 2391 dividi-

950 2413 994 2436 tur
1009 2408 1043 2435 ab
1058 2409 1217 2442 operatione
1228 2409 1300 2441 Filii,
1315 2410 1545 2444 quemadmodum
1561 2417 1576 2437 a
1593 2415 1638 2437 tua
1655 2417 1732 2441 mea;

950 2460 1039 2488 neque
1056 2453 1091 2480 ita
1107 2457 1172 2480 sunt
1196 2453 1267 2481 alius
1281 2459 1309 2482 et
1332 2455 1411 2487 alius,
1434 2457 1464 2481 ut
1482 2462 1533 2489 ego
1548 2459 1576 2482 et
1599 2460 1626 2482 tu
1643 2463 1650 2481 :
1669 2459 1734 2481 tum:

951 2500 1023 2527 enim
1041 2500 1128 2527 solum
1139 2500 1229 2527 locutn
1240 2500 1355 2527 haberet
1366 2500 1528 2534 cOmpositio
1538 2500 1565 2528 in
1579 2499 1733 2527 eﬂcctibus.

951 2544 1081 2576 Quamvis
1098 2545 1170 2572 eititn
1184 2545 1255 2572 alius
1269 2550 1297 2573 et
1314 2546 1385 2572 alius
1403 2544 1458 2573 sint
1474 2542 1612 2580 personis,
1630 2545 1676 2572 sed
1693 2546 1734 2572 ni-

952 2589 1102 2617 hilominus
1122 2598 1191 2617 unus
1218 2595 1246 2617 et
1262 2591 1334 2617 idem
1355 2595 1420 2618 sunt
1432 2591 1542 2623 deitate,
1557 2595 1585 2618 ct
1600 2598 1671 2617 unus
1686 2599 1734 2617 nu-

950 2642 1039 2666 mero,
1059 2635 1127 2662 adeo
1154 2640 1183 2662 ut
1198 2636 1281 2662 etiam
1305 2643 1400 2663 eorum
1415 2637 1539 2670 operatio
1563 2644 1615 2663 una
1631 2637 1667 2663 sit
1685 2645 1734 2663 nu-

950 2687 1039 2708 mero.
1058 2680 1179 2713 Quorum
1196 2686 1286 2708 autem
1308 2683 1430 2716 operatio
1453 2691 1503 2709 una
1518 2688 1571 2714 est,
1596 2683 1735 2718 quomodo

950 2727 1022 2760 quod
1037 2733 1070 2752 ex
1085 2726 1143 2760 ipsa
1164 2726 1292 2759 etiicitur,
1316 2735 1371 2754 non
1388 2728 1422 2755 sit
1447 2735 1528 2755 unum
1558 2732 1585 2755 et
1609 2728 1733 2761 simplex,

950 2777 978 2799 ct
1004 2771 1115 2798 omnino
1143 2773 1351 2806 compositionis
1377 2780 1493 2807 expers,
1522 2773 1734 2808 necessarioque

950 2818 1002 2846 sibi
1021 2818 1111 2845 idem?
