1925 3056
121 110 175 149 317

659 110 881 148 BEFUTATIO
899 113 989 145 MAX.
1010 108 1212 146 ινιΑΝυῐηιξ.

1693 111 1744 146 318

120 175 162 207 λιν
179 174 270 209 μεῖνας
283 173 386 206 Clota;
407 174 545 202 Ἐντεῦθεν
556 174 601 201 καὶ
614 174 639 201 οί
655 174 765 201 Λατῖνοι
778 174 904 209 ἐλέγχον-

959 178 1046 201 turam
1060 174 1207 202 humanam
1221 175 1379 209 assumpsit,
1392 183 1489 202 rursus
1509 175 1536 202 in
1562 176 1657 203 eadem
1674 176 1744 203 sub-

119 229 164 248 1:1t
179 221 242 255 περὶ
258 221 306 255 τῆς
320 222 368 248 τοῦ
382 221 459 254 ἁγίου
478 221 636 256 Πνεύματος
651 221 838 256 ἑλπορεύσεως
854 221 902 247 οὐκ

120 267 250 301 ἀσφαλῶς
267 267 484 301 δογματίζοντες.
508 267 614 301 Ὥσπερ
631 268 684 302 γὰρ
699 268 728 293 τδ
740 267 838 302 χρῶμα
853 267 902 293 οὐκ

119 313 151 338 ἐκ
162 312 210 346 τῆς
226 311 319 342 οὐσίας
332 312 390 337 ἐστὶ
406 312 452 338 καὶ
467 311 513 338 τοῦ
530 313 679 347 σχήματος,
695 311 752 337 ἀλλ’
769 313 800 337 ἐκ
818 312 901 346 μὸνης

119 358 168 391 τῆς
180 357 284 389 οὐσίας,
299 357 327 383 τὸ
348 357 375 383 δὲ
399 357 492 392 σχῆμα
506 357 553 384 καὶ
585 358 683 392 χρῶμα
700 358 727 382 ἐν
756 358 789 392 τῇ
813 357 903 391 οὐσία,

120 402 190 428 οὕτω
205 402 252 428 καὶ
277 403 307 428 τὸ
324 403 436 436 Πνεῦμα
452 403 481 428 τὸ
509 402 587 436 ἅγιον
613 403 662 428 οὐκ
676 403 708 428 ὲκ
728 402 832 436 Πατρὶς
856 402 903 426 καὶ

121 447 196 479 Υιοῦ,
211 448 268 474 ἀλλ’
294 449 324 473 ἐκ
341 449 421 482 μόνον
439 449 486 473 τοῦ
512 449 618 482 Πατρὶς
636 447 834 482 ἐκπορεύεσθςι
860 447 903 473 λέ-

119 501 208 527 γεται.
227 494 304 520 Ἔστι
319 495 407 520 τοίνυν
425 494 454 520 τὸ
471 494 520 528 μὲν
536 494 635 528 χρῶμα
651 494 700 528 τῆς
716 494 836 529 ὁράσεως
855 494 904 528 μέ-

119 548 179 572 νης,
197 541 264 574 μόνη
276 541 329 574 γὰρ
345 541 361 574 ἡ
372 540 468 574 ὅρασις
484 541 548 566 αὐτὸ
560 541 704 574 διακρίνει,
723 540 751 565 τὸ
767 540 795 566 δὲ
811 541 903 574 σχῆμα

118 586 166 611 καὶ
174 587 293 621 ὁράσεως
308 588 353 613 καὶ
365 587 446 621 ἁφῆς.
461 587 514 613 Καὶ
525 587 579 621 γὰρ
589 587 635 612 ὑπ’
646 587 809 621 ἀμφοτέρων
823 594 904 612 κατα-

120 631 298 666 λαμϐάνεται,
313 633 328 667 ἡ
343 632 370 658 δὲ
381 633 460 658 ούσία
469 632 518 666 τῆς
528 633 599 667 ἁφῆς
609 633 692 668 μόνης
701 633 734 659 ἂν
742 633 797 668 είηι

192 673 196 678 ’
356 678 528 711 Ἀπόκρισις
541 678 675 712 τετάρτη.

163 724 207 756 Ὠς
223 725 331 751 ἐοικότα
353 725 567 760 παραδείγματα
591 725 631 756 είς
658 723 707 758 τὴν
740 723 903 758 Ἐκκλησίαν

121 771 252 804 εἰσάγεις,
270 771 375 805 ἀνδρῶν
387 770 482 805 ἄριστε
498 771 546 798 καὶ
565 766 721 804 σοφώτατεί
749 771 803 797 Καὶ
817 770 903 802 οὕτως

123 816 267 852 ἁρμοδίαις
281 817 384 843 εἰκόσιν
400 817 520 849 εἰκάζεις
536 817 571 843 τὰ
588 816 658 847 Θεῖα.
673 816 733 851 ὕλη,
750 817 797 843 καὶ
817 816 902 850 ποσῷ,

120 863 170 889 καὶ
181 862 261 897 ποιῷ,
273 862 323 897 τὴν
337 862 418 889 ᾶῦλον
433 863 542 896 ἐκείνην
559 863 606 889 καὶ
624 862 736 894 ᾶποσον,
752 862 799 888 καὶ
819 863 905 897 ἀσχη-

121 908 260 943 μάτιστον,
278 909 326 935 καὶ
341 909 431 943 ἀναφῆ
453 908 535 942 φύσιν
556 908 694 939 ὑποτιθεὶς
716 908 763 935 καὶ
790 908 904 943 συγκρί-

119 963 186 981 νων.
201 955 233 981 Τί
257 954 303 981 οὖν
322 954 409 981 ταῦτα
425 955 515 982 πάντα
535 953 569 981 τὰ
592 955 621 981 ὲν
635 955 747 986 ταύταις
771 962 818 982 σου
844 956 903 987 ταῖς

119 1000 209 1027 ιίκόσι
223 1000 272 1027 καὶ
285 1000 332 1027 ἐπὶ
339 1001 394 1027 τῶν
408 1000 596 1035 πρωτοτύπων
611 1001 764 1036 ζητήσομεν
776 1010 783 1034 ;
797 1001 903 1028 Οὐκοῦν

120 1044 180 1080 ὥρα
195 1045 240 1071 καὶ
255 1045 300 1071 τον
315 1045 378 1071 Υίὸν
393 1045 440 1072 καὶ
456 1045 485 1072 τὺ
503 1047 613 1080 Πνεῦμα
629 1045 682 1073 τῶν
698 1047 727 1072 ἐν
749 1046 820 1080 ἄλλῳ
837 1047 904 1080 ὑφε-

122 1091 274 1124 στηκότων,
287 1091 317 1117 οὐ
332 1091 393 1117 καθ’
408 1091 492 1118 ἑαυτὰ
513 1091 542 1118 τὸ
557 1089 626 1118 εἶναι
651 1092 768 1126 ἐχόντων
784 1092 860 1127 (ἵλεῳ
876 1092 904 1119 δὲ

120 1136 188 1171 ἡμῖν
203 1134 270 1169 εἷεν)
286 1135 432 1162 πιστεύειν·
450 1136 490 1162 ἔτι
504 1136 558 1162 τῶν
574 1137 713 1171 μεριστῶν
731 1138 777 1163 καὶ
795 1137 906 1164 διαστα-

120 1181 174 1207 πῶν
198 1178 278 1213 εῖναι,
308 1182 355 1208 καὶ
377 1181 427 1207 ὅσα
453 1181 567 1216 περὶτὰ
590 1181 733 1215 σωματικὰ
756 1182 841 1208 ταῦτα
858 1182 906 1208 καὶ

121 1227 213 1259 ὑλικὰ,
229 1227 276 1253 καὶ
298 1227 361 1261 περὶ
378 1228 469 1254 ἐκεῖνα
486 1227 606 1261 ἀνάγειν.
632 1227 703 1253 Ἀλλ’
718 1227 812 1262 ὥσπερ
827 1228 906 1254 τοῦτο

119 1273 231 1306 ἄτοπον,
248 1272 319 1299 οὕτω
333 1273 380 1299 κα)¹
401 1273 432 1298 τὸ
447 1273 572 1299 ἐντεῦθεν
588 1273 690 1299 οίεσοαί
704 1282 730 1298 τι
753 1274 906 1308 συμπεραί-

121 1327 176 1345 -,ειν
192 1319 339 1352 ἀναγκαῖον
357 1317 471 1352 μάταιον
485 1319 531 1344 καὶ
544 1319 668 1353 ἀνόητον.
685 1320 780 1345 Καίτοι
794 1328 841 1345 σου
858 1320 905 1346 καὶ

121 1365 138 1398 ἡ
154 1364 235 1390 εἰκὼν
246 1364 315 1399 αὕτη
331 1363 457 1395 Λατίνοις
482 1364 584 1398 μᾶλλον
607 1364 623 1399 ἢ
650 1364 691 1390 σο)⁴
708 1364 904 1399 συμϐάλλεται.

127 1406 159 1436 Ἥ
171 1411 281 1445 ποιότης
297 1410 361 1444 γὰρ,
375 1406 392 1446 ᾗ
411 1411 441 1436 τὸ
454 1409 564 1444 Πνεῦμα
579 1409 658 1441 αὐτὸς
672 1410 792 1441 εἰκάζειν
808 1410 906 1444 ἠθέλη-

122 1465 183 1490 σας,
200 1457 251 1483 οὐκ
267 1456 300 1482 ἂν
315 1456 371 1490 εἵη,
385 1456 409 1482 εί
436 1456 518 1490 μήπω
537 1456 714 1490 σεσωσμένης
730 1456 836 1488 οὐσίας,
850 1456 906 1481 οὐδ’

120 1502 153 1528 ἂν
166 1501 244 1536 σχοίη
260 1501 290 1527 τὸ
305 1498 385 1531 εἷναι,
402 1501 426 1526 εί
443 1500 480 1535 μὴ
497 1501 527 1526 ἐν
551 1500 630 1535 οὐσίᾳ
647 1500 777 1535 διαστατῇ
791 1509 844 1527 τινι
858 1500 905 1527 καὶ

957 222 1057 249 stantia
1069 230 1192 249 manens.
1204 223 1273 249 llinc
1285 223 1366 250 etiam
1378 222 1467 250 Latini
1482 223 1696 257 redarguuntur.
1708 223 1743 250 de

958 268 1133 303 processiottc
1158 267 1278 303 Spiritus
1292 269 1377 295 sancti
1406 276 1460 295 non
1488 276 1585 296 secure
1609 269 1743 302 dogmati-

957 319 1058 341 santcs.
1077 313 1195 341 Utenim
1209 315 1284 341 color
1309 322 1363 340 non
1386 322 1418 340 rx
1442 314 1594 341 substantia
1607 319 1647 340 est
1662 315 1743 341 simul

954 364 984 387 et
998 367 1031 386 ex
1048 359 1144 393 figura.
1163 359 1211 386 scd
1228 367 1261 386 ex
1276 359 1332 386 sola
1355 359 1520 391 substantia,
1551 359 1634 393 figura
1652 365 1742 385 autem

957 410 984 432 et
997 405 1108 431 colorin
1126 405 1278 431 stthslanlia
1291 410 1355 432 sunt
1375 414 1381 430 :
1398 405 1433 430 ita
1451 410 1479 431 et
1492 405 1611 438 Spiritus
1632 409 1744 430 sanctus

957 456 1011 475 non
1026 457 1059 476 ex
1072 449 1152 476 Patre
1168 454 1196 476 et
1216 449 1295 478 Filio.
1309 449 1355 476 sed
1373 457 1406 476 ex
1421 449 1480 476 solo
1494 449 1574 477 Patre
1592 448 1743 483 procedere

958 494 1068 522 dicitur.
1101 495 1147 520 Est
1182 494 1265 529 igitur
1286 495 1362 521 color
1380 495 1490 529 quidem
1504 495 1589 521 solius
1605 499 1742 528 aspectus,

957 541 1030 568 solus
1042 541 1115 568 enim
1134 541 1208 568 visus
1223 549 1285 567 eum
1298 541 1442 573 discernit,
1456 541 1542 575 figura
1555 548 1619 567 vero
1637 544 1743 573 spectat

956 586 989 613 ad
999 586 1087 613 visum
1096 591 1123 613 et
1138 590 1250 613 tactum.
1262 586 1369 620 Quippe
1377 594 1409 613 ea
1420 586 1554 613 ambobus
1563 585 1742 619 comprehcn-

957 631 1042 664 ditur,
1060 632 1212 659 substantia
1228 640 1291 658 vero
1302 631 1388 658 solius
1411 637 1498 659 tactus
1509 636 1580 658 esset
1594 632 1742 665 olnjectum.

1214 676 1357 711 Responsio
1380 681 1486 712 quarta.

992 721 1078 755 Quam
1091 722 1288 749 convenientia
1304 723 1428 756 exempla
1447 723 1472 749 in
1489 723 1637 750 Ecclesiam
1655 723 1742 749 intro-

957 768 1046 799 ducis,
1059 768 1100 794 vir
1129 769 1232 802 optime
1261 775 1293 794 ac
1322 768 1544 802 sapientissime!
1578 768 1658 796 Etsic
1671 769 1744 803 aptis

957 814 1092 841 assimilas
1124 813 1355 841 similitudinibus
1387 821 1431 842 res
1451 814 1577 845 divinas.
1608 815 1741 847 materim,

921 863 985 900 Bet
1013 859 1179 894 quantitati,
1213 859 1393 894 qualitatique
1426 860 1499 887 illam
1521 861 1743 892 immaterialem,

955 906 1099 940 omnisque
1125 906 1286 940 quantitatis
1311 910 1466 939 expertem,
1497 909 1525 931 et
1542 906 1626 940 llgura
1641 913 1740 933 caren-

958 957 1023 983 tem.
1047 951 1255 985 intactilemque
1271 955 1396 978 naturam
1413 951 1571 986 subjiciens,
1584 955 1611 977 et
1627 959 1686 977 cum
1702 950 1745 978 his

955 998 1109 1026 conferens.
1133 997 1204 1030 Quid
1231 998 1326 1032 igitur,
1348 1002 1484 1024 cunctane
1502 997 1565 1028 ista,
1578 1004 1639 1030 qua:
1652 997 1678 1022 in
1698 997 1743 1023 his

955 1043 1194 1075 similitudinibus,
1217 1043 1301 1070 etiam
1325 1043 1353 1070 in
1376 1042 1580 1077 exemplaribus
1595 1043 1742 1078 quaerenda

955 1091 1037 1118 sunt?
1055 1090 1141 1125 Igitur
1159 1090 1215 1125 jam
1239 1089 1408 1117 crcdendutn
1434 1094 1477 1117 est
1493 1090 1561 1123 (sint
1577 1097 1643 1116 vero
1663 1090 1744 1117 nobis

957 1135 1094 1170 propitii);
1114 1141 1141 1162 et
1166 1135 1278 1167 Filium,
1295 1139 1323 1162 et
1341 1135 1473 1170 Spiritum
1490 1135 1517 1163 in
1531 1136 1585 1162 alio
1597 1136 1742 1167 exsistere,

955 1188 1010 1208 non
1029 1189 1077 1215 per
1094 1189 1123 1209 se
1142 1181 1306 1208 subsistere.
1337 1181 1476 1208 Praeterea
1503 1189 1566 1208 esse
1586 1189 1619 1208 ex
1636 1183 1670 1208 iis
1683 1190 1744 1216 quae

956 1232 1052 1261 partes
1080 1227 1193 1259 habent,
1222 1233 1250 1254 et
1276 1228 1491 1258 ditncnslonem,
1520 1232 1548 1254 et
1571 1228 1663 1259 omnia
1682 1235 1743 1262 qua:

960 1273 1034 1299 circa
1061 1273 1213 1307 corporalia
1241 1278 1270 1301 et
1295 1274 1460 1306 materialia,
1497 1275 1529 1300 ad
1558 1274 1602 1300 illa
1627 1275 1743 1300 transfe-

958 1317 1042 1344 renda
1072 1321 1145 1344 sunt.
1175 1317 1322 1351 Caeterum,
1341 1318 1573 1352 quemadmodum
1610 1319 1661 1346 hoc
1692 1320 1743 1346 ali-

959 1363 1073 1390 surdum
1102 1368 1155 1396 est,
1173 1364 1209 1391 ita
1223 1364 1304 1391 etiam
1321 1366 1367 1391 'ex
1394 1371 1427 1390 eo
1441 1364 1544 1398 aliquid
1570 1366 1676 1399 opinari
1692 1373 1742 1392 ne-

959 1408 1110 1434 cessarium
1140 1408 1321 1441 concludere,
1355 1417 1455 1435 vanum
1490 1414 1517 1435 et
1549 1409 1662 1436 stultum
1691 1415 1742 1438 est.

961 1452 1124 1488 Quanquam
1151 1457 1179 1480 et
1201 1453 1353 1480 similitudo
1376 1458 1419 1481 tua
1436 1454 1494 1481 haec
1520 1454 1627 1482 Latinis
1654 1456 1744 1490 potius

958 1506 1039 1533 quam
1067 1499 1115 1526 tibi
1136 1500 1280 1531 conferat;
1297 1499 1414 1534 qualitas
1450 1500 1523 1526 enim
1545 1501 1600 1535 (cui
1617 1501 1665 1528 tibi
1683 1502 1742 1535 pla-

121 1548 202 1582 ποσῇ.
226 1546 303 1573 Ἐπεὶ
320 1546 367 1573 καὶ
388 1546 483 1573 οὐσίαν
509 1546 573 1573 ἄνευ
592 1546 674 1572 ποσοῦ
699 1547 750 1572 οὐκ
776 1545 808 1572 ἂν
824 1547 905 1581 ἡμεῖς

959 1544 1015 1571 cuit
1041 1544 1193 1571 assimilare
1224 1544 1368 1579 Spiritum)
1397 1545 1493 1578 utique
1520 1553 1573 1572 non
1587 1551 1668 1576 esset,
1688 1554 1742 1574 non

121 1593 235 1626 [δοιμεν,
253 1591 303 1618 κᾶν
317 1592 418 1626 χρῶμα
430 1592 515 1626 αὐτῆς
527 1591 699 1627 Θεασώμεθα.
710 1592 741 1618 Et
755 1589 800 1618 οὗν
816 1592 865 1618 οὐκ
877 1592 905 1618 ἐν

121 1638 201 1673 οὐσίᾳ
216 1638 297 1673 μόνον
312 1638 416 1669 ἁπλῶς,
433 1636 530 1663 ἀλλ’ὲν
547 1638 678 1673 διαστατῇ
694 1638 772 1672 οὐσία
787 1637 904 1672 ὑφέστη-

122 1692 170 1710 κεν
185 1684 202 1718 ἠ
215 1683 337 1718 ποιότης,
353 1684 400 1710 καὶ
413 1683 443 1710 rb
463 1683 546 1709 ποσὸν
561 1683 615 1719 ἄρα
636 1683 674 1718 τῷ
690 1684 739 1718 τῆς
762 1684 905 1718 ποιότητος

122 1726 192 1756 εῖναι
205 1729 398 1764 συμεάλλεται.
411 1729 464 1755 Καὶ
476 1728 546 1755 οὕτω
560 1729 754 1764 συνηγορήσων
768 1730 904 1761 Λατίνοις,

122 1777 139 1812 ἢ
155 1776 273 1810 ἐλέγξων
289 1775 431 1810 ἐλήλυθας,
451 1775 556 1810 ἀνδρῶν
575 1775 670 1810 ἄριστε
690 1775 737 1801 καὶ
753 1774 904 1808 σοφώτατε.

123 1824 160 1850 Οὐ
175 1823 228 1858 γὰρ
239 1823 271 1849 ἂν
286 1821 340 1856 ἐγώ
356 1829 402 1848 σου
418 1821 582 1855 καταγνοίην
597 1820 842 1853 τοὺναντίον,οὓτ‹ι›
855 1822 908 1847 πᾶ-

122 1876 173 1896 σαν
185 1867 373 1903 ἐξησκημένον
389 1866 523 1898 παιδείαν,
541 1864 653 1897 οὕτωδὲ
668 1866 861 1900 διαὸεὸηκότος
879 1867 906 1891 ἑν

122 1915 265 1950 φιλοσοφία
283 1914 330 1941 καὶ
343 1914 456 1949 θεωρίᾳ,
473 1913 520 1940 καὶ
533 1913 576 1940 διὰ
592 1912 699 1939 πάντων
713 1912 763 1945 μὲν
778 1911 908 1947 μαθημάά

120 1970 176 1988 των
195 1960 365 1992 ὁδεύσαντος,
382 1959 611 1994 εὐδοκιμήσαντος
635 1957 658 1984 δ’
681 1959 708 1985 ὲν
724 1957 822 1989 ἅπασι,
838 1958 906 1993 πρὸς

120 2008 150 2035 δὲ
164 2009 196 2042 τῇ
218 2007 323 2033 Ἐλλάδι
343 2007 389 2033 καὶ
406 2005 455 2041 τὴν
470 2005 593 2032 Λατίνων
618 2004 742 2038 γλῶτταν
767 2005 795 2035 ὲς
822 2004 906 2039 ἄκρον

120 2053 329 2088 ἐξησκημένον,
354 2053 402 2079 καὶ
427 2051 575 2086 περιουσίᾳ
610 2050 752 2084 δυνάμεως
781 2049 849 2077 ἄλλα
879 2057 907 2075 τε

122 2100 208 2127 πολλὰ
225 2098 369 2133 Θαυμαστὰ
383 2098 430 2124 καὶ
446 2098 476 2123 τὸ
493 2097 566 2132 μέγα
579 2096 647 2129 Περὶ
660 2096 783 2130 Τριάδος
799 2095 845 2122 τοῦ
861 2104 909 2129 με-

122 2146 207 2180 γάλου
225 2146 272 2172 καὶ
297 2143 455 2178 θαυμαστοῦ
481 2143 665 2177 Λὺγουστίνου
686 2141 766 2176 ἔργον
792 2143 832 2172 εἰς
857 2141 908 2176 τὴν

123 2192 260 2228 ἡμετέραν
286 2190 493 2225 μετενεγκόντος
521 2188 614 2223 φωνὴν
642 2189 671 2215 ὲν
687 2184 709 2221 ᾦ
734 2187 801 2222 πρὸς
816 2187 908 2218 ἄλλοις

957 1595 1066 1617 servata
1093 1590 1258 1622 substantia,
1285 1598 1376 1624 neque
1402 1591 1515 1618 haberet
1538 1600 1610 1624 esse,
1639 1592 1690 1619 nisi
1716 1593 1743 1619 in

957 1636 1130 1668 substantia,
1161 1636 1334 1663 dimensione
1363 1640 1454 1663 tamen
1485 1637 1575 1672 aliqua
1598 1642 1742 1664 constante

957 1686 986 1709 et
1012 1686 1126 1716 quanta.
1156 1681 1289 1714 Quoniam
1311 1689 1421 1716 .neque
1461 1683 1642 1709 substantiam
1682 1684 1743 1710 sine

957 1729 1113 1762 quantitate
1133 1735 1279 1761 possemus
1297 1735 1347 1754 nos
1364 1727 1499 1761 aspicere,
1525 1729 1651 1762 quamvis
1667 1725 1742 1755 colo-

956 1781 1015 1800 rem
1041 1774 1128 1807 ipsius
1146 1774 1299 1800 videamus.
1330 1773 1359 1801 Si
1384 1774 1467 1808 igitur
1480 1782 1533 1800 non
1548 1774 1574 1800 in
1589 1775 1741 1801 substantia

959 1823 1065 1845 tantum
1092 1817 1264 1852 simpliciter,
1290 1819 1338 1845 sed
1355 1818 1382 1844 in
1402 1819 1555 1846 substantia
1571 1820 1743 1848 dimensione

958 1863 1056 1890 aﬂ'ecta
1074 1864 1183 1891 exsistit
1209 1864 1337 1898 qualitas,
1368 1871 1434 1898 ergo
1459 1870 1487 1891 et
1516 1871 1649 1899 quantum
1668 1868 1743 1894 utsit

959 1909 1078 1944 qualitas
1107 1909 1224 1936 confert.
1249 1909 1338 1944 Atque
1366 1910 1402 1936 ita
1435 1909 1547 1937 Latinus
1576 1912 1667 1945 potius
1698 1919 1744 1946 pa-

960 1954 1078 1981 trocinio
1107 1954 1283 1986 defensurus,
1318 1963 1400 1989 quam
1426 1960 1518 1983 uteos
1537 1958 1683 1990 redarguas
1701 1964 1744 1983 ac-

960 2001 1077 2034 ccssisti,
1109 2002 1152 2028 vir
1181 2002 1284 2036 optime
1317 2007 1399 2036 atque
1428 2004 1643 2037 sapientissime.
1683 2004 1744 2031 Non

959 2047 1034 2075 enim
1063 2046 1188 2081 profecto
1208 2055 1258 2081 ego
1279 2048 1450 2074 contrarium
1463 2049 1497 2075 de
1516 2053 1540 2074 te
1553 2050 1680 2080 sentiam,
1696 2049 1743 2083 qui

960 2093 989 2121 in
1007 2093 1083 2120 omni
1111 2093 1320 2128 disciplinarum
1341 2094 1541 2121 exercitatione
1565 2100 1687 2121 Versatus
1703 2102 1745 2127 es,

960 2138 1007 2173 qui
1035 2138 1103 2165 adeo
1135 2139 1163 2165 in
1189 2138 1364 2173 philosophia
1388 2144 1416 2166 et
1432 2140 1662 2174 contemplatione
1677 2148 1746 2174 prae-

962 2188 1110 2216 tervectus,
1139 2189 1167 2211 et
1196 2184 1320 2211 omnium
1345 2184 1481 2211 bonarum
1495 2186 1595 2212 artium
1607 2187 1745 2215 curricula

123 2239 230 2269 πολλοῖς
247 2238 294 2264 καὶ
310 2237 370 2271 ἡὲκ
383 2235 488 2269 Πατρὸς
505 2236 552 2261 καὶ
570 2234 634 2261 Υίοῦ
659 2234 706 2260 τοῦ
723 2234 801 2267 ἁγίου
819 2233 905 2260 Πνεῦ-

959 2239 1099 2264 emensus,
1126 2231 1154 2258 in
1181 2231 1290 2258 cunctis
1320 2231 1493 2266 splendorem
1527 2237 1668 2259 assecutus
1697 2241 1743 2265 es;

125 2293 210 2318 ματος
226 2283 286 2310 θεία
301 2282 463 2316 ἐκπόρευσις
477 2281 576 2315 ἄριστά
585 2289 613 2306 τε
627 2281 673 2308 καὶ
691 2279 832 2312 σοςώτατα
845 2279 906 2305 Θεο-

123 2329 244 2362 λο-ίεῐται
257 2329 303 2354 καὶ
319 2327 482 2353 ὲνθεώτατα·
500 2323 521 2358 ᾧ
538 2326 584 2351 καὶ
599 2327 655 2356 τοῖς
674 2325 811 2355 τοσούτοις
824 2323 906 2351 αὐτοῦ

123 2375 214 2406 Mm;
228 2374 286 2404 πῶς
302 2373 334 2399 ἃν
350 2372 431 2403 αὐτὸς
452 2372 641 2398 ἐναντιοῦσθαι
657 2371 758 2402 δύναιο,
774 2371 908 2406 τρόφιμος

123 2421 162 2447 ὢν
176 2421 273 2454 ἐκείνῳ
291 2423 336 2446 καὶ
351 2419 467 2454 ἐραστής
478 2425 486 2433 ·
503 2418 549 2444 καὶ
563 2417 650 2445 ταῦτα
663 2417 768 2448 τούτοις
790 2418 847 2448 τοῖς
863 2416 908 2444 λό-

124 2475 194 2501 γοις,
212 2466 228 2501 ἢ
244 2465 397 2501 ῥηματίοις,
422 2464 440 2491 ἃ
461 2463 511 2490 κᾶν
535 2464 598 2494 παῖς
623 2463 813 2497 ὲξελέγξειεν;
836 2463 908 2490 Ἀλλ’

123 2511 202 2546 οἶμαι
216 2511 254 2545 τῷ
267 2518 347 2537 τινων
364 2509 441 2544 θυμῷ
463 2508 638 2544 χαρίσασθαι,
659 2509 675 2544 ἢ
699 2509 823 2535 ἐκκλῖναι
845 2508 907 2543 βου-

124 2557 248 2591 λόμενος,
266 2556 370 2590 ταύτην
384 2551 464 2590 εὗρες
475 2554 545 2587 ὁδὸν,
564 2555 668 2581 ὲκεϊνόν
689 2562 718 2580 τε
734 2555 842 2588 φυγεῖν,
859 2554 907 2580 καὶ

123 2604 157 2637 τῇ
169 2601 285 2637 ἀληθείᾳ
302 2600 401 2636 μᾶλλον
419 2600 522 2634 ἀμῦναι
536 2601 570 2634 τῇ
587 2599 717 2635 ἀσθενείᾳ
740 2599 793 2627 τῶν
807 2599 905 2633 λόγων,

121 2647 172 2682 τὴν
186 2647 294 2681 ὲκείνης
307 2645 466 2682 περιουσίαν
480 2644 527 2670 καὶ
540 2645 594 2675 τοῖς
610 2644 648 2679 μὴ
663 2644 779 2679 συνορᾷν
793 2643 909 2679 δυναμέ-

123 2702 178 2724 νοις
195 2693 403 2719 ἀνακαλύπτων.

962 2277 1032 2304 ultra
1046 2283 1110 2303 vero
1123 2276 1242 2310 linguam
1271 2274 1404 2308 Gracam,
1421 2276 1503 2303 etiam
1519 2276 1643 2303 Latinam
1660 2279 1745 2304 excel-

960 2321 1048 2349 lenter
1062 2321 1176 2355 adeptus
1189 2328 1285 2355 magna
1302 2320 1434 2348 facilitate
1446 2329 1509 2348 cum
1531 2321 1615 2348 multa
1630 2323 1682 2349 alia
1699 2323 1747 2348 ad-

961 2367 1108 2394 miratione
1133 2367 1216 2401 digna
1238 2372 1294 2393 tum
1323 2374 1450 2401 magnum
1478 2375 1547 2401 opus
1564 2367 1602 2394 De
1619 2367 1746 2394 Triuitme

962 2413 1053 2447 magni
1084 2417 1111 2440 et
1144 2412 1300 2440 admirandi
1331 2413 1479 2447 Augustini
1511 2413 1539 2440 in
1553 2420 1675 2440 nostrain
1694 2415 1742 2440 lin-

961 2467 1041 2493 gnam
1072 2459 1250 2492 transtulisti,
1277 2460 1303 2487 in
1330 2467 1385 2494 quo
1403 2465 1502 2493 praeter
1518 2459 1570 2487 alia
1590 2461 1671 2486 etiam
1685 2460 1745 2495 Spi-

963 2505 1031 2532 ritus
1055 2505 1143 2532 sancti
1172 2512 1205 2532 ex
1235 2505 1315 2532 Patre
1342 2505 1467 2539 Filioque
1493 2505 1586 2532 divina
1608 2506 1749 2539 processio

961 2550 1074 2584 optime,
1103 2544 1304 2584 sapientiSsime
1336 2550 1564 2585 dirinissitneque
1594 2551 1745 2585 theologica

961 2595 1169 2622 demonstratur
1187 2603 1193 2621 :
1209 2596 1254 2622 cui
1280 2603 1347 2622 sane
1365 2603 1397 2623 ac
1420 2596 1505 2624 tantis
1515 2597 1575 2632 ejus
1591 2596 1749 2624 rationibus

962 2642 1100 2676 quomodo
1123 2641 1180 2675 ipse
1210 2646 1235 2668 te
1264 2649 1357 2676 posses
1379 2649 1530 2678 opponere,
1546 2643 1621 2670 illius
1633 2651 1694 2670 cum
1710 2644 1747 2670 sis

962 2690 1089 2717 alumnus
1104 2694 1132 2716 et
1145 2690 1297 2722 studiosus,
1316 2690 1471 2724 praesertim
1488 2692 1562 2718 hisce
1581 2691 1744 2722 rationibus,

123 2746 171 2766 seu
186 2739 316 2769 verbulis,
333 2745 392 2771 quae
406 2737 448 2763 vel
470 2744 538 2772 puer
563 2735 761 2771 redargueret?
776 2735 911 2763 Caeterum
933 2743 996 2762 reor
1020 2735 1066 2763 irae
1100 2736 1282 2770 quorumdam
1298 2736 1446 2771 gratiﬁcari
1483 2737 1607 2767 studens,
1623 2745 1671 2764 scu
1686 2743 1747 2764 eam

124 2787 262 2814 declinare
277 2786 382 2817 volens,
399 2785 468 2811 hanc
487 2790 584 2812 nactus
600 2790 628 2811 ct
655 2790 766 2811 secutus
797 2791 827 2811 es
857 2784 939 2816 viam,
956 2788 985 2810 ut
1014 2788 1041 2811 et
1055 2784 1131 2811 illum
1151 2784 1264 2816 vitarcs,
1276 2788 1304 2811 et
1319 2785 1430 2812 veritati
1448 2785 1537 2820 magis
1551 2783 1744 2820 opitularcris,

126 2832 237 2860 nimiam
265 2833 323 2866 ejus
353 2831 407 2857 vim
435 2837 546 2857 eernere
574 2838 627 2857 non
639 2829 804 2862 valentibus,
819 2829 1008 2858 imbecillitate
1027 2830 1166 2858 rationum
1183 2830 1366 2864 patefacicust

1067 2909 1084 2922 ⁸
