  <div class='ocr_page' id='page_1' title='image "/cluster/home/n/w/nwhite01/storage/ocr_20150623/161/njp.32101077773255/287.png"; bbox 0 0 1925 3056; ppageno 0'>
   <div class='ocr_carea' id='block_1_1' title="bbox 248 172 298 206">
    <p class='ocr_par' dir='ltr' id='par_1_1' title="bbox 248 172 298 206">
     <span class='ocr_line' id='line_1_1' title="bbox 248 172 298 206; baseline -0.02 0"><span class='ocrx_word' id='word_1_1' title='bbox 248 172 298 206; x_wconf 80' lang='lat'><strong>351</strong></span> 
     </span>
    </p>
   </div>
   <div class='ocr_carea' id='block_1_2' title="bbox 246 230 1066 265">
    <p class='ocr_par' dir='ltr' id='par_1_2' title="bbox 246 230 1066 265">
     <span class='ocr_line' id='line_1_2' title="bbox 246 230 1066 265; baseline 0 -7"><span class='ocrx_word' id='word_1_2' title='bbox 246 236 356 264; x_wconf 84' lang='lat' dir='ltr'><strong>paratus</strong></span> <span class='ocrx_word' id='word_1_3' title='bbox 384 230 435 263; x_wconf 78' lang='lat' dir='ltr'><strong>es&#39;t,</strong></span> <span class='ocrx_word' id='word_1_4' title='bbox 453 234 488 258; x_wconf 84' lang='lat' dir='ltr'><strong>ne</strong></span> <span class='ocrx_word' id='word_1_5' title='bbox 501 234 629 258; x_wconf 58' lang='lat' dir='ltr'><strong>sexcenta</strong></span> <span class='ocrx_word' id='word_1_6' title='bbox 655 231 765 265; x_wconf 75' lang='lat' dir='ltr'><strong>quidem</strong></span> <span class='ocrx_word' id='word_1_7' title='bbox 782 231 846 258; x_wconf 86' lang='lat' dir='ltr'><strong>talia</strong></span> <span class='ocrx_word' id='word_1_8' title='bbox 873 231 1028 259; x_wconf 79' lang='lat' dir='ltr'><strong>sufﬁciant:</strong></span> <span class='ocrx_word' id='word_1_9' title='bbox 1044 233 1066 263; x_wconf 79' lang='grc' dir='ltr'><strong>Α</strong></span> 
     </span>
    </p>
   </div>
   <div class='ocr_carea' id='block_1_3' title="bbox 245 277 1026 312">
    <p class='ocr_par' dir='ltr' id='par_1_3' title="bbox 245 277 1026 312">
     <span class='ocr_line' id='line_1_3' title="bbox 245 277 1026 312; baseline 0.001 -9"><span class='ocrx_word' id='word_1_10' title='bbox 245 285 329 304; x_wconf 86' lang='lat' dir='ltr'><strong>unnm</strong></span> <span class='ocrx_word' id='word_1_11' title='bbox 351 282 453 304; x_wconf 82' lang='lat' dir='ltr'><strong>tantum</strong></span> <span class='ocrx_word' id='word_1_12' title='bbox 467 277 571 304; x_wconf 84' lang='lat' dir='ltr'><strong>addens</strong></span> <span class='ocrx_word' id='word_1_13' title='bbox 585 277 745 304; x_wconf 77' lang='lat' dir='ltr'><strong>Latinorum</strong></span> <span class='ocrx_word' id='word_1_14' title='bbox 771 282 975 312; x_wconf 75' lang='lat' dir='ltr'><strong>argumentum,</strong></span> <span class='ocrx_word' id='word_1_15' title='bbox 993 277 1026 304; x_wconf 91' lang='lat' dir='ltr'><strong>de</strong></span> 
     </span>
    </p>
   </div>
   <div class='ocr_carea' id='block_1_4' title="bbox 243 319 603 351">
    <p class='ocr_par' dir='ltr' id='par_1_4' title="bbox 243 319 603 351">
     <span class='ocr_line' id='line_1_4' title="bbox 243 319 603 351; baseline 0 -1"><span class='ocrx_word' id='word_1_16' title='bbox 243 319 287 351; x_wconf 72' lang='lat' dir='ltr'><strong>bis</strong></span> <span class='ocrx_word' id='word_1_17' title='bbox 305 323 388 351; x_wconf 85' lang='lat' dir='ltr'><strong>rebus</strong></span> <span class='ocrx_word' id='word_1_18' title='bbox 404 323 483 351; x_wconf 84' lang='lat' dir='ltr'><strong>finem</strong></span> <span class='ocrx_word' id='word_1_19' title='bbox 496 323 603 351; x_wconf 81' lang='lat' dir='ltr'><strong>faciam.</strong></span> 
     </span>
    </p>
   </div>
   <div class='ocr_carea' id='block_1_5' title="bbox 278 368 1029 404">
    <p class='ocr_par' dir='ltr' id='par_1_5' title="bbox 278 368 1029 404">
     <span class='ocr_line' id='line_1_5' title="bbox 278 368 1029 404; baseline -0.001 -7"><span class='ocrx_word' id='word_1_20' title='bbox 278 370 327 397; x_wconf 84' lang='lat' dir='ltr'><strong>Est</strong></span> <span class='ocrx_word' id='word_1_21' title='bbox 345 375 436 396; x_wconf 84' lang='lat' dir='ltr'><strong>autem</strong></span> <span class='ocrx_word' id='word_1_22' title='bbox 464 370 547 396; x_wconf 85' lang='lat' dir='ltr'><strong>etiam</strong></span> <span class='ocrx_word' id='word_1_23' title='bbox 576 372 627 396; x_wconf 82' lang='lat' dir='ltr'><strong>hoc</strong></span> <span class='ocrx_word' id='word_1_24' title='bbox 646 368 848 404; x_wconf 69' lang='lat' dir='ltr'><strong>gravissimam,</strong></span> <span class='ocrx_word' id='word_1_25' title='bbox 866 375 893 397; x_wconf 88' lang='lat' dir='ltr'><strong>et</strong></span> <span class='ocrx_word' id='word_1_26' title='bbox 911 368 1029 396; x_wconf 85' lang='lat' dir='ltr'><strong>fortissi-</strong></span> 
     </span>
    </p>
   </div>
   <div class='ocr_carea' id='block_1_6' title="bbox 245 415 1028 450">
    <p class='ocr_par' dir='ltr' id='par_1_6' title="bbox 245 415 1028 450">
     <span class='ocr_line' id='line_1_6' title="bbox 245 415 1028 450; baseline 0 -8"><span class='ocrx_word' id='word_1_27' title='bbox 245 424 330 447; x_wconf 88' lang='lat' dir='ltr'><strong>mum,</strong></span> <span class='ocrx_word' id='word_1_28' title='bbox 341 417 469 450; x_wconf 82' lang='lat' dir='ltr'><strong>quodque</strong></span> <span class='ocrx_word' id='word_1_29' title='bbox 480 420 638 443; x_wconf 83' lang='lat' dir='ltr'><strong>nostrorum</strong></span> <span class='ocrx_word' id='word_1_30' title='bbox 658 415 757 443; x_wconf 90' lang='lat' dir='ltr'><strong>evertit</strong></span> <span class='ocrx_word' id='word_1_31' title='bbox 770 415 797 442; x_wconf 92' lang='lat' dir='ltr'><strong>in</strong></span> <span class='ocrx_word' id='word_1_32' title='bbox 812 415 863 443; x_wconf 89' lang='lat' dir='ltr'><strong>hac</strong></span> <span class='ocrx_word' id='word_1_33' title='bbox 877 416 1028 450; x_wconf 67' lang='lat' dir='ltr'><strong>qumstione</strong></span> 
     </span>
    </p>
   </div>
   <div class='ocr_carea' id='block_1_7' title="bbox 243 461 925 496">
    <p class='ocr_par' dir='ltr' id='par_1_7' title="bbox 243 461 925 496">
     <span class='ocr_line' id='line_1_7' title="bbox 243 461 925 496; baseline 0 -8"><span class='ocrx_word' id='word_1_34' title='bbox 243 462 387 493; x_wconf 82' lang='lat' dir='ltr'><strong>fallaciam,</strong></span> <span class='ocrx_word' id='word_1_35' title='bbox 403 462 542 496; x_wconf 80' lang='lat' dir='ltr'><strong>perpende</strong></span> <span class='ocrx_word' id='word_1_36' title='bbox 556 466 632 492; x_wconf 67' lang='lat' dir='ltr'><strong>Vero,</strong></span> <span class='ocrx_word' id='word_1_37' title='bbox 651 468 754 495; x_wconf 65' lang='lat' dir='ltr'><strong>quasso,</strong></span> <span class='ocrx_word' id='word_1_38' title='bbox 767 461 925 496; x_wconf 68' lang='lat' dir='ltr'><strong>diligenter.</strong></span> 
     </span>
    </p>
   </div>
   <div class='ocr_carea' id='block_1_8' title="bbox 278 507 1027 541">
    <p class='ocr_par' dir='ltr' id='par_1_8' title="bbox 278 507 1027 541">
     <span class='ocr_line' id='line_1_8' title="bbox 278 507 1027 541; baseline 0.001 -8"><span class='ocrx_word' id='word_1_39' title='bbox 278 507 332 534; x_wconf 82' lang='lat' dir='ltr'><strong>Nos</strong></span> <span class='ocrx_word' id='word_1_40' title='bbox 348 507 541 534; x_wconf 88' lang='lat' dir='ltr'><strong>contendimus</strong></span> <span class='ocrx_word' id='word_1_41' title='bbox 559 507 628 534; x_wconf 89' lang='lat' dir='ltr'><strong>hanc</strong></span> <span class='ocrx_word' id='word_1_42' title='bbox 649 507 843 534; x_wconf 83' lang='lat' dir='ltr'><strong>iuhibitionem</strong></span> <span class='ocrx_word' id='word_1_43' title='bbox 859 515 873 533; x_wconf 87' lang='lat' dir='ltr'><strong>a</strong></span> <span class='ocrx_word' id='word_1_44' title='bbox 889 507 969 534; x_wconf 81' lang='lat' dir='ltr'><strong>tertia</strong></span> <span class='ocrx_word' id='word_1_45' title='bbox 983 514 1027 541; x_wconf 86' lang='lat' dir='ltr'><strong>sy-</strong></span> 
     </span>
    </p>
   </div>
   <div class='ocr_carea' id='block_1_9' title="bbox 243 551 1028 588">
    <p class='ocr_par' dir='ltr' id='par_1_9' title="bbox 243 551 1028 588">
     <span class='ocr_line' id='line_1_9' title="bbox 243 551 1028 588; baseline -0.001 -9"><span class='ocrx_word' id='word_1_46' title='bbox 243 553 315 579; x_wconf 87' lang='lat' dir='ltr'><strong>nodo</strong></span> <span class='ocrx_word' id='word_1_47' title='bbox 330 553 447 588; x_wconf 85' lang='lat' dir='ltr'><strong>primum</strong></span> <span class='ocrx_word' id='word_1_48' title='bbox 471 553 661 587; x_wconf 69' lang='lat' dir='ltr'><strong>excogitatam,</strong></span> <span class='ocrx_word' id='word_1_49' title='bbox 679 557 709 579; x_wconf 91' lang='lat' dir='ltr'><strong>ut</strong></span> <span class='ocrx_word' id='word_1_50' title='bbox 724 559 752 580; x_wconf 86' lang='lat' dir='ltr'><strong>et</strong></span> <span class='ocrx_word' id='word_1_51' title='bbox 776 557 854 579; x_wconf 90' lang='lat' dir='ltr'><strong>antea</strong></span> <span class='ocrx_word' id='word_1_52' title='bbox 875 551 929 578; x_wconf 88' lang='lat' dir='ltr'><strong>dixi</strong></span> <span class='ocrx_word' id='word_1_53' title='bbox 947 561 954 578; x_wconf 87' lang='lat'><strong>:</strong></span> <span class='ocrx_word' id='word_1_54' title='bbox 970 551 1028 578; x_wconf 82' lang='lat' dir='ltr'><strong>dixi</strong></span> 
     </span>
    </p>
   </div>
   <div class='ocr_carea' id='block_1_10' title="bbox 243 598 1028 633">
    <p class='ocr_par' dir='ltr' id='par_1_10' title="bbox 243 598 1028 633">
     <span class='ocr_line' id='line_1_10' title="bbox 243 598 1028 633; baseline -0.003 -8"><span class='ocrx_word' id='word_1_55' title='bbox 243 607 308 626; x_wconf 80' lang='lat' dir='ltr'><strong>vero</strong></span> <span class='ocrx_word' id='word_1_56' title='bbox 335 604 399 626; x_wconf 87' lang='lat' dir='ltr'><strong>tunc</strong></span> <span class='ocrx_word' id='word_1_57' title='bbox 421 603 450 626; x_wconf 90' lang='lat' dir='ltr'><strong>et</strong></span> <span class='ocrx_word' id='word_1_58' title='bbox 474 606 596 631; x_wconf 84' lang='lat' dir='ltr'><strong>causam,</strong></span> <span class='ocrx_word' id='word_1_59' title='bbox 617 599 689 633; x_wconf 89' lang='lat' dir='ltr'><strong>quod</strong></span> <span class='ocrx_word' id='word_1_60' title='bbox 716 598 845 624; x_wconf 82' lang='lat' dir='ltr'><strong>nimirum</strong></span> <span class='ocrx_word' id='word_1_61' title='bbox 871 598 1028 624; x_wconf 84' lang='lat' dir='ltr'><strong>videremus</strong></span> 
     </span>
    </p>
   </div>
   <div class='ocr_carea' id='block_1_11' title="bbox 242 643 1028 680">
    <p class='ocr_par' dir='ltr' id='par_1_11' title="bbox 242 643 1028 680">
     <span class='ocr_line' id='line_1_11' title="bbox 242 643 1028 680; baseline -0.003 -8"><span class='ocrx_word' id='word_1_62' title='bbox 242 645 390 672; x_wconf 80' lang='lat' dir='ltr'><strong>secundam</strong></span> <span class='ocrx_word' id='word_1_63' title='bbox 404 645 538 680; x_wconf 83' lang='lat' dir='ltr'><strong>synodum</strong></span> <span class='ocrx_word' id='word_1_64' title='bbox 554 644 683 680; x_wconf 81' lang='lat' dir='ltr'><strong>Symbolo</strong></span> <span class='ocrx_word' id='word_1_65' title='bbox 710 645 802 678; x_wconf 65' lang='lat' dir='ltr'><strong>prima:</strong></span> <span class='ocrx_word' id='word_1_66' title='bbox 828 644 911 670; x_wconf 87' lang='lat' dir='ltr'><strong>multa</strong></span> <span class='ocrx_word' id='word_1_67' title='bbox 937 643 1028 670; x_wconf 89' lang='lat' dir='ltr'><strong>dctra-</strong></span> 
     </span>
    </p>
   </div>
   <div class='ocr_carea' id='block_1_12' title="bbox 244 689 1026 724">
    <p class='ocr_par' dir='ltr' id='par_1_12' title="bbox 244 689 1026 724">
     <span class='ocr_line' id='line_1_12' title="bbox 244 689 1026 724; baseline -0.001 -7"><span class='ocrx_word' id='word_1_68' title='bbox 244 692 323 722; x_wconf 78' lang='lat' dir='ltr'><strong>xisse,</strong></span> <span class='ocrx_word' id='word_1_69' title='bbox 341 692 404 717; x_wconf 90' lang='lat' dir='ltr'><strong>item</strong></span> <span class='ocrx_word' id='word_1_70' title='bbox 421 690 507 717; x_wconf 82' lang='lat' dir='ltr'><strong>multo</strong></span> <span class='ocrx_word' id='word_1_71' title='bbox 526 690 603 724; x_wconf 83' lang='lat' dir='ltr'><strong>plura</strong></span> <span class='ocrx_word' id='word_1_72' title='bbox 627 689 775 716; x_wconf 85' lang='lat' dir='ltr'><strong>addidisse.</strong></span> <span class='ocrx_word' id='word_1_73' title='bbox 801 689 892 722; x_wconf 84' lang='lat' dir='ltr'><strong>Quare</strong></span> <span class='ocrx_word' id='word_1_74' title='bbox 907 696 960 716; x_wconf 90' lang='lat' dir='ltr'><strong>non</strong></span> <span class='ocrx_word' id='word_1_75' title='bbox 977 696 1026 716; x_wconf 85' lang='lat' dir='ltr'><strong>au&#39;-</strong></span> 
     </span>
    </p>
   </div>
   <div class='ocr_carea' id='block_1_13' title="bbox 242 735 1026 770">
    <p class='ocr_par' dir='ltr' id='par_1_13' title="bbox 242 735 1026 770">
     <span class='ocr_line' id='line_1_13' title="bbox 242 735 1026 770; baseline -0.001 -7"><span class='ocrx_word' id='word_1_76' title='bbox 242 737 375 763; x_wconf 75' lang='lat' dir='ltr'><strong>dabamus</strong></span> <span class='ocrx_word' id='word_1_77' title='bbox 402 736 494 763; x_wconf 86' lang='lat' dir='ltr'><strong>dicere</strong></span> <span class='ocrx_word' id='word_1_78' title='bbox 519 740 582 763; x_wconf 89' lang='lat' dir='ltr'><strong>ante</strong></span> <span class='ocrx_word' id='word_1_79' title='bbox 608 735 757 762; x_wconf 82' lang='lat' dir='ltr'><strong>secundum</strong></span> <span class='ocrx_word' id='word_1_80' title='bbox 792 735 927 770; x_wconf 85' lang='lat' dir='ltr'><strong>synodum</strong></span> <span class='ocrx_word' id='word_1_81' title='bbox 955 735 1026 762; x_wconf 88' lang='lat' dir='ltr'><strong>hanc</strong></span> 
     </span>
    </p>
   </div>
   <div class='ocr_carea' id='block_1_14' title="bbox 242 780 1023 812">
    <p class='ocr_par' dir='ltr' id='par_1_14' title="bbox 242 780 1023 812">
     <span class='ocr_line' id='line_1_14' title="bbox 242 780 1023 812; baseline -0.003 -4"><span class='ocrx_word' id='word_1_82' title='bbox 242 782 340 809; x_wconf 63' lang='lat' dir='ltr'><strong>factam</strong></span> <span class='ocrx_word' id='word_1_83' title='bbox 356 782 440 808; x_wconf 84' lang='lat' dir='ltr'><strong>fuisse</strong></span> <span class='ocrx_word' id='word_1_84' title='bbox 452 780 689 808; x_wconf 84' lang='lat' dir='ltr'><strong>lnhibitionem.Si</strong></span> <span class='ocrx_word' id='word_1_85' title='bbox 703 780 775 807; x_wconf 84' lang='lat' dir='ltr'><strong>enim</strong></span> <span class='ocrx_word' id='word_1_86' title='bbox 789 781 840 807; x_wconf 90' lang='lat' dir='ltr'><strong>hoc</strong></span> <span class='ocrx_word' id='word_1_87' title='bbox 857 780 1023 812; x_wconf 82' lang='lat' dir='ltr'><strong>diceremus,</strong></span> 
     </span>
    </p>
   </div>
   <div class='ocr_carea' id='block_1_15' title="bbox 241 825 1025 861">
    <p class='ocr_par' dir='ltr' id='par_1_15' title="bbox 241 825 1025 861">
     <span class='ocr_line' id='line_1_15' title="bbox 241 825 1025 861; baseline -0.005 -6"><span class='ocrx_word' id='word_1_88' title='bbox 241 829 403 855; x_wconf 86' lang='lat' dir='ltr'><strong>alterutrum</strong></span> <span class='ocrx_word' id='word_1_89' title='bbox 419 827 496 861; x_wconf 81' lang='lat' dir='ltr'><strong>sequi</strong></span> <span class='ocrx_word' id='word_1_90' title='bbox 514 833 627 853; x_wconf 85' lang='lat' dir='ltr'><strong>necesse</strong></span> <span class='ocrx_word' id='word_1_91' title='bbox 642 832 728 852; x_wconf 81' lang='lat' dir='ltr'><strong>esset:</strong></span> <span class='ocrx_word' id='word_1_92' title='bbox 739 826 779 852; x_wconf 88' lang='lat' dir='ltr'><strong>vel</strong></span> <span class='ocrx_word' id='word_1_93' title='bbox 795 825 889 852; x_wconf 79' lang='lat' dir='ltr'><strong>Patres</strong></span> <span class='ocrx_word' id='word_1_94' title='bbox 897 825 1025 852; x_wconf 67' lang='lat' dir='ltr'><strong>secundae</strong></span> 
     </span>
    </p>
   </div>
   <div class='ocr_carea' id='block_1_16' title="bbox 241 871 1026 908">
    <p class='ocr_par' dir='ltr' id='par_1_16' title="bbox 241 871 1026 908">
     <span class='ocr_line' id='line_1_16' title="bbox 241 871 1026 908; baseline -0.004 -8"><span class='ocrx_word' id='word_1_95' title='bbox 241 874 337 908; x_wconf 81' lang='lat' dir='ltr'><strong>synodi</strong></span> <span class='ocrx_word' id='word_1_96' title='bbox 362 878 458 900; x_wconf 83' lang='lat' dir='ltr'><strong>contra</strong></span> <span class='ocrx_word' id='word_1_97' title='bbox 486 872 560 907; x_wconf 86' lang='lat' dir='ltr'><strong>leges</strong></span> <span class='ocrx_word' id='word_1_98' title='bbox 576 871 685 902; x_wconf 83' lang='lat' dir='ltr'><strong>fecisse.</strong></span> <span class='ocrx_word' id='word_1_99' title='bbox 710 876 738 899; x_wconf 89' lang='lat' dir='ltr'><strong>et</strong></span> <span class='ocrx_word' id='word_1_100' title='bbox 759 879 821 898; x_wconf 86' lang='lat' dir='ltr'><strong>esse</strong></span> <span class='ocrx_word' id='word_1_101' title='bbox 845 871 897 898; x_wconf 93' lang='lat' dir='ltr'><strong>sub</strong></span> <span class='ocrx_word' id='word_1_102' title='bbox 910 871 1026 898; x_wconf 80' lang='lat' dir='ltr'><strong>anathe-</strong></span> 
     </span>
    </p>
   </div>
   <div class='ocr_carea' id='block_1_17' title="bbox 241 917 1027 952">
    <p class='ocr_par' dir='ltr' id='par_1_17' title="bbox 241 917 1027 952">
     <span class='ocr_line' id='line_1_17' title="bbox 241 917 1027 952; baseline -0.004 -6"><span class='ocrx_word' id='word_1_103' title='bbox 241 924 312 946; x_wconf 89' lang='lat' dir='ltr'><strong>mate</strong></span> <span class='ocrx_word' id='word_1_104' title='bbox 327 928 335 952; x_wconf 85' lang='lat'><strong>;</strong></span> <span class='ocrx_word' id='word_1_105' title='bbox 351 919 392 946; x_wconf 87' lang='lat' dir='ltr'><strong>vel</strong></span> <span class='ocrx_word' id='word_1_106' title='bbox 408 919 431 945; x_wconf 82' lang='lat' dir='ltr'><strong>si</strong></span> <span class='ocrx_word' id='word_1_107' title='bbox 450 919 502 945; x_wconf 87' lang='lat' dir='ltr'><strong>hoc</strong></span> <span class='ocrx_word' id='word_1_108' title='bbox 516 918 592 944; x_wconf 84' lang='lat' dir='ltr'><strong>nefas</strong></span> <span class='ocrx_word' id='word_1_109' title='bbox 605 923 647 944; x_wconf 85' lang='lat' dir='ltr'><strong>est</strong></span> <span class='ocrx_word' id='word_1_110' title='bbox 665 917 760 944; x_wconf 84' lang='lat' dir='ltr'><strong>dicere</strong></span> <span class='ocrx_word' id='word_1_111' title='bbox 771 936 778 948; x_wconf 87' lang='lat'><strong>,</strong></span> <span class='ocrx_word' id='word_1_112' title='bbox 800 924 855 943; x_wconf 90' lang='lat' dir='ltr'><strong>non</strong></span> <span class='ocrx_word' id='word_1_113' title='bbox 873 917 956 951; x_wconf 88' lang='lat' dir='ltr'><strong>igitur</strong></span> <span class='ocrx_word' id='word_1_114' title='bbox 967 923 1027 943; x_wconf 84' lang='lat' dir='ltr'><strong>ver-</strong></span> 
     </span>
    </p>
   </div>
   <div class='ocr_carea' id='block_1_18' title="bbox 241 962 1027 997">
    <p class='ocr_par' dir='ltr' id='par_1_18' title="bbox 241 962 1027 997">
     <span class='ocr_line' id='line_1_18' title="bbox 241 962 1027 997; baseline -0.004 -5"><span class='ocrx_word' id='word_1_115' title='bbox 241 965 339 996; x_wconf 81' lang='lat' dir='ltr'><strong>borum</strong></span> <span class='ocrx_word' id='word_1_116' title='bbox 354 964 583 995; x_wconf 81' lang='lat' dir='ltr'><strong>additamentum,</strong></span> <span class='ocrx_word' id='word_1_117' title='bbox 598 963 645 991; x_wconf 90' lang='lat' dir='ltr'><strong>sed</strong></span> <span class='ocrx_word' id='word_1_118' title='bbox 663 963 816 990; x_wconf 83' lang='lat' dir='ltr'><strong>contrarias</strong></span> <span class='ocrx_word' id='word_1_119' title='bbox 829 962 1027 997; x_wconf 80' lang='lat' dir='ltr'><strong>intelligentias</strong></span> 
     </span>
    </p>
   </div>
   <div class='ocr_carea' id='block_1_19' title="bbox 241 1008 1027 1047">
    <p class='ocr_par' dir='ltr' id='par_1_19' title="bbox 241 1008 1027 1047">
     <span class='ocr_line' id='line_1_19' title="bbox 241 1008 1027 1047; baseline -0.004 -9"><span class='ocrx_word' id='word_1_120' title='bbox 241 1011 428 1047; x_wconf 82' lang='lat' dir='ltr'><strong>impedivisse.</strong></span> <span class='ocrx_word' id='word_1_121' title='bbox 443 1011 484 1037; x_wconf 88' lang='lat' dir='ltr'><strong>Ob</strong></span> <span class='ocrx_word' id='word_1_122' title='bbox 505 1010 531 1037; x_wconf 79' lang='lat' dir='ltr'><strong>id</strong></span> <span class='ocrx_word' id='word_1_123' title='bbox 553 1010 722 1040; x_wconf 81' lang='lat' dir='ltr'><strong>dicebamus,</strong></span> <span class='ocrx_word' id='word_1_124' title='bbox 741 1014 802 1043; x_wconf 88' lang='lat' dir='ltr'><strong>post</strong></span> <span class='ocrx_word' id='word_1_125' title='bbox 816 1008 965 1036; x_wconf 83' lang='lat' dir='ltr'><strong>secundam</strong></span> <span class='ocrx_word' id='word_1_126' title='bbox 984 1016 1027 1043; x_wconf 79' lang='lat' dir='ltr'><strong>sy—</strong></span> 
     </span>
    </p>
   </div>
   <div class='ocr_carea' id='block_1_20' title="bbox 241 1055 1025 1089">
    <p class='ocr_par' dir='ltr' id='par_1_20' title="bbox 241 1055 1025 1089">
     <span class='ocr_line' id='line_1_20' title="bbox 241 1055 1025 1089; baseline -0.004 -4"><span class='ocrx_word' id='word_1_127' title='bbox 241 1058 343 1086; x_wconf 92' lang='lat' dir='ltr'><strong>nodum</strong></span> <span class='ocrx_word' id='word_1_128' title='bbox 373 1058 424 1084; x_wconf 83' lang='lat' dir='ltr'><strong>hoc</strong></span> <span class='ocrx_word' id='word_1_129' title='bbox 440 1057 611 1084; x_wconf 82' lang='lat' dir='ltr'><strong>obstaculum</strong></span> <span class='ocrx_word' id='word_1_130' title='bbox 638 1055 739 1083; x_wconf 86' lang='lat' dir='ltr'><strong>factum</strong></span> <span class='ocrx_word' id='word_1_131' title='bbox 757 1056 853 1087; x_wconf 83' lang='lat' dir='ltr'><strong>fuisse,</strong></span> <span class='ocrx_word' id='word_1_132' title='bbox 871 1055 945 1089; x_wconf 87' lang='lat' dir='ltr'><strong>quod</strong></span> <span class='ocrx_word' id='word_1_133' title='bbox 960 1060 1025 1083; x_wconf 77' lang='lat' dir='ltr'><strong>ante</strong></span> 
     </span>
    </p>
   </div>
   <div class='ocr_carea' id='block_1_21' title="bbox 241 1101 1026 1138">
    <p class='ocr_par' dir='ltr' id='par_1_21' title="bbox 241 1101 1026 1138">
     <span class='ocr_line' id='line_1_21' title="bbox 241 1101 1026 1138; baseline -0.003 -8"><span class='ocrx_word' id='word_1_134' title='bbox 241 1104 326 1138; x_wconf 89' lang='lat' dir='ltr'><strong>ipsam</strong></span> <span class='ocrx_word' id='word_1_135' title='bbox 340 1111 392 1130; x_wconf 91' lang='lat' dir='ltr'><strong>non</strong></span> <span class='ocrx_word' id='word_1_136' title='bbox 410 1106 479 1129; x_wconf 84' lang='lat' dir='ltr'><strong>erat.</strong></span> <span class='ocrx_word' id='word_1_137' title='bbox 497 1102 598 1134; x_wconf 75' lang='lat' dir='ltr'><strong>Quare.</strong></span> <span class='ocrx_word' id='word_1_138' title='bbox 628 1101 651 1127; x_wconf 80' lang='lat' dir='ltr'><strong>si</strong></span> <span class='ocrx_word' id='word_1_139' title='bbox 667 1101 729 1135; x_wconf 84' lang='lat' dir='ltr'><strong>quis</strong></span> <span class='ocrx_word' id='word_1_140' title='bbox 744 1108 759 1127; x_wconf 87' lang='lat' dir='ltr'><strong>e</strong></span> <span class='ocrx_word' id='word_1_141' title='bbox 774 1101 914 1128; x_wconf 84' lang='lat' dir='ltr'><strong>contrario</strong></span> <span class='ocrx_word' id='word_1_142' title='bbox 931 1105 1026 1128; x_wconf 82' lang='lat' dir='ltr'><strong>osten-</strong></span> 
     </span>
    </p>
   </div>
   <div class='ocr_carea' id='block_1_22' title="bbox 240 1146 1028 1181">
    <p class='ocr_par' dir='ltr' id='par_1_22' title="bbox 240 1146 1028 1181">
     <span class='ocr_line' id='line_1_22' title="bbox 240 1146 1028 1181; baseline -0.005 -5"><span class='ocrx_word' id='word_1_143' title='bbox 240 1150 313 1177; x_wconf 87' lang='lat' dir='ltr'><strong>derit</strong></span> <span class='ocrx_word' id='word_1_144' title='bbox 331 1156 394 1176; x_wconf 84' lang='lat' dir='ltr'><strong>ante</strong></span> <span class='ocrx_word' id='word_1_145' title='bbox 407 1148 554 1175; x_wconf 85' lang='lat' dir='ltr'><strong>secundam</strong></span> <span class='ocrx_word' id='word_1_146' title='bbox 570 1147 705 1181; x_wconf 85' lang='lat' dir='ltr'><strong>synodum</strong></span> <span class='ocrx_word' id='word_1_147' title='bbox 719 1147 822 1174; x_wconf 88' lang='lat' dir='ltr'><strong>factum</strong></span> <span class='ocrx_word' id='word_1_148' title='bbox 839 1146 927 1173; x_wconf 80' lang='lat' dir='ltr'><strong>fuisse</strong></span> <span class='ocrx_word' id='word_1_149' title='bbox 945 1147 1028 1174; x_wconf 86' lang='lat' dir='ltr'><strong>inter-</strong></span> 
     </span>
    </p>
   </div>
   <div class='ocr_carea' id='block_1_23' title="bbox 241 1192 1027 1229">
    <p class='ocr_par' dir='ltr' id='par_1_23' title="bbox 241 1192 1027 1229">
     <span class='ocr_line' id='line_1_23' title="bbox 241 1192 1027 1229; baseline -0.004 -8"><span class='ocrx_word' id='word_1_150' title='bbox 241 1196 355 1228; x_wconf 79' lang='lat' dir='ltr'><strong>dictum,</strong></span> <span class='ocrx_word' id='word_1_151' title='bbox 373 1195 445 1229; x_wconf 87' lang='lat' dir='ltr'><strong>quod</strong></span> <span class='ocrx_word' id='word_1_152' title='bbox 463 1195 543 1222; x_wconf 87' lang='lat' dir='ltr'><strong>tertia</strong></span> <span class='ocrx_word' id='word_1_153' title='bbox 560 1193 682 1229; x_wconf 82' lang='lat' dir='ltr'><strong>synodus</strong></span> <span class='ocrx_word' id='word_1_154' title='bbox 698 1193 778 1225; x_wconf 80' lang='lat' dir='ltr'><strong>dixit,</strong></span> <span class='ocrx_word' id='word_1_155' title='bbox 798 1198 826 1219; x_wconf 88' lang='lat' dir='ltr'><strong>et</strong></span> <span class='ocrx_word' id='word_1_156' title='bbox 844 1192 942 1219; x_wconf 79' lang='lat' dir='ltr'><strong>iisdem</strong></span> <span class='ocrx_word' id='word_1_157' title='bbox 960 1192 1027 1227; x_wconf 79' lang='lat' dir='ltr'><strong>ipsis</strong></span> 
     </span>
    </p>
   </div>
   <div class='ocr_carea' id='block_1_24' title="bbox 240 1237 1027 1272">
    <p class='ocr_par' dir='ltr' id='par_1_24' title="bbox 240 1237 1027 1272">
     <span class='ocr_line' id='line_1_24' title="bbox 240 1237 1027 1272; baseline -0.005 -4"><span class='ocrx_word' id='word_1_158' title='bbox 240 1241 326 1268; x_wconf 84' lang='lat' dir='ltr'><strong>ferme</strong></span> <span class='ocrx_word' id='word_1_159' title='bbox 339 1240 448 1272; x_wconf 82' lang='lat' dir='ltr'><strong>verbis,</strong></span> <span class='ocrx_word' id='word_1_160' title='bbox 466 1240 583 1266; x_wconf 85' lang='lat' dir='ltr'><strong>alterum</strong></span> <span class='ocrx_word' id='word_1_161' title='bbox 611 1246 645 1266; x_wconf 79' lang='lat' dir='ltr'><strong>ex</strong></span> <span class='ocrx_word' id='word_1_162' title='bbox 667 1237 805 1272; x_wconf 74' lang='lat' dir='ltr'><strong>praedictls</strong></span> <span class='ocrx_word' id='word_1_163' title='bbox 821 1238 929 1265; x_wconf 89' lang='lat' dir='ltr'><strong>duobus</strong></span> <span class='ocrx_word' id='word_1_164' title='bbox 952 1237 1027 1265; x_wconf 87' lang='lat' dir='ltr'><strong>colli-</strong></span> 
     </span>
    </p>
   </div>
   <div class='ocr_carea' id='block_1_25' title="bbox 240 1283 1026 1322">
    <p class='ocr_par' dir='ltr' id='par_1_25' title="bbox 240 1283 1026 1322">
     <span class='ocr_line' id='line_1_25' title="bbox 240 1283 1026 1322; baseline -0.006 -8"><span class='ocrx_word' id='word_1_165' title='bbox 240 1288 323 1322; x_wconf 76' lang='lat' dir='ltr'><strong>gitur.</strong></span> <span class='ocrx_word' id='word_1_166' title='bbox 338 1286 369 1313; x_wconf 84' lang='lat' dir='ltr'><strong>Et</strong></span> <span class='ocrx_word' id='word_1_167' title='bbox 385 1285 514 1321; x_wconf 82' lang='lat' dir='ltr'><strong>quoniam</strong></span> <span class='ocrx_word' id='word_1_168' title='bbox 527 1292 574 1312; x_wconf 85' lang='lat' dir='ltr'><strong>eos</strong></span> <span class='ocrx_word' id='word_1_169' title='bbox 589 1284 641 1311; x_wconf 88' lang='lat' dir='ltr'><strong>sub</strong></span> <span class='ocrx_word' id='word_1_170' title='bbox 653 1284 828 1310; x_wconf 76' lang='lat' dir='ltr'><strong>anathemate</strong></span> <span class='ocrx_word' id='word_1_171' title='bbox 847 1290 917 1315; x_wconf 82' lang='lat' dir='ltr'><strong>esse,</strong></span> <span class='ocrx_word' id='word_1_172' title='bbox 943 1283 1026 1310; x_wconf 70' lang='lat' dir='ltr'><strong>male~</strong></span> 
     </span>
    </p>
   </div>
   <div class='ocr_carea' id='block_1_26' title="bbox 239 1329 1026 1368">
    <p class='ocr_par' dir='ltr' id='par_1_26' title="bbox 239 1329 1026 1368">
     <span class='ocr_line' id='line_1_26' title="bbox 239 1329 1026 1368; baseline -0.005 -8"><span class='ocrx_word' id='word_1_173' title='bbox 239 1340 294 1368; x_wconf 84' lang='lat' dir='ltr'><strong>qne</strong></span> <span class='ocrx_word' id='word_1_174' title='bbox 310 1332 408 1359; x_wconf 80' lang='lat' dir='ltr'><strong>fecisse</strong></span> <span class='ocrx_word' id='word_1_175' title='bbox 433 1338 488 1358; x_wconf 88' lang='lat' dir='ltr'><strong>non</strong></span> <span class='ocrx_word' id='word_1_176' title='bbox 505 1330 640 1358; x_wconf 82' lang='lat' dir='ltr'><strong>audemus</strong></span> <span class='ocrx_word' id='word_1_177' title='bbox 665 1329 908 1364; x_wconf 77' lang='lat' dir='ltr'><strong>dicere,superest</strong></span> <span class='ocrx_word' id='word_1_178' title='bbox 929 1337 1026 1357; x_wconf 82' lang='lat' dir='ltr'><strong>secun-</strong></span> 
     </span>
    </p>
   </div>
   <div class='ocr_carea' id='block_1_27' title="bbox 240 1375 1026 1410">
    <p class='ocr_par' dir='ltr' id='par_1_27' title="bbox 240 1375 1026 1410">
     <span class='ocr_line' id='line_1_27' title="bbox 240 1375 1026 1410; baseline -0.006 -4"><span class='ocrx_word' id='word_1_179' title='bbox 240 1380 317 1410; x_wconf 86' lang='lat' dir='ltr'><strong>dum,</strong></span> <span class='ocrx_word' id='word_1_180' title='bbox 331 1378 461 1405; x_wconf 88' lang='lat' dir='ltr'><strong>nimirum</strong></span> <span class='ocrx_word' id='word_1_181' title='bbox 477 1375 550 1404; x_wconf 85' lang='lat' dir='ltr'><strong>istud</strong></span> <span class='ocrx_word' id='word_1_182' title='bbox 566 1375 804 1410; x_wconf 84' lang='lat' dir='ltr'><strong>impedimentum,</strong></span> <span class='ocrx_word' id='word_1_183' title='bbox 823 1382 877 1401; x_wconf 89' lang='lat' dir='ltr'><strong>non</strong></span> <span class='ocrx_word' id='word_1_184' title='bbox 893 1375 966 1402; x_wconf 91' lang='lat' dir='ltr'><strong>hunc</strong></span> <span class='ocrx_word' id='word_1_185' title='bbox 980 1378 1026 1402; x_wconf 81' lang='lat' dir='ltr'><strong>na-</strong></span> 
     </span>
    </p>
   </div>
   <div class='ocr_carea' id='block_1_28' title="bbox 240 1419 1025 1457">
    <p class='ocr_par' dir='ltr' id='par_1_28' title="bbox 240 1419 1025 1457">
     <span class='ocr_line' id='line_1_28' title="bbox 240 1419 1025 1457; baseline -0.009 -5"><span class='ocrx_word' id='word_1_186' title='bbox 240 1425 305 1452; x_wconf 87' lang='lat' dir='ltr'><strong>bere</strong></span> <span class='ocrx_word' id='word_1_187' title='bbox 319 1430 440 1455; x_wconf 84' lang='lat' dir='ltr'><strong>sensum,</strong></span> <span class='ocrx_word' id='word_1_188' title='bbox 454 1429 535 1457; x_wconf 88' lang='lat' dir='ltr'><strong>quem</strong></span> <span class='ocrx_word' id='word_1_189' title='bbox 551 1421 637 1447; x_wconf 86' lang='lat' dir='ltr'><strong>nostri</strong></span> <span class='ocrx_word' id='word_1_190' title='bbox 652 1420 836 1452; x_wconf 83' lang='lat' dir='ltr'><strong>arbitrantur,</strong></span> <span class='ocrx_word' id='word_1_191' title='bbox 855 1419 902 1446; x_wconf 89' lang='lat' dir='ltr'><strong>sed</strong></span> <span class='ocrx_word' id='word_1_192' title='bbox 915 1424 1025 1446; x_wconf 85' lang='lat' dir='ltr'><strong>contra-</strong></span> 
     </span>
    </p>
   </div>
   <div class='ocr_carea' id='block_1_29' title="bbox 239 1464 1025 1499">
    <p class='ocr_par' dir='ltr' id='par_1_29' title="bbox 239 1464 1025 1499">
     <span class='ocr_line' id='line_1_29' title="bbox 239 1464 1025 1499; baseline -0.005 -4"><span class='ocrx_word' id='word_1_193' title='bbox 239 1470 308 1495; x_wconf 88' lang='lat' dir='ltr'><strong>riam</strong></span> <span class='ocrx_word' id='word_1_194' title='bbox 338 1468 418 1494; x_wconf 82' lang='lat' dir='ltr'><strong>tidem</strong></span> <span class='ocrx_word' id='word_1_195' title='bbox 440 1472 544 1494; x_wconf 79' lang='lat' dir='ltr'><strong>vetare.</strong></span> <span class='ocrx_word' id='word_1_196' title='bbox 566 1465 622 1492; x_wconf 88' lang='lat' dir='ltr'><strong>Hoc</strong></span> <span class='ocrx_word' id='word_1_197' title='bbox 656 1465 738 1499; x_wconf 80' lang='lat' dir='ltr'><strong>igitur</strong></span> <span class='ocrx_word' id='word_1_198' title='bbox 762 1464 843 1491; x_wconf 87' lang='lat' dir='ltr'><strong>nobis</strong></span> <span class='ocrx_word' id='word_1_199' title='bbox 874 1465 1025 1498; x_wconf 74' lang='lat' dir='ltr'><strong>probarunt</strong></span> 
     </span>
    </p>
   </div>
   <div class='ocr_carea' id='block_1_30' title="bbox 239 1510 1024 1545">
    <p class='ocr_par' dir='ltr' id='par_1_30' title="bbox 239 1510 1024 1545">
     <span class='ocr_line' id='line_1_30' title="bbox 239 1510 1024 1545; baseline -0.008 -3"><span class='ocrx_word' id='word_1_200' title='bbox 239 1514 339 1542; x_wconf 87' lang='lat' dir='ltr'><strong>Latini.</strong></span> <span class='ocrx_word' id='word_1_201' title='bbox 356 1513 500 1541; x_wconf 88' lang='lat' dir='ltr'><strong>Ostensum</strong></span> <span class='ocrx_word' id='word_1_202' title='bbox 516 1512 589 1539; x_wconf 90' lang='lat' dir='ltr'><strong>enim</strong></span> <span class='ocrx_word' id='word_1_203' title='bbox 607 1516 650 1539; x_wconf 91' lang='lat' dir='ltr'><strong>est</strong></span> <span class='ocrx_word' id='word_1_204' title='bbox 669 1511 703 1538; x_wconf 86' lang='lat' dir='ltr'><strong>ab</strong></span> <span class='ocrx_word' id='word_1_205' title='bbox 731 1510 797 1545; x_wconf 84' lang='lat' dir='ltr'><strong>ipsis</strong></span> <span class='ocrx_word' id='word_1_206' title='bbox 821 1511 891 1537; x_wconf 85' lang='lat' dir='ltr'><strong>hanc</strong></span> <span class='ocrx_word' id='word_1_207' title='bbox 921 1511 1024 1537; x_wconf 82' lang='lat' dir='ltr'><strong>inhibi-</strong></span> 
     </span>
    </p>
   </div>
   <div class='ocr_carea' id='block_1_31' title="bbox 240 1555 1023 1593">
    <p class='ocr_par' dir='ltr' id='par_1_31' title="bbox 240 1555 1023 1593">
     <span class='ocr_line' id='line_1_31' title="bbox 240 1555 1023 1593; baseline -0.005 -7"><span class='ocrx_word' id='word_1_208' title='bbox 240 1561 342 1586; x_wconf 83' lang='lat' dir='ltr'><strong>tionem</strong></span> <span class='ocrx_word' id='word_1_209' title='bbox 361 1559 449 1593; x_wconf 87' lang='lat' dir='ltr'><strong>primo</strong></span> <span class='ocrx_word' id='word_1_210' title='bbox 463 1557 600 1584; x_wconf 81' lang='lat' dir='ltr'><strong>Nicaenam</strong></span> <span class='ocrx_word' id='word_1_211' title='bbox 628 1555 763 1591; x_wconf 83' lang='lat' dir='ltr'><strong>synodum</strong></span> <span class='ocrx_word' id='word_1_212' title='bbox 779 1555 895 1590; x_wconf 87' lang='lat' dir='ltr'><strong>primam</strong></span> <span class='ocrx_word' id='word_1_213' title='bbox 926 1555 1023 1583; x_wconf 85' lang='lat' dir='ltr'><strong>fecisse</strong></span> 
     </span>
    </p>
   </div>
   <div class='ocr_carea' id='block_1_32' title="bbox 239 1602 1023 1637">
    <p class='ocr_par' dir='ltr' id='par_1_32' title="bbox 239 1602 1023 1637">
     <span class='ocr_line' id='line_1_32' title="bbox 239 1602 1023 1637; baseline -0.005 -5"><span class='ocrx_word' id='word_1_214' title='bbox 239 1605 336 1632; x_wconf 86' lang='lat' dir='ltr'><strong>iisdem</strong></span> <span class='ocrx_word' id='word_1_215' title='bbox 350 1604 452 1635; x_wconf 78' lang='lat' dir='ltr'><strong>verbis,</strong></span> <span class='ocrx_word' id='word_1_216' title='bbox 467 1602 568 1637; x_wconf 82' lang='lat' dir='ltr'><strong>quibus</strong></span> <span class='ocrx_word' id='word_1_217' title='bbox 593 1607 621 1629; x_wconf 84' lang='lat' dir='ltr'><strong>et</strong></span> <span class='ocrx_word' id='word_1_218' title='bbox 652 1602 750 1636; x_wconf 66' lang='lat' dir='ltr'><strong>tertia},</strong></span> <span class='ocrx_word' id='word_1_219' title='bbox 768 1606 795 1629; x_wconf 84' lang='lat' dir='ltr'><strong>et</strong></span> <span class='ocrx_word' id='word_1_220' title='bbox 809 1609 870 1636; x_wconf 63' lang='lat' dir='ltr'><strong>quae</strong></span> <span class='ocrx_word' id='word_1_221' title='bbox 894 1602 1023 1636; x_wconf 86' lang='lat' dir='ltr'><strong>deinceps</strong></span> 
     </span>
    </p>
   </div>
   <div class='ocr_carea' id='block_1_33' title="bbox 239 1648 1024 1681">
    <p class='ocr_par' dir='ltr' id='par_1_33' title="bbox 239 1648 1024 1681">
     <span class='ocr_line' id='line_1_33' title="bbox 239 1648 1024 1681; baseline -0.006 -2"><span class='ocrx_word' id='word_1_222' title='bbox 239 1652 393 1679; x_wconf 81' lang='lat' dir='ltr'><strong>subsecutae</strong></span> <span class='ocrx_word' id='word_1_223' title='bbox 405 1649 526 1676; x_wconf 87' lang='lat' dir='ltr'><strong>fuerunt.</strong></span> <span class='ocrx_word' id='word_1_224' title='bbox 542 1649 571 1676; x_wconf 91' lang='lat' dir='ltr'><strong>ld</strong></span> <span class='ocrx_word' id='word_1_225' title='bbox 592 1655 657 1675; x_wconf 87' lang='lat' dir='ltr'><strong>vero</strong></span> <span class='ocrx_word' id='word_1_226' title='bbox 676 1648 713 1675; x_wconf 82' lang='lat' dir='ltr'><strong>ita</strong></span> <span class='ocrx_word' id='word_1_227' title='bbox 727 1648 919 1680; x_wconf 88' lang='lat' dir='ltr'><strong>ostenderunt,</strong></span> <span class='ocrx_word' id='word_1_228' title='bbox 929 1655 1024 1681; x_wconf 88' lang='lat' dir='ltr'><strong>quem-</strong></span> 
     </span>
    </p>
   </div>
   <div class='ocr_carea' id='block_1_34' title="bbox 238 1693 1023 1729">
    <p class='ocr_par' dir='ltr' id='par_1_34' title="bbox 238 1693 1023 1729">
     <span class='ocr_line' id='line_1_34' title="bbox 238 1693 1023 1729; baseline -0.005 -6"><span class='ocrx_word' id='word_1_229' title='bbox 238 1697 385 1724; x_wconf 84' lang='lat' dir='ltr'><strong>admodum</strong></span> <span class='ocrx_word' id='word_1_230' title='bbox 418 1699 445 1721; x_wconf 88' lang='lat' dir='ltr'><strong>tu</strong></span> <span class='ocrx_word' id='word_1_231' title='bbox 472 1702 594 1729; x_wconf 84' lang='lat' dir='ltr'><strong>quoque,</strong></span> <span class='ocrx_word' id='word_1_232' title='bbox 609 1693 759 1720; x_wconf 79' lang='lat' dir='ltr'><strong>clarissime</strong></span> <span class='ocrx_word' id='word_1_233' title='bbox 782 1693 836 1726; x_wconf 82' lang='lat' dir='ltr'><strong>vir,</strong></span> <span class='ocrx_word' id='word_1_234' title='bbox 847 1694 894 1727; x_wconf 85' lang='lat' dir='ltr'><strong>qui</strong></span> <span class='ocrx_word' id='word_1_235' title='bbox 910 1693 1023 1719; x_wconf 87' lang='lat' dir='ltr'><strong>istorum</strong></span> 
     </span>
    </p>
   </div>
   <div class='ocr_carea' id='block_1_35' title="bbox 238 1736 1023 1773">
    <p class='ocr_par' dir='ltr' id='par_1_35' title="bbox 238 1736 1023 1773">
     <span class='ocr_line' id='line_1_35' title="bbox 238 1736 1023 1773; baseline -0.005 -3"><span class='ocrx_word' id='word_1_236' title='bbox 238 1743 359 1770; x_wconf 89' lang='lat' dir='ltr'><strong>vlrorum</strong></span> <span class='ocrx_word' id='word_1_237' title='bbox 374 1741 559 1768; x_wconf 80' lang='lat' dir='ltr'><strong>familiaritate</strong></span> <span class='ocrx_word' id='word_1_238' title='bbox 577 1740 672 1771; x_wconf 84' lang='lat' dir='ltr'><strong>uteris,</strong></span> <span class='ocrx_word' id='word_1_239' title='bbox 688 1739 790 1773; x_wconf 87' lang='lat' dir='ltr'><strong>optime</strong></span> <span class='ocrx_word' id='word_1_240' title='bbox 806 1736 892 1766; x_wconf 54' lang='lat' dir='ltr'><strong>nosti;</strong></span> <span class='ocrx_word' id='word_1_241' title='bbox 904 1739 944 1765; x_wconf 84' lang='lat' dir='ltr'><strong>Ita</strong></span> <span class='ocrx_word' id='word_1_242' title='bbox 958 1743 1023 1766; x_wconf 87' lang='lat' dir='ltr'><strong>sunt</strong></span> 
     </span>
    </p>
   </div>
   <div class='ocr_carea' id='block_1_36' title="bbox 238 1786 1021 1822">
    <p class='ocr_par' dir='ltr' id='par_1_36' title="bbox 238 1786 1021 1822">
     <span class='ocr_line' id='line_1_36' title="bbox 238 1786 1021 1822; baseline -0.001 -7"><span class='ocrx_word' id='word_1_243' title='bbox 238 1789 265 1815; x_wconf 88' lang='lat' dir='ltr'><strong>in</strong></span> <span class='ocrx_word' id='word_1_244' title='bbox 281 1789 338 1815; x_wconf 85' lang='lat' dir='ltr'><strong>suis</strong></span> <span class='ocrx_word' id='word_1_245' title='bbox 355 1787 438 1822; x_wconf 87' lang='lat' dir='ltr'><strong>gestis</strong></span> <span class='ocrx_word' id='word_1_246' title='bbox 461 1786 577 1814; x_wconf 86' lang='lat' dir='ltr'><strong>studiosi</strong></span> <span class='ocrx_word' id='word_1_247' title='bbox 593 1794 625 1813; x_wconf 85' lang='lat' dir='ltr'><strong>ac</strong></span> <span class='ocrx_word' id='word_1_248' title='bbox 649 1786 806 1820; x_wconf 84' lang='lat' dir='ltr'><strong>diligentes,</strong></span> <span class='ocrx_word' id='word_1_249' title='bbox 819 1792 851 1814; x_wconf 90' lang='lat' dir='ltr'><strong>ut</strong></span> <span class='ocrx_word' id='word_1_250' title='bbox 865 1795 918 1814; x_wconf 90' lang='lat' dir='ltr'><strong>non</strong></span> <span class='ocrx_word' id='word_1_251' title='bbox 934 1787 1021 1814; x_wconf 86' lang='lat' dir='ltr'><strong>solum</strong></span> 
     </span>
    </p>
   </div>
   <div class='ocr_carea' id='block_1_37' title="bbox 237 1832 1021 1869">
    <p class='ocr_par' dir='ltr' id='par_1_37' title="bbox 237 1832 1021 1869">
     <span class='ocr_line' id='line_1_37' title="bbox 237 1832 1021 1869; baseline -0.003 -7"><span class='ocrx_word' id='word_1_252' title='bbox 237 1835 265 1862; x_wconf 83' lang='lat' dir='ltr'><strong>in</strong></span> <span class='ocrx_word' id='word_1_253' title='bbox 281 1834 363 1861; x_wconf 87' lang='lat' dir='ltr'><strong>rebus</strong></span> <span class='ocrx_word' id='word_1_254' title='bbox 378 1833 594 1866; x_wconf 88' lang='lat' dir='ltr'><strong>divinis,vernm</strong></span> <span class='ocrx_word' id='word_1_255' title='bbox 607 1832 689 1860; x_wconf 80' lang='lat' dir='ltr'><strong>etiam</strong></span> <span class='ocrx_word' id='word_1_256' title='bbox 704 1833 851 1860; x_wconf 87' lang='lat' dir='ltr'><strong>mundanis</strong></span> <span class='ocrx_word' id='word_1_257' title='bbox 865 1839 892 1861; x_wconf 88' lang='lat' dir='ltr'><strong>et</strong></span> <span class='ocrx_word' id='word_1_258' title='bbox 902 1834 1021 1869; x_wconf 89' lang='lat' dir='ltr'><strong>politicis</strong></span> 
     </span>
    </p>
   </div>
   <div class='ocr_carea' id='block_1_38' title="bbox 237 1877 1022 1914">
    <p class='ocr_par' dir='ltr' id='par_1_38' title="bbox 237 1877 1022 1914">
     <span class='ocr_line' id='line_1_38' title="bbox 237 1877 1022 1914; baseline 0.001 -9"><span class='ocrx_word' id='word_1_259' title='bbox 237 1879 305 1906; x_wconf 85' lang='lat' dir='ltr'><strong>nihil</strong></span> <span class='ocrx_word' id='word_1_260' title='bbox 319 1887 367 1906; x_wconf 84' lang='lat' dir='ltr'><strong>cos</strong></span> <span class='ocrx_word' id='word_1_261' title='bbox 382 1879 553 1913; x_wconf 85' lang='lat' dir='ltr'><strong>antiquitatis</strong></span> <span class='ocrx_word' id='word_1_262' title='bbox 566 1878 663 1914; x_wconf 63' lang='lat' dir='ltr'><strong>fugiat.</strong></span> <span class='ocrx_word' id='word_1_263' title='bbox 688 1877 778 1911; x_wconf 86' lang='lat' dir='ltr'><strong>Quare</strong></span> <span class='ocrx_word' id='word_1_264' title='bbox 799 1884 827 1905; x_wconf 90' lang='lat' dir='ltr'><strong>et</strong></span> <span class='ocrx_word' id='word_1_265' title='bbox 852 1879 880 1905; x_wconf 92' lang='lat' dir='ltr'><strong>in</strong></span> <span class='ocrx_word' id='word_1_266' title='bbox 909 1879 1022 1906; x_wconf 82' lang='lat' dir='ltr'><strong>urbibus</strong></span> 
     </span>
    </p>
   </div>
   <div class='ocr_carea' id='block_1_39' title="bbox 236 1921 1053 1959">
    <p class='ocr_par' dir='ltr' id='par_1_39' title="bbox 236 1921 1053 1959">
     <span class='ocr_line' id='line_1_39' title="bbox 236 1921 1053 1959; baseline -0.006 -7"><span class='ocrx_word' id='word_1_267' title='bbox 236 1925 265 1952; x_wconf 88' lang='lat' dir='ltr'><strong>in</strong></span> <span class='ocrx_word' id='word_1_268' title='bbox 292 1925 349 1952; x_wconf 88' lang='lat' dir='ltr'><strong>suis</strong></span> <span class='ocrx_word' id='word_1_269' title='bbox 376 1922 494 1959; x_wconf 85' lang='lat' dir='ltr'><strong>publicis</strong></span> <span class='ocrx_word' id='word_1_270' title='bbox 519 1923 674 1954; x_wconf 79' lang='lat' dir='ltr'><strong>tabulariis.</strong></span> <span class='ocrx_word' id='word_1_271' title='bbox 703 1924 813 1957; x_wconf 83' lang='lat' dir='ltr'><strong>egregia</strong></span> <span class='ocrx_word' id='word_1_272' title='bbox 837 1921 907 1948; x_wconf 86' lang='lat' dir='ltr'><strong>facta</strong></span> <span class='ocrx_word' id='word_1_273' title='bbox 930 1922 1022 1948; x_wconf 82' lang='lat' dir='ltr'><strong>omnia</strong></span> <span class='ocrx_word' id='word_1_274' title='bbox 1050 1951 1053 1957; x_wconf 29' lang='grc' dir='ltr'><em>μ</em></span> 
     </span>
    </p>
   </div>
   <div class='ocr_carea' id='block_1_40' title="bbox 235 1967 1022 2004">
    <p class='ocr_par' dir='ltr' id='par_1_40' title="bbox 235 1967 1022 2004">
     <span class='ocr_line' id='line_1_40' title="bbox 235 1967 1022 2004; baseline -0.004 -7"><span class='ocrx_word' id='word_1_275' title='bbox 235 1970 334 1997; x_wconf 86' lang='lat' dir='ltr'><strong>litteris</strong></span> <span class='ocrx_word' id='word_1_276' title='bbox 346 1969 519 2004; x_wconf 81' lang='lat' dir='ltr'><strong>consignata,</strong></span> <span class='ocrx_word' id='word_1_277' title='bbox 547 1967 641 2002; x_wconf 87' lang='lat' dir='ltr'><strong>ibique</strong></span> <span class='ocrx_word' id='word_1_278' title='bbox 658 1973 795 1995; x_wconf 79' lang='lat' dir='ltr'><strong>reServata</strong></span> <span class='ocrx_word' id='word_1_279' title='bbox 813 1968 946 2002; x_wconf 76' lang='lat' dir='ltr'><strong>reperies,</strong></span> <span class='ocrx_word' id='word_1_280' title='bbox 961 1974 1022 2001; x_wconf 67' lang='lat' dir='ltr'><strong>quae</strong></span> 
     </span>
    </p>
   </div>
   <div class='ocr_carea' id='block_1_41' title="bbox 235 2012 1020 2049">
    <p class='ocr_par' dir='ltr' id='par_1_41' title="bbox 235 2012 1020 2049">
     <span class='ocr_line' id='line_1_41' title="bbox 235 2012 1020 2049; baseline -0.006 -6"><span class='ocrx_word' id='word_1_281' title='bbox 235 2024 250 2042; x_wconf 90' lang='lat' dir='ltr'><strong>a</strong></span> <span class='ocrx_word' id='word_1_282' title='bbox 271 2015 451 2049; x_wconf 84' lang='lat' dir='ltr'><strong>temporibus.</strong></span> <span class='ocrx_word' id='word_1_283' title='bbox 480 2013 513 2039; x_wconf 91' lang='lat' dir='ltr'><strong>de</strong></span> <span class='ocrx_word' id='word_1_284' title='bbox 532 2013 632 2048; x_wconf 84' lang='lat' dir='ltr'><strong>quibus</strong></span> <span class='ocrx_word' id='word_1_285' title='bbox 661 2012 732 2038; x_wconf 86' lang='lat' dir='ltr'><strong>nulla</strong></span> <span class='ocrx_word' id='word_1_286' title='bbox 760 2018 849 2038; x_wconf 81' lang='lat' dir='ltr'><strong>exstat</strong></span> <span class='ocrx_word' id='word_1_287' title='bbox 875 2014 1020 2045; x_wconf 85' lang='lat' dir='ltr'><strong>memoria,</strong></span> 
     </span>
    </p>
   </div>
   <div class='ocr_carea' id='block_1_42' title="bbox 234 2057 1021 2096">
    <p class='ocr_par' dir='ltr' id='par_1_42' title="bbox 234 2057 1021 2096">
     <span class='ocr_line' id='line_1_42' title="bbox 234 2057 1021 2096; baseline -0.003 -9"><span class='ocrx_word' id='word_1_288' title='bbox 234 2061 380 2096; x_wconf 81' lang='lat' dir='ltr'><strong>gesserint.</strong></span> <span class='ocrx_word' id='word_1_289' title='bbox 395 2059 451 2086; x_wconf 79' lang='lat' dir='ltr'><strong>Hoc</strong></span> <span class='ocrx_word' id='word_1_290' title='bbox 465 2059 558 2092; x_wconf 85' lang='lat' dir='ltr'><strong>itaque</strong></span> <span class='ocrx_word' id='word_1_291' title='bbox 583 2057 700 2085; x_wconf 76' lang='lat' dir='ltr'><strong>maxime</strong></span> <span class='ocrx_word' id='word_1_292' title='bbox 716 2058 841 2084; x_wconf 88' lang='lat' dir='ltr'><strong>omnium</strong></span> <span class='ocrx_word' id='word_1_293' title='bbox 868 2063 895 2084; x_wconf 89' lang='lat' dir='ltr'><strong>et</strong></span> <span class='ocrx_word' id='word_1_294' title='bbox 922 2058 951 2084; x_wconf 89' lang='lat' dir='ltr'><strong>iu</strong></span> <span class='ocrx_word' id='word_1_295' title='bbox 977 2065 1021 2085; x_wconf 91' lang='lat' dir='ltr'><strong>ca-</strong></span> 
     </span>
    </p>
   </div>
   <div class='ocr_carea' id='block_1_43' title="bbox 236 2104 1021 2139">
    <p class='ocr_par' dir='ltr' id='par_1_43' title="bbox 236 2104 1021 2139">
     <span class='ocr_line' id='line_1_43' title="bbox 236 2104 1021 2139; baseline -0.005 -6"><span class='ocrx_word' id='word_1_296' title='bbox 236 2106 335 2134; x_wconf 89' lang='lat' dir='ltr'><strong>tholica</strong></span> <span class='ocrx_word' id='word_1_297' title='bbox 349 2105 470 2132; x_wconf 79' lang='lat' dir='ltr'><strong>Ecclesia</strong></span> <span class='ocrx_word' id='word_1_298' title='bbox 480 2104 625 2139; x_wconf 81' lang='lat' dir='ltr'><strong>diligenter</strong></span> <span class='ocrx_word' id='word_1_299' title='bbox 641 2104 805 2131; x_wconf 87' lang='lat' dir='ltr'><strong>observatur</strong></span> <span class='ocrx_word' id='word_1_300' title='bbox 824 2112 831 2129; x_wconf 91' lang='lat'>:</span> <span class='ocrx_word' id='word_1_301' title='bbox 844 2108 1021 2131; x_wconf 84' lang='lat' dir='ltr'><strong>asservantur</strong></span> 
     </span>
    </p>
   </div>
   <div class='ocr_carea' id='block_1_44' title="bbox 1038 1582 1060 1612">
    <p class='ocr_par' dir='ltr' id='par_1_44' title="bbox 1038 1582 1060 1612">
     <span class='ocr_line' id='line_1_44' title="bbox 1038 1582 1060 1612; baseline 0 0"><span class='ocrx_word' id='word_1_302' title='bbox 1038 1582 1060 1612; x_wconf 89' lang='lat' dir='ltr'><strong><em>C</em></strong></span> 
     </span>
    </p>
   </div>
   <div class='ocr_carea' id='block_1_45' title="bbox 235 2152 1020 2189">
    <p class='ocr_par' dir='ltr' id='par_1_45' title="bbox 235 2152 1020 2189">
     <span class='ocr_line' id='line_1_45' title="bbox 235 2152 1020 2189; baseline -0.005 -7"><span class='ocrx_word' id='word_1_303' title='bbox 235 2155 262 2182; x_wconf 90' lang='lat' dir='ltr'><strong>in</strong></span> <span class='ocrx_word' id='word_1_304' title='bbox 280 2155 349 2182; x_wconf 89' lang='lat' dir='ltr'><strong>hanc</strong></span> <span class='ocrx_word' id='word_1_305' title='bbox 363 2161 450 2189; x_wconf 85' lang='lat' dir='ltr'><strong>usque</strong></span> <span class='ocrx_word' id='word_1_306' title='bbox 473 2153 546 2180; x_wconf 84' lang='lat' dir='ltr'><strong>diem</strong></span> <span class='ocrx_word' id='word_1_307' title='bbox 566 2153 658 2180; x_wconf 87' lang='lat' dir='ltr'><strong>omnia</strong></span> <span class='ocrx_word' id='word_1_308' title='bbox 684 2157 769 2187; x_wconf 80' lang='lat' dir='ltr'><strong>gesta,</strong></span> <span class='ocrx_word' id='word_1_309' title='bbox 788 2158 938 2185; x_wconf 85' lang='lat' dir='ltr'><strong>omnesque</strong></span> <span class='ocrx_word' id='word_1_310' title='bbox 962 2152 1020 2178; x_wconf 77' lang='lat' dir='ltr'><strong>fere</strong></span> 
     </span>
    </p>
   </div>
   <div class='ocr_carea' id='block_1_46' title="bbox 233 2197 925 2234">
    <p class='ocr_par' dir='ltr' id='par_1_46' title="bbox 233 2197 925 2234">
     <span class='ocr_line' id='line_1_46' title="bbox 233 2197 925 2234; baseline -0.004 -7"><span class='ocrx_word' id='word_1_311' title='bbox 233 2200 357 2234; x_wconf 70' lang='lat' dir='ltr'><strong>epistolae</strong></span> <span class='ocrx_word' id='word_1_312' title='bbox 376 2200 551 2233; x_wconf 76' lang='lat' dir='ltr'><strong>antiquorum</strong></span> <span class='ocrx_word' id='word_1_313' title='bbox 567 2205 738 2224; x_wconf 85' lang='lat' dir='ltr'><strong>summorum</strong></span> <span class='ocrx_word' id='word_1_314' title='bbox 753 2197 925 2230; x_wconf 83' lang='lat' dir='ltr'><strong>pontificum.</strong></span> 
     </span>
    </p>
   </div>
   <div class='ocr_carea' id='block_1_47' title="bbox 268 2243 1056 2279">
    <p class='ocr_par' dir='ltr' id='par_1_47' title="bbox 268 2243 1056 2279">
     <span class='ocr_line' id='line_1_47' title="bbox 268 2243 1056 2279; baseline -0.003 -6"><span class='ocrx_word' id='word_1_315' title='bbox 268 2246 445 2274; x_wconf 87' lang='lat' dir='ltr'><strong>Protulerunt</strong></span> <span class='ocrx_word' id='word_1_316' title='bbox 467 2243 560 2279; x_wconf 82' lang='lat' dir='ltr'><strong>itaque</strong></span> <span class='ocrx_word' id='word_1_317' title='bbox 576 2245 655 2271; x_wconf 81' lang='lat' dir='ltr'><strong>nobis</strong></span> <span class='ocrx_word' id='word_1_318' title='bbox 672 2244 701 2270; x_wconf 92' lang='lat' dir='ltr'><strong>in</strong></span> <span class='ocrx_word' id='word_1_319' title='bbox 718 2244 912 2278; x_wconf 84' lang='lat' dir='ltr'><strong>antiquissimo</strong></span> <span class='ocrx_word' id='word_1_320' title='bbox 944 2244 1016 2272; x_wconf 86' lang='lat' dir='ltr'><strong>libro</strong></span> <span class='ocrx_word' id='word_1_321' title='bbox 1034 2248 1056 2276; x_wconf 81' lang='grc' dir='ltr'><strong>ι)</strong></span> 
     </span>
    </p>
   </div>
   <div class='ocr_carea' id='block_1_48' title="bbox 234 2288 1019 2324">
    <p class='ocr_par' dir='ltr' id='par_1_48' title="bbox 234 2288 1019 2324">
     <span class='ocr_line' id='line_1_48' title="bbox 234 2288 1019 2324; baseline -0.001 -6"><span class='ocrx_word' id='word_1_322' title='bbox 234 2292 262 2318; x_wconf 89' lang='lat' dir='ltr'><strong>in</strong></span> <span class='ocrx_word' id='word_1_323' title='bbox 274 2293 431 2318; x_wconf 86' lang='lat' dir='ltr'><strong>membrana</strong></span> <span class='ocrx_word' id='word_1_324' title='bbox 456 2290 558 2324; x_wconf 80' lang='lat' dir='ltr'><strong>scripto</strong></span> <span class='ocrx_word' id='word_1_325' title='bbox 571 2289 713 2323; x_wconf 87' lang='lat' dir='ltr'><strong>epistolam</strong></span> <span class='ocrx_word' id='word_1_326' title='bbox 742 2288 843 2316; x_wconf 84' lang='lat' dir='ltr'><strong>Liberii</strong></span> <span class='ocrx_word' id='word_1_327' title='bbox 859 2297 934 2324; x_wconf 71' lang='lat' dir='ltr'><strong>papae</strong></span> <span class='ocrx_word' id='word_1_328' title='bbox 950 2290 1019 2317; x_wconf 85' lang='lat' dir='ltr'><strong>scri-</strong></span> 
     </span>
    </p>
   </div>
   <div class='ocr_carea' id='block_1_49' title="bbox 234 2335 1018 2373">
    <p class='ocr_par' dir='ltr' id='par_1_49' title="bbox 234 2335 1018 2373">
     <span class='ocr_line' id='line_1_49' title="bbox 234 2335 1018 2373; baseline 0 -9"><span class='ocrx_word' id='word_1_329' title='bbox 234 2343 307 2373; x_wconf 86' lang='lat' dir='ltr'><strong>ptam</strong></span> <span class='ocrx_word' id='word_1_330' title='bbox 324 2338 357 2364; x_wconf 90' lang='lat' dir='ltr'><strong>ad</strong></span> <span class='ocrx_word' id='word_1_331' title='bbox 373 2337 551 2364; x_wconf 78' lang='lat' dir='ltr'><strong>Athanasium</strong></span> <span class='ocrx_word' id='word_1_332' title='bbox 574 2335 800 2367; x_wconf 77' lang='lat' dir='ltr'><strong>Alexandrinum,</strong></span> <span class='ocrx_word' id='word_1_333' title='bbox 817 2336 895 2370; x_wconf 86' lang='lat' dir='ltr'><strong>cujus</strong></span> <span class='ocrx_word' id='word_1_334' title='bbox 907 2336 1018 2364; x_wconf 86' lang='lat' dir='ltr'><strong>initium</strong></span> 
     </span>
    </p>
   </div>
   <div class='ocr_carea' id='block_1_50' title="bbox 232 2381 1019 2416">
    <p class='ocr_par' dir='ltr' id='par_1_50' title="bbox 232 2381 1019 2416">
     <span class='ocr_line' id='line_1_50' title="bbox 232 2381 1019 2416; baseline -0.001 -5"><span class='ocrx_word' id='word_1_335' title='bbox 232 2389 275 2411; x_wconf 83' lang='lat' dir='ltr'><strong>est</strong></span> <span class='ocrx_word' id='word_1_336' title='bbox 296 2393 303 2411; x_wconf 86' lang='lat'><strong>:</strong></span> <span class='ocrx_word' id='word_1_337' title='bbox 324 2382 395 2411; x_wconf 88' lang='lat' dir='ltr'><strong>Olim</strong></span> <span class='ocrx_word' id='word_1_338' title='bbox 409 2387 437 2410; x_wconf 85' lang='lat' dir='ltr'><strong>et</strong></span> <span class='ocrx_word' id='word_1_339' title='bbox 457 2382 490 2409; x_wconf 88' lang='lat' dir='ltr'><strong>ab</strong></span> <span class='ocrx_word' id='word_1_340' title='bbox 513 2381 592 2408; x_wconf 89' lang='lat' dir='ltr'><strong>initio</strong></span> <span class='ocrx_word' id='word_1_341' title='bbox 607 2385 709 2408; x_wconf 84' lang='lat' dir='ltr'><strong>tantam</strong></span> <span class='ocrx_word' id='word_1_342' title='bbox 723 2382 899 2416; x_wconf 84' lang='lat' dir='ltr'><strong>percepimus</strong></span> <span class='ocrx_word' id='word_1_343' title='bbox 910 2390 926 2409; x_wconf 74' lang='grc' dir='ltr'><strong>ο</strong></span> <span class='ocrx_word' id='word_1_344' title='bbox 938 2383 1019 2410; x_wconf 83' lang='lat' dir='ltr'><strong>beato</strong></span> 
     </span>
    </p>
   </div>
   <div class='ocr_carea' id='block_1_51' title="bbox 232 2427 1020 2465">
    <p class='ocr_par' dir='ltr' id='par_1_51' title="bbox 232 2427 1020 2465">
     <span class='ocr_line' id='line_1_51' title="bbox 232 2427 1020 2465; baseline -0.001 -8"><span class='ocrx_word' id='word_1_345' title='bbox 232 2431 314 2462; x_wconf 66' lang='lat' dir='ltr'><strong>Petro</strong></span> <span class='ocrx_word' id='word_1_346' title='bbox 328 2429 512 2465; x_wconf 79' lang='lat' dir='ltr'><strong>apostolorum</strong></span> <span class='ocrx_word' id='word_1_347' title='bbox 529 2427 663 2462; x_wconf 81' lang='lat' dir='ltr'><strong>principe,</strong></span> <span class='ocrx_word' id='word_1_348' title='bbox 686 2433 740 2454; x_wconf 76' lang='lat' dir='ltr'><strong>etc.</strong></span> <span class='ocrx_word' id='word_1_349' title='bbox 753 2428 856 2455; x_wconf 84' lang='lat' dir='ltr'><strong>Deinde</strong></span> <span class='ocrx_word' id='word_1_350' title='bbox 874 2428 944 2454; x_wconf 85' lang='lat' dir='ltr'><strong>ultra</strong></span> <span class='ocrx_word' id='word_1_351' title='bbox 956 2436 1020 2463; x_wconf 90' lang='lat' dir='ltr'><strong>per-</strong></span> 
     </span>
    </p>
   </div>
   <div class='ocr_carea' id='block_1_52' title="bbox 231 2473 1017 2512">
    <p class='ocr_par' dir='ltr' id='par_1_52' title="bbox 231 2473 1017 2512">
     <span class='ocr_line' id='line_1_52' title="bbox 231 2473 1017 2512; baseline -0.003 -8"><span class='ocrx_word' id='word_1_352' title='bbox 231 2484 308 2512; x_wconf 74' lang='lat' dir='ltr'><strong>gens,</strong></span> <span class='ocrx_word' id='word_1_353' title='bbox 326 2476 393 2504; x_wconf 86' lang='lat' dir='ltr'><strong>dicit</strong></span> <span class='ocrx_word' id='word_1_354' title='bbox 405 2483 434 2502; x_wconf 85' lang='lat' dir='ltr'><strong>se</strong></span> <span class='ocrx_word' id='word_1_355' title='bbox 448 2474 585 2510; x_wconf 82' lang='lat' dir='ltr'><strong>recepisse</strong></span> <span class='ocrx_word' id='word_1_356' title='bbox 604 2473 747 2507; x_wconf 85' lang='lat' dir='ltr'><strong>epistolam</strong></span> <span class='ocrx_word' id='word_1_357' title='bbox 761 2474 846 2501; x_wconf 86' lang='lat' dir='ltr'><strong>sancti</strong></span> <span class='ocrx_word' id='word_1_358' title='bbox 864 2475 1017 2506; x_wconf 74' lang='lat' dir='ltr'><strong>Athanasii.</strong></span> 
     </span>
    </p>
   </div>
   <div class='ocr_carea' id='block_1_53' title="bbox 230 2518 1016 2555">
    <p class='ocr_par' dir='ltr' id='par_1_53' title="bbox 230 2518 1016 2555">
     <span class='ocr_line' id='line_1_53' title="bbox 230 2518 1016 2555; baseline 0.001 -9"><span class='ocrx_word' id='word_1_359' title='bbox 230 2523 259 2547; x_wconf 82' lang='lat' dir='ltr'><strong>et</strong></span> <span class='ocrx_word' id='word_1_360' title='bbox 274 2527 334 2546; x_wconf 85' lang='lat' dir='ltr'><strong>eam</strong></span> <span class='ocrx_word' id='word_1_361' title='bbox 350 2520 460 2555; x_wconf 77' lang='lat' dir='ltr'><strong>legisse.</strong></span> <span class='ocrx_word' id='word_1_362' title='bbox 478 2518 620 2545; x_wconf 84' lang='lat' dir='ltr'><strong>Postremo</strong></span> <span class='ocrx_word' id='word_1_363' title='bbox 643 2518 783 2553; x_wconf 70' lang='lat' dir='ltr'><strong>subiungit</strong></span> <span class='ocrx_word' id='word_1_364' title='bbox 801 2527 807 2545; x_wconf 86' lang='lat'><strong>:</strong></span> <span class='ocrx_word' id='word_1_365' title='bbox 822 2518 916 2546; x_wconf 80' lang='lat' dir='ltr'><strong>Fidem</strong></span> <span class='ocrx_word' id='word_1_366' title='bbox 950 2527 1016 2547; x_wconf 84' lang='lat' dir='ltr'><strong>vero</strong></span> 
     </span>
    </p>
   </div>
   <div class='ocr_carea' id='block_1_54' title="bbox 231 2564 1018 2598">
    <p class='ocr_par' dir='ltr' id='par_1_54' title="bbox 231 2564 1018 2598">
     <span class='ocr_line' id='line_1_54' title="bbox 231 2564 1018 2598; baseline -0.001 -6"><span class='ocrx_word' id='word_1_367' title='bbox 231 2565 331 2592; x_wconf 66' lang='lat' dir='ltr'><strong>Nicani</strong></span> <span class='ocrx_word' id='word_1_368' title='bbox 343 2565 453 2593; x_wconf 79' lang='lat' dir='ltr'><strong>concilii</strong></span> <span class='ocrx_word' id='word_1_369' title='bbox 471 2565 497 2591; x_wconf 90' lang='lat' dir='ltr'><strong>in</strong></span> <span class='ocrx_word' id='word_1_370' title='bbox 511 2564 606 2591; x_wconf 85' lang='lat' dir='ltr'><strong>eadem</strong></span> <span class='ocrx_word' id='word_1_371' title='bbox 627 2564 741 2598; x_wconf 87' lang='lat' dir='ltr'><strong>epistola</strong></span> <span class='ocrx_word' id='word_1_372' title='bbox 768 2569 869 2591; x_wconf 76' lang='lat' dir='ltr'><strong>restant</strong></span> <span class='ocrx_word' id='word_1_373' title='bbox 885 2571 948 2591; x_wconf 87' lang='lat' dir='ltr'><strong>cum</strong></span> <span class='ocrx_word' id='word_1_374' title='bbox 977 2565 1018 2591; x_wconf 90' lang='lat' dir='ltr'><strong>in-</strong></span> 
     </span>
    </p>
   </div>
   <div class='ocr_carea' id='block_1_55' title="bbox 230 2609 1015 2645">
    <p class='ocr_par' dir='ltr' id='par_1_55' title="bbox 230 2609 1015 2645">
     <span class='ocr_line' id='line_1_55' title="bbox 230 2609 1015 2645; baseline -0.001 -7"><span class='ocrx_word' id='word_1_375' title='bbox 230 2611 413 2644; x_wconf 73' lang='lat' dir='ltr'><strong>venissemus,</strong></span> <span class='ocrx_word' id='word_1_376' title='bbox 441 2617 551 2645; x_wconf 80' lang='lat' dir='ltr'><strong>magnas</strong></span> <span class='ocrx_word' id='word_1_377' title='bbox 574 2609 630 2636; x_wconf 83' lang='lat' dir='ltr'><strong>Deo</strong></span> <span class='ocrx_word' id='word_1_378' title='bbox 657 2610 757 2643; x_wconf 82' lang='lat' dir='ltr'><strong>gratias</strong></span> <span class='ocrx_word' id='word_1_379' title='bbox 778 2609 945 2637; x_wconf 84' lang='lat' dir='ltr'><strong>retulimus:</strong></span> <span class='ocrx_word' id='word_1_380' title='bbox 965 2618 1015 2644; x_wconf 89' lang='lat' dir='ltr'><strong>pro</strong></span> 
     </span>
    </p>
   </div>
   <div class='ocr_carea' id='block_1_56' title="bbox 229 2654 1017 2692">
    <p class='ocr_par' dir='ltr' id='par_1_56' title="bbox 229 2654 1017 2692">
     <span class='ocr_line' id='line_1_56' title="bbox 229 2654 1017 2692; baseline -0.003 -8"><span class='ocrx_word' id='word_1_381' title='bbox 229 2664 282 2692; x_wconf 88' lang='lat' dir='ltr'><strong>qua</strong></span> <span class='ocrx_word' id='word_1_382' title='bbox 296 2665 351 2683; x_wconf 88' lang='lat' dir='ltr'><strong>non</strong></span> <span class='ocrx_word' id='word_1_383' title='bbox 371 2656 460 2684; x_wconf 84' lang='lat' dir='ltr'><strong>solum</strong></span> <span class='ocrx_word' id='word_1_384' title='bbox 476 2656 553 2682; x_wconf 75' lang='lat' dir='ltr'><strong>vobis</strong></span> <span class='ocrx_word' id='word_1_385' title='bbox 565 2655 695 2689; x_wconf 83' lang='lat' dir='ltr'><strong>coinpati.</strong></span> <span class='ocrx_word' id='word_1_386' title='bbox 708 2654 790 2682; x_wconf 88' lang='lat' dir='ltr'><strong>simul</strong></span> <span class='ocrx_word' id='word_1_387' title='bbox 803 2659 831 2681; x_wconf 88' lang='lat' dir='ltr'><strong>ct</strong></span> <span class='ocrx_word' id='word_1_388' title='bbox 847 2657 1017 2689; x_wconf 84' lang='lat' dir='ltr'><strong>persecutio-</strong></span> 
     </span>
    </p>
   </div>
   <div class='ocr_carea' id='block_1_57' title="bbox 229 2702 1013 2738">
    <p class='ocr_par' dir='ltr' id='par_1_57' title="bbox 229 2702 1013 2738">
     <span class='ocr_line' id='line_1_57' title="bbox 229 2702 1013 2738; baseline 0.001 -8"><span class='ocrx_word' id='word_1_389' title='bbox 229 2710 292 2730; x_wconf 74' lang='lat' dir='ltr'><strong>nam</strong></span> <span class='ocrx_word' id='word_1_390' title='bbox 319 2702 373 2737; x_wconf 68' lang='lat' dir='ltr'><strong>pati</strong></span> <span class='ocrx_word' id='word_1_391' title='bbox 399 2702 486 2736; x_wconf 85' lang='lat' dir='ltr'><strong>parati</strong></span> <span class='ocrx_word' id='word_1_392' title='bbox 510 2708 617 2733; x_wconf 86' lang='lat' dir='ltr'><strong>sumus,</strong></span> <span class='ocrx_word' id='word_1_393' title='bbox 633 2709 727 2728; x_wconf 90' lang='lat' dir='ltr'><strong>verum</strong></span> <span class='ocrx_word' id='word_1_394' title='bbox 745 2703 910 2730; x_wconf 85' lang='lat' dir='ltr'><strong>necessitate</strong></span> <span class='ocrx_word' id='word_1_395' title='bbox 937 2702 1013 2738; x_wconf 77' lang='lat' dir='ltr'><strong>flagi-</strong></span> 
     </span>
    </p>
   </div>
   <div class='ocr_carea' id='block_1_58' title="bbox 230 2746 1012 2782">
    <p class='ocr_par' dir='ltr' id='par_1_58' title="bbox 230 2746 1012 2782">
     <span class='ocr_line' id='line_1_58' title="bbox 230 2746 1012 2782; baseline 0.003 -7"><span class='ocrx_word' id='word_1_396' title='bbox 230 2754 305 2776; x_wconf 79' lang='lat' dir='ltr'><strong>tante</strong></span> <span class='ocrx_word' id='word_1_397' title='bbox 319 2749 401 2775; x_wconf 74' lang='lat' dir='ltr'><strong>etiam</strong></span> <span class='ocrx_word' id='word_1_398' title='bbox 414 2749 482 2775; x_wconf 86' lang='lat' dir='ltr'><strong>mori</strong></span> <span class='ocrx_word' id='word_1_399' title='bbox 499 2755 547 2782; x_wconf 90' lang='lat' dir='ltr'><strong>pro</strong></span> <span class='ocrx_word' id='word_1_400' title='bbox 560 2746 661 2775; x_wconf 85' lang='lat' dir='ltr'><strong>Christi</strong></span> <span class='ocrx_word' id='word_1_401' title='bbox 677 2749 788 2775; x_wconf 88' lang='lat' dir='ltr'><strong>nomine</strong></span> <span class='ocrx_word' id='word_1_402' title='bbox 799 2756 854 2776; x_wconf 90' lang='lat' dir='ltr'><strong>non</strong></span> <span class='ocrx_word' id='word_1_403' title='bbox 870 2756 1012 2777; x_wconf 78' lang='lat' dir='ltr'><strong>recusare-</strong></span> 
     </span>
    </p>
   </div>
   <div class='ocr_carea' id='block_1_59' title="bbox 228 2794 1013 2829">
    <p class='ocr_par' dir='ltr' id='par_1_59' title="bbox 228 2794 1013 2829">
     <span class='ocr_line' id='line_1_59' title="bbox 228 2794 1013 2829; baseline 0.003 -8"><span class='ocrx_word' id='word_1_404' title='bbox 228 2803 307 2826; x_wconf 85' lang='lat' dir='ltr'><strong>mus.</strong></span> <span class='ocrx_word' id='word_1_405' title='bbox 334 2794 510 2829; x_wconf 82' lang='lat' dir='ltr'><strong>quantumvis</strong></span> <span class='ocrx_word' id='word_1_406' title='bbox 533 2795 598 2822; x_wconf 71' lang='lat' dir='ltr'><strong>licet</strong></span> <span class='ocrx_word' id='word_1_407' title='bbox 621 2794 727 2822; x_wconf 84' lang='lat' dir='ltr'><strong>debiles</strong></span> <span class='ocrx_word' id='word_1_408' title='bbox 752 2795 850 2822; x_wconf 81' lang='lat' dir='ltr'><strong>simus.</strong></span> <span class='ocrx_word' id='word_1_409' title='bbox 881 2796 1013 2824; x_wconf 57' lang='lat' dir='ltr'><strong>Praedicta</strong></span> 
     </span>
    </p>
   </div>
   <div class='ocr_carea' id='block_1_60' title="bbox 227 2840 1008 2876">
    <p class='ocr_par' dir='ltr' id='par_1_60' title="bbox 227 2840 1008 2876">
     <span class='ocr_line' id='line_1_60' title="bbox 227 2840 1008 2876; baseline 0.004 -10"><span class='ocrx_word' id='word_1_410' title='bbox 227 2842 299 2866; x_wconf 78' lang='lat' dir='ltr'><strong>enim</strong></span> <span class='ocrx_word' id='word_1_411' title='bbox 310 2846 482 2868; x_wconf 80' lang='lat' dir='ltr'><strong>sacrosancta</strong></span> <span class='ocrx_word' id='word_1_412' title='bbox 498 2840 605 2868; x_wconf 55' lang='lat' dir='ltr'><strong>Nicena</strong></span> <span class='ocrx_word' id='word_1_413' title='bbox 622 2841 756 2876; x_wconf 85' lang='lat' dir='ltr'><strong>synodus,</strong></span> <span class='ocrx_word' id='word_1_414' title='bbox 778 2841 1008 2876; x_wconf 85' lang='lat' dir='ltr'><strong>quemadmodum</strong></span> 
     </span>
    </p>
   </div>
   <div class='ocr_carea' id='block_1_61' title="bbox 227 2887 1013 2926">
    <p class='ocr_par' dir='ltr' id='par_1_61' title="bbox 227 2887 1013 2926">
     <span class='ocr_line' id='line_1_61' title="bbox 227 2887 1013 2926; baseline 0.003 -11"><span class='ocrx_word' id='word_1_415' title='bbox 227 2888 351 2922; x_wconf 61' lang='lat' dir='ltr'><strong>legimus,</strong></span> <span class='ocrx_word' id='word_1_416' title='bbox 367 2887 498 2922; x_wconf 80' lang='lat' dir='ltr'><strong>deﬁnivit,</strong></span> <span class='ocrx_word' id='word_1_417' title='bbox 523 2887 626 2916; x_wconf 75' lang='lat' dir='ltr'><strong>nemini</strong></span> <span class='ocrx_word' id='word_1_418' title='bbox 642 2888 734 2926; x_wconf 77' lang='lat' dir='ltr'><strong>licere</strong></span> <span class='ocrx_word' id='word_1_419' title='bbox 751 2889 832 2917; x_wconf 80' lang='lat' dir='ltr'><strong>aliam</strong></span> <span class='ocrx_word' id='word_1_420' title='bbox 847 2888 927 2916; x_wconf 82' lang='lat' dir='ltr'><strong>fidem</strong></span> <span class='ocrx_word' id='word_1_421' title='bbox 947 2896 1013 2925; x_wconf 79' lang='lat' dir='ltr'><strong>pro-</strong></span> 
     </span>
    </p>
   </div>
   <div class='ocr_carea' id='block_1_62' title="bbox 583 2950 596 2964">
    <p class='ocr_par' dir='ltr' id='par_1_62' title="bbox 583 2950 596 2964">
     <span class='ocr_line' id='line_1_62' title="bbox 583 2950 596 2964; baseline 0 0"><span class='ocrx_word' id='word_1_422' title='bbox 583 2950 596 2964; x_wconf 73' lang='grc' dir='ltr'><strong>ο</strong></span> 
     </span>
    </p>
   </div>
   <div class='ocr_carea' id='block_1_63' title="bbox 725 168 1385 208">
    <p class='ocr_par' dir='ltr' id='par_1_63' title="bbox 725 168 1385 208">
     <span class='ocr_line' id='line_1_63' title="bbox 725 168 1385 208; baseline 0.003 -3"><span class='ocrx_word' id='word_1_423' title='bbox 725 168 978 206; x_wconf 65' lang='lat' dir='ltr'><strong>bsssai‘tioms</strong></span> <span class='ocrx_word' id='word_1_424' title='bbox 999 173 1088 208; x_wconf 54' lang='lat' dir='ltr'><strong>Sin.</strong></span> <span class='ocrx_word' id='word_1_425' title='bbox 1102 168 1136 208; x_wconf 78' lang='grc' dir='ltr'><strong>Ε.</strong></span> <span class='ocrx_word' id='word_1_426' title='bbox 1150 169 1385 207; x_wconf 78' lang='lat' dir='ltr'><strong>CARDINALIS</strong></span> 
     </span>
    </p>
   </div>
   <div class='ocr_carea' id='block_1_64' title="bbox 1775 169 1884 208">
    <p class='ocr_par' dir='ltr' id='par_1_64' title="bbox 1775 169 1884 208">
     <span class='ocr_line' id='line_1_64' title="bbox 1775 169 1884 208; baseline 0 -1"><span class='ocrx_word' id='word_1_427' title='bbox 1775 169 1782 177; x_wconf 77' lang='grc'><em>“</em></span> <span class='ocrx_word' id='word_1_428' title='bbox 1828 169 1884 208; x_wconf 71' lang='lat'><strong>352</strong></span> 
     </span>
    </p>
   </div>
   <div class='ocr_carea' id='block_1_65' title="bbox 1082 230 1883 270">
    <p class='ocr_par' dir='ltr' id='par_1_65' title="bbox 1082 230 1883 270">
     <span class='ocr_line' id='line_1_65' title="bbox 1082 230 1883 270; baseline 0 -12"><span class='ocrx_word' id='word_1_429' title='bbox 1082 231 1213 266; x_wconf 83' lang='grc' dir='ltr'><strong>μυριάκις</strong></span> <span class='ocrx_word' id='word_1_430' title='bbox 1235 231 1367 262; x_wconf 82' lang='grc' dir='ltr'>τοσαῦτα,</span> <span class='ocrx_word' id='word_1_431' title='bbox 1383 231 1413 258; x_wconf 73' lang='grc' dir='ltr'>ἓν</span> <span class='ocrx_word' id='word_1_432' title='bbox 1439 231 1522 266; x_wconf 82' lang='grc' dir='ltr'>μόνον</span> <span class='ocrx_word' id='word_1_433' title='bbox 1548 230 1679 267; x_wconf 69' lang='grc' dir='ltr'>προσθεὶς</span> <span class='ocrx_word' id='word_1_434' title='bbox 1700 232 1883 270; x_wconf 67' lang='grc' dir='ltr'>ἐπιχείρημα</span> 
     </span>
    </p>
   </div>
   <div class='ocr_carea' id='block_1_66' title="bbox 1084 274 1782 314">
    <p class='ocr_par' dir='ltr' id='par_1_66' title="bbox 1084 274 1782 314">
     <span class='ocr_line' id='line_1_66' title="bbox 1084 274 1782 314; baseline 0.004 -10"><span class='ocrx_word' id='word_1_435' title='bbox 1084 274 1216 311; x_wconf 44' lang='grc' dir='ltr'>Λατίνωνς</span> <span class='ocrx_word' id='word_1_436' title='bbox 1229 277 1276 304; x_wconf 86' lang='grc' dir='ltr'>τοῦ</span> <span class='ocrx_word' id='word_1_437' title='bbox 1291 279 1356 314; x_wconf 76' lang='grc' dir='ltr'>περὶ</span> <span class='ocrx_word' id='word_1_438' title='bbox 1374 277 1477 304; x_wconf 86' lang='grc' dir='ltr'>τούτων</span> <span class='ocrx_word' id='word_1_439' title='bbox 1495 277 1576 312; x_wconf 81' lang='grc' dir='ltr'><strong>λόγου</strong></span> <span class='ocrx_word' id='word_1_440' title='bbox 1591 278 1782 314; x_wconf 71' lang='grc' dir='ltr'><strong>πεπαύσομαι.</strong></span> 
     </span>
    </p>
   </div>
   <div class='ocr_carea' id='block_1_67' title="bbox 1102 339 1110 354">
    <p class='ocr_par' dir='ltr' id='par_1_67' title="bbox 1102 339 1110 354">
     <span class='ocr_line' id='line_1_67' title="bbox 1102 339 1110 354; baseline 0 0"><span class='ocrx_word' id='word_1_441' title='bbox 1102 339 1110 354; x_wconf 74' lang='lat' dir='ltr'><em>I</em></span> 
     </span>
    </p>
   </div>
   <div class='ocr_carea' id='block_1_68' title="bbox 1121 367 1881 404">
    <p class='ocr_par' dir='ltr' id='par_1_68' title="bbox 1121 367 1881 404">
     <span class='ocr_line' id='line_1_68' title="bbox 1121 367 1881 404; baseline 0.004 -10"><span class='ocrx_word' id='word_1_442' title='bbox 1121 369 1200 395; x_wconf 83' lang='grc' dir='ltr'>Ἔστι</span> <span class='ocrx_word' id='word_1_443' title='bbox 1225 368 1316 394; x_wconf 76' lang='grc' dir='ltr'>δὲκαὶ</span> <span class='ocrx_word' id='word_1_444' title='bbox 1336 367 1417 394; x_wconf 78' lang='grc' dir='ltr'>τοῦτο</span> <span class='ocrx_word' id='word_1_445' title='bbox 1432 367 1487 394; x_wconf 81' lang='grc' dir='ltr'><strong>τῶν</strong></span> <span class='ocrx_word' id='word_1_446' title='bbox 1512 367 1584 395; x_wconf 86' lang='grc' dir='ltr'>πάνυ</span> <span class='ocrx_word' id='word_1_447' title='bbox 1611 368 1801 404; x_wconf 77' lang='grc' dir='ltr'><strong>ἰσχυροτάτων</strong></span> <span class='ocrx_word' id='word_1_448' title='bbox 1829 370 1881 397; x_wconf 84' lang='grc' dir='ltr'><strong>καὶ</strong></span> 
     </span>
    </p>
   </div>
   <div class='ocr_carea' id='block_1_69' title="bbox 1083 413 1882 451">
    <p class='ocr_par' dir='ltr' id='par_1_69' title="bbox 1083 413 1882 451">
     <span class='ocr_line' id='line_1_69' title="bbox 1083 413 1882 451; baseline 0.004 -11"><span class='ocrx_word' id='word_1_449' title='bbox 1083 414 1294 450; x_wconf 80' lang='grc' dir='ltr'>ἁνατρεπτικῶν</span> <span class='ocrx_word' id='word_1_450' title='bbox 1307 414 1359 448; x_wconf 73' lang='grc' dir='ltr'>τῆς</span> <span class='ocrx_word' id='word_1_451' title='bbox 1374 413 1430 440; x_wconf 87' lang='grc' dir='ltr'><strong>τῶν</strong></span> <span class='ocrx_word' id='word_1_452' title='bbox 1447 414 1591 449; x_wconf 77' lang='grc' dir='ltr'><strong>ἡμετέρων</strong></span> <span class='ocrx_word' id='word_1_453' title='bbox 1606 416 1672 449; x_wconf 78' lang='grc' dir='ltr'>περὶ</span> <span class='ocrx_word' id='word_1_454' title='bbox 1687 415 1734 442; x_wconf 79' lang='grc' dir='ltr'>τοῦ</span> <span class='ocrx_word' id='word_1_455' title='bbox 1750 415 1882 451; x_wconf 77' lang='grc' dir='ltr'>ζητήμα-</span> 
     </span>
    </p>
   </div>
   <div class='ocr_carea' id='block_1_70' title="bbox 1082 461 1750 496">
    <p class='ocr_par' dir='ltr' id='par_1_70' title="bbox 1082 461 1750 496">
     <span class='ocr_line' id='line_1_70' title="bbox 1082 461 1750 496; baseline 0.003 -9"><span class='ocrx_word' id='word_1_456' title='bbox 1082 468 1129 492; x_wconf 91' lang='grc' dir='ltr'><strong>τος</strong></span> <span class='ocrx_word' id='word_1_457' title='bbox 1140 461 1237 487; x_wconf 84' lang='grc' dir='ltr'>τούτου</span> <span class='ocrx_word' id='word_1_458' title='bbox 1251 461 1362 494; x_wconf 83' lang='grc' dir='ltr'><strong>ἀπάτης</strong></span> <span class='ocrx_word' id='word_1_459' title='bbox 1375 469 1382 476; x_wconf 93' lang='grc'><strong>·</strong></span> <span class='ocrx_word' id='word_1_460' title='bbox 1404 461 1555 496; x_wconf 69' lang='grc' dir='ltr'>ἐπίστησον</span> <span class='ocrx_word' id='word_1_461' title='bbox 1572 461 1600 487; x_wconf 79' lang='grc' dir='ltr'>δὲ</span> <span class='ocrx_word' id='word_1_462' title='bbox 1615 461 1750 496; x_wconf 76' lang='grc' dir='ltr'><strong>ἀκριϐῶς.</strong></span> 
     </span>
    </p>
   </div>
   <div class='ocr_carea' id='block_1_71' title="bbox 1123 506 1880 545">
    <p class='ocr_par' dir='ltr' id='par_1_71' title="bbox 1123 506 1880 545">
     <span class='ocr_line' id='line_1_71' title="bbox 1123 506 1880 545; baseline 0.005 -13"><span class='ocrx_word' id='word_1_463' title='bbox 1123 507 1221 541; x_wconf 80' lang='grc' dir='ltr'><strong>Ἡμεῖς</strong></span> <span class='ocrx_word' id='word_1_464' title='bbox 1235 506 1448 542; x_wconf 75' lang='grc' dir='ltr'>ἰσχυριζόμεθα,</span> <span class='ocrx_word' id='word_1_465' title='bbox 1465 508 1506 534; x_wconf 84' lang='grc' dir='ltr'>ὅτι</span> <span class='ocrx_word' id='word_1_466' title='bbox 1518 508 1598 534; x_wconf 82' lang='grc' dir='ltr'>τοῦτο</span> <span class='ocrx_word' id='word_1_467' title='bbox 1608 507 1638 534; x_wconf 73' lang='grc' dir='ltr'><strong>τὸ</strong></span> <span class='ocrx_word' id='word_1_468' title='bbox 1653 507 1768 543; x_wconf 78' lang='grc' dir='ltr'>κώλυμα</span> <span class='ocrx_word' id='word_1_469' title='bbox 1777 509 1880 545; x_wconf 80' lang='grc' dir='ltr'><strong>πρώτη</strong></span> 
     </span>
    </p>
   </div>
   <div class='ocr_carea' id='block_1_72' title="bbox 1082 551 1878 589">
    <p class='ocr_par' dir='ltr' id='par_1_72' title="bbox 1082 551 1878 589">
     <span class='ocr_line' id='line_1_72' title="bbox 1082 551 1878 589; baseline 0.006 -11"><span class='ocrx_word' id='word_1_470' title='bbox 1082 551 1099 585; x_wconf 77' lang='grc' dir='ltr'><strong>ἡ</strong></span> <span class='ocrx_word' id='word_1_471' title='bbox 1113 552 1191 587; x_wconf 80' lang='grc' dir='ltr'><strong>τρίτη</strong></span> <span class='ocrx_word' id='word_1_472' title='bbox 1211 553 1320 584; x_wconf 76' lang='grc' dir='ltr'><strong>σύνοδος</strong></span> <span class='ocrx_word' id='word_1_473' title='bbox 1340 553 1501 588; x_wconf 51' lang='grc' dir='ltr'>ἐπενόησεν,</span> <span class='ocrx_word' id='word_1_474' title='bbox 1519 553 1557 585; x_wconf 83' lang='grc' dir='ltr'>ὡς</span> <span class='ocrx_word' id='word_1_475' title='bbox 1570 554 1618 581; x_wconf 84' lang='grc' dir='ltr'>καὶ</span> <span class='ocrx_word' id='word_1_476' title='bbox 1635 555 1770 589; x_wconf 81' lang='grc' dir='ltr'>πρότερον</span> <span class='ocrx_word' id='word_1_477' title='bbox 1784 553 1878 583; x_wconf 71' lang='grc' dir='ltr'>εἷπον.</span> 
     </span>
    </p>
   </div>
   <div class='ocr_carea' id='block_1_73' title="bbox 1083 598 1878 638">
    <p class='ocr_par' dir='ltr' id='par_1_73' title="bbox 1083 598 1878 638">
     <span class='ocr_line' id='line_1_73' title="bbox 1083 598 1878 638; baseline 0.005 -14"><span class='ocrx_word' id='word_1_478' title='bbox 1083 598 1207 634; x_wconf 81' lang='grc' dir='ltr'>Εῐρημαι</span> <span class='ocrx_word' id='word_1_479' title='bbox 1218 599 1247 625; x_wconf 66' lang='grc' dir='ltr'>δὲ</span> <span class='ocrx_word' id='word_1_480' title='bbox 1259 599 1320 625; x_wconf 82' lang='grc' dir='ltr'>τότε</span> <span class='ocrx_word' id='word_1_481' title='bbox 1334 599 1383 626; x_wconf 73' lang='grc' dir='ltr'>καὶ</span> <span class='ocrx_word' id='word_1_482' title='bbox 1395 599 1445 632; x_wconf 83' lang='grc' dir='ltr'>τὴν</span> <span class='ocrx_word' id='word_1_483' title='bbox 1463 600 1566 631; x_wconf 71' lang='grc' dir='ltr'>αἰτίαν,</span> <span class='ocrx_word' id='word_1_484' title='bbox 1584 601 1626 627; x_wconf 82' lang='grc' dir='ltr'>ὅτι</span> <span class='ocrx_word' id='word_1_485' title='bbox 1650 601 1749 637; x_wconf 81' lang='grc' dir='ltr'>δηλαδὴ</span> <span class='ocrx_word' id='word_1_486' title='bbox 1764 602 1878 638; x_wconf 78' lang='grc' dir='ltr'>δρῶμεν</span> 
     </span>
    </p>
   </div>
   <div class='ocr_carea' id='block_1_74' title="bbox 1081 643 1901 682">
    <p class='ocr_par' dir='ltr' id='par_1_74' title="bbox 1081 643 1901 682">
     <span class='ocr_line' id='line_1_74' title="bbox 1081 643 1901 682; baseline 0.006 -13"><span class='ocrx_word' id='word_1_487' title='bbox 1081 643 1132 679; x_wconf 77' lang='grc' dir='ltr'><strong>τὴν</strong></span> <span class='ocrx_word' id='word_1_488' title='bbox 1146 644 1278 680; x_wconf 73' lang='grc' dir='ltr'>δευτέραν</span> <span class='ocrx_word' id='word_1_489' title='bbox 1296 644 1406 671; x_wconf 83' lang='grc' dir='ltr'>σύνοδον</span> <span class='ocrx_word' id='word_1_490' title='bbox 1420 645 1476 672; x_wconf 78' lang='grc' dir='ltr'><strong>ἀπὸ</strong></span> <span class='ocrx_word' id='word_1_491' title='bbox 1491 645 1539 672; x_wconf 82' lang='grc' dir='ltr'>τοῦ</span> <span class='ocrx_word' id='word_1_492' title='bbox 1557 646 1607 681; x_wconf 84' lang='grc' dir='ltr'>τῆς</span> <span class='ocrx_word' id='word_1_493' title='bbox 1629 647 1744 682; x_wconf 81' lang='grc' dir='ltr'>πρώτης</span> <span class='ocrx_word' id='word_1_494' title='bbox 1759 647 1876 674; x_wconf 81' lang='grc' dir='ltr'><strong>συνόδου</strong></span> <span class='ocrx_word' id='word_1_495' title='bbox 1897 659 1901 663; x_wconf 59' lang='grc' dir='ltr'><strong><em>λ</em></strong></span> 
     </span>
    </p>
   </div>
   <div class='ocr_carea' id='block_1_75' title="bbox 1083 689 1876 728">
    <p class='ocr_par' dir='ltr' id='par_1_75' title="bbox 1083 689 1876 728">
     <span class='ocr_line' id='line_1_75' title="bbox 1083 689 1876 728; baseline 0.008 -13"><span class='ocrx_word' id='word_1_496' title='bbox 1083 689 1220 725; x_wconf 74' lang='grc' dir='ltr'>συμδόὶου</span> <span class='ocrx_word' id='word_1_497' title='bbox 1251 691 1407 725; x_wconf 77' lang='grc' dir='ltr'><strong>ἀφελοῦσαν</strong></span> <span class='ocrx_word' id='word_1_498' title='bbox 1421 692 1549 724; x_wconf 77' lang='grc' dir='ltr'>πλεῖστα.</span> <span class='ocrx_word' id='word_1_499' title='bbox 1576 694 1623 720; x_wconf 82' lang='grc' dir='ltr'><strong>καὶ</strong></span> <span class='ocrx_word' id='word_1_500' title='bbox 1645 694 1819 728; x_wconf 72' lang='grc' dir='ltr'><strong>προσθεῖσαν</strong></span> <span class='ocrx_word' id='word_1_501' title='bbox 1834 694 1876 720; x_wconf 71' lang='lat' dir='ltr'><strong>In</strong></span> 
     </span>
    </p>
   </div>
   <div class='ocr_carea' id='block_1_76' title="bbox 1081 736 1872 774">
    <p class='ocr_par' dir='ltr' id='par_1_76' title="bbox 1081 736 1872 774">
     <span class='ocr_line' id='line_1_76' title="bbox 1081 736 1872 774; baseline 0.005 -11"><span class='ocrx_word' id='word_1_502' title='bbox 1081 736 1205 765; x_wconf 72' lang='grc' dir='ltr'>πλείονα.</span> <span class='ocrx_word' id='word_1_503' title='bbox 1224 737 1269 764; x_wconf 77' lang='grc' dir='ltr'>Διὸ</span> <span class='ocrx_word' id='word_1_504' title='bbox 1295 738 1326 764; x_wconf 87' lang='grc' dir='ltr'><strong>ού</strong></span> <span class='ocrx_word' id='word_1_505' title='bbox 1341 738 1489 773; x_wconf 80' lang='grc' dir='ltr'>τολμῶμεν</span> <span class='ocrx_word' id='word_1_506' title='bbox 1516 738 1621 773; x_wconf 77' lang='grc' dir='ltr'>λέγειν,</span> <span class='ocrx_word' id='word_1_507' title='bbox 1646 739 1688 766; x_wconf 80' lang='grc' dir='ltr'>ὅτι</span> <span class='ocrx_word' id='word_1_508' title='bbox 1714 740 1767 774; x_wconf 67' lang='grc' dir='ltr'><strong>πρὸ</strong></span> <span class='ocrx_word' id='word_1_509' title='bbox 1783 740 1835 773; x_wconf 84' lang='grc' dir='ltr'>τῆς</span> <span class='ocrx_word' id='word_1_510' title='bbox 1850 739 1872 774; x_wconf 84' lang='grc' dir='ltr'><strong>β’</strong></span> 
     </span>
    </p>
   </div>
   <div class='ocr_carea' id='block_1_77' title="bbox 1082 781 1877 820">
    <p class='ocr_par' dir='ltr' id='par_1_77' title="bbox 1082 781 1877 820">
     <span class='ocr_line' id='line_1_77' title="bbox 1082 781 1877 820; baseline 0.005 -12"><span class='ocrx_word' id='word_1_511' title='bbox 1082 783 1190 810; x_wconf 79' lang='grc' dir='ltr'>συνόδου</span> <span class='ocrx_word' id='word_1_512' title='bbox 1200 781 1235 818; x_wconf 84' lang='grc' dir='ltr'>ἧν</span> <span class='ocrx_word' id='word_1_513' title='bbox 1251 784 1331 810; x_wconf 79' lang='grc' dir='ltr'>τοῦτο</span> <span class='ocrx_word' id='word_1_514' title='bbox 1348 784 1553 819; x_wconf 75' lang='grc' dir='ltr'>κεκωλυμένον.</span> <span class='ocrx_word' id='word_1_515' title='bbox 1579 785 1610 811; x_wconf 76' lang='lat' dir='ltr'><strong>Et</strong></span> <span class='ocrx_word' id='word_1_516' title='bbox 1627 785 1682 820; x_wconf 72' lang='grc' dir='ltr'><strong>γὰρ</strong></span> <span class='ocrx_word' id='word_1_517' title='bbox 1697 785 1780 812; x_wconf 81' lang='grc' dir='ltr'>τοῦτο</span> <span class='ocrx_word' id='word_1_518' title='bbox 1794 785 1877 812; x_wconf 64' lang='lat' dir='ltr'><strong>stm-</strong></span> 
     </span>
    </p>
   </div>
   <div class='ocr_carea' id='block_1_78' title="bbox 1084 827 1874 865">
    <p class='ocr_par' dir='ltr' id='par_1_78' title="bbox 1084 827 1874 865">
     <span class='ocr_line' id='line_1_78' title="bbox 1084 827 1874 865; baseline 0.003 -12"><span class='ocrx_word' id='word_1_519' title='bbox 1084 836 1143 862; x_wconf 83' lang='grc' dir='ltr'>μεν,</span> <span class='ocrx_word' id='word_1_520' title='bbox 1159 828 1214 854; x_wconf 86' lang='grc' dir='ltr'>τῶν</span> <span class='ocrx_word' id='word_1_521' title='bbox 1228 829 1276 856; x_wconf 84' lang='grc' dir='ltr'><strong>δύο</strong></span> <span class='ocrx_word' id='word_1_522' title='bbox 1290 830 1397 864; x_wconf 75' lang='grc' dir='ltr'>ἀνάγκη</span> <span class='ocrx_word' id='word_1_523' title='bbox 1414 827 1485 856; x_wconf 77' lang='grc' dir='ltr'>εἶναι</span> <span class='ocrx_word' id='word_1_524' title='bbox 1500 830 1531 856; x_wconf 79' lang='grc' dir='ltr'>τὸ</span> <span class='ocrx_word' id='word_1_525' title='bbox 1554 829 1649 865; x_wconf 76' lang='grc' dir='ltr'>ιτσρον</span> <span class='ocrx_word' id='word_1_526' title='bbox 1659 838 1667 846; x_wconf 86' lang='lat'><strong>&#39;</strong></span> <span class='ocrx_word' id='word_1_527' title='bbox 1683 830 1699 864; x_wconf 87' lang='grc' dir='ltr'>ῆ</span> <span class='ocrx_word' id='word_1_528' title='bbox 1719 831 1761 857; x_wconf 82' lang='grc' dir='ltr'>ὅτι</span> <span class='ocrx_word' id='word_1_529' title='bbox 1785 838 1874 865; x_wconf 83' lang='grc' dir='ltr'>παρα-</span> 
     </span>
    </p>
   </div>
   <div class='ocr_carea' id='block_1_79' title="bbox 1080 874 1873 911">
    <p class='ocr_par' dir='ltr' id='par_1_79' title="bbox 1080 874 1873 911">
     <span class='ocr_line' id='line_1_79' title="bbox 1080 874 1873 911; baseline 0.004 -13"><span class='ocrx_word' id='word_1_530' title='bbox 1080 874 1170 908; x_wconf 81' lang='grc' dir='ltr'>νόμως</span> <span class='ocrx_word' id='word_1_531' title='bbox 1181 874 1314 909; x_wconf 71' lang='grc' dir='ltr'>ιποίησαν</span> <span class='ocrx_word' id='word_1_532' title='bbox 1329 876 1353 901; x_wconf 88' lang='grc' dir='ltr'>οι</span> <span class='ocrx_word' id='word_1_533' title='bbox 1365 875 1415 910; x_wconf 86' lang='grc' dir='ltr'>τῆς</span> <span class='ocrx_word' id='word_1_534' title='bbox 1431 874 1454 910; x_wconf 83' lang='grc' dir='ltr'><strong>β’</strong></span> <span class='ocrx_word' id='word_1_535' title='bbox 1467 875 1577 902; x_wconf 82' lang='grc' dir='ltr'>συνόδου</span> <span class='ocrx_word' id='word_1_536' title='bbox 1593 875 1726 911; x_wconf 76' lang='grc' dir='ltr'>Ηατὲρες,</span> <span class='ocrx_word' id='word_1_537' title='bbox 1737 875 1785 902; x_wconf 85' lang='grc' dir='ltr'>καί</span> <span class='ocrx_word' id='word_1_538' title='bbox 1799 876 1873 902; x_wconf 70' lang='grc' dir='ltr'>εἰσιν</span> 
     </span>
    </p>
   </div>
   <div class='ocr_carea' id='block_1_80' title="bbox 1079 918 1873 957">
    <p class='ocr_par' dir='ltr' id='par_1_80' title="bbox 1079 918 1873 957">
     <span class='ocr_line' id='line_1_80' title="bbox 1079 918 1873 957; baseline 0.005 -12"><span class='ocrx_word' id='word_1_539' title='bbox 1079 918 1132 945; x_wconf 77' lang='grc' dir='ltr'><strong>ὑπὸ</strong></span> <span class='ocrx_word' id='word_1_540' title='bbox 1148 919 1292 954; x_wconf 73' lang='grc' dir='ltr'>ἀνάθεμα·</span> <span class='ocrx_word' id='word_1_541' title='bbox 1310 921 1326 955; x_wconf 82' lang='grc' dir='ltr'>ἢ</span> <span class='ocrx_word' id='word_1_542' title='bbox 1345 921 1370 947; x_wconf 82' lang='grc' dir='ltr'>εἰ</span> <span class='ocrx_word' id='word_1_543' title='bbox 1396 921 1477 947; x_wconf 76' lang='grc' dir='ltr'>τοῦτο</span> <span class='ocrx_word' id='word_1_544' title='bbox 1500 921 1665 957; x_wconf 72' lang='grc' dir='ltr'>βλάσφημον</span> <span class='ocrx_word' id='word_1_545' title='bbox 1689 921 1791 955; x_wconf 72' lang='grc' dir='ltr'>λάγειν,</span> <span class='ocrx_word' id='word_1_546' title='bbox 1819 923 1873 949; x_wconf 71' lang='grc' dir='ltr'><strong>οὐκ</strong></span> 
     </span>
    </p>
   </div>
   <div class='ocr_carea' id='block_1_81' title="bbox 1078 963 1872 1001">
    <p class='ocr_par' dir='ltr' id='par_1_81' title="bbox 1078 963 1872 1001">
     <span class='ocr_line' id='line_1_81' title="bbox 1078 963 1872 1001; baseline 0.005 -12"><span class='ocrx_word' id='word_1_547' title='bbox 1078 963 1133 996; x_wconf 73' lang='grc' dir='ltr'>ἄρα</span> <span class='ocrx_word' id='word_1_548' title='bbox 1150 965 1308 1000; x_wconf 78' lang='grc' dir='ltr'><strong>ῥηματικὴν</strong></span> <span class='ocrx_word' id='word_1_549' title='bbox 1321 966 1496 1001; x_wconf 81' lang='grc' dir='ltr'><strong>προσθήκην,</strong></span> <span class='ocrx_word' id='word_1_550' title='bbox 1522 965 1591 993; x_wconf 74' lang='grc' dir='ltr'>ἀλλὰ</span> <span class='ocrx_word' id='word_1_551' title='bbox 1605 967 1655 999; x_wconf 81' lang='grc' dir='ltr'><strong>τὰς</strong></span> <span class='ocrx_word' id='word_1_552' title='bbox 1679 967 1806 998; x_wconf 74' lang='grc' dir='ltr'>ἐναντίας</span> <span class='ocrx_word' id='word_1_553' title='bbox 1823 967 1872 993; x_wconf 83' lang='grc' dir='ltr'><strong>ὲν-</strong></span> 
     </span>
    </p>
   </div>
   <div class='ocr_carea' id='block_1_82' title="bbox 1077 1009 1872 1048">
    <p class='ocr_par' dir='ltr' id='par_1_82' title="bbox 1077 1009 1872 1048">
     <span class='ocr_line' id='line_1_82' title="bbox 1077 1009 1872 1048; baseline 0.004 -13"><span class='ocrx_word' id='word_1_554' title='bbox 1077 1009 1152 1040; x_wconf 87' lang='grc' dir='ltr'>νοίας</span> <span class='ocrx_word' id='word_1_555' title='bbox 1174 1009 1320 1037; x_wconf 78' lang='grc' dir='ltr'>κωλύουσι.</span> <span class='ocrx_word' id='word_1_556' title='bbox 1351 1011 1402 1038; x_wconf 72' lang='grc' dir='ltr'><strong>Διὰ</strong></span> <span class='ocrx_word' id='word_1_557' title='bbox 1420 1011 1500 1039; x_wconf 79' lang='grc' dir='ltr'>τοῦτο</span> <span class='ocrx_word' id='word_1_558' title='bbox 1529 1012 1645 1046; x_wconf 79' lang='grc' dir='ltr'>λέγομεν</span> <span class='ocrx_word' id='word_1_559' title='bbox 1667 1013 1710 1040; x_wconf 81' lang='grc' dir='ltr'>ὅτι</span> <span class='ocrx_word' id='word_1_560' title='bbox 1734 1013 1805 1048; x_wconf 71' lang='grc' dir='ltr'>μετὰ</span> <span class='ocrx_word' id='word_1_561' title='bbox 1818 1012 1872 1048; x_wconf 74' lang='grc' dir='ltr'>τὴν</span> 
     </span>
    </p>
   </div>
   <div class='ocr_carea' id='block_1_83' title="bbox 1077 1053 1869 1091">
    <p class='ocr_par' dir='ltr' id='par_1_83' title="bbox 1077 1053 1869 1091">
     <span class='ocr_line' id='line_1_83' title="bbox 1077 1053 1869 1091; baseline 0.006 -12"><span class='ocrx_word' id='word_1_562' title='bbox 1077 1053 1206 1088; x_wconf 75' lang='grc' dir='ltr'>δευτέραν</span> <span class='ocrx_word' id='word_1_563' title='bbox 1225 1053 1335 1081; x_wconf 78' lang='grc' dir='ltr'>σύνοδον</span> <span class='ocrx_word' id='word_1_564' title='bbox 1352 1055 1382 1081; x_wconf 88' lang='grc' dir='ltr'>τὸ</span> <span class='ocrx_word' id='word_1_565' title='bbox 1403 1056 1517 1091; x_wconf 69' lang='grc' dir='ltr'>κώλυμα</span> <span class='ocrx_word' id='word_1_566' title='bbox 1528 1056 1610 1083; x_wconf 80' lang='grc' dir='ltr'>τοῦτο</span> <span class='ocrx_word' id='word_1_567' title='bbox 1628 1056 1737 1090; x_wconf 71' lang='grc' dir='ltr'>γιγονε,</span> <span class='ocrx_word' id='word_1_568' title='bbox 1754 1058 1800 1084; x_wconf 81' lang='grc' dir='ltr'><strong>καὶ</strong></span> <span class='ocrx_word' id='word_1_569' title='bbox 1817 1058 1869 1084; x_wconf 77' lang='grc' dir='ltr'><strong>οὐκ</strong></span> 
     </span>
    </p>
   </div>
   <div class='ocr_carea' id='block_1_84' title="bbox 1077 1096 1869 1140">
    <p class='ocr_par' dir='ltr' id='par_1_84' title="bbox 1077 1096 1869 1140">
     <span class='ocr_line' id='line_1_84' title="bbox 1077 1096 1869 1140; baseline 0.005 -15"><span class='ocrx_word' id='word_1_570' title='bbox 1077 1096 1112 1133; x_wconf 83' lang='grc' dir='ltr'>ἦν</span> <span class='ocrx_word' id='word_1_571' title='bbox 1121 1099 1175 1135; x_wconf 77' lang='grc' dir='ltr'>πρὸ</span> <span class='ocrx_word' id='word_1_572' title='bbox 1189 1100 1283 1135; x_wconf 82' lang='grc' dir='ltr'>αὐτῆς.</span> <span class='ocrx_word' id='word_1_573' title='bbox 1304 1100 1385 1127; x_wconf 81' lang='grc' dir='ltr'>’Ὥστε</span> <span class='ocrx_word' id='word_1_574' title='bbox 1402 1102 1450 1129; x_wconf 78' lang='grc' dir='ltr'>ἐάν</span> <span class='ocrx_word' id='word_1_575' title='bbox 1477 1103 1519 1133; x_wconf 75' lang='grc' dir='ltr'><strong>τις</strong></span> <span class='ocrx_word' id='word_1_576' title='bbox 1532 1103 1566 1129; x_wconf 76' lang='grc' dir='ltr'><strong>ἐκ</strong></span> <span class='ocrx_word' id='word_1_577' title='bbox 1581 1102 1629 1129; x_wconf 80' lang='grc' dir='ltr'>τοῦ</span> <span class='ocrx_word' id='word_1_578' title='bbox 1645 1103 1767 1129; x_wconf 65' lang='grc' dir='ltr'>ἐναντίου</span> <span class='ocrx_word' id='word_1_579' title='bbox 1779 1103 1869 1140; x_wconf 48' lang='grc' dir='ltr'>δείξῃς</span> 
     </span>
    </p>
   </div>
   <div class='ocr_carea' id='block_1_85' title="bbox 1079 1145 1868 1184">
    <p class='ocr_par' dir='ltr' id='par_1_85' title="bbox 1079 1145 1868 1184">
     <span class='ocr_line' id='line_1_85' title="bbox 1079 1145 1868 1184; baseline 0.006 -14"><span class='ocrx_word' id='word_1_580' title='bbox 1079 1145 1119 1171; x_wconf 84' lang='grc' dir='ltr'>ὅτι</span> <span class='ocrx_word' id='word_1_581' title='bbox 1140 1145 1194 1180; x_wconf 78' lang='grc' dir='ltr'><strong>πρὸ</strong></span> <span class='ocrx_word' id='word_1_582' title='bbox 1213 1145 1264 1180; x_wconf 83' lang='grc' dir='ltr'>τῆς</span> <span class='ocrx_word' id='word_1_583' title='bbox 1278 1146 1301 1182; x_wconf 79' lang='grc' dir='ltr'><strong>β’</strong></span> <span class='ocrx_word' id='word_1_584' title='bbox 1316 1147 1426 1173; x_wconf 85' lang='grc' dir='ltr'>συνόδου</span> <span class='ocrx_word' id='word_1_585' title='bbox 1443 1146 1476 1183; x_wconf 84' lang='grc' dir='ltr'>ἦν</span> <span class='ocrx_word' id='word_1_586' title='bbox 1490 1149 1521 1175; x_wconf 74' lang='grc' dir='ltr'><strong>τὸ</strong></span> <span class='ocrx_word' id='word_1_587' title='bbox 1540 1149 1606 1175; x_wconf 79' lang='grc' dir='ltr'>αὐτὸ</span> <span class='ocrx_word' id='word_1_588' title='bbox 1622 1149 1749 1184; x_wconf 81' lang='grc' dir='ltr'>κώλυμα,</span> <span class='ocrx_word' id='word_1_589' title='bbox 1761 1150 1832 1184; x_wconf 76' lang='grc' dir='ltr'>ὅπερ</span> <span class='ocrx_word' id='word_1_590' title='bbox 1850 1150 1868 1184; x_wconf 76' lang='grc' dir='ltr'><strong>ἠ</strong></span> 
     </span>
    </p>
   </div>
   <div class='ocr_carea' id='block_1_86' title="bbox 1076 1190 1864 1229">
    <p class='ocr_par' dir='ltr' id='par_1_86' title="bbox 1076 1190 1864 1229">
     <span class='ocr_line' id='line_1_86' title="bbox 1076 1190 1864 1229; baseline 0.006 -14"><span class='ocrx_word' id='word_1_591' title='bbox 1076 1190 1156 1225; x_wconf 75' lang='grc' dir='ltr'>τρίτη</span> <span class='ocrx_word' id='word_1_592' title='bbox 1169 1190 1278 1223; x_wconf 80' lang='grc' dir='ltr'>σύνοδος</span> <span class='ocrx_word' id='word_1_593' title='bbox 1293 1191 1357 1228; x_wconf 73' lang='grc' dir='ltr'>ἔφη,</span> <span class='ocrx_word' id='word_1_594' title='bbox 1381 1193 1428 1220; x_wconf 76' lang='grc' dir='ltr'><strong>καὶ</strong></span> <span class='ocrx_word' id='word_1_595' title='bbox 1442 1195 1498 1225; x_wconf 84' lang='grc' dir='ltr'>τοῖς</span> <span class='ocrx_word' id='word_1_596' title='bbox 1515 1194 1608 1225; x_wconf 74' lang='grc' dir='ltr'>αὐτοῖς</span> <span class='ocrx_word' id='word_1_597' title='bbox 1630 1194 1722 1229; x_wconf 76' lang='grc' dir='ltr'>σχεδὸν</span> <span class='ocrx_word' id='word_1_598' title='bbox 1744 1195 1864 1229; x_wconf 70' lang='grc' dir='ltr'>ῥήμασι,</span> 
     </span>
    </p>
   </div>
   <div class='ocr_carea' id='block_1_87' title="bbox 1077 1237 1866 1275">
    <p class='ocr_par' dir='ltr' id='par_1_87' title="bbox 1077 1237 1866 1275">
     <span class='ocr_line' id='line_1_87' title="bbox 1077 1237 1866 1275; baseline 0.005 -13"><span class='ocrx_word' id='word_1_599' title='bbox 1077 1237 1223 1271; x_wconf 75' lang='grc' dir='ltr'>συνάγεται</span> <span class='ocrx_word' id='word_1_600' title='bbox 1250 1238 1305 1265; x_wconf 82' lang='grc' dir='ltr'><strong>τῶν</strong></span> <span class='ocrx_word' id='word_1_601' title='bbox 1330 1239 1544 1274; x_wconf 70' lang='grc' dir='ltr'>προειρημένων</span> <span class='ocrx_word' id='word_1_602' title='bbox 1567 1240 1613 1267; x_wconf 89' lang='grc' dir='ltr'><strong>δύο</strong></span> <span class='ocrx_word' id='word_1_603' title='bbox 1629 1240 1660 1267; x_wconf 78' lang='grc' dir='ltr'>τὸ</span> <span class='ocrx_word' id='word_1_604' title='bbox 1685 1240 1790 1275; x_wconf 74' lang='grc' dir='ltr'>ἕτερον.</span> <span class='ocrx_word' id='word_1_605' title='bbox 1808 1240 1866 1266; x_wconf 77' lang='grc' dir='ltr'><strong>Καὶ</strong></span> 
     </span>
    </p>
   </div>
   <div class='ocr_carea' id='block_1_88' title="bbox 1076 1281 1865 1318">
    <p class='ocr_par' dir='ltr' id='par_1_88' title="bbox 1076 1281 1865 1318">
     <span class='ocr_line' id='line_1_88' title="bbox 1076 1281 1865 1318; baseline 0.006 -12"><span class='ocrx_word' id='word_1_606' title='bbox 1076 1281 1171 1316; x_wconf 68' lang='grc' dir='ltr'>ἐπειδὴ</span> <span class='ocrx_word' id='word_1_607' title='bbox 1190 1282 1243 1308; x_wconf 79' lang='grc' dir='ltr'><strong>ὑπὸ</strong></span> <span class='ocrx_word' id='word_1_608' title='bbox 1257 1283 1385 1318; x_wconf 76' lang='grc' dir='ltr'>ἀνάθεμα</span> <span class='ocrx_word' id='word_1_609' title='bbox 1399 1285 1499 1316; x_wconf 78' lang='grc' dir='ltr'>αὐτοὺς</span> <span class='ocrx_word' id='word_1_610' title='bbox 1514 1281 1597 1317; x_wconf 78' lang='grc' dir='ltr'>εἶναι,</span> <span class='ocrx_word' id='word_1_611' title='bbox 1609 1286 1655 1311; x_wconf 75' lang='grc' dir='ltr'><strong>καὶ</strong></span> <span class='ocrx_word' id='word_1_612' title='bbox 1673 1285 1767 1315; x_wconf 82' lang='grc' dir='ltr'>κακῶς</span> <span class='ocrx_word' id='word_1_613' title='bbox 1783 1285 1865 1318; x_wconf 76' lang='grc' dir='ltr'>ποιῆ-</span> 
     </span>
    </p>
   </div>
   <div class='ocr_carea' id='block_1_89' title="bbox 1077 1328 1863 1365">
    <p class='ocr_par' dir='ltr' id='par_1_89' title="bbox 1077 1328 1863 1365">
     <span class='ocr_line' id='line_1_89' title="bbox 1077 1328 1863 1365; baseline 0.005 -12"><span class='ocrx_word' id='word_1_614' title='bbox 1077 1335 1133 1359; x_wconf 84' lang='grc' dir='ltr'>σαι,</span> <span class='ocrx_word' id='word_1_615' title='bbox 1153 1328 1184 1354; x_wconf 83' lang='grc' dir='ltr'>οὺ</span> <span class='ocrx_word' id='word_1_616' title='bbox 1208 1329 1354 1365; x_wconf 72' lang='grc' dir='ltr'>τολμῶμεν</span> <span class='ocrx_word' id='word_1_617' title='bbox 1379 1331 1479 1362; x_wconf 70' lang='grc' dir='ltr'>εἰπεῖν,</span> <span class='ocrx_word' id='word_1_618' title='bbox 1507 1330 1631 1357; x_wconf 80' lang='grc' dir='ltr'>λείπεται</span> <span class='ocrx_word' id='word_1_619' title='bbox 1657 1331 1688 1357; x_wconf 75' lang='grc' dir='ltr'>τὸ</span> <span class='ocrx_word' id='word_1_620' title='bbox 1714 1331 1863 1364; x_wconf 83' lang='grc' dir='ltr'>δεύτερον·</span> 
     </span>
    </p>
   </div>
   <div class='ocr_carea' id='block_1_90' title="bbox 1076 1373 1864 1411">
    <p class='ocr_par' dir='ltr' id='par_1_90' title="bbox 1076 1373 1864 1411">
     <span class='ocr_line' id='line_1_90' title="bbox 1076 1373 1864 1411; baseline 0.004 -13"><span class='ocrx_word' id='word_1_621' title='bbox 1076 1373 1135 1408; x_wconf 79' lang='grc' dir='ltr'>ῆτοι</span> <span class='ocrx_word' id='word_1_622' title='bbox 1151 1374 1181 1399; x_wconf 85' lang='grc' dir='ltr'><strong>τδ</strong></span> <span class='ocrx_word' id='word_1_623' title='bbox 1193 1374 1310 1409; x_wconf 82' lang='grc' dir='ltr'>κώλυμα</span> <span class='ocrx_word' id='word_1_624' title='bbox 1324 1375 1403 1402; x_wconf 83' lang='grc' dir='ltr'>τοῦτο</span> <span class='ocrx_word' id='word_1_625' title='bbox 1427 1375 1465 1411; x_wconf 83' lang='grc' dir='ltr'><strong>μὴ</strong></span> <span class='ocrx_word' id='word_1_626' title='bbox 1485 1375 1578 1403; x_wconf 74' lang='grc' dir='ltr'>τοῦτον</span> <span class='ocrx_word' id='word_1_627' title='bbox 1594 1376 1666 1411; x_wconf 70' lang='grc' dir='ltr'>ἔχειν</span> <span class='ocrx_word' id='word_1_628' title='bbox 1679 1376 1725 1402; x_wconf 76' lang='grc' dir='ltr'><strong>τὸν</strong></span> <span class='ocrx_word' id='word_1_629' title='bbox 1741 1376 1811 1407; x_wconf 74' lang='grc' dir='ltr'>γοῦν,</span> <span class='ocrx_word' id='word_1_630' title='bbox 1833 1376 1864 1402; x_wconf 80' lang='grc' dir='ltr'>ὃν</span> 
     </span>
    </p>
   </div>
   <div class='ocr_carea' id='block_1_91' title="bbox 1075 1419 1863 1457">
    <p class='ocr_par' dir='ltr' id='par_1_91' title="bbox 1075 1419 1863 1457">
     <span class='ocr_line' id='line_1_91' title="bbox 1075 1419 1863 1457; baseline 0.003 -12"><span class='ocrx_word' id='word_1_631' title='bbox 1075 1419 1101 1445; x_wconf 86' lang='grc' dir='ltr'><strong>οί</strong></span> <span class='ocrx_word' id='word_1_632' title='bbox 1114 1420 1246 1455; x_wconf 68' lang='grc' dir='ltr'>ἡμέτεροι</span> <span class='ocrx_word' id='word_1_633' title='bbox 1261 1421 1376 1455; x_wconf 80' lang='grc' dir='ltr'>οἴονται,</span> <span class='ocrx_word' id='word_1_634' title='bbox 1394 1422 1461 1449; x_wconf 81' lang='grc' dir='ltr'>ἀλλὰ</span> <span class='ocrx_word' id='word_1_635' title='bbox 1484 1422 1534 1457; x_wconf 82' lang='grc' dir='ltr'>τὴν</span> <span class='ocrx_word' id='word_1_636' title='bbox 1554 1422 1681 1449; x_wconf 65' lang='grc' dir='ltr'>ἔναντίαν</span> <span class='ocrx_word' id='word_1_637' title='bbox 1697 1422 1788 1448; x_wconf 85' lang='grc' dir='ltr'>πίστιν</span> <span class='ocrx_word' id='word_1_638' title='bbox 1804 1429 1863 1448; x_wconf 81' lang='grc' dir='ltr'><strong>κω-</strong></span> 
     </span>
    </p>
   </div>
   <div class='ocr_carea' id='block_1_92' title="bbox 1075 1467 1861 1506">
    <p class='ocr_par' dir='ltr' id='par_1_92' title="bbox 1075 1467 1861 1506">
     <span class='ocr_line' id='line_1_92' title="bbox 1075 1467 1861 1506; baseline 0.003 -12"><span class='ocrx_word' id='word_1_639' title='bbox 1075 1468 1162 1497; x_wconf 85' lang='grc' dir='ltr'>λύειν.</span> <span class='ocrx_word' id='word_1_640' title='bbox 1179 1469 1267 1496; x_wconf 82' lang='grc' dir='ltr'>Τοῦτο</span> <span class='ocrx_word' id='word_1_641' title='bbox 1281 1467 1328 1497; x_wconf 85' lang='grc' dir='ltr'>οὖν</span> <span class='ocrx_word' id='word_1_642' title='bbox 1342 1470 1448 1504; x_wconf 78' lang='grc' dir='ltr'>εδιιξαν</span> <span class='ocrx_word' id='word_1_643' title='bbox 1475 1471 1541 1506; x_wconf 80' lang='grc' dir='ltr'>ἡμῖν</span> <span class='ocrx_word' id='word_1_644' title='bbox 1557 1471 1583 1497; x_wconf 90' lang='grc' dir='ltr'><strong>οι</strong></span> <span class='ocrx_word' id='word_1_645' title='bbox 1596 1471 1706 1498; x_wconf 81' lang='grc' dir='ltr'>Λατῖνοι</span> <span class='ocrx_word' id='word_1_646' title='bbox 1719 1477 1727 1486; x_wconf 85' lang='grc'><strong>·</strong></span> <span class='ocrx_word' id='word_1_647' title='bbox 1755 1470 1861 1497; x_wconf 73' lang='grc' dir='ltr'>ἀναπέ-</span> 
     </span>
    </p>
   </div>
   <div class='ocr_carea' id='block_1_93' title="bbox 1076 1516 1865 1552">
    <p class='ocr_par' dir='ltr' id='par_1_93' title="bbox 1076 1516 1865 1552">
     <span class='ocr_line' id='line_1_93' title="bbox 1076 1516 1865 1552; baseline 0.001 -11"><span class='ocrx_word' id='word_1_648' title='bbox 1076 1523 1176 1550; x_wconf 74' lang='grc' dir='ltr'>φανται</span> <span class='ocrx_word' id='word_1_649' title='bbox 1196 1517 1251 1551; x_wconf 82' lang='grc' dir='ltr'><strong>γάρ</strong></span> <span class='ocrx_word' id='word_1_650' title='bbox 1268 1516 1314 1542; x_wconf 81' lang='grc' dir='ltr'><strong>ὑπ’</strong></span> <span class='ocrx_word' id='word_1_651' title='bbox 1334 1517 1436 1548; x_wconf 79' lang='grc' dir='ltr'>αὐτῶν,</span> <span class='ocrx_word' id='word_1_652' title='bbox 1453 1517 1495 1543; x_wconf 80' lang='grc' dir='ltr'>ὅτι</span> <span class='ocrx_word' id='word_1_653' title='bbox 1510 1517 1592 1544; x_wconf 74' lang='grc' dir='ltr'>τοῦτο</span> <span class='ocrx_word' id='word_1_654' title='bbox 1608 1517 1639 1544; x_wconf 80' lang='grc' dir='ltr'>τὸ</span> <span class='ocrx_word' id='word_1_655' title='bbox 1654 1516 1770 1552; x_wconf 80' lang='grc' dir='ltr'>κώλυμα</span> <span class='ocrx_word' id='word_1_656' title='bbox 1793 1517 1810 1551; x_wconf 81' lang='grc' dir='ltr'>ἡ</span> <span class='ocrx_word' id='word_1_657' title='bbox 1833 1517 1865 1542; x_wconf 73' lang='grc' dir='ltr'>ἐν</span> 
     </span>
    </p>
   </div>
   <div class='ocr_carea' id='block_1_94' title="bbox 1076 1561 1864 1598">
    <p class='ocr_par' dir='ltr' id='par_1_94' title="bbox 1076 1561 1864 1598">
     <span class='ocr_line' id='line_1_94' title="bbox 1076 1561 1864 1598; baseline 0.004 -12"><span class='ocrx_word' id='word_1_658' title='bbox 1076 1561 1178 1596; x_wconf 77' lang='grc' dir='ltr'>Νικαῐᾳ</span> <span class='ocrx_word' id='word_1_659' title='bbox 1191 1561 1288 1597; x_wconf 84' lang='grc' dir='ltr'>πρώτη</span> <span class='ocrx_word' id='word_1_660' title='bbox 1305 1561 1414 1593; x_wconf 78' lang='grc' dir='ltr'>σύνοδος</span> <span class='ocrx_word' id='word_1_661' title='bbox 1431 1563 1566 1597; x_wconf 74' lang='grc' dir='ltr'>πεποίηκε</span> <span class='ocrx_word' id='word_1_662' title='bbox 1585 1563 1682 1598; x_wconf 83' lang='grc' dir='ltr'>πρώτη</span> <span class='ocrx_word' id='word_1_663' title='bbox 1705 1562 1796 1594; x_wconf 82' lang='grc' dir='ltr'>αὐτοις</span> <span class='ocrx_word' id='word_1_664' title='bbox 1814 1562 1864 1598; x_wconf 78' lang='grc' dir='ltr'><strong>ῥή-</strong></span> 
     </span>
    </p>
   </div>
   <div class='ocr_carea' id='block_1_95' title="bbox 1077 1601 1865 1641">
    <p class='ocr_par' dir='ltr' id='par_1_95' title="bbox 1077 1601 1865 1641">
     <span class='ocr_line' id='line_1_95' title="bbox 1077 1601 1865 1641; baseline 0.005 -12"><span class='ocrx_word' id='word_1_665' title='bbox 1077 1612 1168 1638; x_wconf 79' lang='grc' dir='ltr'>μασιν,</span> <span class='ocrx_word' id='word_1_666' title='bbox 1186 1601 1228 1635; x_wconf 74' lang='grc' dir='ltr'>οῖς</span> <span class='ocrx_word' id='word_1_667' title='bbox 1245 1604 1292 1630; x_wconf 79' lang='grc' dir='ltr'><strong>καὶ</strong></span> <span class='ocrx_word' id='word_1_668' title='bbox 1309 1605 1325 1639; x_wconf 89' lang='grc' dir='ltr'>ὴ</span> <span class='ocrx_word' id='word_1_669' title='bbox 1341 1605 1420 1639; x_wconf 82' lang='grc' dir='ltr'>τρίτη</span> <span class='ocrx_word' id='word_1_670' title='bbox 1441 1605 1489 1631; x_wconf 77' lang='grc' dir='ltr'><strong>καὶ</strong></span> <span class='ocrx_word' id='word_1_671' title='bbox 1511 1606 1539 1632; x_wconf 82' lang='grc' dir='ltr'>αἱ</span> <span class='ocrx_word' id='word_1_672' title='bbox 1557 1606 1657 1641; x_wconf 71' lang='grc' dir='ltr'>ἑφεξῆς</span> <span class='ocrx_word' id='word_1_673' title='bbox 1683 1608 1770 1641; x_wconf 83' lang='grc' dir='ltr'>ταύτῃ</span> <span class='ocrx_word' id='word_1_674' title='bbox 1797 1607 1865 1633; x_wconf 53' lang='lat' dir='ltr'><strong>dmi</strong></span> 
     </span>
    </p>
   </div>
   <div class='ocr_carea' id='block_1_96' title="bbox 1076 1649 1863 1685">
    <p class='ocr_par' dir='ltr' id='par_1_96' title="bbox 1076 1649 1863 1685">
     <span class='ocr_line' id='line_1_96' title="bbox 1076 1649 1863 1685; baseline 0.008 -11"><span class='ocrx_word' id='word_1_675' title='bbox 1076 1649 1452 1684; x_wconf 80' lang='grc' dir='ltr'>λουθήσασαιπεποιήκασιν.</span> <span class='ocrx_word' id='word_1_676' title='bbox 1484 1651 1610 1684; x_wconf 77' lang='grc' dir='ltr'>Ἐδειξαν</span> <span class='ocrx_word' id='word_1_677' title='bbox 1624 1652 1652 1678; x_wconf 82' lang='grc' dir='ltr'>δὲ</span> <span class='ocrx_word' id='word_1_678' title='bbox 1670 1652 1738 1679; x_wconf 80' lang='grc' dir='ltr'>αὐτὸ</span> <span class='ocrx_word' id='word_1_679' title='bbox 1761 1651 1863 1685; x_wconf 65' lang='lat' dir='ltr'><strong>abtum</strong></span> 
     </span>
    </p>
   </div>
   <div class='ocr_carea' id='block_1_97' title="bbox 1073 1693 1864 1733">
    <p class='ocr_par' dir='ltr' id='par_1_97' title="bbox 1073 1693 1864 1733">
     <span class='ocr_line' id='line_1_97' title="bbox 1073 1693 1864 1733; baseline 0.008 -14"><span class='ocrx_word' id='word_1_680' title='bbox 1073 1693 1111 1724; x_wconf 82' lang='grc' dir='ltr'>ὡς</span> <span class='ocrx_word' id='word_1_681' title='bbox 1128 1694 1174 1720; x_wconf 79' lang='grc' dir='ltr'><strong>καὶ</strong></span> <span class='ocrx_word' id='word_1_682' title='bbox 1200 1695 1217 1729; x_wconf 88' lang='grc' dir='ltr'><strong>ὴ</strong></span> <span class='ocrx_word' id='word_1_683' title='bbox 1242 1694 1275 1727; x_wconf 82' lang='grc' dir='ltr'>σὴ</span> <span class='ocrx_word' id='word_1_684' title='bbox 1301 1693 1464 1731; x_wconf 80' lang='grc' dir='ltr'>λαμπρότης</span> <span class='ocrx_word' id='word_1_685' title='bbox 1495 1696 1641 1723; x_wconf 70' lang='grc' dir='ltr'>ἐπίσταται</span> <span class='ocrx_word' id='word_1_686' title='bbox 1663 1698 1719 1729; x_wconf 77' lang='grc' dir='ltr'>τοῖς</span> <span class='ocrx_word' id='word_1_687' title='bbox 1744 1698 1864 1733; x_wconf 75' lang='grc' dir='ltr'>ἀνδράσι</span> 
     </span>
    </p>
   </div>
   <div class='ocr_carea' id='block_1_98' title="bbox 1075 1737 1863 1778">
    <p class='ocr_par' dir='ltr' id='par_1_98' title="bbox 1075 1737 1863 1778">
     <span class='ocr_line' id='line_1_98' title="bbox 1075 1737 1863 1778; baseline 0.008 -15"><span class='ocrx_word' id='word_1_688' title='bbox 1075 1737 1224 1772; x_wconf 81' lang='grc' dir='ltr'>συμμίξας.</span> <span class='ocrx_word' id='word_1_689' title='bbox 1250 1738 1344 1769; x_wconf 79' lang='grc' dir='ltr'>Οὕτως</span> <span class='ocrx_word' id='word_1_690' title='bbox 1359 1740 1414 1765; x_wconf 48' lang='lat' dir='ltr'><strong>sint</strong></span> <span class='ocrx_word' id='word_1_691' title='bbox 1432 1741 1573 1767; x_wconf 74' lang='grc' dir='ltr'>σπουδαῖοι</span> <span class='ocrx_word' id='word_1_692' title='bbox 1595 1742 1642 1768; x_wconf 79' lang='grc' dir='ltr'>καὶ</span> <span class='ocrx_word' id='word_1_693' title='bbox 1654 1742 1777 1776; x_wconf 75' lang='grc' dir='ltr'>ἀκριϐεῖς</span> <span class='ocrx_word' id='word_1_694' title='bbox 1796 1743 1863 1778; x_wconf 78' lang='grc' dir='ltr'>περὶ</span> 
     </span>
    </p>
   </div>
   <div class='ocr_carea' id='block_1_99' title="bbox 1074 1784 1861 1823">
    <p class='ocr_par' dir='ltr' id='par_1_99' title="bbox 1074 1784 1861 1823">
     <span class='ocr_line' id='line_1_99' title="bbox 1074 1784 1861 1823; baseline 0.009 -13"><span class='ocrx_word' id='word_1_695' title='bbox 1074 1784 1122 1815; x_wconf 79' lang='grc' dir='ltr'>τὰς</span> <span class='ocrx_word' id='word_1_696' title='bbox 1149 1785 1255 1811; x_wconf 67' lang='grc' dir='ltr'>ἑαυτῶν</span> <span class='ocrx_word' id='word_1_697' title='bbox 1280 1786 1406 1820; x_wconf 76' lang='grc' dir='ltr'>πράξεις,</span> <span class='ocrx_word' id='word_1_698' title='bbox 1424 1786 1463 1818; x_wconf 77' lang='grc' dir='ltr'>ὡς</span> <span class='ocrx_word' id='word_1_699' title='bbox 1487 1787 1527 1823; x_wconf 78' lang='grc' dir='ltr'>μὴ</span> <span class='ocrx_word' id='word_1_700' title='bbox 1544 1788 1625 1822; x_wconf 78' lang='grc' dir='ltr'>μόνον</span> <span class='ocrx_word' id='word_1_701' title='bbox 1654 1791 1718 1823; x_wconf 77' lang='grc' dir='ltr'>περὶ</span> <span class='ocrx_word' id='word_1_702' title='bbox 1737 1790 1772 1816; x_wconf 74' lang='grc' dir='ltr'><strong>τά</strong></span> <span class='ocrx_word' id='word_1_703' title='bbox 1788 1790 1861 1823; x_wconf 78' lang='grc' dir='ltr'>θεῖα,</span> 
     </span>
    </p>
   </div>
   <div class='ocr_carea' id='block_1_100' title="bbox 1073 1830 1862 1870">
    <p class='ocr_par' dir='ltr' id='par_1_100' title="bbox 1073 1830 1862 1870">
     <span class='ocr_line' id='line_1_100' title="bbox 1073 1830 1862 1870; baseline 0.01 -15"><span class='ocrx_word' id='word_1_704' title='bbox 1073 1830 1142 1856; x_wconf 80' lang='grc' dir='ltr'>ἀλλὰ</span> <span class='ocrx_word' id='word_1_705' title='bbox 1157 1832 1204 1856; x_wconf 72' lang='grc' dir='ltr'><strong>καὶ</strong></span> <span class='ocrx_word' id='word_1_706' title='bbox 1221 1831 1287 1865; x_wconf 77' lang='grc' dir='ltr'>περὶ</span> <span class='ocrx_word' id='word_1_707' title='bbox 1302 1832 1335 1857; x_wconf 78' lang='grc' dir='ltr'>τὰ</span> <span class='ocrx_word' id='word_1_708' title='bbox 1354 1833 1475 1867; x_wconf 79' lang='grc' dir='ltr'>κοσμικά</span> <span class='ocrx_word' id='word_1_709' title='bbox 1503 1833 1550 1859; x_wconf 73' lang='grc' dir='ltr'><strong>καὶ</strong></span> <span class='ocrx_word' id='word_1_710' title='bbox 1567 1834 1695 1862; x_wconf 80' lang='grc' dir='ltr'>πολιτικὰ</span> <span class='ocrx_word' id='word_1_711' title='bbox 1708 1835 1862 1870; x_wconf 80' lang='grc' dir='ltr'>πράγματα</span> 
     </span>
    </p>
   </div>
   <div class='ocr_carea' id='block_1_101' title="bbox 1075 1877 1861 1911">
    <p class='ocr_par' dir='ltr' id='par_1_101' title="bbox 1075 1877 1861 1911">
     <span class='ocr_line' id='line_1_101' title="bbox 1075 1877 1861 1911; baseline 0.009 -9"><span class='ocrx_word' id='word_1_712' title='bbox 1075 1877 1157 1911; x_wconf 78' lang='grc' dir='ltr'>μηδὲν</span> <span class='ocrx_word' id='word_1_713' title='bbox 1172 1878 1271 1909; x_wconf 82' lang='grc' dir='ltr'>αὐτοὺς</span> <span class='ocrx_word' id='word_1_714' title='bbox 1286 1878 1340 1904; x_wconf 82' lang='grc' dir='ltr'>τῶν</span> <span class='ocrx_word' id='word_1_715' title='bbox 1359 1879 1484 1906; x_wconf 73' lang='grc' dir='ltr'>παλαιῶν</span> <span class='ocrx_word' id='word_1_716' title='bbox 1497 1880 1696 1909; x_wconf 76' lang='grc' dir='ltr'>διαλανθάνειν.</span> <span class='ocrx_word' id='word_1_717' title='bbox 1716 1881 1798 1908; x_wconf 76' lang='grc' dir='ltr'>Ὅθεν</span> <span class='ocrx_word' id='word_1_718' title='bbox 1811 1883 1861 1909; x_wconf 78' lang='grc' dir='ltr'><strong>καὶ</strong></span> 
     </span>
    </p>
   </div>
   <div class='ocr_carea' id='block_1_102' title="bbox 1073 1923 1860 1963">
    <p class='ocr_par' dir='ltr' id='par_1_102' title="bbox 1073 1923 1860 1963">
     <span class='ocr_line' id='line_1_102' title="bbox 1073 1923 1860 1963; baseline 0.009 -15"><span class='ocrx_word' id='word_1_719' title='bbox 1073 1923 1102 1948; x_wconf 70' lang='grc' dir='ltr'>ιν</span> <span class='ocrx_word' id='word_1_720' title='bbox 1116 1924 1176 1954; x_wconf 82' lang='grc' dir='ltr'>ταῖς</span> <span class='ocrx_word' id='word_1_721' title='bbox 1192 1924 1304 1951; x_wconf 74' lang='grc' dir='ltr'>πόλεσιν</span> <span class='ocrx_word' id='word_1_722' title='bbox 1320 1925 1412 1960; x_wconf 80' lang='grc' dir='ltr'>εὕροις</span> <span class='ocrx_word' id='word_1_723' title='bbox 1425 1926 1458 1953; x_wconf 80' lang='grc' dir='ltr'>ἂν</span> <span class='ocrx_word' id='word_1_724' title='bbox 1469 1927 1546 1962; x_wconf 86' lang='grc' dir='ltr'>παρὰ</span> <span class='ocrx_word' id='word_1_725' title='bbox 1558 1929 1614 1959; x_wconf 77' lang='grc' dir='ltr'>τοῖς</span> <span class='ocrx_word' id='word_1_726' title='bbox 1633 1929 1755 1963; x_wconf 73' lang='grc' dir='ltr'>ἀρχείοις</span> <span class='ocrx_word' id='word_1_727' title='bbox 1771 1929 1860 1956; x_wconf 80' lang='grc' dir='ltr'>αὐτῶν</span> 
     </span>
    </p>
   </div>
   <div class='ocr_carea' id='block_1_103' title="bbox 1075 1969 1860 2009">
    <p class='ocr_par' dir='ltr' id='par_1_103' title="bbox 1075 1969 1860 2009">
     <span class='ocr_line' id='line_1_103' title="bbox 1075 1969 1860 2009; baseline 0.009 -15"><span class='ocrx_word' id='word_1_728' title='bbox 1075 1969 1163 1995; x_wconf 79' lang='grc' dir='ltr'>πᾶσαν</span> <span class='ocrx_word' id='word_1_729' title='bbox 1178 1970 1289 2004; x_wconf 79' lang='grc' dir='ltr'>πρᾶξιν,</span> <span class='ocrx_word' id='word_1_730' title='bbox 1302 1972 1335 2006; x_wconf 77' lang='grc' dir='ltr'>ἣν</span> <span class='ocrx_word' id='word_1_731' title='bbox 1357 1971 1387 2004; x_wconf 77' lang='grc' dir='ltr'><strong>ιε</strong></span> <span class='ocrx_word' id='word_1_732' title='bbox 1401 1973 1620 2007; x_wconf 81' lang='grc' dir='ltr'>ἁμνημονεύτων</span> <span class='ocrx_word' id='word_1_733' title='bbox 1648 1974 1753 2009; x_wconf 81' lang='grc' dir='ltr'>χρόνων</span> <span class='ocrx_word' id='word_1_734' title='bbox 1776 1974 1860 2008; x_wconf 81' lang='grc' dir='ltr'>ἔπρα-</span> 
     </span>
    </p>
   </div>
   <div class='ocr_carea' id='block_1_104' title="bbox 1073 2013 1859 2055">
    <p class='ocr_par' dir='ltr' id='par_1_104' title="bbox 1073 2013 1859 2055">
     <span class='ocr_line' id='line_1_104' title="bbox 1073 2013 1859 2055; baseline 0.01 -15"><span class='ocrx_word' id='word_1_735' title='bbox 1073 2013 1132 2047; x_wconf 77' lang='grc' dir='ltr'>ξαν,</span> <span class='ocrx_word' id='word_1_736' title='bbox 1149 2017 1346 2052; x_wconf 76' lang='grc' dir='ltr'>γεγραμμένην</span> <span class='ocrx_word' id='word_1_737' title='bbox 1359 2018 1407 2044; x_wconf 70' lang='grc' dir='ltr'><strong>καὶ</strong></span> <span class='ocrx_word' id='word_1_738' title='bbox 1416 2019 1635 2055; x_wconf 76' lang='grc' dir='ltr'>ἐναποκειμένην</span> <span class='ocrx_word' id='word_1_739' title='bbox 1655 2021 1756 2048; x_wconf 75' lang='grc' dir='ltr'>ἐκεῖσε.</span> <span class='ocrx_word' id='word_1_740' title='bbox 1774 2021 1859 2048; x_wconf 81' lang='grc' dir='ltr'>Τοῦτο</span> 
     </span>
    </p>
   </div>
   <div class='ocr_carea' id='block_1_105' title="bbox 1072 2058 1857 2103">
    <p class='ocr_par' dir='ltr' id='par_1_105' title="bbox 1072 2058 1857 2103">
     <span class='ocr_line' id='line_1_105' title="bbox 1072 2058 1857 2103; baseline 0.01 -18"><span class='ocrx_word' id='word_1_741' title='bbox 1072 2058 1118 2086; x_wconf 76' lang='grc' dir='ltr'>οὖν</span> <span class='ocrx_word' id='word_1_742' title='bbox 1132 2061 1222 2096; x_wconf 81' lang='grc' dir='ltr'>πολλῷ</span> <span class='ocrx_word' id='word_1_743' title='bbox 1244 2063 1361 2097; x_wconf 67' lang='grc' dir='ltr'>μάλιστα</span> <span class='ocrx_word' id='word_1_744' title='bbox 1388 2064 1436 2090; x_wconf 81' lang='grc' dir='ltr'><strong>καὶ</strong></span> <span class='ocrx_word' id='word_1_745' title='bbox 1452 2067 1480 2090; x_wconf 79' lang='grc' dir='ltr'>ἐν</span> <span class='ocrx_word' id='word_1_746' title='bbox 1499 2066 1531 2100; x_wconf 76' lang='grc' dir='ltr'><strong>τῇ</strong></span> <span class='ocrx_word' id='word_1_747' title='bbox 1549 2066 1682 2101; x_wconf 83' lang='grc' dir='ltr'>χαθολικῇ</span> <span class='ocrx_word' id='word_1_748' title='bbox 1706 2067 1857 2103; x_wconf 67' lang='grc' dir='ltr'>Ἐκκλησία</span> 
     </span>
    </p>
   </div>
   <div class='ocr_carea' id='block_1_106' title="bbox 1072 2108 1858 2145">
    <p class='ocr_par' dir='ltr' id='par_1_106' title="bbox 1072 2108 1858 2145">
     <span class='ocr_line' id='line_1_106' title="bbox 1072 2108 1858 2145; baseline 0.006 -12"><span class='ocrx_word' id='word_1_749' title='bbox 1072 2108 1246 2141; x_wconf 77' lang='grc' dir='ltr'>φυλάττεται.</span> <span class='ocrx_word' id='word_1_750' title='bbox 1272 2109 1471 2144; x_wconf 82' lang='grc' dir='ltr'>Συντηροῡνται</span> <span class='ocrx_word' id='word_1_751' title='bbox 1487 2112 1542 2145; x_wconf 72' lang='grc' dir='ltr'><strong>γὰρ</strong></span> <span class='ocrx_word' id='word_1_752' title='bbox 1571 2111 1611 2137; x_wconf 81' lang='grc' dir='ltr'>ἔτι</span> <span class='ocrx_word' id='word_1_753' title='bbox 1638 2112 1684 2138; x_wconf 80' lang='grc' dir='ltr'><strong>καὶ</strong></span> <span class='ocrx_word' id='word_1_754' title='bbox 1708 2112 1754 2138; x_wconf 81' lang='grc' dir='ltr'>νῦν</span> <span class='ocrx_word' id='word_1_755' title='bbox 1771 2113 1858 2138; x_wconf 78' lang='grc' dir='ltr'>πᾶσαι</span> 
     </span>
    </p>
   </div>
   <div class='ocr_carea' id='block_1_107' title="bbox 1072 2154 1857 2193">
    <p class='ocr_par' dir='ltr' id='par_1_107' title="bbox 1072 2154 1857 2193">
     <span class='ocr_line' id='line_1_107' title="bbox 1072 2154 1857 2193; baseline 0.006 -14"><span class='ocrx_word' id='word_1_756' title='bbox 1072 2154 1196 2188; x_wconf 77' lang='grc' dir='ltr'>πράξεις,</span> <span class='ocrx_word' id='word_1_757' title='bbox 1213 2156 1260 2181; x_wconf 83' lang='grc' dir='ltr'><strong>καὶ</strong></span> <span class='ocrx_word' id='word_1_758' title='bbox 1273 2157 1357 2182; x_wconf 72' lang='grc' dir='ltr'>πᾶσαι</span> <span class='ocrx_word' id='word_1_759' title='bbox 1380 2157 1474 2191; x_wconf 80' lang='grc' dir='ltr'>σχεδὸν</span> <span class='ocrx_word' id='word_1_760' title='bbox 1492 2158 1638 2183; x_wconf 73' lang='grc' dir='ltr'>ἐπιστολαὶ</span> <span class='ocrx_word' id='word_1_761' title='bbox 1657 2157 1711 2184; x_wconf 82' lang='grc' dir='ltr'><strong>τῶν</strong></span> <span class='ocrx_word' id='word_1_762' title='bbox 1735 2158 1857 2193; x_wconf 75' lang='grc' dir='ltr'>ἀρχαίων</span> 
     </span>
    </p>
   </div>
   <div class='ocr_carea' id='block_1_108' title="bbox 1071 2200 1823 2236">
    <p class='ocr_par' dir='ltr' id='par_1_108' title="bbox 1071 2200 1823 2236">
     <span class='ocr_line' id='line_1_108' title="bbox 1071 2200 1823 2236; baseline 0.009 -10"><span class='ocrx_word' id='word_1_763' title='bbox 1071 2200 1165 2234; x_wconf 64' lang='grc' dir='ltr'>ἄκρων</span> <span class='ocrx_word' id='word_1_764' title='bbox 1181 2201 1327 2236; x_wconf 82' lang='grc' dir='ltr'>ίεραρχῶν.</span> <span class='ocrx_word' id='word_1_765' title='bbox 1699 2226 1709 2233; x_wconf 64' lang='grc' dir='ltr'><strong>ρ</strong></span> <span class='ocrx_word' id='word_1_766' title='bbox 1816 2228 1823 2233; x_wconf 92' lang='grc'><strong><em>.</em></strong></span> 
     </span>
    </p>
   </div>
   <div class='ocr_carea' id='block_1_109' title="bbox 1108 2245 1856 2286">
    <p class='ocr_par' dir='ltr' id='par_1_109' title="bbox 1108 2245 1856 2286">
     <span class='ocr_line' id='line_1_109' title="bbox 1108 2245 1856 2286; baseline 0.007 -15"><span class='ocrx_word' id='word_1_767' title='bbox 1108 2245 1285 2281; x_wconf 79' lang='grc' dir='ltr'>[Ῑροήνεγκαν</span> <span class='ocrx_word' id='word_1_768' title='bbox 1307 2245 1354 2274; x_wconf 83' lang='grc' dir='ltr'>οὖν</span> <span class='ocrx_word' id='word_1_769' title='bbox 1369 2248 1434 2282; x_wconf 77' lang='grc' dir='ltr'>ἡμῖν</span> <span class='ocrx_word' id='word_1_770' title='bbox 1458 2249 1487 2274; x_wconf 68' lang='lat' dir='ltr'><strong>iv</strong></span> <span class='ocrx_word' id='word_1_771' title='bbox 1502 2249 1673 2285; x_wconf 79' lang='grc' dir='ltr'>ἀρχαιοτάτῃ</span> <span class='ocrx_word' id='word_1_772' title='bbox 1690 2249 1772 2286; x_wconf 71' lang='grc' dir='ltr'>βίϐλῳ</span> <span class='ocrx_word' id='word_1_773' title='bbox 1786 2259 1856 2286; x_wconf 82' lang='grc' dir='ltr'>μεμ-</span> 
     </span>
    </p>
   </div>
   <div class='ocr_carea' id='block_1_110' title="bbox 1071 2292 1855 2331">
    <p class='ocr_par' dir='ltr' id='par_1_110' title="bbox 1071 2292 1855 2331">
     <span class='ocr_line' id='line_1_110' title="bbox 1071 2292 1855 2331; baseline 0.008 -13"><span class='ocrx_word' id='word_1_774' title='bbox 1071 2292 1163 2328; x_wconf 72' lang='grc' dir='ltr'>ϐράνῳ</span> <span class='ocrx_word' id='word_1_775' title='bbox 1179 2293 1324 2328; x_wconf 69' lang='grc' dir='ltr'>ἐπιστολὴν</span> <span class='ocrx_word' id='word_1_776' title='bbox 1340 2294 1469 2329; x_wconf 75' lang='grc' dir='ltr'>Λιϐερίον</span> <span class='ocrx_word' id='word_1_777' title='bbox 1487 2295 1587 2321; x_wconf 78' lang='grc' dir='ltr'>πάππα</span> <span class='ocrx_word' id='word_1_778' title='bbox 1615 2296 1683 2330; x_wconf 65' lang='grc' dir='ltr'>πρὸς</span> <span class='ocrx_word' id='word_1_779' title='bbox 1700 2297 1745 2322; x_wconf 84' lang='grc' dir='ltr'>τὸν</span> <span class='ocrx_word' id='word_1_780' title='bbox 1759 2297 1855 2331; x_wconf 59' lang='grc' dir='ltr'>«μακάε</span> 
     </span>
    </p>
   </div>
   <div class='ocr_carea' id='block_1_111' title="bbox 1071 2339 1856 2377">
    <p class='ocr_par' dir='ltr' id='par_1_111' title="bbox 1071 2339 1856 2377">
     <span class='ocr_line' id='line_1_111' title="bbox 1071 2339 1856 2377; baseline -0.003 -12"><span class='ocrx_word' id='word_1_781' title='bbox 1071 2347 1129 2374; x_wconf 85' lang='grc' dir='ltr'>ριον</span> <span class='ocrx_word' id='word_1_782' title='bbox 1140 2339 1298 2366; x_wconf 80' lang='grc' dir='ltr'>Ἀθανάσιον</span> <span class='ocrx_word' id='word_1_783' title='bbox 1309 2340 1354 2366; x_wconf 68' lang='grc' dir='ltr'><strong>τὸν</strong></span> <span class='ocrx_word' id='word_1_784' title='bbox 1363 2339 1618 2377; x_wconf 76' lang='grc' dir='ltr'>’Λλεεανδρείας,ἦ;</span> <span class='ocrx_word' id='word_1_785' title='bbox 1635 2343 1652 2377; x_wconf 76' lang='grc' dir='ltr'><strong>η</strong></span> <span class='ocrx_word' id='word_1_786' title='bbox 1665 2343 1736 2377; x_wconf 77' lang='grc' dir='ltr'>ἁρχὴ</span> <span class='ocrx_word' id='word_1_787' title='bbox 1747 2350 1754 2358; x_wconf 89' lang='grc'>·</span> <span class='ocrx_word' id='word_1_788' title='bbox 1771 2343 1856 2370; x_wconf 70' lang='grc' dir='ltr'>Ἄνευ.</span> 
     </span>
    </p>
   </div>
   <div class='ocr_carea' id='block_1_112' title="bbox 1071 2385 1855 2422">
    <p class='ocr_par' dir='ltr' id='par_1_112' title="bbox 1071 2385 1855 2422">
     <span class='ocr_line' id='line_1_112' title="bbox 1071 2385 1855 2422; baseline 0.005 -11"><span class='ocrx_word' id='word_1_789' title='bbox 1071 2385 1117 2411; x_wconf 78' lang='grc' dir='ltr'>θέν</span> <span class='ocrx_word' id='word_1_790' title='bbox 1130 2393 1159 2411; x_wconf 84' lang='grc' dir='ltr'><strong>τε</strong></span> <span class='ocrx_word' id='word_1_791' title='bbox 1179 2386 1226 2413; x_wconf 85' lang='grc' dir='ltr'><strong>καὶ</strong></span> <span class='ocrx_word' id='word_1_792' title='bbox 1237 2385 1267 2418; x_wconf 74' lang='grc' dir='ltr'><strong>ἐξ</strong></span> <span class='ocrx_word' id='word_1_793' title='bbox 1282 2386 1368 2422; x_wconf 82' lang='grc' dir='ltr'>ἀρχῆς</span> <span class='ocrx_word' id='word_1_794' title='bbox 1383 2387 1518 2421; x_wconf 80' lang='grc' dir='ltr'>τοσαύτην</span> <span class='ocrx_word' id='word_1_795' title='bbox 1541 2387 1693 2422; x_wconf 72' lang='grc' dir='ltr'>ἐδεξάμεθα</span> <span class='ocrx_word' id='word_1_796' title='bbox 1707 2388 1782 2422; x_wconf 82' lang='grc' dir='ltr'>παρὰ</span> <span class='ocrx_word' id='word_1_797' title='bbox 1808 2390 1855 2415; x_wconf 72' lang='grc' dir='ltr'>τοῦ</span> 
     </span>
    </p>
   </div>
   <div class='ocr_carea' id='block_1_113' title="bbox 1071 2431 1855 2469">
    <p class='ocr_par' dir='ltr' id='par_1_113' title="bbox 1071 2431 1855 2469">
     <span class='ocr_line' id='line_1_113' title="bbox 1071 2431 1855 2469; baseline 0.005 -12"><span class='ocrx_word' id='word_1_798' title='bbox 1071 2431 1207 2467; x_wconf 78' lang='grc' dir='ltr'>μακαρίου</span> <span class='ocrx_word' id='word_1_799' title='bbox 1217 2431 1319 2467; x_wconf 74' lang='grc' dir='ltr'>Πέτρου</span> <span class='ocrx_word' id='word_1_800' title='bbox 1329 2433 1436 2468; x_wconf 79' lang='grc' dir='ltr'>πρώτου</span> <span class='ocrx_word' id='word_1_801' title='bbox 1444 2433 1496 2460; x_wconf 80' lang='grc' dir='ltr'>τῶν</span> <span class='ocrx_word' id='word_1_802' title='bbox 1505 2434 1673 2469; x_wconf 78' lang='grc' dir='ltr'>ἀποστόλων,</span> <span class='ocrx_word' id='word_1_803' title='bbox 1684 2443 1710 2461; x_wconf 85' lang='grc' dir='ltr'><strong>κ.</strong></span> <span class='ocrx_word' id='word_1_804' title='bbox 1720 2442 1746 2462; x_wconf 85' lang='grc' dir='ltr'>τ.</span> <span class='ocrx_word' id='word_1_805' title='bbox 1753 2434 1777 2461; x_wconf 91' lang='grc' dir='ltr'>λ.</span> <span class='ocrx_word' id='word_1_806' title='bbox 1789 2431 1855 2461; x_wconf 78' lang='grc' dir='ltr'>Είτα</span> 
     </span>
    </p>
   </div>
   <div class='ocr_carea' id='block_1_114' title="bbox 1070 2477 1854 2514">
    <p class='ocr_par' dir='ltr' id='par_1_114' title="bbox 1070 2477 1854 2514">
     <span class='ocr_line' id='line_1_114' title="bbox 1070 2477 1854 2514; baseline 0.008 -12"><span class='ocrx_word' id='word_1_807' title='bbox 1070 2477 1171 2511; x_wconf 84' lang='grc' dir='ltr'>προῖὼν</span> <span class='ocrx_word' id='word_1_808' title='bbox 1189 2486 1268 2511; x_wconf 85' lang='grc' dir='ltr'>φησι,</span> <span class='ocrx_word' id='word_1_809' title='bbox 1286 2479 1410 2514; x_wconf 81' lang='grc' dir='ltr'>δεδέχθαι</span> <span class='ocrx_word' id='word_1_810' title='bbox 1422 2481 1571 2514; x_wconf 76' lang='grc' dir='ltr'>ἐπιστολὴν</span> <span class='ocrx_word' id='word_1_811' title='bbox 1583 2480 1631 2506; x_wconf 82' lang='grc' dir='ltr'>τοῦ</span> <span class='ocrx_word' id='word_1_812' title='bbox 1646 2482 1725 2514; x_wconf 82' lang='grc' dir='ltr'>ἁγίου</span> <span class='ocrx_word' id='word_1_813' title='bbox 1741 2481 1854 2508; x_wconf 78' lang='grc' dir='ltr'>Ἀθανα-</span> 
     </span>
    </p>
   </div>
   <div class='ocr_carea' id='block_1_115' title="bbox 1070 2524 1854 2563">
    <p class='ocr_par' dir='ltr' id='par_1_115' title="bbox 1070 2524 1854 2563">
     <span class='ocr_line' id='line_1_115' title="bbox 1070 2524 1854 2563; baseline 0.006 -13"><span class='ocrx_word' id='word_1_814' title='bbox 1070 2524 1139 2556; x_wconf 86' lang='grc' dir='ltr'>σίου,</span> <span class='ocrx_word' id='word_1_815' title='bbox 1158 2526 1205 2551; x_wconf 78' lang='grc' dir='ltr'><strong>καὶ</strong></span> <span class='ocrx_word' id='word_1_816' title='bbox 1233 2526 1388 2559; x_wconf 83' lang='grc' dir='ltr'>ἀναγνῶναι</span> <span class='ocrx_word' id='word_1_817' title='bbox 1416 2527 1513 2561; x_wconf 81' lang='grc' dir='ltr'>αὑτήν.</span> <span class='ocrx_word' id='word_1_818' title='bbox 1534 2525 1603 2554; x_wconf 78' lang='grc' dir='ltr'>Εἶτα</span> <span class='ocrx_word' id='word_1_819' title='bbox 1634 2528 1783 2553; x_wconf 75' lang='grc' dir='ltr'>συνάπτει·</span> <span class='ocrx_word' id='word_1_820' title='bbox 1799 2527 1854 2563; x_wconf 71' lang='grc' dir='ltr'><strong>Τὴν</strong></span> 
     </span>
    </p>
   </div>
   <div class='ocr_carea' id='block_1_116' title="bbox 1070 2569 1854 2609">
    <p class='ocr_par' dir='ltr' id='par_1_116' title="bbox 1070 2569 1854 2609">
     <span class='ocr_line' id='line_1_116' title="bbox 1070 2569 1854 2609; baseline 0.008 -14"><span class='ocrx_word' id='word_1_821' title='bbox 1070 2569 1161 2596; x_wconf 86' lang='grc' dir='ltr'>πίστιν</span> <span class='ocrx_word' id='word_1_822' title='bbox 1172 2570 1202 2597; x_wconf 73' lang='grc' dir='ltr'>δὲ</span> <span class='ocrx_word' id='word_1_823' title='bbox 1222 2571 1273 2606; x_wconf 80' lang='grc' dir='ltr'>τῆς</span> <span class='ocrx_word' id='word_1_824' title='bbox 1297 2571 1327 2598; x_wconf 65' lang='grc' dir='ltr'>ἐν</span> <span class='ocrx_word' id='word_1_825' title='bbox 1344 2571 1447 2608; x_wconf 64' lang='grc' dir='ltr'>Νικαίξ.</span> <span class='ocrx_word' id='word_1_826' title='bbox 1474 2573 1596 2607; x_wconf 80' lang='grc' dir='ltr'>συνόδου,</span> <span class='ocrx_word' id='word_1_827' title='bbox 1611 2574 1641 2601; x_wconf 78' lang='grc' dir='ltr'>ὲν</span> <span class='ocrx_word' id='word_1_828' title='bbox 1659 2575 1693 2609; x_wconf 80' lang='grc' dir='ltr'><strong>τῇ</strong></span> <span class='ocrx_word' id='word_1_829' title='bbox 1709 2574 1777 2609; x_wconf 80' lang='grc' dir='ltr'>αὐτῇ</span> <span class='ocrx_word' id='word_1_830' title='bbox 1793 2575 1854 2601; x_wconf 67' lang='lat' dir='ltr'><strong>lm-</strong></span> 
     </span>
    </p>
   </div>
   <div class='ocr_carea' id='block_1_117' title="bbox 1070 2617 1853 2656">
    <p class='ocr_par' dir='ltr' id='par_1_117' title="bbox 1070 2617 1853 2656">
     <span class='ocr_line' id='line_1_117' title="bbox 1070 2617 1853 2656; baseline 0.008 -14"><span class='ocrx_word' id='word_1_831' title='bbox 1070 2618 1150 2652; x_wconf 78' lang='grc' dir='ltr'>στολῇ</span> <span class='ocrx_word' id='word_1_832' title='bbox 1177 2617 1260 2653; x_wconf 78' lang='grc' dir='ltr'>ὀρθὴν</span> <span class='ocrx_word' id='word_1_833' title='bbox 1290 2619 1428 2653; x_wconf 76' lang='grc' dir='ltr'>εὑρόντες,</span> <span class='ocrx_word' id='word_1_834' title='bbox 1458 2621 1582 2655; x_wconf 78' lang='grc' dir='ltr'>μεγάλας</span> <span class='ocrx_word' id='word_1_835' title='bbox 1608 2621 1647 2655; x_wconf 85' lang='grc' dir='ltr'>τῷ</span> <span class='ocrx_word' id='word_1_836' title='bbox 1662 2621 1722 2655; x_wconf 81' lang='grc' dir='ltr'><strong>Θεῷ</strong></span> <span class='ocrx_word' id='word_1_837' title='bbox 1736 2622 1853 2656; x_wconf 67' lang='grc' dir='ltr'>χάριτας</span> 
     </span>
    </p>
   </div>
   <div class='ocr_carea' id='block_1_118' title="bbox 1069 2663 1852 2702">
    <p class='ocr_par' dir='ltr' id='par_1_118' title="bbox 1069 2663 1852 2702">
     <span class='ocr_line' id='line_1_118' title="bbox 1069 2663 1852 2702; baseline 0.008 -13"><span class='ocrx_word' id='word_1_838' title='bbox 1069 2663 1270 2699; x_wconf 74' lang='grc' dir='ltr'>ἀνηνέγκαμεν.</span> <span class='ocrx_word' id='word_1_839' title='bbox 1293 2663 1379 2700; x_wconf 78' lang='grc' dir='ltr'>Ὑπὲρ</span> <span class='ocrx_word' id='word_1_840' title='bbox 1392 2663 1426 2702; x_wconf 87' lang='grc' dir='ltr'>ἦς</span> <span class='ocrx_word' id='word_1_841' title='bbox 1441 2666 1471 2692; x_wconf 87' lang='grc' dir='ltr'><strong>ού</strong></span> <span class='ocrx_word' id='word_1_842' title='bbox 1489 2667 1570 2698; x_wconf 81' lang='grc' dir='ltr'>μόνον</span> <span class='ocrx_word' id='word_1_843' title='bbox 1598 2667 1772 2702; x_wconf 81' lang='grc' dir='ltr'>συμπάσχειν</span> <span class='ocrx_word' id='word_1_844' title='bbox 1788 2669 1852 2702; x_wconf 80' lang='grc' dir='ltr'>ὑμῖν</span> 
     </span>
    </p>
   </div>
   <div class='ocr_carea' id='block_1_119' title="bbox 1069 2710 1854 2749">
    <p class='ocr_par' dir='ltr' id='par_1_119' title="bbox 1069 2710 1854 2749">
     <span class='ocr_line' id='line_1_119' title="bbox 1069 2710 1854 2749; baseline 0.008 -14"><span class='ocrx_word' id='word_1_845' title='bbox 1069 2710 1118 2735; x_wconf 77' lang='grc' dir='ltr'><strong>καὶ</strong></span> <span class='ocrx_word' id='word_1_846' title='bbox 1132 2710 1328 2738; x_wconf 71' lang='grc' dir='ltr'>συνδιώκεσθαι</span> <span class='ocrx_word' id='word_1_847' title='bbox 1344 2711 1450 2746; x_wconf 68' lang='grc' dir='ltr'>ἕτοιμοί</span> <span class='ocrx_word' id='word_1_848' title='bbox 1476 2712 1571 2748; x_wconf 67' lang='grc' dir='ltr'>ἔσμεν,</span> <span class='ocrx_word' id='word_1_849' title='bbox 1595 2713 1654 2740; x_wconf 78' lang='grc' dir='ltr'>ἁλλ’</span> <span class='ocrx_word' id='word_1_850' title='bbox 1669 2714 1793 2749; x_wconf 78' lang='grc' dir='ltr'>ἀνάγκης</span> <span class='ocrx_word' id='word_1_851' title='bbox 1806 2723 1854 2741; x_wconf 76' lang='grc' dir='ltr'><strong>κα-</strong></span> 
     </span>
    </p>
   </div>
   <div class='ocr_carea' id='block_1_120' title="bbox 1069 2755 1850 2797">
    <p class='ocr_par' dir='ltr' id='par_1_120' title="bbox 1069 2755 1850 2797">
     <span class='ocr_line' id='line_1_120' title="bbox 1069 2755 1850 2797; baseline 0.009 -16"><span class='ocrx_word' id='word_1_852' title='bbox 1069 2755 1180 2791; x_wconf 79' lang='grc' dir='ltr'>λούσης,</span> <span class='ocrx_word' id='word_1_853' title='bbox 1196 2757 1244 2783; x_wconf 74' lang='grc' dir='ltr'><strong>καὶ</strong></span> <span class='ocrx_word' id='word_1_854' title='bbox 1261 2756 1354 2784; x_wconf 85' lang='grc' dir='ltr'>θανεῖν</span> <span class='ocrx_word' id='word_1_855' title='bbox 1374 2757 1444 2792; x_wconf 76' lang='grc' dir='ltr'>ὑπὲρ</span> <span class='ocrx_word' id='word_1_856' title='bbox 1458 2759 1506 2786; x_wconf 76' lang='grc' dir='ltr'>τοῦ</span> <span class='ocrx_word' id='word_1_857' title='bbox 1522 2760 1656 2795; x_wconf 71' lang='grc' dir='ltr'>ὀνόματος</span> <span class='ocrx_word' id='word_1_858' title='bbox 1670 2761 1717 2787; x_wconf 73' lang='grc' dir='ltr'>τοῦ</span> <span class='ocrx_word' id='word_1_859' title='bbox 1732 2761 1850 2797; x_wconf 72' lang='grc' dir='ltr'>Χριστοῦ</span> 
     </span>
    </p>
   </div>
   <div class='ocr_carea' id='block_1_121' title="bbox 1067 2801 1850 2842">
    <p class='ocr_par' dir='ltr' id='par_1_121' title="bbox 1067 2801 1850 2842">
     <span class='ocr_line' id='line_1_121' title="bbox 1067 2801 1850 2842; baseline 0.009 -15"><span class='ocrx_word' id='word_1_860' title='bbox 1067 2801 1119 2827; x_wconf 83' lang='grc' dir='ltr'>οὑκ</span> <span class='ocrx_word' id='word_1_861' title='bbox 1136 2801 1171 2828; x_wconf 83' lang='grc' dir='ltr'><strong>ἂν</strong></span> <span class='ocrx_word' id='word_1_862' title='bbox 1186 2804 1438 2838; x_wconf 81' lang='grc' dir='ltr'>παραιτησαίμεθα,</span> <span class='ocrx_word' id='word_1_863' title='bbox 1455 2805 1505 2832; x_wconf 80' lang='grc' dir='ltr'>κᾶν</span> <span class='ocrx_word' id='word_1_864' title='bbox 1517 2807 1616 2833; x_wconf 80' lang='grc' dir='ltr'>ὁπόσον</span> <span class='ocrx_word' id='word_1_865' title='bbox 1628 2807 1753 2838; x_wconf 75' lang='grc' dir='ltr'>ἀσθενεῖς</span> <span class='ocrx_word' id='word_1_866' title='bbox 1767 2804 1850 2842; x_wconf 80' lang='grc' dir='ltr'>ὦμεν,</span> 
     </span>
    </p>
   </div>
   <div class='ocr_carea' id='block_1_122' title="bbox 1071 2847 1850 2887">
    <p class='ocr_par' dir='ltr' id='par_1_122' title="bbox 1071 2847 1850 2887">
     <span class='ocr_line' id='line_1_122' title="bbox 1071 2847 1850 2887; baseline 0.009 -15"><span class='ocrx_word' id='word_1_867' title='bbox 1071 2847 1106 2873; x_wconf 84' lang='lat' dir='ltr'><strong>&#39;H</strong></span> <span class='ocrx_word' id='word_1_868' title='bbox 1119 2847 1175 2882; x_wconf 76' lang='grc' dir='ltr'><strong>γὰρ</strong></span> <span class='ocrx_word' id='word_1_869' title='bbox 1193 2849 1383 2885; x_wconf 77' lang='grc' dir='ltr'>προειρημένη</span> <span class='ocrx_word' id='word_1_870' title='bbox 1399 2851 1477 2884; x_wconf 81' lang='grc' dir='ltr'>ἁγία,</span> <span class='ocrx_word' id='word_1_871' title='bbox 1494 2851 1589 2887; x_wconf 75' lang='grc' dir='ltr'>ὥσπερ</span> <span class='ocrx_word' id='word_1_872' title='bbox 1608 2853 1782 2887; x_wconf 69' lang='grc' dir='ltr'>ἀνέγνωμεν,</span> <span class='ocrx_word' id='word_1_873' title='bbox 1796 2854 1811 2887; x_wconf 73' lang='grc' dir='ltr'>ἡ</span> <span class='ocrx_word' id='word_1_874' title='bbox 1823 2855 1850 2879; x_wconf 76' lang='grc' dir='ltr'>ὲν</span> 
     </span>
    </p>
   </div>
   <div class='ocr_carea' id='block_1_123' title="bbox 1066 2893 1850 2936">
    <p class='ocr_par' dir='ltr' id='par_1_123' title="bbox 1066 2893 1850 2936">
     <span class='ocr_line' id='line_1_123' title="bbox 1066 2893 1850 2936; baseline 0.009 -16"><span class='ocrx_word' id='word_1_875' title='bbox 1066 2893 1171 2930; x_wconf 53' lang='lat' dir='ltr'><strong>Nimia</strong></span> <span class='ocrx_word' id='word_1_876' title='bbox 1190 2895 1298 2929; x_wconf 80' lang='grc' dir='ltr'>σύνοδος</span> <span class='ocrx_word' id='word_1_877' title='bbox 1312 2895 1423 2933; x_wconf 74' lang='grc' dir='ltr'>ὥρισεν,</span> <span class='ocrx_word' id='word_1_878' title='bbox 1438 2898 1535 2934; x_wconf 67' lang='grc' dir='ltr'>ἑτέραν</span> <span class='ocrx_word' id='word_1_879' title='bbox 1554 2899 1646 2927; x_wconf 77' lang='grc' dir='ltr'>πίστιν</span> <span class='ocrx_word' id='word_1_880' title='bbox 1672 2899 1770 2936; x_wconf 70' lang='grc' dir='ltr'>μηδενὶ</span> <span class='ocrx_word' id='word_1_881' title='bbox 1785 2900 1850 2933; x_wconf 58' lang='lat' dir='ltr'><strong>{ﬁlio</strong></span> 
     </span>
    </p>
   </div>
  </div>
