1925 3056
110 182 164 215 353

569 180 618 211 DE
638 179 896 210 PROCESSIONE
915 177 1092 209 SPIRITUS
1111 177 1256 209 SANCTI.

1668 175 1723 208 35L

108 253 154 271 ιαι
168 241 329 278 προφέρειν,
346 239 363 274 ἢ
381 237 562 273 συγγράφειν,
583 237 599 272 ἢ
616 225 806 271 συντιθέναι,ἢ
825 244 890 270 φρο-

946 233 1025 266 Ferre,
1046 234 1088 262 vel
1104 234 1290 266 conscribere,
1307 224 1354 260 aut
1369 237 1545 266 componere,
1558 234 1606 259 aut
1615 237 1724 266 sapere,

109 288 207 323 νείν,’ἢ
223 287 358 314 διδάσκειν
371 284 469 316 ἄλλως,
485 284 552 318 μήτε
564 291 590 309 τι
606 283 634 309 ὲν
652 283 686 317 τῇ
700 283 790 308 πίστει
806 282 887 313 νοεῖν,

107 335 124 370 ἢ
141 334 293 370 προφέρειν
307 332 322 359 δ
335 332 391 362 τοῖς
405 331 478 365 ὅροις
495 329 600 356 τούτων
618 328 672 355 τῶν
697 328 827 361 Πατέρων
843 327 889 353 δύ-

111 381 177 407 ναιτ’
193 381 226 407 ἂν
241 377 448 411 ἐναντιωθῆναι.
468 375 499 402 '0
513 375 541 402 δὲ
558 374 666 409 τολμῶν
685 374 770 408 ἄλλην
798 374 888 400 πίστιν

110 425 275 457 συντιθέναι,
290 423 307 458 ἢ
320 423 479 457 προφέρειν,
496 421 512 455 ἢ
533 420 679 452 διδάσκειν,
707 419 723 453 ἢ
742 418 888 454 παραδιδό-

108 479 154 497 ναι
173 470 269 505 ἓτερον
298 468 432 503 σύμόολον
458 467 515 497 τοῖς
533 465 711 499 ἐπιστρέφειν
724 463 889 499 ἐπιθυμοῦσι

108 516 178 550 «pb;
194 515 244 549 τὴν
260 514 319 540 όδδν
333 514 382 547 τῆς
397 512 528 547 ἀληθείας
540 510 570 543 ὲξ
584 509 730 537 ὁποιασοῦν
742 510 888 544 αἱρέσεως,

108 561 125 595 ἢ
143 560 173 592 ἐξ
189 558 369 593 ’1ουδαῖσμοῦ,
384 558 401 593 ἢ
417 559 444 591 ἐξ
464 556 659 591 Ἑλληνισμοῦ,
679 557 703 581 sl
720 555 771 590 μὲν
781 555 890 582 ἐπίσκο-

109 614 159 637 πος
176 605 230 640 εἴη,
250 605 266 640 ἦ
281 604 411 639 κληρικδς
437 603 450 629 ό
466 601 598 634 τοιοῦτος,
623 600 824 636 ἀλλοτριούσθω
841 601 891 635 τῆς

109 651 262 685 ἐπισκοπῆς
274 652 288 677 ὁ
305 651 464 682 ἐπίσκοπος,
478 648 525 675 καὶ
544 648 558 674 ὁ
572 647 701 682 κληρικδς
715 646 762 674 τοῦ
776 647 890 682 κλήρου·

109 699 133 724 εί
146 698 174 723 δὲ
189 696 316 731 μοναχὸς,
332 695 349 730 ἢ
364 695 457 726 λαῖκδς
470 692 726 728 ἀναθεματιξέσθω.

145 744 237 770 Ταῦτα
248 743 295 770 νῦν
314 743 364 778 μὲν
389 742 570 769 ἀπολωλότων
595 741 648 767 τῶν
663 740 827 775 Πρακτικῶν
841 740 892 774 τῆς

109 787 222 823 πρώτης
243 788 365 820 συνόδου,
381 788 448 822 ἡμῖν
462 787 532 812 είσιν
549 786 678 820 ἄγνωστα
690 793 697 799 ”
725 785 784 811 τότε
800 785 828 811 δὲ
847 793 894 819 με-

110 835 221 866 νόντων,
235 834 384 868 ἐγίνωσκον
396 833 410 859 ὅ
424 840 454 858 τε
471 831 587 863 πάππος
598 831 736 866 Λιὸέριος,
746 830 760 857 ὃ
775 839 805 856 τε
816 829 893 864 ἅγιος

117 880 289 911 Ἀθανάσιος.

941 284 988 306 aut
1005 279 1103 306 docere
1120 279 1211 306 aliter.
1241 278 1334 313 Neque
1359 277 1461 312 aliquid
1485 277 1513 304 in
1532 276 1593 304 .ﬁde
1608 276 1724 309 sentire,

941 324 983 351 vel
1011 324 1145 359 proferre,
1158 324 1230 359 quod
1251 323 1457 351 definitionibus
1487 322 1586 349 horum
1614 323 1725 351 Patrum

940 370 1108 396 contrarium
1124 376 1184 396 esse
1201 369 1296 403 possit.
1310 368 1361 401 Qui
1378 375 1442 395 vero
1456 366 1539 394 attdet
1549 366 1629 393 aliam
1643 366 1725 394 ﬁdem

940 422 1113 449 componere,
1130 419 1177 442 aut
1192 414 1327 449 proferre.
1344 418 1391 441 aut
1412 414 1523 443 docere.
1543 415 1593 440 Seu
1612 412 1725 439 tradere

940 459 1013 488 aliud
1026 460 1185 495 Symbolum
1201 460 1235 487 iis
1248 459 1293 494 qui
1306 467 1339 486 ex
1356 465 1520 493 quacunque
1544 457 1653 487 heresi.
1681 457 1725 484 vel

940 505 1093 538 Judaismo,
1110 505 1153 532 vel
1167 505 1321 540 gentilismo
1338 504 1372 531 ad
1395 504 1467 530 viam
1486 502 1612 530 veritatis
1634 502 1727 530 redire

941 551 1073 585 cupiunt;
1102 551 1124 577 si
1148 551 1293 586 episcopus
1309 550 1419 585 quidem
1444 549 1481 577 sit
1507 550 1558 577 iste
1589 548 1660 579 talis.
1683 548 1726 575 vel

941 596 1059 624 clericus
1074 616 1081 629 ,
1107 596 1252 631 episcopus
1278 603 1342 623 sane
1360 595 1395 623 ab
1421 595 1592 630 episcopatu,
1610 594 1727 621 clericus

941 647 1007 667 vero
1024 648 1039 667 a
1051 641 1130 668 clero
1140 641 1284 668 alienetur.
1297 640 1344 667 Sin
1356 645 1447 668 autem
1458 640 1608 668 monachus
1624 640 1671 672 sit,
1680 643 1728 666 aut

943 685 1040 716 laicus.
1057 685 1230 712 anathemate
1247 685 1372 713 feriatur.

980 730 1041 758 Haec
1051 738 1124 758 nunc
1133 727 1256 765 quﬁiem.
1274 738 1336 758 cum
1349 736 1408 758 aeta
1425 731 1518 766 primae
1532 731 1626 766 synodi
1638 731 1728 766 perie-

942 776 1008 810 rint,
1019 780 1084 804 sunt
1097 776 1177 803 nobis
1198 776 1354 810 incognita;
1380 781 1447 803 tunc
1470 784 1537 803 vero
1551 783 1612 803 cum
1637 780 1728 803 exsta-

943 827 1016 856 rent,
1030 822 1214 858 agnoscebant
1229 829 1261 849 ea
1279 830 1340 850 cum
1363 822 1489 850 Liberius
1501 830 1580 858 papa,
1595 827 1651 851 tum
1665 829 1729 849 san-
1770 832 1777 860 ξ

944 873 1004 896 ctus
1019 868 1196 896 Athanasius.

146 925 239 952 Ταῦτα
256 925 302 952 νῦν
314 925 406 957 αὐτοῖς
420 924 553 960 ῥήμασιν,
566 925 650 959 ὅμοια
663 924 711 958 τῆς
723 923 818 958 τρίτης
832 929 892 948 συν-

978 914 1042 941 Ηωο
1067 914 1149 949 igitur
1163 914 1206 942 his
1227 915 1295 949 ipsis
1323 915 1406 943 verba
1426 915 1526 943 similia
1551 920 1615 942 sunt
1637 913 1729 942 verbis

114 971 184 1004 όδου,
202 971 251 998 καὶ
266 971 322 997 τῶν
340 971 428 997 ἄλλων
444 970 498 996 sici.
515 971 631 1006 ῥήμασι.
658 970 692 995 Τί
717 968 763 995 οὖν
776 968 892 1003 ἐροῦμεν

113 1016 243 1052 περὶτῆς
266 1016 289 1051 β’
314 1016 436 1048 συνόδου,
453 1017 501 1042 καὶ
518 1016 583 1050 περὶ
599 1015 752 1050 Γρηγορίου
768 1014 814 1040 τοῦ
828 1013 894 1039 Θεο-

111 1062 205 1096 λόγου,
225 1062 255 1093 ὃς
271 1062 374 1096 ταύτης
387 1062 438 1096 τῆς
457 1062 479 1096 β’
494 1061 604 1087 συνόδου
619 1059 734 1095 ἔξαρχος
749 1059 797 1092 ὢν,
813 1058 893 1089 αὐτὸς

111 1108 220 1141 λέγεται
234 1107 263 1134 τὸ
274 1107 422 1142 Σύμῦολον,
433 1104 454 1140 ᾧ
465 1107 512 1133 νῦν
527 1107 606 1142 ἡμεῖς
618 1105 759 1141 χρώμεθα,
775 1104 893 1139 συγγρά-

111 1153 226 1188 ψασθαι,
242 1154 331 1188 τὸτῆς
351 1153 463 1188 πρώτης
476 1153 505 1179 ἐν
526 1152 664 1183 πλείστοις
681 1151 868 1187 μεταποιήσας
883 1160 891 1184 ;

111 1199 190 1234 εἴπερ
205 1199 235 1224 τὸ
252 1198 367 1233 κώλυμα
378 1198 457 1224 τοῦτο
471 1198 521 1233 τὴν
536 1198 641 1224 ἔννοιαν
656 1197 713 1232 ἔχει
733 1196 843 1230 ταύτην,
859 1196 893 1231 ῆν

111 1253 193 1279 φασιν
211 1245 235 1270 ol
252 1244 392 1279 ἡμέτεροι,
410 1243 478 1278 (psi!
495 1243 556 1270 ἀντὶ
578 1243 664 1277 ἁγίων
686 1243 734 1268 καὶ
761 1242 892 1277 Πατέρων

111 1289 159 1314 καὶ
171 1287 351 1320 διδασκάλων,
364 1287 511 1321 λυμεώνων
532 1287 580 1313 καὶ
594 1286 763 1312 ἀπατεώνων
778 1286 892 1313 ἀντέλα-

111 1333 158 1361 6ον
177 1334 268 1370 χώραν
284 1335 308 1360 οἱ
323 1334 372 1368 τῆς
388 1333 411 1368 β’
428 1332 538 1359 συνόδου
558 1332 697 1366 Πατέρες¹
715 1331 761 1358 καὶ
777 1331 792 1357 ό
807 1331 893 1366 μέγας

111 1381 141 1407 ἐν
158 1381 282 1415 Θεολογίᾳ
297 1380 460 1415 Γρηγόριος.
477 1379 549 1405 Ἀλλ’
570 1379 656 1412 ἀπείη
679 1379 728 1405 καὶ
754 1378 835 1414 μόνον
851 1378 894 1404 sv-

110 1427 206 1460 νοῆσαι
222 1426 252 1452 τὺ
267 1425 438 1460 βλάσφημον.
456 1425 513 1450 Οὔκ
527 1423 581 1458 ἄρα
595 1423 700 1458 ταύτην
719 1422 769 1458 τὴν
789 1423 893 1451 ἔννοιαν

112 1472 169 1507 ἔχει
183 1471 244 1499 ιύτε
263 1473 280 1505 ἡ
293 1474 328 1503 α’,
340 1470 402 1497 οὔτε
414 1471 431 1506 ὴ
443 1471 534 1505 τρίτη,
552 1469 608 1496 οὔτ’
625 1469 693 1504 ἄλλη
707 1478 748 1502 τις
763 1470 817 1497 τῶν
832 1479 894 1497 συν-

112 1518 179 1544 όδων
192 1517 439 1552 ἀντιφθεγγομένη,
467 1516 535 1543 ἀλλὰ
556 1516 605 1550 τὴν
618 1516 743 1543 ἐναντίαν
767 1515 894 1552 φανερῶς

112 1564 144 1591 πί
151 1572 204 1591 ,τιν
219 1563 330 1591 κωλύει.

153 1645 305 1673 Ἀλλ“οῦτω
322 1646 371 1680 μὲν
395 1645 474 1672 τοῦτο
492 1646 538 1672 καὶ
556 1645 644 1680 φωτὸς
670 1645 812 1681 ἀνεδείχθη
826 1654 894 1681 τρα-

112 1692 232 1727 νότερον,
247 1694 293 1718 καὶ
307 1691 435 1726 καθαρῶς
450 1691 654 1724 ἀποδέδεικται,
668 1691 706 1726 μὴ
720 1691 894 1718 κεκωλύσοαι

112 1738 147 1764 τὰ
165 1737 252 1772 ἁληθῆ
263 1738 420 1772 προσθεῖναι
447 1738 479 1771 τῇ
505 1736 594 1762 πίστει
612 1738 658 1762 καὶ
674 1737 712 1771 τῷ
740 1736 872 1771 Συμϐόλῳ
884 1744 893 1752 ο

114 1783 214 1819 μᾶλλον
227 1783 253 1809 δὲ
272 1783 464 1810 ἀναπτύσσειν.
478 1782 562 1808 Οὐδὲν
580 1783 634 1816 γὰρ
658 1781 786 1816 ἀληθείας
806 1782 894 1816 δόγμα

112 1829 198 1861 ἐστὶν,
215 1829 228 1855 ὃ
244 1831 280 1864 μὴ
305 1829 460 1864 περιέχεται
490 1829 528 1864 τῷ
551 1828 692 1863 Συμὸόλῳ,
708 1829 757 1855 καὶ
771 1830 804 1864 τῇ
820 1829 893 1864 ἁττὶῇ

111 1875 262 1911 παραδόσει
277 1875 330 1901 τῶν
341 1875 514 1901 ἀποστόλων·
530 1874 716 1901 ἀναπτύσσειν
735 1874 762 1900 δὲ
788 1875 833 1900 καὶ
855 1874 894 1908 τῷ

112 1920 243 1955 Συμϐόλῳ
258 1920 404 1945 συνάπτειν
420 1919 470 1945 οὐκ
481 1919 526 1945 ἀεὶ
541 1919 673 1953 δηλονότι,
691 1919 751 1945 οὐδὲ
771 1919 815 1945 τὸν
831 1919 894 1954 ﬂou-

111 1966 225 2001 λόμενον
246 1966 345 1997 πάντα,
361 1965 429 1991 ἀλλὰ
449 1965 572 2000 μεγάλης
584 1966 706 2000 ἀνάγκης
719 1965 893 2000 ἐπειγούσης,

111 2012 159 2038 καὶ
175 2011 222 2045 τῆς
238 2010 403 2045 Ἐκκλησίας
423 2011 569 2046 κρινάσης.

151 2055 271 2087 Τούτων,
289 2052 311 2082 ὧ
327 2055 453 2090 ἄνθρωπε
471 2055 518 2081 τοῦ
532 2055 614 2088 Θεοῦ,
644 2056 691 2082 καὶ
714 2056 802 2083 ἄλλων
818 2056 894 2082 πλεί-

113 2101 243 2134 στωντῆς
252 2101 347 2136 ὁμοίας
360 2102 472 2136 ἀγωγῆς
492 2103 557 2136 περὶ
581 2101 678 2128 τούτου
696 2102 744 2128 τοῦ
771 2103 894 2137 ζητήμα-

112 2155 155 2177 τος
174 2147 328 2181 εἰρημένων
348 2146 401 2173 ὑπὸ
410 2147 544 2179 Λατίνων,
564 2148 644 2182 ἡμεῖς
663 2148 711 2182 μὲν
723 2148 792 2183 πρὸς
808 2148 894 2175 ταῦτα

114 2193 198 2227 μηδὲν
215 2192 416 2228 ἀποκρίνασθαι
439 2192 546 2228 ἔχοντες
561 2192 606 2227 (τί
632 2193 687 2229 γὰρ
706 2193 739 2220 ἄν
765 2202 808 2226 τις
826 2195 895 2230 πρὸς

944 959 1032 986 tertiae
1048 959 1156 994 synodi,
1170 963 1196 987 et
1213 959 1343 987 aliarum.
1361 960 1431 993 Quid
1451 961 1535 996 igitur
1554 959 1678 987 dicemus
1693 958 1729 985 de

943 1005 1063 1032 secunda
1093 1005 1207 1040 synodo.
1235 1006 1323 1040 deque
1348 1006 1480 1041 Gregorio
1506 1004 1656 1039 Tlteologo,
1679 1003 1728 1038 qui

944 1050 1008 1076 huic
1036 1049 1163 1077 secundae
1190 1053 1293 1085 synodo
1315 1058 1377 1078 cum
1402 1050 1573 1085 praesideret,
1597 1048 1728 1085 Symbolo

942 1095 1036 1130 primae
1049 1096 1076 1122 in
1093 1096 1188 1123 multis
1203 1096 1356 1129 immutato,
1370 1096 1428 1131 ipse
1443 1096 1532 1123 fertur
1556 1095 1726 1131 Symbolum,

943 1148 998 1175 quo
1012 1148 1063 1168 nos
1078 1141 1158 1168 modo
1175 1141 1278 1168 utimur
1304 1141 1520 1177 conscripsisse?
1538 1141 1560 1168 si
1583 1141 1655 1168 istud
1683 1141 1727 1168 in-

944 1185 1090 1213 terdictum
1112 1187 1181 1214 hanc
1210 1187 1292 1214 habet
1306 1187 1527 1221 intelligentiam,
1546 1193 1628 1220 quam
1645 1184 1728 1220 proﬁ-

944 1236 1037 1258 tentur
1049 1233 1151 1264 nostri,
1169 1232 1222 1259 heu
1237 1233 1243 1260 ί
1260 1233 1320 1260 loco
1334 1237 1491 1260 sanctorum
1509 1232 1620 1259 Patrum
1644 1236 1727 1266 atque

943 1275 1097 1308 doctorum,
1122 1277 1217 1304 Patres
1242 1277 1370 1304 secundm
1381 1277 1488 1312 synodi,
1508 1281 1536 1304 et
1562 1283 1676 1311 magnus
1694 1276 1722 1302 in

944 1321 1079 1356 theologia
1106 1321 1269 1358 Gregorius,
1297 1323 1440 1350 hominum
1474 1322 1668 1357 pestiferorum
1696 1329 1729 1348 ac

944 1366 1179 1394 fraudulentorum
1195 1368 1285 1395 locum
1301 1369 1499 1402 ;obtinuerunt.
1522 1368 1574 1395 Sed
1602 1368 1675 1396 absit
1698 1372 1729 1395 ut

944 1413 987 1440 vel
1001 1413 1152 1448 cogitemus
1167 1413 1238 1441 istud
1264 1414 1428 1441 convicium.
1453 1413 1512 1441 Non
1531 1414 1614 1450 igitur
1638 1421 1728 1449 neque

944 1458 1043 1493 prima,
1076 1466 1166 1494 neque
1200 1460 1290 1493 tertia,
1318 1467 1407 1494 neque
1435 1460 1489 1487 ulla
1515 1460 1566 1487 alia
1597 1460 1727 1494 synodus.

946 1509 1075 1539 tanquam
1099 1506 1235 1532 contraria
1257 1505 1299 1533 his
1318 1505 1459 1540 loquatur,
1484 1505 1554 1533 hanc
1577 1505 1660 1533 habet
1685 1506 1728 1532 in.

946 1550 1135 1586 tclligentiam,
1158 1550 1205 1578 sed
1221 1551 1385 1579 contrariam
1403 1550 1483 1579 fidem
1507 1551 1651 1579 manifeste
1666 1559 1731 1587 pro-

947 1596 1034 1623 hibet.

981 1641 1081 1669 Verum
1099 1642 1125 1670 id
1140 1642 1175 1670 ita
1189 1643 1312 1678 quidem,
1339 1642 1456 1678 luceque
1470 1643 1573 1671 clarius
1586 1647 1728 1672 ostensum

945 1692 988 1714 est
999 1695 1030 1714 ac
1045 1687 1165 1715 dilucide
1189 1688 1425 1721 demonsuatum,
1449 1689 1516 1716 nihil
1532 1689 1643 1716 obstare
1662 1697 1731 1724 quo-

946 1732 1036 1760 minus
1053 1741 1117 1760 vera
1132 1737 1188 1760 tum
1205 1733 1279 1765 fidei,
1302 1738 1361 1761 tum
1373 1733 1501 1769 Symbolo
1512 1734 1661 1767 addantur,
1674 1735 1730 1762 imo

946 1786 1012 1806 vero
1024 1779 1186 1814 explicetur.
1208 1780 1319 1806 Nullum
1333 1780 1408 1807 enim
1427 1780 1552 1808 veritatis
1568 1785 1610 1808 est
1623 1782 1728 1816 dogma,

947 1825 1018 1859 quod
1035 1825 1063 1852 in
1080 1825 1210 1860 Symbolo
1226 1833 1257 1852 ac
1281 1826 1398 1860 simplici
1415 1826 1565 1854 traditione
1590 1827 1730 1862 apostolo-

946 1877 1005 1896 rum
1029 1878 1083 1897 non
1107 1871 1289 1898 contineatur.
1317 1871 1485 1905 Explicanda
1510 1879 1577 1899 vero
1603 1877 1679 1905 sunt,
1702 1877 1730 1900 et

947 1922 1008 1942 cum
1037 1915 1167 1950 Symbolo
1187 1918 1374 1945 connectenda
1394 1925 1448 1945 non
1476 1925 1585 1953 semper
1612 1919 1728 1950 scilicet,

945 1968 1035 1995 neque
1053 1969 1068 1988 a
1089 1969 1264 1996 quocunque.
1289 1964 1337 1990 sed
1359 1971 1456 1998 magna
1472 1969 1587 1999 urgente
1609 1965 1730 1992 necessi-

947 2011 1010 2039 tate,
1024 2011 1105 2042 atque
1124 2008 1161 2034 ita
1180 2007 1461 2042 Ecclesiajudicante.

983 2052 1030 2079 His
1050 2052 1165 2087 aliisque
1190 2054 1402 2088 quatnplurimis
1427 2055 1551 2091 ejusdem
1567 2056 1684 2091 generis,
1711 2063 1728 2084 ο

946 2099 989 2126 vir
1000 2099 1059 2132 Dei,
1077 2099 1158 2126 dictis
1171 2099 1205 2127 de
1230 2099 1282 2127 hoc
1303 2101 1418 2135 quaesito
1433 2109 1447 2128 a
1463 2101 1578 2134 Latinis.
1594 2109 1645 2130 nos
1669 2103 1730 2137 qui-

947 2145 1008 2172 dem
1037 2145 1070 2172 ad
1100 2153 1132 2173 ea
1157 2147 1226 2173 nihil
1243 2147 1316 2181 quod
1334 2147 1565 2182 responderemus
1594 2148 1729 2178 habentes

947 2191 1023 2226 (quid
1043 2192 1116 2219 enim
1135 2192 1235 2227 aliquis
1259 2193 1293 2220 ad
1316 2197 1419 2220 tantam
1436 2193 1578 2221 veritatem
1592 2194 1649 2229 jam
1677 2195 1730 2222 im-

110 2238 244 2274 τοσαύτην
259 2240 480 2274 ἀναισχυντήσων
492 2239 565 2265 εἴποι
578 2239 892 2276 ἁλήθειανς)ὲσιγῶμεν⁶

946 2237 1095 2272 prudenter
1112 2237 1262 2273 dicaret?),
1278 2239 1498 2272 conticebamus;
1524 2239 1564 2267 illi
1592 2247 1657 2269 vero
1676 2241 1729 2269 hoc

111 2286 210 2311 ἐκεῖνοι
224 2285 253 2311 δὲ
276 2285 424 2319 δεδειχὸτες
447 2286 484 2316 ὡς
500 2285 605 2321 τάληθῆ
625 2288 734 2321 φρονεῖν
747 2288 776 2313 οὐ
791 2287 894 2315 κωλύε-

110 2338 167 2362 ται,
183 2329 245 2356 ούτε
258 2329 298 2365 τῷ
310 2330 440 2366 Συμσόλῳ
455 2331 624 2365 προσθεῖναι,
638 2332 790 2364 ἀκολούθως
805 2334 893 2368 ὲπηγ‹

110 2375 235 2408 γέλλοντο
245 2375 341 2407 δεῖξαι,
360 2375 396 2406 ὡς
417 2375 464 2401 καὶ
479 2376 579 2410 ἀληθείς
594 2378 678 2408 ἐστιν,
696 2377 710 2402 ὃ
726 2378 755 2403 ἐν
770 2378 808 2413 τῷ
820 2379 893 2413 Συμι

110 2422 180 2456 σόλῳ
196 2422 374 2456 προσέθεσαν,
400 2422 523 2456 δηλονότι
537 2423 567 2448 τὸ
587 2423 614 2449 τὸ
644 2424 756 2458 Πνεῦμα
771 2425 801 2450 τὸ
817 2425 893 2458 Ξιγιον

110 2467 143 2493 ὲκ
160 2467 266 2502 Πατρός
289 2468 336 2493 καὶ
351 2467 416 2494 Υίοῦ
434 2467 634 2502 ἐκπορεύεσθαι
646 2475 653 2482 '
685 2471 733 2495 καὶ
751 2470 825 2503 ἡμᾶς
853 2471 893 2501 είς

110 2513 157 2540 τὸν
172 2513 265 2547 ἀγῶνα
287 2513 498 2547 προεκαλοῦντο.
526 2514 558 2540 Ol
573 2513 595 2539 δ’
607 2515 747 2548 ἡμέτεροι,
761 2517 789 2540 ἐν
805 2517 893 2550 τούτῳ

111 2558 272 2594 ἡττηθέντες
289 2567 318 2584 τε
348 2558 396 2584 καὶ
410 2560 574 2593 τραπέντες,
599 2560 723 2586 ἐδειλίων
737 2561 782 2586 τὸν
801 2561 894 2587 δεύτε-

111 2613 156 2640 ρον
167 2605 300 2631 εἰσελθεῖν
316 2604 427 2639 ἀγῶναεο
444 2606 491 2631 καὶ
502 2604 621 2640 ἔπασχον
631 2606 644 2631 ὃ
658 2605 714 2640 ἐγὼ
729 2607 790 2633 κατ’
805 2607 892 2642 ἀρχὰς

109 2651 214 2684 ελεγον,
232 2650 345 2677 κωλύων
359 2650 413 2676 ἀπὸ
438 2651 533 2676 τούτου
558 2651 604 2677 τοῦ
629 2650 786 2686 ζητήματος
810 2653 892 2687 ἄρξα-

110 2698 183 2724 σθαι.
214 2697 353 2730 Ἠγωνίων
384 2705 413 2722 τε
441 2696 530 2722 τοίνυν
547 2697 596 2723 καὶ
609 2697 737 2732 ἔτρεμον,
761 2698 808 2724 καὶ
823 2699 892 2729 ὅλως

107 2743 161 2769 οὐκ
173 2743 269 2778 ἤθελον
281 2742 327 2767 ἐπὶ
342 2741 423 2768 πλέον
436 2743 612 2777 προσμεῖναι,
629 2743 687 2768 ἀλλ’
701 2744 785 2769 ἐϐόων
802 2744 891 2770 ἃπαν-

108 2797 155 2820 τες
170 2788 314 2822 διαστῆναι
340 2787 394 2813 δεῖν
410 2787 466 2813 τῶν
482 2788 606 2813 Λατίνων
623 2789 670 2814 καὶ
696 2788 761 2823 πρὸς
776 2789 823 2824 τὴν
840 2798 891 2815 πα-

108 2834 188 2869 τρίδα
210 2832 425 2866 ὲπαναστρέψαι.
453 2833 508 2859 Καὶ
522 2834 571 2867 τὴν
595 2835 687 2860 αἰτίαν
708 2835 890 2869 ἐρωτώμενοι,

110 2879 256 2907 ἀποδοῦναι
269 2879 318 2905 οὐκ
334 2877 416 2914 εἶχον.
433 2879 465 2905 Τί
481 2878 526 2905 οὖν
542 2881 598 2910 τοῖς
616 2881 741 2912 Λατίνοις
756 2881 888 2917 ἑροῦμεν;

287 2927 422 2958 I‘AmOL.
440 2928 496 2959 Gn.
523 2928 628 2960 CLXI.

945 2283 1069 2317 probato.
1086 2284 1159 2318 quod
1178 2284 1310 2311 nimirum
1333 2292 1397 2312 vera
1422 2293 1531 2320 sapere,
1549 2294 1636 2322 caque
1649 2286 1729 2323 Synt—

945 2328 1009 2356 bolo
1027 2329 1128 2357 addere
1140 2330 1252 2358 minime
1263 2331 1460 2366 prohibemur:
1473 2340 1645 2367 consequens
1661 2334 1729 2361 illud

945 2380 972 2402 et
987 2376 1115 2408 alterum,
1128 2377 1199 2411 quod
1224 2378 1257 2404 ad
1277 2377 1436 2412 Symbolum
1452 2379 1632 2411 addidissent,
1649 2380 1729 2415 polli-

944 2420 990 2447 citi
1006 2426 1080 2453 sunt,
1101 2422 1171 2449 velle
1187 2430 1216 2449 se
1231 2423 1376 2451 ostendere
1401 2432 1494 2451 verum
1511 2432 1582 2458 esse,
1596 2425 1726 2454 nimirum

945 2465 1075 2499 Spiritum
1103 2471 1229 2493 sanctum
1248 2476 1281 2494 ex
1307 2469 1388 2495 Patre
1411 2467 1537 2504 Filioque.
1564 2470 1728 2504 procedere,

944 2518 1050 2546 nosque
1076 2513 1109 2539 ad
1127 2519 1267 2540 certamen
1284 2514 1480 2548 provocabant.
1497 2513 1589 2541 Nostri
1621 2521 1725 2549 autent,

944 2563 1006 2583 cum
1024 2557 1052 2584 in
1073 2557 1124 2584 hoc
1141 2558 1206 2585 victi
1227 2563 1255 2585 et
1272 2559 1356 2593 fugati
1382 2559 1510 2593 fuissent,
1527 2561 1661 2589 timebant
1684 2570 1728 2589 se—
1754 2556 1756 2587 ξ

944 2603 1061 2630 cundum
1078 2603 1171 2630 subire
1186 2609 1323 2632 certamen
1336 2613 1344 2638 ;
1357 2611 1385 2632 et
1399 2606 1507 2638 accidit,
1520 2607 1593 2642 quod
1605 2615 1656 2642 ego
1674 2609 1728 2635 illis

944 2656 959 2675 a
989 2649 1123 2684 principio
1139 2650 1274 2684 dicebam,
1299 2660 1362 2679 cum
1389 2660 1438 2680 eos
1463 2658 1584 2680 vetarem
1615 2656 1649 2681 ab
1676 2657 1729 2683 hac

944 2696 1094 2729 quaestione
1110 2697 1276 2732 principium
1303 2706 1422 2726 sumere.
1452 2699 1536 2734 Igitur
1551 2700 1634 2727 animi
1652 2700 1729 2727 solli-

943 2740 1065 2768 citudine
1085 2742 1125 2768 vel
1144 2743 1260 2769 maxime
1277 2744 1454 2778 urgebantur,
1471 2752 1504 2772 ac
1520 2746 1686 2779 tremebant,
1702 2751 1728 2774 et

943 2787 1056 2814 omnino
1085 2788 1214 2815 nolebant
1232 2790 1348 2823 amplius
1365 2798 1486 2824 manere,
1501 2792 1548 2818 sed
1571 2792 1729 2820 clamabant

943 2842 1037 2862 omnes
1055 2840 1180 2869 oportere
1204 2843 1219 2862 ιι
1248 2835 1353 2863 Latinis
1376 2838 1479 2872 sejungi
1493 2858 1500 2871 ,
1517 2842 1545 2864 et
1563 2839 1589 2865 in
1611 2840 1727 2872 patriam

944 2882 1062 2915 reverti;
1079 2882 1213 2909 rationem
1236 2890 1301 2910 vero
1323 2884 1517 2917 quaarentibus,
1539 2886 1654 2914 reddere
1669 2893 1727 2913 non

1539 2931 1576 2964 12
