1925 3056
19 187 81 221 345

490 178 548 215 'DE
567 178 830 215 PROCESSIONE
846 175 1027 212 SPIRITUS
1046 176 1193 212 SANC'I‘I.

1602 176 1655 209 346

16 244 53 271 ὃν
79 243 126 272 τοῦ
143 243 191 280 τῆς
213 237 337 280 πρώτης,
351 237 396 270 διὰ
423 242 502 269 τοῦτο
526 241 577 268 οὐκ
599 241 679 275 ἔτυχε
704 239 814 275 μνήμης

879 239 995 274 iymbolo
1009 239 1113 273 primae,
1135 238 1170 266 ob
1191 245 1251 265 cam
1271 244 1382 265 causam
1406 244 1420 264 a
1450 236 1530 264 tertia
1552 236 1658 271 synodo

17 291 78 317 ὑπὸ
97 290 147 326 τῆς
162 290 259 326 τρίτης
274 289 400 322 συνόδου,
414 288 611 324 ἁμαρτᾶνομιν
631 287 713 322 ἡμεῖς
729 286 814 320 ἀσύγ-

18 345 135 370 γνωστα
159 336 218 367 νῦν,
233 335 272 371 τῷ
292 335 343 371 μὲν
369 334 420 370 τῆς
447 334 560 369 πρώτης
585 332 616 360 οὐ
635 334 783 368 χρώμενοι,
799 331 813 358 8

19 384 74 410 καὶ
91 380 182 417 μένειν
201 382 403 416 ἁμεταποίητον
422 380 566 415 ἐκύρωσαν
582 379 607 406 oi
625 379 757 413 Πατέρες,
776 377 816 412 τῷ

20 427 53 454 δὲ
72 427 124 462 τῆς
146 427 277 463 δευτέρας
293 426 338 453 ἐπ’
356 425 523 461 Ἐκκλησίας
537 433 566 451 τε
583 424 631 451 καὶ
649 423 701 458 ίδίᾳ
715 425 817 454 πάντες

20 474 262 507 ἀναγινώσκοντες
279 473 369 508 μόνον.
380 472 440 507 ,Καί
463 473 547 506 έσμεν
569 470 641 497 κατά
657 470 752 496 τοῦτον
770 468 816 497 τὸν

21 519 107 553 λόγον
122 519 167 546 ὑπ’
185 519 317 554 ἀνάθεμα.
335 519 367 545 El
378 517 401 544 δ’
417 519 455 549 ὡς
475 517 572 544 ταυτὸν
586 515 615 543 ὃν
633 515 815 550 σεσιώπηται,

24 565 155 600 φαίνεται
169 565 267 592 ταυτὸν
279 563 308 591 ὃν
321 563 351 591 οὐ
365 564 422 595 τοῖς
447 563 552 598 ῥήμασι
568 562 688 598 (τούτοις
702 562 756 596 γὰρ
771 561 818 588 καὶ

25 611 160 646 πάμπολυ
184 610 320 646 διαφέρει,
360 609 520 647 προσθήκας
548 617 576 635 τε
603 608 734 638 πλείστας
757 607 818 642 ἔχον

29 658 77 685 καὶ
104 658 276 693 ἀφαιρέσεις)
289 665 296 672 ·
317 655 377 684 ἀλλ’
398 656 457 683 ἔστι
474 655 574 682 ταυτὸν
603 655 661 686 τοῖς
687 654 817 689 νοήμασι.

30 703 74 730 Διὸ
87 703 134 730 καὶ
147 704 292 739 ἀμφότερα
305 703 335 730 τό
349 712 379 730 τε
395 703 446 738 τῆς
462 702 588 737 πρώτης,
602 701 632 727 τό
645 709 675 727 τε
691 701 739 735 τῆς
757 700 820 726 δευ-

33 751 112 786 τέρας
129 752 277 787 σύμϐολον,
294 753 330 782 ὼς
355 751 385 778 ἓν
400 751 538 786 ἡγήσαντο
552 748 578 777 οἱ
594 750 644 785 τῆς
667 748 691 783 γ’
708 748 819 775 συνόδου

34 798 162 833 ’ίατέρες.
180 799 262 825 Ὥστε
287 798 334 825 καὶ
358 799 413 825 πᾶν
436 798 571 832 σύμϐολον
597 796 646 832 τὴν
671 795 757 830 αὐτὴν
780 793 820 828 τῷ

29 843 78 878 τῆς
94 845 206 880 πρώτης
230 844 335 871 ἔννοιαν
352 844 438 876 σῶζον
466 843 510 880 ετη
527 844 560 870 ἂν
576 843 693 874 ἐκείνοις
708 841 819 868 ταυτόν.

30 891 86 918 Καὶ
97 889 174 917 οὐδέν
190 891 259 926 πρὸς
273 890 320 918 τδν
334 891 423 925 λόγον,
438 891 503 917 ὅταν
527 890 643 924 λέγηται
660 889 698 924 μὴ
716 888 820 923 τολμᾷν

32 936 208 971 παραδιδόναι
230 936 325 972 ἕτερον
352 937 498 971 σύμεολον.
520 936 634 971 Ἕτερον
661 934 715 969 γὰρ
738 934 819 959 ἀκου-

34 982 111 1010 ττέον
134 982 165 1009 τδ
179 983 228 1017 τῆς
254 983 446 1018 ἀντικειμένης
468 981 584 1014 ἑννοίας,
597 981 644 1008 καὶ
656 980 716 1015 οὐχὶ
731 980 761 1005 τὸ
775 979 820 1005 λέ-

35 1024 90 1061 ’,εσι
103 1028 250 1063 διαφέρον·
267 1028 428 1063 ἐπειδήπερ,
447 1028 484 1059 ὡς
505 1028 625 1062 εἴρηται,
638 1026 669 1052 τδ
689 1025 739 1059 τῆς
760 1025 820 1051 δευ-

28 1073 127 1108 τέρας,
139 1073 265 1100 πλεῖστον
279 1074 338 1104 ταῖς
357 1073 448 1105 λέξεσι
469 1072 599 1106 διαφέρον
612 1069 660 1097 τοῦ
679 1068 730 1103 τῆς
743 1067 820 1102 πραϋ-

29 1128 92 1154 ιτης,
108 1120 158 1146 οὐκ
182 1119 312 1154 ἐνομίσθη
342 1119 437 1154 ἕτερον
462 1116 543 1144 εἶναι.
558 1117 641 1143 Ὥστε
668 1112 820 1150 συμπεραί-

30 1173 118 1198 νεται,
135 1165 175 1190 ὅτι
200 1165 234 1191 τὰ
248 1165 298 1200 τὴν
312 1164 416 1191 ἔννοιαν
439 1163 561 1196 σώζοντα
587 1162 638 1197 τὴν
664 1161 749 1195 αὑτήν
766 1161 820 1185 εἰσι

33 1212 129 1243 ταυτὰ,
144 1211 197 1238 κᾶν
210 1211 271 1242 ταῖς
287 1209 377 1243 λέξεσι
396 1210 576 1245 διαφέρωσιν,
593 1208 625 1235 δν
642 1206 745 1242 τρόπον
761 1205 821 1232 έστὶ

31 1259 81 1287 καὶ
95 1258 144 1292 τῆς
162 1255 184 1292 β’
196 1257 295 1284 ταυτὸν
313 1257 350 1293 τῷ
371 1257 421 1292 τῆς
433 1256 555 1292 πρώτης.

867 284 940 311 nulla
957 285 1026 312 facta
1040 289 1082 312 est
1098 284 1211 316 mentio,
1232 282 1398 318 inexpiabile
1411 283 1501 310 scelus
1512 290 1563 310 nos
1577 283 1658 309 modo

866 330 1064 358 committimus
1089 329 1220 365 Symbolo
1238 330 1332 364 prima:
1358 337 1412 356 non
1427 328 1530 356 utendo
1552 336 1558 356 :
1584 329 1657 363 quod

867 382 898 405 ut
912 381 1036 405 maneret
1052 377 1233 409 immutabile,
1252 377 1348 404 Patres
1365 379 1518 403 sanxerunt
1534 382 1541 401 :
1557 383 1657 402 secun-

867 423 909 450 dae
922 430 988 450 vero
1004 427 1111 450 tantum
1130 421 1289 458 Symbolum
1316 428 1374 449 tum
1395 422 1422 449 in
1438 421 1571 454 Ecclesia,
1601 425 1658 448 tum

868 469 994 503 privatim
1010 476 1106 497 omnes
1120 469 1272 496 recitando.
1286 469 1319 496 Et
1337 469 1488 496 secundant
1514 467 1586 495 hanc
1612 476 1658 494 ra—

870 516 971 542 tionem
988 515 1040 542 sub
1055 516 1229 542 anathemate
1257 522 1362 542 sumus.
1385 514 1413 541 Si
1436 521 1502 541 vero
1528 518 1658 548 tanquam

869 561 942 589 idem
959 562 1005 592 sit,
1021 561 1129 589 silentio
1144 561 1312 596 praeteritum
1322 565 1375 592 est,
1389 560 1461 588 idem
1477 567 1537 587 esse
1551 560 1660 587 videtur

869 615 924 635 non
944 607 1037 634 verbis
1051 607 1105 642 (bis
1119 608 1221 635 etenim
1238 607 1354 634 multum
1382 607 1529 634 admodum
1555 606 1659 638 diﬂ‘ert.

870 654 1024 682 additiones
1039 653 1173 688 plurimas
1188 653 1302 686 habens,
1317 657 1346 680 et
1372 653 1592 688 ademptiones);
1611 653 1659 680 sed

870 705 912 728 est
934 700 1005 728 idem
1029 708 1111 728 sensu
1137 705 1165 728 et
1188 700 1378 734 intelligentia.
1394 699 1482 732 Quare
1513 704 1661 734 utrumque

872 746 1032 781 Symbolum
1049 751 1106 773 tum
1122 746 1229 780 prima,
1241 750 1297 772 tum
1311 745 1449 778 secundm,
1466 744 1550 772 veluti
1564 753 1661 777 unum,

872 792 1089 820 Patres'tertim
1110 792 1206 826 synodi
1234 791 1361 818 arbitrati
1387 796 1463 818 sunt.
1488 790 1661 826 Quapropter

872 839 954 866 etiam
987 846 1068 866 omne
1096 838 1256 874 Symbolum
1284 837 1409 865 eamdem
1437 837 1662 872 intelligentiam,

873 893 954 920 quam
968 890 995 913 et
1008 885 1164 920 Symbolum
1181 885 1275 919 primze
1288 892 1412 916 servans,
1426 884 1497 911 idem
1511 885 1565 912 erit
1580 888 1662 918 atque

871 932 928 965 illa,
945 936 973 958 et
992 931 1062 958 nihil
1078 930 1144 958 facit
1160 930 1195 958 ad
1213 936 1405 965 argumentum
1422 936 1450 958 et
1475 930 1609 957 rationem
1627 929 1661 956 il-

872 977 961 1004 lorum
977 977 1025 1011 qui
1040 976 1136 1003 dicunt
1162 983 1216 1003 non
1233 976 1390 1004 audendum
1410 977 1484 1003 aliud
1501 975 1662 1011 Symbolum

874 1024 999 1056 tradere;
1013 1023 1088 1050 aliud
1108 1023 1181 1050 enim
1202 1024 1432 1056 subaudiendum,
1448 1024 1521 1059 quod
1545 1024 1582 1052 sit
1597 1031 1664 1052 con-

873 1069 966 1096 traria
992 1068 1195 1103 intelligentiae,
1226 1076 1281 1096 non
1311 1074 1404 1097 autem
1429 1071 1502 1104 quod
1524 1070 1665 1097 vocabulis

875 1113 984 1140 diﬂcrat
998 1123 1004 1140 :
1022 1113 1256 1149 quandoquidem,
1275 1118 1304 1140 ut
1320 1115 1424 1142 dictum
1440 1120 1491 1147 est,
1505 1115 1663 1151 Symbolum

874 1159 1001 1186 secunda:
1015 1159 1123 1195 synodi,
1141 1167 1203 1188 cum
1222 1160 1339 1188 multum
1359 1161 1470 1188 diil‘erat
1495 1161 1636 1189 vocabulis
1649 1169 1664 1188 a

876 1204 1007 1240 SymboIo
1036 1204 1142 1239 primae,
1161 1213 1215 1236 non
1244 1211 1334 1234 tamen
1361 1206 1436 1234 aliud
1453 1214 1514 1234 esse
1527 1207 1667 1234 existima-

877 1254 933 1277 tum
949 1255 1000 1278 est.
1017 1250 1108 1284 Quare
1123 1251 1301 1280 concluditur
1318 1261 1325 1280 :
1341 1252 1407 1286 Qua;
1422 1253 1546 1280 eamdem
1556 1261 1668 1290 serram

32 1302 342 1338 .Tatelligentiam,etiam
358 1303 380 1330 si
392 1303 483 1330 verbis
495 1302 633 1334 diﬂ‘erant,
641 1301 735 1328 eadem
748 1304 819 1329 esse,
839 1296 1070 1331 quemadmodum
1099 1301 1127 1326 et
1160 1297 1319 1334 Symbolum
1335 1299 1462 1327 secundae
1476 1299 1666 1335 synodi,idem

32 1355 81 1379 cst
96 1359 129 1379 ac
145 1351 304 1386 Symbolum
321 1352 426 1386 prima.

70 1397 134 1424 Ἔτι
155 1398 259 1432 ἑκάστη
285 1396 394 1428 σύνοδος
422 1395 491 1431 μετὰ
522 1395 572 1429 τὴν
596 1393 751 1428 ἀνάγνωσιν
774 1390 822 1418 τοῦ

35 1445 97 1471 ’ᾷλου
109 1444 209 1478 ἑαυτῆς
228 1445 302 1479 ὅρου,
317 1443 348 1470 οὺ
364 1443 443 1478 μόνον
457 1441 504 1468 τοῦ
517 1441 656 1475 Συμδόλου
670 1460 678 1472 ,
696 1439 763 1466 ἀλλὰ.
776 1437 822 1465 τοῦ

43 1484 195 1525 ’λύμπαντος
223 1490 297 1525 ὅρου,
327 1488 414 1524 φησί·
443 1487 553 1514 Τούτων
574 1486 822 1520 ἀναγνωσθέντων,

61 1545 137 1571 ρισεν
152 1536 168 1572 ἠ
186 1535 253 1568 ἁγία
268 1534 375 1566 σύνοδος
392 1534 487 1569 μηδενὶ
500 1533 600 1565 ἐξεῖναι
614 1531 712 1567 ἑτέραν
729 1533 823 1558 πίστιν

41 1582 201 1617 ¹προφέρειν.
220 1581 302 1608 Ὥστε
325 1580 366 1612 τὸ,
381 1580 484 1607 τούτων
501 1578 739 1613 ἀναγνωσθέντων,
756 1580 824 1612 πρδς
838 1590 859 1619 c

51 1628 98 1654 λον
125 1628 170 1654 τὸν
200 1628 262 1662 ὅρον
293 1625 541 1661 ἀναφέρεται.Καὶ
570 1625 601 1651 τδ
618 1624 682 1659 ἑξῆς
708 1624 761 1659 ἄρα
782 1625 824 1657 τὸ,

47 1674 159 1709 Ἑτέραν
188 1674 280 1700 πίστιν
303 1674 341 1707 μὴ
367 1673 467 1705 ἰξεῐναι
492 1673 653 1708 προφέρειν,
683 1672 751 1707 πρὸς
781 1672 828 1699 τδν

55 1725 101 1752 ρον
123 1718 169 1744 καὶ
193 1717 258 1744 αὐτὸ
281 1716 466 1751 ἀναφέρεται·
485 1718 546 1752 ἦτοι
569 1717 607 1752 μὴ
632 1716 732 1749 ἐξεῖναι
758 1725 828 1752 προ-

50 1765 136 1798 θέρειν
153 1763 237 1798 ἄλλην
266 1763 358 1789 πίστιν
388 1762 466 1796 παρὰ
482 1763 532 1797 τὴν
555 1763 585 1788 ἐν
600 1762 639 1797 τῷ
657 1762 713 1796 ὅρῳ
735 1762 827 1796 ὲγκει-

40 1813 128 1846 ἰἐνην
154 1809 194 1845 τῷ
217 1809 341 1840 καθόλου,
357 1809 387 1835 οὒ
407 1809 485 1843 μόνον
501 1810 529 1834 ὲν
541 1808 580 1842 τῷ
596 1808 734 1844 Συμϐόλῳ.
756 1808 828 1836 Ἀλλ’

39 1859 103 1884 ὅσον
120 1856 191 1883 κατὰ
206 1856 241 1882 τὰ
266 1856 377 1891 ῥήματα.
392 1855 408 1890 ὴ
423 1855 443 1882 δ’
459 1854 582 1889 ἔγραψεν
598 1854 679 1889 ἕτερα
694 1854 746 1888 τῆς
770 1855 829 1888 τρί-

40 1911 102 1938 της,
121 1901 169 1928 καὶ
195 1901 212 1936 ἡ
237 1901 350 1935 πέμπτη
368 1900 418 1934 τῆς
439 1900 470 1931 δ’,
488 1901 534 1926 καὶ
549 1899 634 1931 οὕτως
655 1900 731 1935 ἑξῆς.
746 1900 828 1926 Ὥστε

40 1949 106 1983 περὶ
122 1948 171 1982 τῆς
194 1947 310 1973 καθόλου
333 1945 452 1976 πίστεώς
472 1947 546 1972 ἐστιν
565 1946 580 1971 ὁ
594 1945 684 1979 λόγος,
701 1947 748 1972 καὶ
763 1946 829 1981 περὶ

39 1996 93 2022 τῶν
108 1993 262 2029 νοημάτων,
279 1993 308 2020 οὺ
323 1993 388 2028 περὶ
402 1992 457 2018 τῶν
473 1991 574 2024 λέξεων
586 1991 689 2019 αὐτῶν.

77 2040 140 2065 Ἔτι
158 2039 173 2074 ἡ
189 2037 211 2070 ζ’
223 2037 332 2068 σύνοδος
347 2037 408 2063 οὐδὲ
422 2038 543 2063 ποιεῖται
557 2037 627 2067 ὅλως
647 2037 743 2071 μνεία-ι
760 2045 830 2072 συμ-

42 2085 134 2115 6όλου,
147 2083 208 2110 οὕτε
220 2083 267 2109 τοῦ
281 2085 330 2118 τῆς
344 2082 467 2117 πρώτης,
479 2081 543 2108 οὕτε
559 2082 605 2108 τοῦ
624 2083 673 2116 τῆς
686 2082 827 2117 δευτέρας,

41 2130 100 2157 ἀλλ’
129 2129 221 2161 ἁπλῶς
249 2129 312 2164 ὅρον
340 2128 440 2163 εαυτῆς
467 2127 614 2162 ὲκθεμένη,
635 2127 665 2153 ὲν
692 2126 730 2162 τῷ
757 2127 829 2153 τέλει

42 2177 120 2211 φησὶ,
136 2185 146 2201 ι
168 2175 280 2207 Τούτοις
293 2175 343 2202 οὐκ
370 2175 427 2201 ἐστι
444 2174 613 2209 προσθεῖναι,
628 2174 675 2200 καὶ
692 2173 747 2199 ἀπὸ
768 2173 830 2200 τού-

43 2231 98 2249 των
110 2223 161 2249 οὐκ
174 2222 246 2248 ἐστιν
259 2221 379 2255 ἀφελεῖν.
396 2221 427 2246 El
443 2220 472 2247 δέ
486 2228 528 2250 τις
542 2219 675 2255 προσθείη
699 2220 715 2255 ἢ
733 2220 829 2253 ἀφέλοι

914 1387 1029 1415 Rursus.
1047 1387 1223 1423 Unaquteque
1238 1389 1371 1424 synodus,
1382 1393 1442 1423 post
1460 1390 1604 1419 recitatam
1621 1396 1666 1420 ιο-

876 1439 932 1462 tam
952 1442 1030 1462 suam
1044 1434 1245 1467 deﬁnitionem.
1273 1443 1330 1462 non
1352 1440 1458 1463 tantum
1494 1437 1668 1473 Symbolum,

877 1483 936 1507 ait:
958 1479 1006 1508 His
1031 1481 1123 1513 lectis,
1151 1481 1249 1508 statuit
1282 1487 1377 1510 sancta
1396 1483 1529 1517 synodus,
1561 1485 1668 1513 nemini

877 1526 960 1553 licere
969 1526 1051 1554 aliam
1071 1527 1152 1554 ﬁdem
1162 1527 1300 1562 proferre.
1309 1528 1401 1560 Quare
1416 1529 1502 1557 illud:
1515 1529 1564 1557 llis
1575 1531 1667 1565 lectis,

878 1573 912 1598 ad
940 1577 1024 1599 totam
1054 1572 1245 1600 deﬁnitionem
1261 1573 1400 1608 refertur;
1422 1576 1507 1611 igitur
1536 1582 1566 1604 et
1591 1579 1667 1613 quod

879 1617 1013 1652 deinceps
1038 1619 1178 1653 sequitur,
1204 1619 1287 1646 aliam
1314 1621 1395 1648 ilJem
1418 1630 1472 1649 non
1490 1623 1575 1651 licere
1601 1631 1668 1660 pro-

878 1664 962 1696 ferre.
981 1665 1014 1692 ad
1033 1669 1116 1692 totam
1134 1666 1324 1695 definitionem
1337 1673 1443 1704 spectat
1456 1678 1462 1702 ;
1475 1669 1527 1697 hoc
1541 1675 1594 1703 est.
1612 1680 1667 1701 non

878 1710 962 1738 licere
990 1712 1114 1746 proferre
1130 1713 1211 1740 aliam
1236 1713 1318 1742 fidem
1332 1735 1339 1748 ,
1358 1722 1455 1750 prmler
1469 1726 1529 1745 eam
1547 1727 1610 1754 qure
1639 1720 1666 1747 in

878 1758 1038 1785 deﬂidtione
1053 1759 1222 1792 universali,
1240 1769 1295 1787 non
1315 1762 1403 1789 solum
1423 1763 1448 1789 in
1463 1764 1591 1798 Symbolo
1603 1773 1669 1793 eon-

879 1804 993 1831 tinetur.
1010 1804 1063 1831 Sed
1076 1806 1149 1840 quod
1161 1807 1259 1833 attinet
1270 1807 1304 1833 ad
1318 1809 1413 1840 verba,
1432 1816 1529 1843 quarta
1546 1812 1669 1846 synodus

879 1849 932 1877 alia
952 1850 1065 1885 scripsit
1091 1859 1106 1878 ο
1126 1852 1215 1885 tertia,
1241 1854 1378 1887 etquinla
1399 1863 1413 1881 ιι
1431 1861 1542 1890 quarta,
1568 1862 1596 1884 et
1627 1859 1668 1886 sic

877 1896 1020 1930 deinceps.
1036 1896 1206 1930 Quapropter
1223 1899 1257 1924 de
1284 1900 1432 1928 universali
1461 1902 1514 1928 llde
1539 1908 1582 1930 est
1609 1911 1669 1932 ser-

881 1948 936 1972 mo,
955 1941 1044 1975 deque
1065 1942 1162 1969 iisdem
1189 1945 1348 1977 sententiis,
1371 1953 1425 1972 non
1445 1947 1478 1974 de
1506 1947 1572 1982 ipsis
1589 1957 1669 1977 voca-

880 1985 963 2013 bulis.
1536 1998 1540 2002 -

915 2031 1049 2059 Prteterea
1064 2034 1178 2067 septima
1192 2036 1314 2071 synodus
1341 2029 1442 2071 neque-
1452 2038 1566 2065 omnino
1582 2040 1666 2067 ullam

880 2077 945 2105 facit
967 2079 1135 2107 mentionem
1147 2082 1272 2117 Symboli
1289 2092 1379 2118 neque
1396 2085 1502 2118 primae,
1520 2093 1610 2120 neque
1626 2095 1669 2114 sc—

880 2123 998 2150 cundae:
1024 2125 1071 2156 sed
1089 2127 1257 2162 simpliciter
1283 2129 1445 2157 deﬁnitione
1469 2137 1518 2157 sua
1543 2132 1628 2165 edita,
1642 2137 1672 2160 et

880 2169 1026 2203 explicata,
1046 2171 1072 2198 in
1091 2171 1143 2200 line
1159 2173 1243 2201 dicit:
1265 2184 1273 2200 ι
1293 2175 1340 2202 His
1358 2183 1411 2202 non
1428 2176 1493 2203 licet
1513 2177 1626 2211 addere,
1641 2184 1669 2205 et

881 2223 914 2242 ex
931 2215 973 2243 his
994 2223 1048 2244 non
1067 2217 1132 2245 licet
1153 2219 1287 2248 adimere.
1301 2221 1330 2248 Si
1351 2222 1413 2256 quis
1427 2230 1494 2250 vero
1517 2223 1668 2258 addiderit,

43 2271 99 2297 ἀπὸ
122 2269 224 2304 ταύτης
243 2270 291 2303 τῆς
319 2269 446 2302 πίστεως,
473 2267 597 2301 ἀνάθεμα
623 2267 677 2302 εἴη.
711 2275 720 2293 ι
749 2267 825 2293 Ὥστε

881 2267 909 2288 et
922 2262 957 2290 ab
965 2269 996 2289 ea
1008 2262 1062 2289 (ide
1069 2263 1215 2298 ademerit,
1225 2266 1370 2294 anathema
1378 2267 1423 2294 sit.
1439 2277 1450 2294 ›
1462 2269 1551 2301 Quare
1562 2276 1672 2298 constat

44 2315 126 2349 δῆλον
146 2315 188 2341 ὅτι
213 2314 278 2348 περὶ
305 2314 424 2344 πίστεως
450 2312 536 2346 λέγει,
552 2312 600 2338 καὶ
624 2312 674 2345 τῆς
702 2312 774 2338 κατὰ
798 2313 834 2338 τὰ

44 2363 171 2395 δόγματα
187 2359 385 2390 ἐναντιώσεως.
400 2359 437 2385 οὐ
452 2359 507 2393 γὰρ
523 2357 555 2392 δὴ
579 2357 737 2384 κεκώλυκεν
752 2358 833 2392 ὅρους

44 2408 96 2442 τὴν
111 2406 275 2440 Ἐκκλησίαν
295 2403 513 2439 συγγράφεσθαι.

84 2452 156 2485 Ἔτι,
174 2452 207 2477 ’Δ
222 2453 254 2487 τῇ
270 2451 370 2485 κῖρδίᾳ
394 2450 434 2480 είς
448 2448 623 2483 δικαιοσύνην
647 2448 834 2484 πιστεύομεν,

45 2498 134 2525 ταῦτα
146 2499 194 2524 καὶ
208 2498 247 2533 τῷ
264 2498 379 2532 στόματι
393 2495 536 2530 ὁμολογεῖν
552 2495 592 2526 τίς
607 2495 747 2529 σωτηρίαν
761 2494 836 2529 ὀφεί-

46 2545 146 2578 λομενν
161 2545 186 2571 εἰ
196 2543 225 2571 δὲ
243 2544 291 2579 μὴ,
301 2543 397 2578 ἀτελὴς
413 2542 479 2576 ἡμῖν
494 2541 583 2574 ἔσται,
598 2541 645 2568 καὶ
661 2541 691 2574 εξ
704 2541 835 2576 ἡμισείας

48 2589 66 2623 ή
83 2588 185 2620 πίστις.
200 2588 246 2613 Δεῖ
272 2586 325 2620 γὰρ
354 2586 497 2620 ὁμολογεῖν
524 2584 681 2620 ἔμπροσθεν
702 2585 759 2611 τῶν
788 2585 834 2611 ἀν-

48 2633 167 2669 θρώπων
193 2633 244 2666 τὴν
261 2632 363 2664 πίστιν,
382 2632 406 2657 ιι
431 2631 565 2666 μέλλομεν
585 2631 632 2658 καὶ
654 2630 731 2657 αὐτοὶ
745 2632 836 2665 τυχεῖν

49 2681 226 2716 ἀναρρήσεως
253 2677 305 2703 ὑπὸ
331 2677 379 2703 τοῦ
408 2677 534 2712 Σωτῆρος
558 2677 606 2704 ἐπὶ
634 2676 683 2703 τοῦ
709 2677 835 2711 οὐρανίου

50 2724 167 2759 Ιιατρὸς,
190 2722 261 2749 κατὰ
283 2722 315 2748 τὸ
341 2721 430 2755 λόγιον
456 2721 551 2748 αὐτοῦ.
581 2721 662 2748 Ἀλλὰ
687 2722 722 2748 τὰ
747 2721 835 2757 ἀληθῆ

54 2772 160 2804 ἀνάγκη
179 2771 288 2805 φρονεῖν
299 2777 305 2783 '
320 2769 367 2794 καὶ
388 2769 495 2803 ἀνάγκη
511 2768 565 2802 ἄρα
578 2768 721 2802 ὁμολογεῖν
734 2768 834 2794 ταῦτα.

55 2816 135 2842 Ὥστε
156 2815 174 2843 ἃ
199 2816 304 2849 ἀνάγκη
330 2814 479 2843 πιστεύειν,
503 2814 589 2840 ταῦτα
616 2814 665 2840 οὐκ
690 2814 836 2840 ἀνεύθυνον

55 2864 143 2897 μόνον,
160 2863 228 2889 ἀλλὰ
243 2863 289 2888 καὶ
304 2861 412 2895 ἀνάγκη
427 2861 580 2894 ὁμολογεῖν.

88 2909 158 2942 Ἔτι,
174 2910 202 2935 ὲν
217 2910 271 2940 τοῖς
295 2908 462 2943 Πρακτικοϊς
479 2906 529 2941 τῆς
556 2907 689 2942 τετάρτης
713 2905 835 2938 συνόδου,

883 2315 943 2335 eam
957 2309 1053 2336 deiide
1065 2310 1168 2343 dicere,
1186 2315 1212 2338 et
1224 2311 1258 2338 de
1267 2320 1299 2340 ea
1315 2320 1374 2347 quae
1389 2312 1416 2340 in
1433 2314 1608 2349 dogmatibus
1615 2321 1671 2349 est,

884 2355 1093 2383 contrarietate.
1109 2356 1168 2384 Non
1188 2357 1263 2385 enim
1279 2364 1354 2386 certe
1371 2359 1522 2387 Ecclesiaiu
1542 2369 1557 2388 a
1568 2361 1670 2389 delini-

885 2400 1007 2428 tionibus
1021 2402 1229 2430 conscribendis
1251 2404 1352 2431 arcuit.

908 2445 1053 2481 -lnsnper:
1072 2447 1138 2480 Qua:
1153 2450 1236 2475 corde
1253 2450 1287 2476 ad
1298 2450 1433 2485 justitiam
1446 2451 1595 2484 credimus,
1614 2452 1672 2480 hazc

884 2492 968 2519 etiam
984 2500 1033 2520 ore
1057 2494 1183 2521 conﬁteri
1198 2496 1231 2522 ad
1247 2497 1365 2523 salutem
1390 2497 1541 2525 debemus:
1560 2499 1601 2525 sin
1619 2500 1673 2526 ini-

885 2545 939 2565 nus
961 2538 1121 2572 imperlecta
1149 2540 1229 2567 nobis
1252 2542 1327 2573 erit,
1356 2546 1383 2569 et
1408 2549 1440 2569 ex
1464 2543 1580 2570 dimidio
1593 2543 1672 2570 lldes.

885 2583 1001 2618 Oportet
1015 2584 1089 2611 enim
1101 2593 1194 2621 cogam
1216 2587 1376 2614 hominibus
1392 2588 1470 2615 ﬁdem
1485 2590 1622 2621 conﬁteri,
1648 2590 1672 2616 si

887 2636 938 2655 nos
954 2637 1062 2664 quoque
1076 2631 1203 2659 volumus
1224 2639 1318 2659 coram
1344 2634 1424 2661 Patre
1444 2635 1549 2661 cmlesti
1568 2642 1673 2670 praeco-

886 2675 963 2702 nium
994 2677 1126 2712 consequi
1154 2677 1316 2711 Salvatoris,
1346 2681 1498 2707 secundum
1530 2682 1672 2717 eloquium

886 2722 957 2757 ejus.
973 2723 1053 2757 Atqui
1073 2731 1138 2750 vera
1155 2731 1251 2758 sapere
1262 2733 1375 2753 necesse
1389 2732 1449 2760 est;
1467 2728 1550 2763 igitur
1561 2736 1673 2756 necesse

886 2774 927 2795 est
941 2769 1022 2796 etiam
1042 2777 1073 2796 ea
1089 2769 1225 2797 confiteri.
1239 2771 1339 2804 Quare,
1359 2781 1420 2807 qua:
1433 2777 1590 2802 necessario
1605 2782 1671 2804 sunt

886 2814 1033 2845 credenda.
1058 2822 1089 2842 ca
1104 2823 1157 2842 nou
1171 2816 1259 2843 solum
1278 2817 1401 2852 impune,
1418 2820 1466 2848 sed
1476 2819 1560 2848 'etiam
1576 2830 1672 2849 neres-

888 2867 960 2887 sario
974 2866 1037 2887 sunt
1053 2860 1220 2889 conﬁtenda.

921 2907 963 2957 ad
979 2907 1036 2935 hac
1046 2907 1074 2934 in
1087 2908 1164 2935 Actis
1176 2914 1281 2943 quartae
1296 2911 1404 2948 synodi,
1423 2913 1449 2941 in
1465 2915 1552 2949 prima
1564 2917 1672 2945 actione
