  <div class='ocr_page' id='page_1' title='image "/cluster/home/n/w/nwhite01/storage/ocr_20150623/161/njp.32101077773255/298.png"; bbox 0 0 1925 3056; ppageno 0'>
   <div class='ocr_carea' id='block_1_1' title="bbox 105 181 159 214">
    <p class='ocr_par' dir='ltr' id='par_1_1' title="bbox 105 181 159 214">
     <span class='ocr_line' id='line_1_1' title="bbox 105 181 159 214; baseline 0 0"><span class='ocrx_word' id='word_1_1' title='bbox 105 181 159 214; x_wconf 80' lang='grc'><strong>353</strong></span> 
     </span>
    </p>
   </div>
   <div class='ocr_carea' id='block_1_2' title="bbox 564 177 1250 211">
    <p class='ocr_par' dir='ltr' id='par_1_2' title="bbox 564 177 1250 211">
     <span class='ocr_line' id='line_1_2' title="bbox 564 177 1250 211; baseline -0.004 -1"><span class='ocrx_word' id='word_1_2' title='bbox 564 180 612 211; x_wconf 89' lang='lat' dir='ltr'><strong>DE</strong></span> <span class='ocrx_word' id='word_1_3' title='bbox 633 179 890 210; x_wconf 82' lang='lat' dir='ltr'><strong>PROCESSIONE</strong></span> <span class='ocrx_word' id='word_1_4' title='bbox 909 177 1086 208; x_wconf 81' lang='lat' dir='ltr'><strong>SPIRITUS</strong></span> <span class='ocrx_word' id='word_1_5' title='bbox 1105 177 1250 208; x_wconf 81' lang='lat' dir='ltr'><strong>SANCTI.</strong></span> 
     </span>
    </p>
   </div>
   <div class='ocr_carea' id='block_1_3' title="bbox 1663 175 1718 208">
    <p class='ocr_par' dir='ltr' id='par_1_3' title="bbox 1663 175 1718 208">
     <span class='ocr_line' id='line_1_3' title="bbox 1663 175 1718 208; baseline 0.018 -1"><span class='ocrx_word' id='word_1_6' title='bbox 1663 175 1718 208; x_wconf 66' lang='grc' dir='ltr'>θοι</span> 
     </span>
    </p>
   </div>
   <div class='ocr_carea' id='block_1_4' title="bbox 102 223 885 277">
    <p class='ocr_par' dir='ltr' id='par_1_4' title="bbox 102 226 884 277">
     <span class='ocr_line' id='line_1_4' title="bbox 102 226 884 277; baseline -0.013 -7"><span class='ocrx_word' id='word_1_7' title='bbox 102 252 148 270; x_wconf 68' lang='grc' dir='ltr'><strong>ναι</strong></span> <span class='ocrx_word' id='word_1_8' title='bbox 163 241 324 277; x_wconf 76' lang='grc' dir='ltr'>προφέρειν,</span> <span class='ocrx_word' id='word_1_9' title='bbox 342 239 357 274; x_wconf 84' lang='grc' dir='ltr'>ἢ</span> <span class='ocrx_word' id='word_1_10' title='bbox 376 237 556 274; x_wconf 75' lang='grc' dir='ltr'><strong>συγγράφειν,</strong></span> <span class='ocrx_word' id='word_1_11' title='bbox 577 237 593 272; x_wconf 81' lang='grc' dir='ltr'><strong>ἢ</strong></span> <span class='ocrx_word' id='word_1_12' title='bbox 610 226 800 271; x_wconf 77' lang='grc' dir='ltr'>συντιθέναι,ἢ</span> <span class='ocrx_word' id='word_1_13' title='bbox 819 244 884 270; x_wconf 85' lang='grc' dir='ltr'>φρο-</span> 
     </span>
    </p>
   </div>
   <div class='ocr_carea' id='block_1_5' title="bbox 939 223 1719 277">
    <p class='ocr_par' dir='ltr' id='par_1_5' title="bbox 939 223 1719 266">
     <span class='ocr_line' id='line_1_5' title="bbox 939 223 1719 266; baseline -0.003 -5"><span class='ocrx_word' id='word_1_14' title='bbox 939 233 1020 266; x_wconf 83' lang='lat' dir='ltr'><strong>ferre,</strong></span> <span class='ocrx_word' id='word_1_15' title='bbox 1041 233 1083 261; x_wconf 85' lang='lat' dir='ltr'><strong>vel</strong></span> <span class='ocrx_word' id='word_1_16' title='bbox 1099 233 1284 266; x_wconf 82' lang='lat' dir='ltr'><strong>conscribere,</strong></span> <span class='ocrx_word' id='word_1_17' title='bbox 1302 223 1349 259; x_wconf 85' lang='lat' dir='ltr'><strong>aut</strong></span> <span class='ocrx_word' id='word_1_18' title='bbox 1364 237 1541 266; x_wconf 83' lang='lat' dir='ltr'><strong>componere,</strong></span> <span class='ocrx_word' id='word_1_19' title='bbox 1553 234 1719 266; x_wconf 82' lang='lat' dir='ltr'><strong>autsapere,</strong></span> 
     </span>
    </p>
   </div>
   <div class='ocr_carea' id='block_1_6' title="bbox 104 282 881 323">
    <p class='ocr_par' dir='ltr' id='par_1_6' title="bbox 104 282 881 323">
     <span class='ocr_line' id='line_1_6' title="bbox 104 282 881 323; baseline -0.012 -8"><span class='ocrx_word' id='word_1_20' title='bbox 104 287 202 323; x_wconf 73' lang='grc' dir='ltr'>νεῐν,’ἢ</span> <span class='ocrx_word' id='word_1_21' title='bbox 218 287 353 313; x_wconf 77' lang='grc' dir='ltr'><strong>διδάσκειν</strong></span> <span class='ocrx_word' id='word_1_22' title='bbox 366 284 463 316; x_wconf 76' lang='grc' dir='ltr'>ἄλλως,</span> <span class='ocrx_word' id='word_1_23' title='bbox 480 283 546 318; x_wconf 79' lang='grc' dir='ltr'>μήτε</span> <span class='ocrx_word' id='word_1_24' title='bbox 559 292 585 309; x_wconf 92' lang='grc' dir='ltr'><strong>τι</strong></span> <span class='ocrx_word' id='word_1_25' title='bbox 600 283 628 309; x_wconf 84' lang='grc' dir='ltr'><strong>ἐν</strong></span> <span class='ocrx_word' id='word_1_26' title='bbox 647 283 681 317; x_wconf 79' lang='grc' dir='ltr'>τῇ</span> <span class='ocrx_word' id='word_1_27' title='bbox 695 283 785 308; x_wconf 81' lang='grc' dir='ltr'>πίστει</span> <span class='ocrx_word' id='word_1_28' title='bbox 800 282 881 313; x_wconf 79' lang='grc' dir='ltr'>νοεῖν,</span> 
     </span>
    </p>
   </div>
   <div class='ocr_carea' id='block_1_7' title="bbox 101 327 884 369">
    <p class='ocr_par' dir='ltr' id='par_1_7' title="bbox 101 327 884 369">
     <span class='ocr_line' id='line_1_7' title="bbox 101 327 884 369; baseline -0.01 -8"><span class='ocrx_word' id='word_1_29' title='bbox 101 335 119 369; x_wconf 77' lang='grc' dir='ltr'><strong>ἢ</strong></span> <span class='ocrx_word' id='word_1_30' title='bbox 136 333 287 368; x_wconf 79' lang='grc' dir='ltr'><strong>προφέρειν</strong></span> <span class='ocrx_word' id='word_1_31' title='bbox 302 331 317 358; x_wconf 83' lang='grc' dir='ltr'><strong>δ</strong></span> <span class='ocrx_word' id='word_1_32' title='bbox 330 332 385 362; x_wconf 83' lang='grc' dir='ltr'>τοῖς</span> <span class='ocrx_word' id='word_1_33' title='bbox 399 331 472 365; x_wconf 82' lang='grc' dir='ltr'>ὅροις</span> <span class='ocrx_word' id='word_1_34' title='bbox 490 329 594 355; x_wconf 87' lang='grc' dir='ltr'>τούτων</span> <span class='ocrx_word' id='word_1_35' title='bbox 613 328 667 355; x_wconf 83' lang='grc' dir='ltr'>τῶν</span> <span class='ocrx_word' id='word_1_36' title='bbox 691 328 822 361; x_wconf 83' lang='grc' dir='ltr'>Πατέρων</span> <span class='ocrx_word' id='word_1_37' title='bbox 838 327 884 353; x_wconf 87' lang='grc' dir='ltr'>δύ-</span> 
     </span>
    </p>
   </div>
   <div class='ocr_carea' id='block_1_8' title="bbox 105 374 883 410">
    <p class='ocr_par' dir='ltr' id='par_1_8' title="bbox 105 374 883 410">
     <span class='ocr_line' id='line_1_8' title="bbox 105 374 883 410; baseline -0.009 -4"><span class='ocrx_word' id='word_1_38' title='bbox 105 380 172 406; x_wconf 71' lang='grc' dir='ltr'>ναιτ’</span> <span class='ocrx_word' id='word_1_39' title='bbox 188 381 221 406; x_wconf 85' lang='grc' dir='ltr'>ἂν</span> <span class='ocrx_word' id='word_1_40' title='bbox 235 377 442 410; x_wconf 81' lang='grc' dir='ltr'>ἐναντιωθῆναι.</span> <span class='ocrx_word' id='word_1_41' title='bbox 463 375 493 401; x_wconf 86' lang='grc'><strong>’0</strong></span> <span class='ocrx_word' id='word_1_42' title='bbox 508 375 535 401; x_wconf 83' lang='grc' dir='ltr'>δὲ</span> <span class='ocrx_word' id='word_1_43' title='bbox 552 374 660 409; x_wconf 85' lang='grc' dir='ltr'>τολμῶν</span> <span class='ocrx_word' id='word_1_44' title='bbox 680 374 765 408; x_wconf 82' lang='grc' dir='ltr'>ἄλλην</span> <span class='ocrx_word' id='word_1_45' title='bbox 792 374 883 400; x_wconf 82' lang='grc' dir='ltr'>πίστιν</span> 
     </span>
    </p>
   </div>
   <div class='ocr_carea' id='block_1_9' title="bbox 104 417 882 457">
    <p class='ocr_par' dir='ltr' id='par_1_9' title="bbox 104 417 882 457">
     <span class='ocr_line' id='line_1_9' title="bbox 104 417 882 457; baseline -0.009 -6"><span class='ocrx_word' id='word_1_46' title='bbox 104 424 270 456; x_wconf 78' lang='grc' dir='ltr'><strong>συντιθέναι,</strong></span> <span class='ocrx_word' id='word_1_47' title='bbox 285 422 302 457; x_wconf 76' lang='grc' dir='ltr'><strong>ἢ</strong></span> <span class='ocrx_word' id='word_1_48' title='bbox 314 422 474 456; x_wconf 79' lang='grc' dir='ltr'>προφέρειν,</span> <span class='ocrx_word' id='word_1_49' title='bbox 490 421 506 455; x_wconf 81' lang='grc' dir='ltr'>ἢ</span> <span class='ocrx_word' id='word_1_50' title='bbox 527 419 673 452; x_wconf 78' lang='grc' dir='ltr'>διδάσκειν,</span> <span class='ocrx_word' id='word_1_51' title='bbox 702 419 717 454; x_wconf 81' lang='grc' dir='ltr'><strong>ἢ</strong></span> <span class='ocrx_word' id='word_1_52' title='bbox 736 417 882 454; x_wconf 78' lang='grc' dir='ltr'>παραδιδό-</span> 
     </span>
    </p>
   </div>
   <div class='ocr_carea' id='block_1_10' title="bbox 102 463 884 504">
    <p class='ocr_par' dir='ltr' id='par_1_10' title="bbox 102 463 884 504">
     <span class='ocr_line' id='line_1_10' title="bbox 102 463 884 504; baseline -0.009 -8"><span class='ocrx_word' id='word_1_53' title='bbox 102 479 148 496; x_wconf 86' lang='grc' dir='ltr'><strong>ναι</strong></span> <span class='ocrx_word' id='word_1_54' title='bbox 168 470 263 504; x_wconf 77' lang='grc' dir='ltr'>ἕτερον</span> <span class='ocrx_word' id='word_1_55' title='bbox 292 467 427 502; x_wconf 73' lang='grc' dir='ltr'>σύμῆολον</span> <span class='ocrx_word' id='word_1_56' title='bbox 453 466 510 496; x_wconf 78' lang='grc' dir='ltr'>τοῖς</span> <span class='ocrx_word' id='word_1_57' title='bbox 527 465 706 499; x_wconf 72' lang='grc' dir='ltr'><strong>ἐπιστρέφειν</strong></span> <span class='ocrx_word' id='word_1_58' title='bbox 718 463 884 498; x_wconf 81' lang='grc' dir='ltr'>ἐπιθυμοῦσι</span> 
     </span>
    </p>
   </div>
   <div class='ocr_carea' id='block_1_11' title="bbox 103 509 882 549">
    <p class='ocr_par' dir='ltr' id='par_1_11' title="bbox 103 509 882 549">
     <span class='ocr_line' id='line_1_11' title="bbox 103 509 882 549; baseline -0.006 -9"><span class='ocrx_word' id='word_1_59' title='bbox 103 515 172 549; x_wconf 63' lang='grc' dir='ltr'>προς</span> <span class='ocrx_word' id='word_1_60' title='bbox 188 515 238 549; x_wconf 78' lang='grc' dir='ltr'>τὴν</span> <span class='ocrx_word' id='word_1_61' title='bbox 254 513 314 540; x_wconf 79' lang='grc' dir='ltr'>ὁδὸν</span> <span class='ocrx_word' id='word_1_62' title='bbox 327 513 376 547; x_wconf 78' lang='grc' dir='ltr'>τῆς</span> <span class='ocrx_word' id='word_1_63' title='bbox 391 512 522 547; x_wconf 72' lang='grc' dir='ltr'><strong>ἀληθείας</strong></span> <span class='ocrx_word' id='word_1_64' title='bbox 535 510 564 542; x_wconf 81' lang='grc' dir='ltr'>ἐξ</span> <span class='ocrx_word' id='word_1_65' title='bbox 578 509 725 536; x_wconf 73' lang='grc' dir='ltr'>ὁποιασοῦν</span> <span class='ocrx_word' id='word_1_66' title='bbox 737 510 882 544; x_wconf 80' lang='grc' dir='ltr'>αἱρέσεως,</span> 
     </span>
    </p>
   </div>
   <div class='ocr_carea' id='block_1_12' title="bbox 102 555 884 595">
    <p class='ocr_par' dir='ltr' id='par_1_12' title="bbox 102 555 884 595">
     <span class='ocr_line' id='line_1_12' title="bbox 102 555 884 595; baseline -0.006 -9"><span class='ocrx_word' id='word_1_67' title='bbox 102 560 119 595; x_wconf 82' lang='grc' dir='ltr'>ἢ</span> <span class='ocrx_word' id='word_1_68' title='bbox 138 559 168 592; x_wconf 73' lang='grc' dir='ltr'>ἐξ</span> <span class='ocrx_word' id='word_1_69' title='bbox 183 558 364 593; x_wconf 79' lang='grc' dir='ltr'>Ἰουδαῖσμοῦ,</span> <span class='ocrx_word' id='word_1_70' title='bbox 379 558 396 592; x_wconf 85' lang='grc' dir='ltr'><strong>ἢ</strong></span> <span class='ocrx_word' id='word_1_71' title='bbox 411 558 439 590; x_wconf 78' lang='grc' dir='ltr'>ἐξ</span> <span class='ocrx_word' id='word_1_72' title='bbox 459 555 653 591; x_wconf 80' lang='grc' dir='ltr'><strong>Ἑλληνισμοῦ,</strong></span> <span class='ocrx_word' id='word_1_73' title='bbox 673 557 697 581; x_wconf 84' lang='grc' dir='ltr'>εἱ</span> <span class='ocrx_word' id='word_1_74' title='bbox 715 555 764 590; x_wconf 79' lang='grc' dir='ltr'>μὲν</span> <span class='ocrx_word' id='word_1_75' title='bbox 775 555 884 582; x_wconf 89' lang='grc' dir='ltr'>ἐπίσκο-</span> 
     </span>
    </p>
   </div>
   <div class='ocr_carea' id='block_1_13' title="bbox 103 600 885 639">
    <p class='ocr_par' dir='ltr' id='par_1_13' title="bbox 103 600 885 639">
     <span class='ocr_line' id='line_1_13' title="bbox 103 600 885 639; baseline -0.006 -8"><span class='ocrx_word' id='word_1_76' title='bbox 103 614 154 636; x_wconf 78' lang='grc' dir='ltr'><strong>πος</strong></span> <span class='ocrx_word' id='word_1_77' title='bbox 171 604 225 639; x_wconf 80' lang='grc' dir='ltr'>εἴη,</span> <span class='ocrx_word' id='word_1_78' title='bbox 244 604 260 639; x_wconf 87' lang='grc' dir='ltr'>ἢ</span> <span class='ocrx_word' id='word_1_79' title='bbox 276 604 406 638; x_wconf 69' lang='grc' dir='ltr'>κληρικδς</span> <span class='ocrx_word' id='word_1_80' title='bbox 431 604 444 629; x_wconf 79' lang='grc' dir='ltr'>ὁ</span> <span class='ocrx_word' id='word_1_81' title='bbox 460 601 592 634; x_wconf 83' lang='grc' dir='ltr'>τοιοῦτος,</span> <span class='ocrx_word' id='word_1_82' title='bbox 617 600 819 636; x_wconf 73' lang='grc' dir='ltr'>ἀλλοτριούσθω</span> <span class='ocrx_word' id='word_1_83' title='bbox 835 600 885 634; x_wconf 82' lang='grc' dir='ltr'>τῆς</span> 
     </span>
    </p>
   </div>
   <div class='ocr_carea' id='block_1_14' title="bbox 103 646 884 685">
    <p class='ocr_par' dir='ltr' id='par_1_14' title="bbox 103 646 884 685">
     <span class='ocr_line' id='line_1_14' title="bbox 103 646 884 685; baseline -0.008 -7"><span class='ocrx_word' id='word_1_84' title='bbox 103 651 256 685; x_wconf 76' lang='grc' dir='ltr'>ἐπισκοπῆς</span> <span class='ocrx_word' id='word_1_85' title='bbox 269 651 283 677; x_wconf 86' lang='grc' dir='ltr'><strong>ὁ</strong></span> <span class='ocrx_word' id='word_1_86' title='bbox 299 651 459 682; x_wconf 85' lang='grc' dir='ltr'>ἐπίσκοπος,</span> <span class='ocrx_word' id='word_1_87' title='bbox 472 648 520 675; x_wconf 70' lang='grc' dir='ltr'><strong>καὶ</strong></span> <span class='ocrx_word' id='word_1_88' title='bbox 538 648 552 673; x_wconf 84' lang='grc' dir='ltr'><strong>ὁ</strong></span> <span class='ocrx_word' id='word_1_89' title='bbox 566 647 694 682; x_wconf 82' lang='grc' dir='ltr'>κληρικδς</span> <span class='ocrx_word' id='word_1_90' title='bbox 710 646 756 675; x_wconf 82' lang='grc' dir='ltr'>τοῦ</span> <span class='ocrx_word' id='word_1_91' title='bbox 769 646 884 682; x_wconf 76' lang='grc' dir='ltr'><strong>κλήρου⁸</strong></span> 
     </span>
    </p>
   </div>
   <div class='ocr_carea' id='block_1_15' title="bbox 103 692 720 731">
    <p class='ocr_par' dir='ltr' id='par_1_15' title="bbox 103 692 720 731">
     <span class='ocr_line' id='line_1_15' title="bbox 103 692 720 731; baseline -0.008 -8"><span class='ocrx_word' id='word_1_92' title='bbox 103 698 127 723; x_wconf 84' lang='grc' dir='ltr'><strong>εί</strong></span> <span class='ocrx_word' id='word_1_93' title='bbox 140 697 168 723; x_wconf 76' lang='grc' dir='ltr'>δὲ</span> <span class='ocrx_word' id='word_1_94' title='bbox 183 696 310 731; x_wconf 84' lang='grc' dir='ltr'>μοναχδς,</span> <span class='ocrx_word' id='word_1_95' title='bbox 327 695 344 730; x_wconf 78' lang='grc' dir='ltr'>ἢ</span> <span class='ocrx_word' id='word_1_96' title='bbox 358 695 452 726; x_wconf 74' lang='grc' dir='ltr'>λαῖκὸς</span> <span class='ocrx_word' id='word_1_97' title='bbox 464 692 720 728; x_wconf 80' lang='grc' dir='ltr'>ἀναθεματιξέσθω.</span> 
     </span>
    </p>
   </div>
   <div class='ocr_carea' id='block_1_16' title="bbox 139 739 886 777">
    <p class='ocr_par' dir='ltr' id='par_1_16' title="bbox 139 739 886 777">
     <span class='ocr_line' id='line_1_16' title="bbox 139 739 886 777; baseline -0.004 -8"><span class='ocrx_word' id='word_1_98' title='bbox 139 743 231 770; x_wconf 79' lang='grc' dir='ltr'>Ταῦτα</span> <span class='ocrx_word' id='word_1_99' title='bbox 242 742 289 769; x_wconf 87' lang='grc' dir='ltr'>νῦν</span> <span class='ocrx_word' id='word_1_100' title='bbox 309 743 359 777; x_wconf 87' lang='grc' dir='ltr'><strong>μέν</strong></span> <span class='ocrx_word' id='word_1_101' title='bbox 383 742 564 768; x_wconf 77' lang='grc' dir='ltr'><strong>ἀπολωλότων</strong></span> <span class='ocrx_word' id='word_1_102' title='bbox 588 741 642 767; x_wconf 86' lang='grc' dir='ltr'><strong>τῶν</strong></span> <span class='ocrx_word' id='word_1_103' title='bbox 657 740 821 775; x_wconf 79' lang='grc' dir='ltr'>Πρακτικῶν</span> <span class='ocrx_word' id='word_1_104' title='bbox 835 739 886 774; x_wconf 83' lang='grc' dir='ltr'>τῆς</span> 
     </span>
    </p>
   </div>
   <div class='ocr_carea' id='block_1_17' title="bbox 104 785 888 822">
    <p class='ocr_par' dir='ltr' id='par_1_17' title="bbox 104 785 888 822">
     <span class='ocr_line' id='line_1_17' title="bbox 104 785 888 822; baseline -0.005 -8"><span class='ocrx_word' id='word_1_105' title='bbox 104 787 216 822; x_wconf 84' lang='grc' dir='ltr'>πρώτης</span> <span class='ocrx_word' id='word_1_106' title='bbox 237 787 359 820; x_wconf 81' lang='grc' dir='ltr'><strong>συνόδου,</strong></span> <span class='ocrx_word' id='word_1_107' title='bbox 375 787 443 821; x_wconf 85' lang='grc' dir='ltr'>ἡμῖν</span> <span class='ocrx_word' id='word_1_108' title='bbox 456 787 526 812; x_wconf 79' lang='grc' dir='ltr'>εἰσιν</span> <span class='ocrx_word' id='word_1_109' title='bbox 543 786 672 819; x_wconf 80' lang='grc' dir='ltr'>ἄγνωστα</span> <span class='ocrx_word' id='word_1_110' title='bbox 684 793 691 800; x_wconf 91' lang='grc'><strong>·</strong></span> <span class='ocrx_word' id='word_1_111' title='bbox 719 785 778 811; x_wconf 82' lang='grc' dir='ltr'>τότε</span> <span class='ocrx_word' id='word_1_112' title='bbox 793 785 821 811; x_wconf 84' lang='grc' dir='ltr'>δὲ</span> <span class='ocrx_word' id='word_1_113' title='bbox 841 793 888 819; x_wconf 87' lang='grc' dir='ltr'>με-</span> 
     </span>
    </p>
   </div>
   <div class='ocr_carea' id='block_1_18' title="bbox 104 829 887 867">
    <p class='ocr_par' dir='ltr' id='par_1_18' title="bbox 104 829 887 867">
     <span class='ocr_line' id='line_1_18' title="bbox 104 829 887 867; baseline -0.005 -7"><span class='ocrx_word' id='word_1_114' title='bbox 104 834 214 866; x_wconf 78' lang='grc' dir='ltr'>νόντων,</span> <span class='ocrx_word' id='word_1_115' title='bbox 230 834 378 867; x_wconf 76' lang='grc' dir='ltr'>ἐγίνωσκον</span> <span class='ocrx_word' id='word_1_116' title='bbox 390 833 404 858; x_wconf 83' lang='grc' dir='ltr'>ὃ</span> <span class='ocrx_word' id='word_1_117' title='bbox 417 840 448 857; x_wconf 84' lang='grc' dir='ltr'><strong>τε</strong></span> <span class='ocrx_word' id='word_1_118' title='bbox 465 831 581 863; x_wconf 83' lang='grc' dir='ltr'>πάππας</span> <span class='ocrx_word' id='word_1_119' title='bbox 592 831 730 866; x_wconf 80' lang='grc' dir='ltr'>Λιὸέριος,</span> <span class='ocrx_word' id='word_1_120' title='bbox 740 831 753 857; x_wconf 79' lang='grc' dir='ltr'>ὅ</span> <span class='ocrx_word' id='word_1_121' title='bbox 769 839 798 856; x_wconf 86' lang='grc' dir='ltr'><strong>τε</strong></span> <span class='ocrx_word' id='word_1_122' title='bbox 810 829 887 864; x_wconf 75' lang='grc' dir='ltr'>ἅγιος</span> 
     </span>
    </p>
   </div>
   <div class='ocr_carea' id='block_1_19' title="bbox 111 879 283 910">
    <p class='ocr_par' dir='ltr' id='par_1_19' title="bbox 111 879 283 910">
     <span class='ocr_line' id='line_1_19' title="bbox 111 879 283 910; baseline -0.006 -4"><span class='ocrx_word' id='word_1_123' title='bbox 111 879 283 910; x_wconf 77' lang='grc' dir='ltr'>Ἀθανάσιος.</span> 
     </span>
    </p>
   </div>
   <div class='ocr_carea' id='block_1_20' title="bbox 935 276 1718 312">
    <p class='ocr_par' dir='ltr' id='par_1_20' title="bbox 935 276 1718 312">
     <span class='ocr_line' id='line_1_20' title="bbox 935 276 1718 312; baseline -0.004 -6"><span class='ocrx_word' id='word_1_124' title='bbox 935 284 982 306; x_wconf 88' lang='lat' dir='ltr'><strong>aut</strong></span> <span class='ocrx_word' id='word_1_125' title='bbox 999 279 1098 306; x_wconf 88' lang='lat' dir='ltr'><strong>docere</strong></span> <span class='ocrx_word' id='word_1_126' title='bbox 1115 279 1205 305; x_wconf 89' lang='lat' dir='ltr'><strong>aliter.</strong></span> <span class='ocrx_word' id='word_1_127' title='bbox 1235 278 1329 312; x_wconf 86' lang='lat' dir='ltr'><strong>Neque</strong></span> <span class='ocrx_word' id='word_1_128' title='bbox 1353 277 1455 312; x_wconf 91' lang='lat' dir='ltr'><strong>aliquid</strong></span> <span class='ocrx_word' id='word_1_129' title='bbox 1480 277 1508 304; x_wconf 89' lang='lat' dir='ltr'><strong>in</strong></span> <span class='ocrx_word' id='word_1_130' title='bbox 1528 276 1588 304; x_wconf 84' lang='lat' dir='ltr'><strong>.fide</strong></span> <span class='ocrx_word' id='word_1_131' title='bbox 1603 276 1718 309; x_wconf 83' lang='lat' dir='ltr'><strong>sentire.</strong></span> 
     </span>
    </p>
   </div>
   <div class='ocr_carea' id='block_1_21' title="bbox 935 322 1720 358">
    <p class='ocr_par' dir='ltr' id='par_1_21' title="bbox 935 322 1720 358">
     <span class='ocr_line' id='line_1_21' title="bbox 935 322 1720 358; baseline -0.001 -8"><span class='ocrx_word' id='word_1_132' title='bbox 935 324 977 351; x_wconf 86' lang='lat' dir='ltr'><strong>vel</strong></span> <span class='ocrx_word' id='word_1_133' title='bbox 1006 324 1139 358; x_wconf 88' lang='lat' dir='ltr'><strong>proferre,</strong></span> <span class='ocrx_word' id='word_1_134' title='bbox 1153 323 1225 358; x_wconf 84' lang='lat' dir='ltr'><strong>quod</strong></span> <span class='ocrx_word' id='word_1_135' title='bbox 1246 323 1452 350; x_wconf 84' lang='lat' dir='ltr'><strong>definitionibus</strong></span> <span class='ocrx_word' id='word_1_136' title='bbox 1482 322 1581 349; x_wconf 90' lang='lat' dir='ltr'><strong>horum</strong></span> <span class='ocrx_word' id='word_1_137' title='bbox 1609 323 1720 350; x_wconf 83' lang='lat' dir='ltr'><strong>Patrum</strong></span> 
     </span>
    </p>
   </div>
   <div class='ocr_carea' id='block_1_22' title="bbox 934 365 1719 403">
    <p class='ocr_par' dir='ltr' id='par_1_22' title="bbox 934 365 1719 403">
     <span class='ocr_line' id='line_1_22' title="bbox 934 365 1719 403; baseline -0.006 -7"><span class='ocrx_word' id='word_1_138' title='bbox 934 369 1102 396; x_wconf 86' lang='lat' dir='ltr'><strong>contrarium</strong></span> <span class='ocrx_word' id='word_1_139' title='bbox 1119 376 1178 396; x_wconf 87' lang='lat' dir='ltr'><strong>esse</strong></span> <span class='ocrx_word' id='word_1_140' title='bbox 1195 369 1290 403; x_wconf 85' lang='lat' dir='ltr'><strong>possit.</strong></span> <span class='ocrx_word' id='word_1_141' title='bbox 1304 367 1355 400; x_wconf 85' lang='lat' dir='ltr'><strong>Qui</strong></span> <span class='ocrx_word' id='word_1_142' title='bbox 1372 374 1437 394; x_wconf 91' lang='lat' dir='ltr'><strong>vero</strong></span> <span class='ocrx_word' id='word_1_143' title='bbox 1451 366 1534 393; x_wconf 88' lang='lat' dir='ltr'><strong>audet</strong></span> <span class='ocrx_word' id='word_1_144' title='bbox 1543 365 1624 392; x_wconf 87' lang='lat' dir='ltr'><strong>aliam</strong></span> <span class='ocrx_word' id='word_1_145' title='bbox 1637 365 1719 392; x_wconf 84' lang='lat' dir='ltr'><strong>ﬁdem</strong></span> 
     </span>
    </p>
   </div>
   <div class='ocr_carea' id='block_1_23' title="bbox 935 411 1720 449">
    <p class='ocr_par' dir='ltr' id='par_1_23' title="bbox 935 411 1720 449">
     <span class='ocr_line' id='line_1_23' title="bbox 935 411 1720 449; baseline -0.004 -8"><span class='ocrx_word' id='word_1_146' title='bbox 935 422 1107 449; x_wconf 86' lang='lat' dir='ltr'><strong>componere.</strong></span> <span class='ocrx_word' id='word_1_147' title='bbox 1124 419 1171 441; x_wconf 86' lang='lat' dir='ltr'><strong>aut</strong></span> <span class='ocrx_word' id='word_1_148' title='bbox 1187 413 1321 448; x_wconf 81' lang='lat' dir='ltr'><strong>proferre.</strong></span> <span class='ocrx_word' id='word_1_149' title='bbox 1339 418 1386 440; x_wconf 85' lang='lat' dir='ltr'><strong>aut</strong></span> <span class='ocrx_word' id='word_1_150' title='bbox 1407 414 1517 443; x_wconf 81' lang='lat' dir='ltr'><strong>docere,</strong></span> <span class='ocrx_word' id='word_1_151' title='bbox 1537 420 1588 439; x_wconf 84' lang='lat' dir='ltr'><strong>seu</strong></span> <span class='ocrx_word' id='word_1_152' title='bbox 1607 411 1720 439; x_wconf 83' lang='lat' dir='ltr'><strong>tradere</strong></span> 
     </span>
    </p>
   </div>
   <div class='ocr_carea' id='block_1_24' title="bbox 935 457 1720 495">
    <p class='ocr_par' dir='ltr' id='par_1_24' title="bbox 935 457 1720 495">
     <span class='ocr_line' id='line_1_24' title="bbox 935 457 1720 495; baseline -0.004 -9"><span class='ocrx_word' id='word_1_153' title='bbox 935 459 1007 487; x_wconf 86' lang='lat' dir='ltr'><strong>aliud</strong></span> <span class='ocrx_word' id='word_1_154' title='bbox 1020 459 1179 495; x_wconf 80' lang='lat' dir='ltr'><strong>Symbolum</strong></span> <span class='ocrx_word' id='word_1_155' title='bbox 1195 459 1229 486; x_wconf 89' lang='lat' dir='ltr'><strong>iis</strong></span> <span class='ocrx_word' id='word_1_156' title='bbox 1242 459 1287 493; x_wconf 90' lang='lat' dir='ltr'><strong>qui</strong></span> <span class='ocrx_word' id='word_1_157' title='bbox 1300 466 1333 485; x_wconf 79' lang='lat' dir='ltr'><strong>ex</strong></span> <span class='ocrx_word' id='word_1_158' title='bbox 1351 465 1515 493; x_wconf 86' lang='lat' dir='ltr'><strong>quacunque</strong></span> <span class='ocrx_word' id='word_1_159' title='bbox 1538 457 1647 487; x_wconf 69' lang='lat' dir='ltr'><strong>bteresi,</strong></span> <span class='ocrx_word' id='word_1_160' title='bbox 1675 457 1720 484; x_wconf 85' lang='lat' dir='ltr'><strong>vel</strong></span> 
     </span>
    </p>
   </div>
   <div class='ocr_carea' id='block_1_25' title="bbox 934 502 1722 540">
    <p class='ocr_par' dir='ltr' id='par_1_25' title="bbox 934 502 1722 540">
     <span class='ocr_line' id='line_1_25' title="bbox 934 502 1722 540; baseline -0.004 -8"><span class='ocrx_word' id='word_1_161' title='bbox 934 505 1087 537; x_wconf 86' lang='lat' dir='ltr'><strong>Judaismo,</strong></span> <span class='ocrx_word' id='word_1_162' title='bbox 1104 505 1147 532; x_wconf 96' lang='lat' dir='ltr'><strong>vel</strong></span> <span class='ocrx_word' id='word_1_163' title='bbox 1162 505 1315 540; x_wconf 86' lang='lat' dir='ltr'><strong>gentilismo</strong></span> <span class='ocrx_word' id='word_1_164' title='bbox 1333 503 1366 531; x_wconf 92' lang='lat' dir='ltr'><strong>ad</strong></span> <span class='ocrx_word' id='word_1_165' title='bbox 1390 503 1462 530; x_wconf 88' lang='lat' dir='ltr'><strong>viam</strong></span> <span class='ocrx_word' id='word_1_166' title='bbox 1480 502 1607 531; x_wconf 85' lang='lat' dir='ltr'><strong>veritatis</strong></span> <span class='ocrx_word' id='word_1_167' title='bbox 1628 502 1722 530; x_wconf 87' lang='lat' dir='ltr'><strong>redire</strong></span> 
     </span>
    </p>
   </div>
   <div class='ocr_carea' id='block_1_26' title="bbox 935 548 1721 585">
    <p class='ocr_par' dir='ltr' id='par_1_26' title="bbox 935 548 1721 585">
     <span class='ocr_line' id='line_1_26' title="bbox 935 548 1721 585; baseline -0.001 -8"><span class='ocrx_word' id='word_1_168' title='bbox 935 551 1067 585; x_wconf 88' lang='lat' dir='ltr'><strong>cupiunt;</strong></span> <span class='ocrx_word' id='word_1_169' title='bbox 1096 551 1117 577; x_wconf 91' lang='lat' dir='ltr'><strong>si</strong></span> <span class='ocrx_word' id='word_1_170' title='bbox 1142 551 1287 585; x_wconf 88' lang='lat' dir='ltr'><strong>episcopus</strong></span> <span class='ocrx_word' id='word_1_171' title='bbox 1303 549 1413 584; x_wconf 84' lang='lat' dir='ltr'><strong>quidem</strong></span> <span class='ocrx_word' id='word_1_172' title='bbox 1438 549 1474 577; x_wconf 89' lang='lat' dir='ltr'><strong>sit</strong></span> <span class='ocrx_word' id='word_1_173' title='bbox 1500 549 1552 576; x_wconf 82' lang='lat' dir='ltr'><strong>iste</strong></span> <span class='ocrx_word' id='word_1_174' title='bbox 1583 549 1655 579; x_wconf 86' lang='lat' dir='ltr'><strong>talis.</strong></span> <span class='ocrx_word' id='word_1_175' title='bbox 1677 548 1721 576; x_wconf 82' lang='lat' dir='ltr'><strong>vel</strong></span> 
     </span>
    </p>
   </div>
   <div class='ocr_carea' id='block_1_27' title="bbox 935 595 1721 630">
    <p class='ocr_par' dir='ltr' id='par_1_27' title="bbox 935 595 1721 630">
     <span class='ocr_line' id='line_1_27' title="bbox 935 595 1721 630; baseline -0.003 -7"><span class='ocrx_word' id='word_1_176' title='bbox 935 596 1054 624; x_wconf 89' lang='lat' dir='ltr'><strong>clericus</strong></span> <span class='ocrx_word' id='word_1_177' title='bbox 1068 616 1075 629; x_wconf 90' lang='lat'><strong>,</strong></span> <span class='ocrx_word' id='word_1_178' title='bbox 1100 596 1246 630; x_wconf 87' lang='lat' dir='ltr'><strong>episcopus</strong></span> <span class='ocrx_word' id='word_1_179' title='bbox 1272 603 1337 623; x_wconf 83' lang='lat' dir='ltr'><strong>sane</strong></span> <span class='ocrx_word' id='word_1_180' title='bbox 1355 595 1389 623; x_wconf 87' lang='lat' dir='ltr'><strong>ab</strong></span> <span class='ocrx_word' id='word_1_181' title='bbox 1415 595 1586 630; x_wconf 83' lang='lat' dir='ltr'><strong>episcopatu,</strong></span> <span class='ocrx_word' id='word_1_182' title='bbox 1604 595 1721 622; x_wconf 88' lang='lat' dir='ltr'><strong>clericus</strong></span> 
     </span>
    </p>
   </div>
   <div class='ocr_carea' id='block_1_28' title="bbox 935 640 1722 672">
    <p class='ocr_par' dir='ltr' id='par_1_28' title="bbox 935 640 1722 672">
     <span class='ocr_line' id='line_1_28' title="bbox 935 640 1722 672; baseline -0.001 -5"><span class='ocrx_word' id='word_1_183' title='bbox 935 647 1001 667; x_wconf 87' lang='lat' dir='ltr'><strong>vero</strong></span> <span class='ocrx_word' id='word_1_184' title='bbox 1018 647 1033 667; x_wconf 93' lang='lat' dir='ltr'><strong>a</strong></span> <span class='ocrx_word' id='word_1_185' title='bbox 1044 640 1123 667; x_wconf 81' lang='lat' dir='ltr'><strong>clero</strong></span> <span class='ocrx_word' id='word_1_186' title='bbox 1134 641 1278 668; x_wconf 88' lang='lat' dir='ltr'><strong>alienetur.</strong></span> <span class='ocrx_word' id='word_1_187' title='bbox 1291 640 1339 667; x_wconf 90' lang='lat' dir='ltr'><strong>Sin</strong></span> <span class='ocrx_word' id='word_1_188' title='bbox 1350 645 1441 668; x_wconf 84' lang='lat' dir='ltr'><strong>autem</strong></span> <span class='ocrx_word' id='word_1_189' title='bbox 1452 640 1602 668; x_wconf 83' lang='lat' dir='ltr'><strong>monachus</strong></span> <span class='ocrx_word' id='word_1_190' title='bbox 1618 640 1666 672; x_wconf 90' lang='lat' dir='ltr'><strong>sit,</strong></span> <span class='ocrx_word' id='word_1_191' title='bbox 1674 643 1722 666; x_wconf 88' lang='lat' dir='ltr'><strong>aut</strong></span> 
     </span>
    </p>
   </div>
   <div class='ocr_carea' id='block_1_29' title="bbox 937 685 1367 716">
    <p class='ocr_par' dir='ltr' id='par_1_29' title="bbox 937 685 1367 716">
     <span class='ocr_line' id='line_1_29' title="bbox 937 685 1367 716; baseline 0.002 -4"><span class='ocrx_word' id='word_1_192' title='bbox 937 685 1034 716; x_wconf 86' lang='lat' dir='ltr'><strong>laicus.</strong></span> <span class='ocrx_word' id='word_1_193' title='bbox 1051 685 1224 712; x_wconf 85' lang='lat' dir='ltr'><strong>anathemate</strong></span> <span class='ocrx_word' id='word_1_194' title='bbox 1241 685 1367 713; x_wconf 79' lang='lat' dir='ltr'><strong>feriatur.</strong></span> 
     </span>
    </p>
   </div>
   <div class='ocr_carea' id='block_1_30' title="bbox 973 727 1722 766">
    <p class='ocr_par' dir='ltr' id='par_1_30' title="bbox 973 727 1722 766">
     <span class='ocr_line' id='line_1_30' title="bbox 973 727 1722 766; baseline 0.001 -9"><span class='ocrx_word' id='word_1_195' title='bbox 973 729 1034 758; x_wconf 68' lang='lat' dir='ltr'><strong>Haec</strong></span> <span class='ocrx_word' id='word_1_196' title='bbox 1045 738 1117 758; x_wconf 89' lang='lat' dir='ltr'><strong>nunc</strong></span> <span class='ocrx_word' id='word_1_197' title='bbox 1127 727 1250 765; x_wconf 68' lang='lat' dir='ltr'><strong>quﬁiem,</strong></span> <span class='ocrx_word' id='word_1_198' title='bbox 1268 738 1330 758; x_wconf 87' lang='lat' dir='ltr'><strong>cum</strong></span> <span class='ocrx_word' id='word_1_199' title='bbox 1344 736 1402 758; x_wconf 91' lang='lat' dir='ltr'><strong>acta</strong></span> <span class='ocrx_word' id='word_1_200' title='bbox 1419 731 1512 766; x_wconf 66' lang='lat' dir='ltr'><strong>primat</strong></span> <span class='ocrx_word' id='word_1_201' title='bbox 1526 731 1620 766; x_wconf 83' lang='lat' dir='ltr'><strong>synodi</strong></span> <span class='ocrx_word' id='word_1_202' title='bbox 1632 731 1722 766; x_wconf 86' lang='lat' dir='ltr'><strong>perie-</strong></span> 
     </span>
    </p>
   </div>
   <div class='ocr_carea' id='block_1_31' title="bbox 936 776 1722 810">
    <p class='ocr_par' dir='ltr' id='par_1_31' title="bbox 936 776 1722 810">
     <span class='ocr_line' id='line_1_31' title="bbox 936 776 1722 810; baseline 0 -7"><span class='ocrx_word' id='word_1_203' title='bbox 936 776 1002 809; x_wconf 88' lang='lat' dir='ltr'><strong>rint,</strong></span> <span class='ocrx_word' id='word_1_204' title='bbox 1013 780 1077 804; x_wconf 86' lang='lat' dir='ltr'><strong>sunt</strong></span> <span class='ocrx_word' id='word_1_205' title='bbox 1091 776 1171 803; x_wconf 89' lang='lat' dir='ltr'><strong>nobis</strong></span> <span class='ocrx_word' id='word_1_206' title='bbox 1191 776 1327 810; x_wconf 84' lang='lat' dir='ltr'><strong>incognita</strong></span> <span class='ocrx_word' id='word_1_207' title='bbox 1342 785 1349 809; x_wconf 91' lang='lat'>;</span> <span class='ocrx_word' id='word_1_208' title='bbox 1375 781 1441 804; x_wconf 87' lang='lat' dir='ltr'><strong>tunc</strong></span> <span class='ocrx_word' id='word_1_209' title='bbox 1464 784 1531 804; x_wconf 91' lang='lat' dir='ltr'><strong>vero</strong></span> <span class='ocrx_word' id='word_1_210' title='bbox 1545 785 1606 804; x_wconf 87' lang='lat' dir='ltr'><strong>cum</strong></span> <span class='ocrx_word' id='word_1_211' title='bbox 1631 781 1722 803; x_wconf 81' lang='lat' dir='ltr'><strong>exsta-</strong></span> 
     </span>
    </p>
   </div>
   <div class='ocr_carea' id='block_1_32' title="bbox 937 822 1771 858">
    <p class='ocr_par' dir='ltr' id='par_1_32' title="bbox 937 822 1771 858">
     <span class='ocr_line' id='line_1_32' title="bbox 937 822 1771 858; baseline 0 -9"><span class='ocrx_word' id='word_1_212' title='bbox 937 827 1009 856; x_wconf 87' lang='lat' dir='ltr'><strong>rent,</strong></span> <span class='ocrx_word' id='word_1_213' title='bbox 1024 823 1208 858; x_wconf 71' lang='lat' dir='ltr'><strong>agnoscebant</strong></span> <span class='ocrx_word' id='word_1_214' title='bbox 1223 829 1255 849; x_wconf 86' lang='lat' dir='ltr'><strong>ea</strong></span> <span class='ocrx_word' id='word_1_215' title='bbox 1273 830 1334 850; x_wconf 89' lang='lat' dir='ltr'><strong>cum</strong></span> <span class='ocrx_word' id='word_1_216' title='bbox 1357 822 1483 851; x_wconf 86' lang='lat' dir='ltr'><strong>Liberius</strong></span> <span class='ocrx_word' id='word_1_217' title='bbox 1495 831 1574 858; x_wconf 86' lang='lat' dir='ltr'><strong>papa,</strong></span> <span class='ocrx_word' id='word_1_218' title='bbox 1589 828 1645 852; x_wconf 87' lang='lat' dir='ltr'><strong>tum</strong></span> <span class='ocrx_word' id='word_1_219' title='bbox 1660 831 1723 850; x_wconf 83' lang='lat' dir='ltr'><strong>san-</strong></span> <span class='ocrx_word' id='word_1_220' title='bbox 1764 832 1771 855; x_wconf 50' lang='grc' dir='ltr'>’ς</span> 
     </span>
    </p>
   </div>
   <div class='ocr_carea' id='block_1_33' title="bbox 938 868 1189 896">
    <p class='ocr_par' dir='ltr' id='par_1_33' title="bbox 938 868 1189 896">
     <span class='ocr_line' id='line_1_33' title="bbox 938 868 1189 896; baseline 0 0"><span class='ocrx_word' id='word_1_221' title='bbox 938 873 998 896; x_wconf 89' lang='lat' dir='ltr'><strong>ctus</strong></span> <span class='ocrx_word' id='word_1_222' title='bbox 1013 868 1189 896; x_wconf 80' lang='lat' dir='ltr'><strong>Athanasius.</strong></span> 
     </span>
    </p>
   </div>
   <div class='ocr_carea' id='block_1_34' title="bbox 140 904 885 959">
    <p class='ocr_par' dir='ltr' id='par_1_34' title="bbox 140 923 885 959">
     <span class='ocr_line' id='line_1_34' title="bbox 140 923 885 959; baseline -0.005 -8"><span class='ocrx_word' id='word_1_223' title='bbox 140 925 233 952; x_wconf 84' lang='grc' dir='ltr'>Ταῦτα</span> <span class='ocrx_word' id='word_1_224' title='bbox 250 925 296 951; x_wconf 81' lang='grc' dir='ltr'>νῦν</span> <span class='ocrx_word' id='word_1_225' title='bbox 308 925 400 956; x_wconf 79' lang='grc' dir='ltr'>αὐτοῖς</span> <span class='ocrx_word' id='word_1_226' title='bbox 414 924 547 959; x_wconf 77' lang='grc' dir='ltr'>ῥήμασιν,</span> <span class='ocrx_word' id='word_1_227' title='bbox 559 924 643 958; x_wconf 82' lang='grc' dir='ltr'>ὃμοια</span> <span class='ocrx_word' id='word_1_228' title='bbox 657 923 705 958; x_wconf 87' lang='grc' dir='ltr'>τῆς</span> <span class='ocrx_word' id='word_1_229' title='bbox 716 923 811 958; x_wconf 79' lang='grc' dir='ltr'><strong>τρίτης</strong></span> <span class='ocrx_word' id='word_1_230' title='bbox 826 929 885 948; x_wconf 63' lang='grc' dir='ltr'>σονς</span> 
     </span>
    </p>
   </div>
   <div class='ocr_carea' id='block_1_35' title="bbox 939 904 1723 959">
    <p class='ocr_par' dir='ltr' id='par_1_35' title="bbox 973 914 1723 950">
     <span class='ocr_line' id='line_1_35' title="bbox 973 914 1723 950; baseline 0.001 -10"><span class='ocrx_word' id='word_1_231' title='bbox 973 914 1035 941; x_wconf 84' lang='lat' dir='ltr'><strong>llaec</strong></span> <span class='ocrx_word' id='word_1_232' title='bbox 1061 914 1142 949; x_wconf 81' lang='lat' dir='ltr'><strong>igitur</strong></span> <span class='ocrx_word' id='word_1_233' title='bbox 1157 914 1200 943; x_wconf 81' lang='lat' dir='ltr'><strong>his</strong></span> <span class='ocrx_word' id='word_1_234' title='bbox 1220 915 1288 950; x_wconf 85' lang='lat' dir='ltr'><strong>ipsis</strong></span> <span class='ocrx_word' id='word_1_235' title='bbox 1316 915 1400 944; x_wconf 86' lang='lat' dir='ltr'><strong>verba</strong></span> <span class='ocrx_word' id='word_1_236' title='bbox 1421 915 1519 944; x_wconf 87' lang='lat' dir='ltr'><strong>similia</strong></span> <span class='ocrx_word' id='word_1_237' title='bbox 1545 921 1609 943; x_wconf 90' lang='lat' dir='ltr'><strong>sunt</strong></span> <span class='ocrx_word' id='word_1_238' title='bbox 1630 914 1723 942; x_wconf 85' lang='lat' dir='ltr'><strong>verbis</strong></span> 
     </span>
    </p>
   </div>
   <div class='ocr_carea' id='block_1_36' title="bbox 107 967 886 1005">
    <p class='ocr_par' dir='ltr' id='par_1_36' title="bbox 107 967 886 1005">
     <span class='ocr_line' id='line_1_36' title="bbox 107 967 886 1005; baseline -0.005 -8"><span class='ocrx_word' id='word_1_239' title='bbox 107 970 178 1004; x_wconf 62' lang='lat' dir='ltr'><strong>J58m),</strong></span> <span class='ocrx_word' id='word_1_240' title='bbox 196 971 244 997; x_wconf 79' lang='grc' dir='ltr'><strong>καὶ</strong></span> <span class='ocrx_word' id='word_1_241' title='bbox 261 971 315 997; x_wconf 86' lang='grc' dir='ltr'><strong>τῶν</strong></span> <span class='ocrx_word' id='word_1_242' title='bbox 334 970 422 997; x_wconf 79' lang='grc' dir='ltr'>ἄλλων</span> <span class='ocrx_word' id='word_1_243' title='bbox 438 970 492 996; x_wconf 81' lang='grc' dir='ltr'>είσὶ</span> <span class='ocrx_word' id='word_1_244' title='bbox 509 970 625 1005; x_wconf 72' lang='grc' dir='ltr'>ῥήμασι.</span> <span class='ocrx_word' id='word_1_245' title='bbox 652 969 685 995; x_wconf 87' lang='grc' dir='ltr'>Τί</span> <span class='ocrx_word' id='word_1_246' title='bbox 710 967 756 996; x_wconf 82' lang='grc' dir='ltr'>οὖν</span> <span class='ocrx_word' id='word_1_247' title='bbox 771 968 886 1003; x_wconf 75' lang='grc' dir='ltr'>ἐροῦμεν</span> 
     </span>
    </p>
   </div>
   <div class='ocr_carea' id='block_1_37' title="bbox 106 1013 888 1052">
    <p class='ocr_par' dir='ltr' id='par_1_37' title="bbox 106 1013 888 1052">
     <span class='ocr_line' id='line_1_37' title="bbox 106 1013 888 1052; baseline -0.004 -10"><span class='ocrx_word' id='word_1_248' title='bbox 106 1017 174 1052; x_wconf 71' lang='grc' dir='ltr'>περὶ</span> <span class='ocrx_word' id='word_1_249' title='bbox 187 1016 237 1050; x_wconf 84' lang='grc' dir='ltr'>τῆς</span> <span class='ocrx_word' id='word_1_250' title='bbox 260 1015 282 1050; x_wconf 78' lang='grc' dir='ltr'><strong>β’</strong></span> <span class='ocrx_word' id='word_1_251' title='bbox 308 1015 430 1048; x_wconf 83' lang='grc' dir='ltr'>συνόδου,</span> <span class='ocrx_word' id='word_1_252' title='bbox 447 1016 495 1041; x_wconf 82' lang='grc' dir='ltr'>καὶ</span> <span class='ocrx_word' id='word_1_253' title='bbox 512 1016 577 1049; x_wconf 78' lang='grc' dir='ltr'>περὶ</span> <span class='ocrx_word' id='word_1_254' title='bbox 592 1015 745 1050; x_wconf 85' lang='grc' dir='ltr'>Γρηγορίου</span> <span class='ocrx_word' id='word_1_255' title='bbox 761 1014 808 1040; x_wconf 84' lang='grc' dir='ltr'>τοῦ</span> <span class='ocrx_word' id='word_1_256' title='bbox 822 1013 888 1039; x_wconf 74' lang='grc' dir='ltr'>θεο-</span> 
     </span>
    </p>
   </div>
   <div class='ocr_carea' id='block_1_38' title="bbox 105 1058 887 1096">
    <p class='ocr_par' dir='ltr' id='par_1_38' title="bbox 105 1058 887 1096">
     <span class='ocr_line' id='line_1_38' title="bbox 105 1058 887 1096; baseline -0.005 -8"><span class='ocrx_word' id='word_1_257' title='bbox 105 1061 199 1095; x_wconf 86' lang='grc' dir='ltr'>λόγου,</span> <span class='ocrx_word' id='word_1_258' title='bbox 219 1062 249 1093; x_wconf 80' lang='grc' dir='ltr'>ὃς</span> <span class='ocrx_word' id='word_1_259' title='bbox 265 1061 367 1096; x_wconf 83' lang='grc' dir='ltr'><strong>ταύτης</strong></span> <span class='ocrx_word' id='word_1_260' title='bbox 381 1062 431 1096; x_wconf 81' lang='grc' dir='ltr'>τῆς</span> <span class='ocrx_word' id='word_1_261' title='bbox 450 1062 473 1096; x_wconf 86' lang='grc' dir='ltr'><strong>β’</strong></span> <span class='ocrx_word' id='word_1_262' title='bbox 487 1061 598 1087; x_wconf 81' lang='grc' dir='ltr'>συνόδου</span> <span class='ocrx_word' id='word_1_263' title='bbox 613 1059 727 1095; x_wconf 80' lang='grc' dir='ltr'>ἔξαρχος</span> <span class='ocrx_word' id='word_1_264' title='bbox 743 1059 791 1092; x_wconf 84' lang='grc' dir='ltr'>ὢν,</span> <span class='ocrx_word' id='word_1_265' title='bbox 807 1058 887 1090; x_wconf 78' lang='grc' dir='ltr'>αὐτὸς</span> 
     </span>
    </p>
   </div>
   <div class='ocr_carea' id='block_1_39' title="bbox 105 1103 887 1142">
    <p class='ocr_par' dir='ltr' id='par_1_39' title="bbox 105 1103 887 1142">
     <span class='ocr_line' id='line_1_39' title="bbox 105 1103 887 1142; baseline -0.004 -9"><span class='ocrx_word' id='word_1_266' title='bbox 105 1108 214 1141; x_wconf 81' lang='grc' dir='ltr'>λέγεται</span> <span class='ocrx_word' id='word_1_267' title='bbox 227 1108 257 1133; x_wconf 75' lang='grc' dir='ltr'>τὸ</span> <span class='ocrx_word' id='word_1_268' title='bbox 267 1107 415 1142; x_wconf 71' lang='grc' dir='ltr'>Σύμϐολον,</span> <span class='ocrx_word' id='word_1_269' title='bbox 427 1103 448 1140; x_wconf 88' lang='grc' dir='ltr'>ᾦ</span> <span class='ocrx_word' id='word_1_270' title='bbox 458 1106 506 1133; x_wconf 83' lang='grc' dir='ltr'>νῦν</span> <span class='ocrx_word' id='word_1_271' title='bbox 520 1107 600 1141; x_wconf 79' lang='grc' dir='ltr'>ἡμεῖς</span> <span class='ocrx_word' id='word_1_272' title='bbox 612 1105 753 1141; x_wconf 80' lang='grc' dir='ltr'>χρώμεθα,</span> <span class='ocrx_word' id='word_1_273' title='bbox 768 1104 887 1139; x_wconf 75' lang='grc' dir='ltr'>συγγρά-</span> 
     </span>
    </p>
   </div>
   <div class='ocr_carea' id='block_1_40' title="bbox 104 1151 884 1188">
    <p class='ocr_par' dir='ltr' id='par_1_40' title="bbox 104 1151 884 1188">
     <span class='ocr_line' id='line_1_40' title="bbox 104 1151 884 1188; baseline -0.004 -8"><span class='ocrx_word' id='word_1_274' title='bbox 104 1153 220 1187; x_wconf 74' lang='grc' dir='ltr'>ψασθαι,</span> <span class='ocrx_word' id='word_1_275' title='bbox 235 1153 324 1188; x_wconf 77' lang='grc' dir='ltr'>τὸτῆς</span> <span class='ocrx_word' id='word_1_276' title='bbox 344 1153 457 1188; x_wconf 82' lang='grc' dir='ltr'>πρώτης</span> <span class='ocrx_word' id='word_1_277' title='bbox 470 1153 498 1179; x_wconf 84' lang='grc' dir='ltr'><strong>ἐν</strong></span> <span class='ocrx_word' id='word_1_278' title='bbox 519 1152 658 1183; x_wconf 78' lang='grc' dir='ltr'>πλείστοις</span> <span class='ocrx_word' id='word_1_279' title='bbox 675 1151 862 1187; x_wconf 77' lang='grc' dir='ltr'>μεταποιήσας</span> <span class='ocrx_word' id='word_1_280' title='bbox 877 1160 884 1184; x_wconf 87' lang='lat'><strong>;</strong></span> 
     </span>
    </p>
   </div>
   <div class='ocr_carea' id='block_1_41' title="bbox 105 1196 886 1234">
    <p class='ocr_par' dir='ltr' id='par_1_41' title="bbox 105 1196 886 1234">
     <span class='ocr_line' id='line_1_41' title="bbox 105 1196 886 1234; baseline -0.004 -9"><span class='ocrx_word' id='word_1_281' title='bbox 105 1199 184 1234; x_wconf 76' lang='grc' dir='ltr'>εἴπερ</span> <span class='ocrx_word' id='word_1_282' title='bbox 199 1199 228 1224; x_wconf 82' lang='grc' dir='ltr'><strong>τὺ</strong></span> <span class='ocrx_word' id='word_1_283' title='bbox 245 1197 361 1234; x_wconf 79' lang='grc' dir='ltr'>κώλυμα</span> <span class='ocrx_word' id='word_1_284' title='bbox 372 1198 450 1224; x_wconf 85' lang='grc' dir='ltr'>τοῦτο</span> <span class='ocrx_word' id='word_1_285' title='bbox 465 1197 514 1233; x_wconf 79' lang='grc' dir='ltr'>τὴν</span> <span class='ocrx_word' id='word_1_286' title='bbox 530 1198 635 1224; x_wconf 74' lang='grc' dir='ltr'>ἔννοιαν</span> <span class='ocrx_word' id='word_1_287' title='bbox 650 1197 706 1232; x_wconf 71' lang='grc' dir='ltr'>ἔχει</span> <span class='ocrx_word' id='word_1_288' title='bbox 727 1196 837 1230; x_wconf 83' lang='grc' dir='ltr'>ταύτην,</span> <span class='ocrx_word' id='word_1_289' title='bbox 853 1196 886 1231; x_wconf 75' lang='grc' dir='ltr'>ἦν</span> 
     </span>
    </p>
   </div>
   <div class='ocr_carea' id='block_1_42' title="bbox 105 1242 886 1279">
    <p class='ocr_par' dir='ltr' id='par_1_42' title="bbox 105 1242 886 1279">
     <span class='ocr_line' id='line_1_42' title="bbox 105 1242 886 1279; baseline -0.001 -9"><span class='ocrx_word' id='word_1_290' title='bbox 105 1252 187 1278; x_wconf 81' lang='grc' dir='ltr'>φασιν</span> <span class='ocrx_word' id='word_1_291' title='bbox 205 1245 228 1270; x_wconf 81' lang='lat' dir='ltr'><strong>ot</strong></span> <span class='ocrx_word' id='word_1_292' title='bbox 245 1243 385 1279; x_wconf 76' lang='grc' dir='ltr'>ἡμέτεροι,</span> <span class='ocrx_word' id='word_1_293' title='bbox 403 1243 471 1277; x_wconf 65' lang='lat' dir='ltr'><strong>(psi)!</strong></span> <span class='ocrx_word' id='word_1_294' title='bbox 489 1243 550 1270; x_wconf 81' lang='grc' dir='ltr'>ἀντὶ</span> <span class='ocrx_word' id='word_1_295' title='bbox 572 1243 657 1276; x_wconf 77' lang='grc' dir='ltr'>ἁγίων</span> <span class='ocrx_word' id='word_1_296' title='bbox 679 1243 727 1268; x_wconf 78' lang='grc' dir='ltr'>καὶ</span> <span class='ocrx_word' id='word_1_297' title='bbox 755 1242 886 1277; x_wconf 82' lang='grc' dir='ltr'>Πατέρων</span> 
     </span>
    </p>
   </div>
   <div class='ocr_carea' id='block_1_43' title="bbox 105 1286 886 1321">
    <p class='ocr_par' dir='ltr' id='par_1_43' title="bbox 105 1286 886 1321">
     <span class='ocr_line' id='line_1_43' title="bbox 105 1286 886 1321; baseline 0 -8"><span class='ocrx_word' id='word_1_298' title='bbox 105 1289 153 1314; x_wconf 79' lang='grc' dir='ltr'><strong>καὶ</strong></span> <span class='ocrx_word' id='word_1_299' title='bbox 165 1287 344 1320; x_wconf 83' lang='grc' dir='ltr'>διδασκάλων,</span> <span class='ocrx_word' id='word_1_300' title='bbox 357 1286 504 1321; x_wconf 86' lang='grc' dir='ltr'>λυμεώνων</span> <span class='ocrx_word' id='word_1_301' title='bbox 526 1287 573 1313; x_wconf 74' lang='grc' dir='ltr'>καὶ</span> <span class='ocrx_word' id='word_1_302' title='bbox 587 1286 756 1312; x_wconf 80' lang='grc' dir='ltr'>ἀπατεώνων</span> <span class='ocrx_word' id='word_1_303' title='bbox 772 1286 886 1313; x_wconf 84' lang='grc' dir='ltr'>ἀντέλα-</span> 
     </span>
    </p>
   </div>
   <div class='ocr_carea' id='block_1_44' title="bbox 104 1331 887 1369">
    <p class='ocr_par' dir='ltr' id='par_1_44' title="bbox 104 1331 887 1369">
     <span class='ocr_line' id='line_1_44' title="bbox 104 1331 887 1369; baseline -0.004 -9"><span class='ocrx_word' id='word_1_304' title='bbox 104 1333 152 1360; x_wconf 80' lang='grc' dir='ltr'>6ον</span> <span class='ocrx_word' id='word_1_305' title='bbox 171 1334 262 1369; x_wconf 87' lang='grc' dir='ltr'>χώραν</span> <span class='ocrx_word' id='word_1_306' title='bbox 278 1335 302 1360; x_wconf 86' lang='lat' dir='ltr'><strong>oi.</strong></span> <span class='ocrx_word' id='word_1_307' title='bbox 316 1333 366 1368; x_wconf 85' lang='grc' dir='ltr'>τῆς</span> <span class='ocrx_word' id='word_1_308' title='bbox 382 1332 404 1368; x_wconf 83' lang='grc' dir='ltr'><strong>β’</strong></span> <span class='ocrx_word' id='word_1_309' title='bbox 421 1332 532 1359; x_wconf 84' lang='grc' dir='ltr'>συνόδου</span> <span class='ocrx_word' id='word_1_310' title='bbox 552 1332 690 1367; x_wconf 78' lang='grc' dir='ltr'>Πατέρες·</span> <span class='ocrx_word' id='word_1_311' title='bbox 708 1331 755 1358; x_wconf 74' lang='grc' dir='ltr'>καὶ</span> <span class='ocrx_word' id='word_1_312' title='bbox 771 1331 785 1358; x_wconf 83' lang='grc' dir='ltr'>ὁ</span> <span class='ocrx_word' id='word_1_313' title='bbox 801 1331 887 1366; x_wconf 82' lang='grc' dir='ltr'>μέγας</span> 
     </span>
    </p>
   </div>
   <div class='ocr_carea' id='block_1_45' title="bbox 104 1378 887 1415">
    <p class='ocr_par' dir='ltr' id='par_1_45' title="bbox 104 1378 887 1415">
     <span class='ocr_line' id='line_1_45' title="bbox 104 1378 887 1415; baseline -0.003 -9"><span class='ocrx_word' id='word_1_314' title='bbox 104 1381 135 1406; x_wconf 82' lang='grc' dir='ltr'><strong>ἐν</strong></span> <span class='ocrx_word' id='word_1_315' title='bbox 152 1380 276 1415; x_wconf 75' lang='grc' dir='ltr'>θεολογίᾳ</span> <span class='ocrx_word' id='word_1_316' title='bbox 292 1380 454 1414; x_wconf 83' lang='grc' dir='ltr'>Γρηγόριος.</span> <span class='ocrx_word' id='word_1_317' title='bbox 471 1379 543 1405; x_wconf 82' lang='grc' dir='ltr'>Ἀλλ’</span> <span class='ocrx_word' id='word_1_318' title='bbox 563 1379 649 1412; x_wconf 79' lang='grc' dir='ltr'>ἀπείη</span> <span class='ocrx_word' id='word_1_319' title='bbox 672 1379 721 1405; x_wconf 74' lang='grc' dir='ltr'><strong>καὶ</strong></span> <span class='ocrx_word' id='word_1_320' title='bbox 747 1378 829 1414; x_wconf 85' lang='grc' dir='ltr'>μόνον</span> <span class='ocrx_word' id='word_1_321' title='bbox 844 1379 887 1404; x_wconf 81' lang='grc' dir='ltr'>ἐν-</span> 
     </span>
    </p>
   </div>
   <div class='ocr_carea' id='block_1_46' title="bbox 104 1423 886 1460">
    <p class='ocr_par' dir='ltr' id='par_1_46' title="bbox 104 1423 886 1460">
     <span class='ocr_line' id='line_1_46' title="bbox 104 1423 886 1460; baseline -0.001 -8"><span class='ocrx_word' id='word_1_322' title='bbox 104 1426 200 1459; x_wconf 73' lang='grc' dir='ltr'>νοῆσαι</span> <span class='ocrx_word' id='word_1_323' title='bbox 217 1425 246 1451; x_wconf 74' lang='grc' dir='ltr'><strong>τδ</strong></span> <span class='ocrx_word' id='word_1_324' title='bbox 261 1425 433 1460; x_wconf 77' lang='grc' dir='ltr'>βλάσφημον.</span> <span class='ocrx_word' id='word_1_325' title='bbox 449 1424 507 1450; x_wconf 74' lang='grc' dir='ltr'><strong>Οὐκ</strong></span> <span class='ocrx_word' id='word_1_326' title='bbox 521 1423 575 1458; x_wconf 76' lang='grc' dir='ltr'><strong>ἀρα</strong></span> <span class='ocrx_word' id='word_1_327' title='bbox 589 1423 694 1458; x_wconf 79' lang='grc' dir='ltr'>ταύτην</span> <span class='ocrx_word' id='word_1_328' title='bbox 713 1423 762 1458; x_wconf 87' lang='grc' dir='ltr'>τὴν</span> <span class='ocrx_word' id='word_1_329' title='bbox 783 1423 886 1451; x_wconf 75' lang='grc' dir='ltr'>ἔννοιαν</span> 
     </span>
    </p>
   </div>
   <div class='ocr_carea' id='block_1_47' title="bbox 105 1469 887 1506">
    <p class='ocr_par' dir='ltr' id='par_1_47' title="bbox 105 1469 887 1506">
     <span class='ocr_line' id='line_1_47' title="bbox 105 1469 887 1506; baseline 0.001 -9"><span class='ocrx_word' id='word_1_330' title='bbox 105 1471 163 1506; x_wconf 81' lang='grc' dir='ltr'>εχει</span> <span class='ocrx_word' id='word_1_331' title='bbox 176 1470 238 1498; x_wconf 77' lang='grc' dir='ltr'>ιῠτε</span> <span class='ocrx_word' id='word_1_332' title='bbox 257 1472 274 1504; x_wconf 83' lang='grc' dir='ltr'><strong>ἡ</strong></span> <span class='ocrx_word' id='word_1_333' title='bbox 287 1474 322 1502; x_wconf 80' lang='grc' dir='ltr'>α’,</span> <span class='ocrx_word' id='word_1_334' title='bbox 334 1470 396 1496; x_wconf 79' lang='grc' dir='ltr'>οὔτε</span> <span class='ocrx_word' id='word_1_335' title='bbox 408 1471 425 1505; x_wconf 83' lang='grc' dir='ltr'>ἡ</span> <span class='ocrx_word' id='word_1_336' title='bbox 437 1470 528 1505; x_wconf 80' lang='grc' dir='ltr'>τρίτη,</span> <span class='ocrx_word' id='word_1_337' title='bbox 546 1469 602 1496; x_wconf 80' lang='grc' dir='ltr'>οὒτ’</span> <span class='ocrx_word' id='word_1_338' title='bbox 619 1469 686 1504; x_wconf 79' lang='grc' dir='ltr'>ἄλλη</span> <span class='ocrx_word' id='word_1_339' title='bbox 701 1478 742 1502; x_wconf 86' lang='grc' dir='ltr'><strong>τις</strong></span> <span class='ocrx_word' id='word_1_340' title='bbox 756 1470 811 1497; x_wconf 86' lang='grc' dir='ltr'><strong>τῶν</strong></span> <span class='ocrx_word' id='word_1_341' title='bbox 825 1479 887 1498; x_wconf 92' lang='grc' dir='ltr'>συν-</span> 
     </span>
    </p>
   </div>
   <div class='ocr_carea' id='block_1_48' title="bbox 105 1515 887 1552">
    <p class='ocr_par' dir='ltr' id='par_1_48' title="bbox 105 1515 887 1552">
     <span class='ocr_line' id='line_1_48' title="bbox 105 1515 887 1552; baseline -0.001 -9"><span class='ocrx_word' id='word_1_342' title='bbox 105 1517 172 1543; x_wconf 76' lang='grc' dir='ltr'>όδων</span> <span class='ocrx_word' id='word_1_343' title='bbox 185 1516 432 1552; x_wconf 74' lang='grc' dir='ltr'>ἀντιφθεγγομένη,</span> <span class='ocrx_word' id='word_1_344' title='bbox 462 1516 528 1543; x_wconf 76' lang='grc' dir='ltr'>ἀλλὰ</span> <span class='ocrx_word' id='word_1_345' title='bbox 550 1515 599 1550; x_wconf 74' lang='grc' dir='ltr'>τὴν</span> <span class='ocrx_word' id='word_1_346' title='bbox 612 1516 737 1543; x_wconf 79' lang='grc' dir='ltr'>ἐναντίαν</span> <span class='ocrx_word' id='word_1_347' title='bbox 760 1515 887 1552; x_wconf 76' lang='grc' dir='ltr'>φανερῶς</span> 
     </span>
    </p>
   </div>
   <div class='ocr_carea' id='block_1_49' title="bbox 105 1562 324 1591">
    <p class='ocr_par' dir='ltr' id='par_1_49' title="bbox 105 1562 324 1591">
     <span class='ocr_line' id='line_1_49' title="bbox 105 1562 324 1591; baseline 0 -1"><span class='ocrx_word' id='word_1_348' title='bbox 105 1563 198 1590; x_wconf 59' lang='grc' dir='ltr'>πίέτιν</span> <span class='ocrx_word' id='word_1_349' title='bbox 212 1562 324 1591; x_wconf 85' lang='grc' dir='ltr'>κωλύει.</span> 
     </span>
    </p>
   </div>
   <div class='ocr_carea' id='block_1_50' title="bbox 147 1644 887 1681">
    <p class='ocr_par' dir='ltr' id='par_1_50' title="bbox 147 1644 887 1681">
     <span class='ocr_line' id='line_1_50' title="bbox 147 1644 887 1681; baseline 0.001 -10"><span class='ocrx_word' id='word_1_350' title='bbox 147 1645 298 1672; x_wconf 76' lang='grc' dir='ltr'>Ἀλλ“οὖτω</span> <span class='ocrx_word' id='word_1_351' title='bbox 315 1645 364 1680; x_wconf 84' lang='grc' dir='ltr'>μὲν</span> <span class='ocrx_word' id='word_1_352' title='bbox 388 1644 468 1672; x_wconf 81' lang='grc' dir='ltr'>τοῦτο</span> <span class='ocrx_word' id='word_1_353' title='bbox 485 1645 532 1671; x_wconf 75' lang='grc' dir='ltr'>καὶ</span> <span class='ocrx_word' id='word_1_354' title='bbox 549 1645 638 1679; x_wconf 81' lang='grc' dir='ltr'>φωτὸς</span> <span class='ocrx_word' id='word_1_355' title='bbox 664 1645 806 1680; x_wconf 75' lang='grc' dir='ltr'>ἀνεδείχθη</span> <span class='ocrx_word' id='word_1_356' title='bbox 820 1654 887 1681; x_wconf 92' lang='grc' dir='ltr'>τρα-</span> 
     </span>
    </p>
   </div>
   <div class='ocr_carea' id='block_1_51' title="bbox 105 1690 887 1726">
    <p class='ocr_par' dir='ltr' id='par_1_51' title="bbox 105 1690 887 1726">
     <span class='ocr_line' id='line_1_51' title="bbox 105 1690 887 1726; baseline 0 -8"><span class='ocrx_word' id='word_1_357' title='bbox 105 1691 225 1726; x_wconf 80' lang='grc' dir='ltr'>νότερον,</span> <span class='ocrx_word' id='word_1_358' title='bbox 240 1693 287 1717; x_wconf 79' lang='grc' dir='ltr'>καὶ</span> <span class='ocrx_word' id='word_1_359' title='bbox 300 1690 428 1725; x_wconf 77' lang='grc' dir='ltr'><strong>καθαρῶς</strong></span> <span class='ocrx_word' id='word_1_360' title='bbox 444 1690 648 1724; x_wconf 74' lang='grc' dir='ltr'>ἀποδέδεικται,</span> <span class='ocrx_word' id='word_1_361' title='bbox 661 1691 700 1726; x_wconf 84' lang='grc' dir='ltr'>μὴ</span> <span class='ocrx_word' id='word_1_362' title='bbox 714 1691 887 1718; x_wconf 72' lang='grc' dir='ltr'>κεκωλῦσθαι</span> 
     </span>
    </p>
   </div>
   <div class='ocr_carea' id='block_1_52' title="bbox 105 1735 886 1771">
    <p class='ocr_par' dir='ltr' id='par_1_52' title="bbox 105 1735 886 1771">
     <span class='ocr_line' id='line_1_52' title="bbox 105 1735 886 1771; baseline -0.003 -8"><span class='ocrx_word' id='word_1_363' title='bbox 105 1737 140 1764; x_wconf 71' lang='grc' dir='ltr'>τὰ</span> <span class='ocrx_word' id='word_1_364' title='bbox 158 1737 246 1771; x_wconf 77' lang='grc' dir='ltr'>ἀληθῆ</span> <span class='ocrx_word' id='word_1_365' title='bbox 257 1737 414 1771; x_wconf 77' lang='grc' dir='ltr'>προσθεῖναι</span> <span class='ocrx_word' id='word_1_366' title='bbox 440 1737 473 1771; x_wconf 80' lang='grc' dir='ltr'>τῇ</span> <span class='ocrx_word' id='word_1_367' title='bbox 498 1736 587 1762; x_wconf 82' lang='grc' dir='ltr'>πίστει</span> <span class='ocrx_word' id='word_1_368' title='bbox 606 1737 651 1762; x_wconf 75' lang='grc' dir='ltr'>καὶ</span> <span class='ocrx_word' id='word_1_369' title='bbox 667 1737 706 1770; x_wconf 88' lang='grc' dir='ltr'>τῷ</span> <span class='ocrx_word' id='word_1_370' title='bbox 733 1735 865 1770; x_wconf 79' lang='grc' dir='ltr'>Συμὸόλῳ</span> <span class='ocrx_word' id='word_1_371' title='bbox 878 1743 886 1751; x_wconf 88' lang='grc'><strong>·</strong></span> 
     </span>
    </p>
   </div>
   <div class='ocr_carea' id='block_1_53' title="bbox 107 1781 887 1818">
    <p class='ocr_par' dir='ltr' id='par_1_53' title="bbox 107 1781 887 1818">
     <span class='ocr_line' id='line_1_53' title="bbox 107 1781 887 1818; baseline -0.001 -10"><span class='ocrx_word' id='word_1_372' title='bbox 107 1782 207 1818; x_wconf 79' lang='grc' dir='ltr'>μᾶλλον</span> <span class='ocrx_word' id='word_1_373' title='bbox 220 1782 247 1808; x_wconf 77' lang='grc' dir='ltr'>δὲ</span> <span class='ocrx_word' id='word_1_374' title='bbox 265 1782 458 1809; x_wconf 79' lang='grc' dir='ltr'>ἀναπτύσσειν.</span> <span class='ocrx_word' id='word_1_375' title='bbox 471 1782 555 1808; x_wconf 77' lang='grc' dir='ltr'>Οὐδὲν</span> <span class='ocrx_word' id='word_1_376' title='bbox 574 1782 628 1816; x_wconf 73' lang='grc' dir='ltr'><strong>γὰρ</strong></span> <span class='ocrx_word' id='word_1_377' title='bbox 651 1781 780 1816; x_wconf 83' lang='grc' dir='ltr'>ἀληθείας</span> <span class='ocrx_word' id='word_1_378' title='bbox 799 1781 887 1816; x_wconf 80' lang='grc' dir='ltr'>δόγμα</span> 
     </span>
    </p>
   </div>
   <div class='ocr_carea' id='block_1_54' title="bbox 106 1827 886 1864">
    <p class='ocr_par' dir='ltr' id='par_1_54' title="bbox 106 1827 886 1864">
     <span class='ocr_line' id='line_1_54' title="bbox 106 1827 886 1864; baseline -0.003 -9"><span class='ocrx_word' id='word_1_379' title='bbox 106 1829 192 1861; x_wconf 77' lang='grc' dir='ltr'>ἐστὶν,</span> <span class='ocrx_word' id='word_1_380' title='bbox 208 1828 222 1854; x_wconf 81' lang='grc' dir='ltr'><strong>δ</strong></span> <span class='ocrx_word' id='word_1_381' title='bbox 237 1831 273 1863; x_wconf 81' lang='grc' dir='ltr'>μὴ</span> <span class='ocrx_word' id='word_1_382' title='bbox 298 1828 454 1863; x_wconf 79' lang='grc' dir='ltr'>περιέχεται</span> <span class='ocrx_word' id='word_1_383' title='bbox 483 1828 522 1863; x_wconf 84' lang='grc' dir='ltr'>τῷ</span> <span class='ocrx_word' id='word_1_384' title='bbox 544 1827 685 1862; x_wconf 77' lang='grc' dir='ltr'>Συμϐόλῳ,</span> <span class='ocrx_word' id='word_1_385' title='bbox 702 1829 750 1854; x_wconf 79' lang='grc' dir='ltr'><strong>καὶ</strong></span> <span class='ocrx_word' id='word_1_386' title='bbox 764 1830 797 1863; x_wconf 81' lang='grc' dir='ltr'>τῇ</span> <span class='ocrx_word' id='word_1_387' title='bbox 813 1829 886 1864; x_wconf 60' lang='grc' dir='ltr'>ἁπλῇ</span> 
     </span>
    </p>
   </div>
   <div class='ocr_carea' id='block_1_55' title="bbox 105 1873 887 1910">
    <p class='ocr_par' dir='ltr' id='par_1_55' title="bbox 105 1873 887 1910">
     <span class='ocr_line' id='line_1_55' title="bbox 105 1873 887 1910; baseline -0.004 -8"><span class='ocrx_word' id='word_1_388' title='bbox 105 1875 255 1910; x_wconf 66' lang='grc' dir='ltr'>παραδόσει</span> <span class='ocrx_word' id='word_1_389' title='bbox 270 1874 323 1900; x_wconf 85' lang='grc' dir='ltr'>τῶν</span> <span class='ocrx_word' id='word_1_390' title='bbox 335 1874 508 1900; x_wconf 60' lang='grc' dir='ltr'>ἀποστόλων</span> <span class='ocrx_word' id='word_1_391' title='bbox 524 1873 709 1900; x_wconf 82' lang='grc' dir='ltr'>ἀναπτύσσειν</span> <span class='ocrx_word' id='word_1_392' title='bbox 728 1873 756 1899; x_wconf 80' lang='grc' dir='ltr'><strong>δέ</strong></span> <span class='ocrx_word' id='word_1_393' title='bbox 781 1874 826 1900; x_wconf 82' lang='grc' dir='ltr'>καὶ</span> <span class='ocrx_word' id='word_1_394' title='bbox 848 1873 887 1908; x_wconf 78' lang='grc' dir='ltr'>τῷ</span> 
     </span>
    </p>
   </div>
   <div class='ocr_carea' id='block_1_56' title="bbox 106 1918 888 1954">
    <p class='ocr_par' dir='ltr' id='par_1_56' title="bbox 106 1918 888 1954">
     <span class='ocr_line' id='line_1_56' title="bbox 106 1918 888 1954; baseline -0.003 -8"><span class='ocrx_word' id='word_1_395' title='bbox 106 1919 237 1954; x_wconf 66' lang='grc' dir='ltr'>Συμϐόλῳ</span> <span class='ocrx_word' id='word_1_396' title='bbox 251 1920 397 1945; x_wconf 78' lang='grc' dir='ltr'>συνάπτειν</span> <span class='ocrx_word' id='word_1_397' title='bbox 413 1919 463 1944; x_wconf 89' lang='grc' dir='ltr'>οὐκ</span> <span class='ocrx_word' id='word_1_398' title='bbox 475 1919 519 1944; x_wconf 74' lang='grc' dir='ltr'><strong>ἀεὶ</strong></span> <span class='ocrx_word' id='word_1_399' title='bbox 534 1918 666 1952; x_wconf 80' lang='grc' dir='ltr'>δηλονότι,</span> <span class='ocrx_word' id='word_1_400' title='bbox 685 1919 744 1944; x_wconf 70' lang='grc' dir='ltr'>οὖδέ</span> <span class='ocrx_word' id='word_1_401' title='bbox 764 1918 808 1944; x_wconf 80' lang='grc' dir='ltr'>τὸν</span> <span class='ocrx_word' id='word_1_402' title='bbox 824 1919 888 1953; x_wconf 65' lang='lat' dir='ltr'><strong>[iou-</strong></span> 
     </span>
    </p>
   </div>
   <div class='ocr_carea' id='block_1_57' title="bbox 104 1964 887 2000">
    <p class='ocr_par' dir='ltr' id='par_1_57' title="bbox 104 1964 887 2000">
     <span class='ocr_line' id='line_1_57' title="bbox 104 1964 887 2000; baseline -0.001 -9"><span class='ocrx_word' id='word_1_403' title='bbox 104 1965 218 2000; x_wconf 85' lang='grc' dir='ltr'>λὸμενον</span> <span class='ocrx_word' id='word_1_404' title='bbox 239 1965 338 1997; x_wconf 81' lang='grc' dir='ltr'>πάντα,</span> <span class='ocrx_word' id='word_1_405' title='bbox 354 1964 422 1991; x_wconf 82' lang='grc' dir='ltr'>ἀλλὰ</span> <span class='ocrx_word' id='word_1_406' title='bbox 442 1964 565 2000; x_wconf 81' lang='grc' dir='ltr'>μεγάλης</span> <span class='ocrx_word' id='word_1_407' title='bbox 577 1965 699 1999; x_wconf 79' lang='grc' dir='ltr'>ἀνάγκης</span> <span class='ocrx_word' id='word_1_408' title='bbox 712 1965 887 2000; x_wconf 86' lang='grc' dir='ltr'>ἐπειγούσης,</span> 
     </span>
    </p>
   </div>
   <div class='ocr_carea' id='block_1_58' title="bbox 105 2009 563 2045">
    <p class='ocr_par' dir='ltr' id='par_1_58' title="bbox 105 2009 563 2045">
     <span class='ocr_line' id='line_1_58' title="bbox 105 2009 563 2045; baseline 0 -9"><span class='ocrx_word' id='word_1_409' title='bbox 105 2011 152 2037; x_wconf 76' lang='grc' dir='ltr'>καὶ</span> <span class='ocrx_word' id='word_1_410' title='bbox 168 2010 215 2044; x_wconf 72' lang='grc' dir='ltr'>τῆς</span> <span class='ocrx_word' id='word_1_411' title='bbox 231 2009 396 2044; x_wconf 84' lang='grc' dir='ltr'>Ἐκκλησίας</span> <span class='ocrx_word' id='word_1_412' title='bbox 416 2011 563 2045; x_wconf 83' lang='grc' dir='ltr'>κρινάσης.</span> 
     </span>
    </p>
   </div>
   <div class='ocr_carea' id='block_1_59' title="bbox 145 2051 888 2089">
    <p class='ocr_par' dir='ltr' id='par_1_59' title="bbox 145 2051 888 2089">
     <span class='ocr_line' id='line_1_59' title="bbox 145 2051 888 2089; baseline 0.001 -8"><span class='ocrx_word' id='word_1_413' title='bbox 145 2054 264 2086; x_wconf 75' lang='grc' dir='ltr'>Τούτων,</span> <span class='ocrx_word' id='word_1_414' title='bbox 282 2051 304 2080; x_wconf 81' lang='grc' dir='ltr'><strong>ὦ</strong></span> <span class='ocrx_word' id='word_1_415' title='bbox 319 2055 447 2089; x_wconf 79' lang='grc' dir='ltr'>ἄνθρωπε</span> <span class='ocrx_word' id='word_1_416' title='bbox 464 2055 512 2081; x_wconf 85' lang='grc' dir='ltr'>τοῦ</span> <span class='ocrx_word' id='word_1_417' title='bbox 525 2055 607 2087; x_wconf 86' lang='grc' dir='ltr'>Θεοῦ,</span> <span class='ocrx_word' id='word_1_418' title='bbox 637 2055 684 2082; x_wconf 78' lang='grc' dir='ltr'>καὶ</span> <span class='ocrx_word' id='word_1_419' title='bbox 707 2055 795 2083; x_wconf 82' lang='grc' dir='ltr'>ἀλλων</span> <span class='ocrx_word' id='word_1_420' title='bbox 810 2055 888 2082; x_wconf 77' lang='grc' dir='ltr'>πλεί-</span> 
     </span>
    </p>
   </div>
   <div class='ocr_carea' id='block_1_60' title="bbox 107 2100 887 2137">
    <p class='ocr_par' dir='ltr' id='par_1_60' title="bbox 107 2100 887 2137">
     <span class='ocr_line' id='line_1_60' title="bbox 107 2100 887 2137; baseline 0.004 -11"><span class='ocrx_word' id='word_1_421' title='bbox 107 2100 236 2133; x_wconf 74' lang='grc' dir='ltr'>στωντὴς</span> <span class='ocrx_word' id='word_1_422' title='bbox 245 2100 339 2135; x_wconf 69' lang='grc' dir='ltr'>ὁμοίας</span> <span class='ocrx_word' id='word_1_423' title='bbox 353 2101 465 2135; x_wconf 80' lang='grc' dir='ltr'>ἀγωγῆς</span> <span class='ocrx_word' id='word_1_424' title='bbox 486 2103 550 2135; x_wconf 80' lang='grc' dir='ltr'>περὶ</span> <span class='ocrx_word' id='word_1_425' title='bbox 574 2100 670 2127; x_wconf 86' lang='grc' dir='ltr'>τούτου</span> <span class='ocrx_word' id='word_1_426' title='bbox 689 2101 737 2127; x_wconf 83' lang='grc' dir='ltr'>τοῦ</span> <span class='ocrx_word' id='word_1_427' title='bbox 763 2102 887 2137; x_wconf 81' lang='grc' dir='ltr'>ζητήμα-</span> 
     </span>
    </p>
   </div>
   <div class='ocr_carea' id='block_1_61' title="bbox 105 2146 887 2182">
    <p class='ocr_par' dir='ltr' id='par_1_61' title="bbox 105 2146 887 2182">
     <span class='ocr_line' id='line_1_61' title="bbox 105 2146 887 2182; baseline 0.004 -11"><span class='ocrx_word' id='word_1_428' title='bbox 105 2154 149 2176; x_wconf 68' lang='grc' dir='ltr'><strong>το,</strong></span> <span class='ocrx_word' id='word_1_429' title='bbox 167 2146 321 2180; x_wconf 74' lang='grc' dir='ltr'>εἰρημένων</span> <span class='ocrx_word' id='word_1_430' title='bbox 341 2146 394 2172; x_wconf 77' lang='grc' dir='ltr'><strong>ὑπὸ</strong></span> <span class='ocrx_word' id='word_1_431' title='bbox 403 2146 537 2178; x_wconf 78' lang='grc' dir='ltr'>Λατίνων,</span> <span class='ocrx_word' id='word_1_432' title='bbox 557 2147 637 2181; x_wconf 81' lang='grc' dir='ltr'>ἡμεῖς</span> <span class='ocrx_word' id='word_1_433' title='bbox 656 2146 704 2181; x_wconf 81' lang='grc' dir='ltr'>μὲν</span> <span class='ocrx_word' id='word_1_434' title='bbox 716 2147 784 2182; x_wconf 76' lang='grc' dir='ltr'>πρὸς</span> <span class='ocrx_word' id='word_1_435' title='bbox 801 2147 887 2174; x_wconf 85' lang='grc' dir='ltr'>ταῦτα</span> 
     </span>
    </p>
   </div>
   <div class='ocr_carea' id='block_1_62' title="bbox 107 2191 888 2229">
    <p class='ocr_par' dir='ltr' id='par_1_62' title="bbox 107 2191 888 2229">
     <span class='ocr_line' id='line_1_62' title="bbox 107 2191 888 2229; baseline 0.005 -13"><span class='ocrx_word' id='word_1_436' title='bbox 107 2191 191 2226; x_wconf 67' lang='grc' dir='ltr'>μηδὲν</span> <span class='ocrx_word' id='word_1_437' title='bbox 207 2191 409 2227; x_wconf 82' lang='grc' dir='ltr'>ἀποκρίνασθαι</span> <span class='ocrx_word' id='word_1_438' title='bbox 432 2191 538 2227; x_wconf 76' lang='grc' dir='ltr'>ἔχοντες</span> <span class='ocrx_word' id='word_1_439' title='bbox 555 2192 599 2226; x_wconf 88' lang='grc' dir='ltr'>(τί</span> <span class='ocrx_word' id='word_1_440' title='bbox 625 2193 680 2228; x_wconf 83' lang='grc' dir='ltr'>γὰρ</span> <span class='ocrx_word' id='word_1_441' title='bbox 699 2193 732 2219; x_wconf 76' lang='grc' dir='ltr'>ἄν</span> <span class='ocrx_word' id='word_1_442' title='bbox 759 2202 801 2225; x_wconf 85' lang='grc' dir='ltr'><strong>τις</strong></span> <span class='ocrx_word' id='word_1_443' title='bbox 818 2195 888 2229; x_wconf 78' lang='grc' dir='ltr'>πρὸς</span> 
     </span>
    </p>
   </div>
   <div class='ocr_carea' id='block_1_63' title="bbox 938 959 1723 996">
    <p class='ocr_par' dir='ltr' id='par_1_63' title="bbox 938 959 1723 996">
     <span class='ocr_line' id='line_1_63' title="bbox 938 959 1723 996; baseline 0 -10"><span class='ocrx_word' id='word_1_444' title='bbox 938 960 1026 987; x_wconf 76' lang='lat' dir='ltr'><strong>tertiae</strong></span> <span class='ocrx_word' id='word_1_445' title='bbox 1042 959 1150 994; x_wconf 87' lang='lat' dir='ltr'><strong>synodi,</strong></span> <span class='ocrx_word' id='word_1_446' title='bbox 1164 964 1190 988; x_wconf 90' lang='lat' dir='ltr'><strong>ct</strong></span> <span class='ocrx_word' id='word_1_447' title='bbox 1207 960 1337 988; x_wconf 81' lang='lat' dir='ltr'><strong>aliarum.</strong></span> <span class='ocrx_word' id='word_1_448' title='bbox 1355 960 1425 994; x_wconf 85' lang='lat' dir='ltr'><strong>Quid</strong></span> <span class='ocrx_word' id='word_1_449' title='bbox 1445 961 1529 996; x_wconf 79' lang='lat' dir='ltr'><strong>igitur</strong></span> <span class='ocrx_word' id='word_1_450' title='bbox 1548 960 1672 987; x_wconf 88' lang='lat' dir='ltr'><strong>dicemus</strong></span> <span class='ocrx_word' id='word_1_451' title='bbox 1687 959 1723 986; x_wconf 85' lang='lat' dir='ltr'><strong>de</strong></span> 
     </span>
    </p>
   </div>
   <div class='ocr_carea' id='block_1_64' title="bbox 937 1004 1722 1042">
    <p class='ocr_par' dir='ltr' id='par_1_64' title="bbox 937 1004 1722 1042">
     <span class='ocr_line' id='line_1_64' title="bbox 937 1004 1722 1042; baseline -0.003 -10"><span class='ocrx_word' id='word_1_452' title='bbox 937 1005 1057 1032; x_wconf 87' lang='lat' dir='ltr'><strong>secunda</strong></span> <span class='ocrx_word' id='word_1_453' title='bbox 1087 1006 1201 1040; x_wconf 84' lang='lat' dir='ltr'><strong>synodo,</strong></span> <span class='ocrx_word' id='word_1_454' title='bbox 1229 1006 1317 1041; x_wconf 86' lang='lat' dir='ltr'><strong>deque</strong></span> <span class='ocrx_word' id='word_1_455' title='bbox 1342 1006 1474 1042; x_wconf 81' lang='lat' dir='ltr'><strong>Gregorio</strong></span> <span class='ocrx_word' id='word_1_456' title='bbox 1499 1005 1649 1039; x_wconf 81' lang='lat' dir='ltr'><strong>Theologo,</strong></span> <span class='ocrx_word' id='word_1_457' title='bbox 1673 1004 1722 1039; x_wconf 80' lang='lat' dir='ltr'><strong>qui</strong></span> 
     </span>
    </p>
   </div>
   <div class='ocr_carea' id='block_1_65' title="bbox 937 1049 1722 1086">
    <p class='ocr_par' dir='ltr' id='par_1_65' title="bbox 937 1049 1722 1086">
     <span class='ocr_line' id='line_1_65' title="bbox 937 1049 1722 1086; baseline 0 -10"><span class='ocrx_word' id='word_1_458' title='bbox 937 1049 1002 1076; x_wconf 89' lang='lat' dir='ltr'><strong>huic</strong></span> <span class='ocrx_word' id='word_1_459' title='bbox 1030 1050 1157 1077; x_wconf 84' lang='lat' dir='ltr'><strong>secundae</strong></span> <span class='ocrx_word' id='word_1_460' title='bbox 1184 1053 1287 1086; x_wconf 87' lang='lat' dir='ltr'><strong>synodo</strong></span> <span class='ocrx_word' id='word_1_461' title='bbox 1310 1058 1371 1079; x_wconf 91' lang='lat' dir='ltr'><strong>cum</strong></span> <span class='ocrx_word' id='word_1_462' title='bbox 1396 1051 1567 1086; x_wconf 74' lang='lat' dir='ltr'><strong>praesideret,</strong></span> <span class='ocrx_word' id='word_1_463' title='bbox 1590 1049 1722 1085; x_wconf 88' lang='lat' dir='ltr'><strong>Symbolo</strong></span> 
     </span>
    </p>
   </div>
   <div class='ocr_carea' id='block_1_66' title="bbox 936 1096 1720 1132">
    <p class='ocr_par' dir='ltr' id='par_1_66' title="bbox 936 1096 1720 1132">
     <span class='ocr_line' id='line_1_66' title="bbox 936 1096 1720 1132; baseline -0.001 -10"><span class='ocrx_word' id='word_1_464' title='bbox 936 1096 1030 1130; x_wconf 58' lang='lat' dir='ltr'><strong>prima;</strong></span> <span class='ocrx_word' id='word_1_465' title='bbox 1043 1096 1070 1123; x_wconf 91' lang='lat' dir='ltr'><strong>in</strong></span> <span class='ocrx_word' id='word_1_466' title='bbox 1087 1096 1181 1124; x_wconf 91' lang='lat' dir='ltr'><strong>multis</strong></span> <span class='ocrx_word' id='word_1_467' title='bbox 1197 1096 1350 1130; x_wconf 82' lang='lat' dir='ltr'><strong>immutate,</strong></span> <span class='ocrx_word' id='word_1_468' title='bbox 1363 1096 1421 1131; x_wconf 88' lang='lat' dir='ltr'><strong>ipse</strong></span> <span class='ocrx_word' id='word_1_469' title='bbox 1437 1097 1526 1124; x_wconf 81' lang='lat' dir='ltr'><strong>fertur</strong></span> <span class='ocrx_word' id='word_1_470' title='bbox 1550 1096 1720 1132; x_wconf 81' lang='lat' dir='ltr'><strong>Symbolum,</strong></span> 
     </span>
    </p>
   </div>
   <div class='ocr_carea' id='block_1_67' title="bbox 937 1141 1721 1177">
    <p class='ocr_par' dir='ltr' id='par_1_67' title="bbox 937 1141 1721 1177">
     <span class='ocr_line' id='line_1_67' title="bbox 937 1141 1721 1177; baseline 0.001 -9"><span class='ocrx_word' id='word_1_471' title='bbox 937 1148 991 1175; x_wconf 83' lang='lat' dir='ltr'><strong>quo</strong></span> <span class='ocrx_word' id='word_1_472' title='bbox 1006 1148 1056 1168; x_wconf 89' lang='lat' dir='ltr'><strong>nos</strong></span> <span class='ocrx_word' id='word_1_473' title='bbox 1072 1142 1152 1169; x_wconf 89' lang='lat' dir='ltr'><strong>modo</strong></span> <span class='ocrx_word' id='word_1_474' title='bbox 1169 1142 1272 1169; x_wconf 90' lang='lat' dir='ltr'><strong>utimur</strong></span> <span class='ocrx_word' id='word_1_475' title='bbox 1298 1142 1514 1177; x_wconf 85' lang='lat' dir='ltr'><strong>conscripsisse?</strong></span> <span class='ocrx_word' id='word_1_476' title='bbox 1532 1142 1554 1169; x_wconf 89' lang='lat' dir='ltr'><strong>si</strong></span> <span class='ocrx_word' id='word_1_477' title='bbox 1577 1141 1649 1169; x_wconf 83' lang='lat' dir='ltr'><strong>istud</strong></span> <span class='ocrx_word' id='word_1_478' title='bbox 1677 1141 1721 1168; x_wconf 89' lang='lat' dir='ltr'><strong>in-</strong></span> 
     </span>
    </p>
   </div>
   <div class='ocr_carea' id='block_1_68' title="bbox 938 1185 1722 1222">
    <p class='ocr_par' dir='ltr' id='par_1_68' title="bbox 938 1185 1722 1222">
     <span class='ocr_line' id='line_1_68' title="bbox 938 1185 1722 1222; baseline 0.001 -10"><span class='ocrx_word' id='word_1_479' title='bbox 938 1185 1083 1213; x_wconf 87' lang='lat' dir='ltr'><strong>terdictum</strong></span> <span class='ocrx_word' id='word_1_480' title='bbox 1105 1188 1174 1214; x_wconf 88' lang='lat' dir='ltr'><strong>hanc</strong></span> <span class='ocrx_word' id='word_1_481' title='bbox 1203 1187 1286 1215; x_wconf 86' lang='lat' dir='ltr'><strong>habet</strong></span> <span class='ocrx_word' id='word_1_482' title='bbox 1301 1188 1521 1222; x_wconf 82' lang='lat' dir='ltr'><strong>intelligentiam,</strong></span> <span class='ocrx_word' id='word_1_483' title='bbox 1540 1194 1622 1221; x_wconf 90' lang='lat' dir='ltr'><strong>quam</strong></span> <span class='ocrx_word' id='word_1_484' title='bbox 1639 1185 1722 1221; x_wconf 84' lang='lat' dir='ltr'><strong>profi-</strong></span> 
     </span>
    </p>
   </div>
   <div class='ocr_carea' id='block_1_69' title="bbox 937 1233 1721 1267">
    <p class='ocr_par' dir='ltr' id='par_1_69' title="bbox 937 1233 1721 1267">
     <span class='ocr_line' id='line_1_69' title="bbox 937 1233 1721 1267; baseline -0.001 -9"><span class='ocrx_word' id='word_1_485' title='bbox 937 1237 1030 1259; x_wconf 90' lang='lat' dir='ltr'><strong>tentur</strong></span> <span class='ocrx_word' id='word_1_486' title='bbox 1042 1233 1145 1265; x_wconf 87' lang='lat' dir='ltr'><strong>nostri,</strong></span> <span class='ocrx_word' id='word_1_487' title='bbox 1163 1233 1216 1260; x_wconf 92' lang='lat' dir='ltr'><strong>heu</strong></span> <span class='ocrx_word' id='word_1_488' title='bbox 1230 1234 1236 1260; x_wconf 95' lang='lat'><strong>!</strong></span> <span class='ocrx_word' id='word_1_489' title='bbox 1253 1233 1314 1260; x_wconf 90' lang='lat' dir='ltr'><strong>loco</strong></span> <span class='ocrx_word' id='word_1_490' title='bbox 1328 1237 1485 1261; x_wconf 87' lang='lat' dir='ltr'><strong>sanctorum</strong></span> <span class='ocrx_word' id='word_1_491' title='bbox 1502 1233 1614 1260; x_wconf 77' lang='lat' dir='ltr'><strong>Patrum</strong></span> <span class='ocrx_word' id='word_1_492' title='bbox 1638 1237 1721 1267; x_wconf 84' lang='lat' dir='ltr'><strong>atque</strong></span> 
     </span>
    </p>
   </div>
   <div class='ocr_carea' id='block_1_70' title="bbox 937 1275 1716 1312">
    <p class='ocr_par' dir='ltr' id='par_1_70' title="bbox 937 1275 1716 1312">
     <span class='ocr_line' id='line_1_70' title="bbox 937 1275 1716 1312; baseline 0.001 -10"><span class='ocrx_word' id='word_1_493' title='bbox 937 1275 1091 1309; x_wconf 89' lang='lat' dir='ltr'><strong>doctorum,</strong></span> <span class='ocrx_word' id='word_1_494' title='bbox 1115 1277 1211 1305; x_wconf 88' lang='lat' dir='ltr'><strong>Patres</strong></span> <span class='ocrx_word' id='word_1_495' title='bbox 1236 1278 1364 1305; x_wconf 74' lang='lat' dir='ltr'><strong>secundae</strong></span> <span class='ocrx_word' id='word_1_496' title='bbox 1375 1278 1482 1312; x_wconf 85' lang='lat' dir='ltr'><strong>synodi,</strong></span> <span class='ocrx_word' id='word_1_497' title='bbox 1502 1282 1530 1304; x_wconf 86' lang='lat' dir='ltr'><strong>et</strong></span> <span class='ocrx_word' id='word_1_498' title='bbox 1556 1284 1670 1312; x_wconf 86' lang='lat' dir='ltr'><strong>magnus</strong></span> <span class='ocrx_word' id='word_1_499' title='bbox 1687 1276 1716 1303; x_wconf 91' lang='lat' dir='ltr'><strong>in</strong></span> 
     </span>
    </p>
   </div>
   <div class='ocr_carea' id='block_1_71' title="bbox 937 1321 1722 1358">
    <p class='ocr_par' dir='ltr' id='par_1_71' title="bbox 937 1321 1722 1358">
     <span class='ocr_line' id='line_1_71' title="bbox 937 1321 1722 1358; baseline 0.001 -10"><span class='ocrx_word' id='word_1_500' title='bbox 937 1321 1072 1356; x_wconf 81' lang='lat' dir='ltr'><strong>theologia</strong></span> <span class='ocrx_word' id='word_1_501' title='bbox 1100 1322 1264 1358; x_wconf 75' lang='lat' dir='ltr'><strong>Gregorius,</strong></span> <span class='ocrx_word' id='word_1_502' title='bbox 1292 1323 1434 1350; x_wconf 88' lang='lat' dir='ltr'><strong>hominum</strong></span> <span class='ocrx_word' id='word_1_503' title='bbox 1468 1323 1663 1358; x_wconf 89' lang='lat' dir='ltr'><strong>pestiferorum</strong></span> <span class='ocrx_word' id='word_1_504' title='bbox 1690 1329 1722 1349; x_wconf 89' lang='lat' dir='ltr'><strong>ac</strong></span> 
     </span>
    </p>
   </div>
   <div class='ocr_carea' id='block_1_72' title="bbox 937 1366 1722 1402">
    <p class='ocr_par' dir='ltr' id='par_1_72' title="bbox 937 1366 1722 1402">
     <span class='ocr_line' id='line_1_72' title="bbox 937 1366 1722 1402; baseline 0.003 -9"><span class='ocrx_word' id='word_1_505' title='bbox 937 1366 1173 1395; x_wconf 83' lang='lat' dir='ltr'><strong>fraudulenturum</strong></span> <span class='ocrx_word' id='word_1_506' title='bbox 1189 1369 1279 1395; x_wconf 86' lang='lat' dir='ltr'><strong>locum</strong></span> <span class='ocrx_word' id='word_1_507' title='bbox 1295 1369 1492 1402; x_wconf 72' lang='lat' dir='ltr'><strong>;obtinuerunt.</strong></span> <span class='ocrx_word' id='word_1_508' title='bbox 1516 1368 1568 1396; x_wconf 89' lang='lat' dir='ltr'><strong>Sed</strong></span> <span class='ocrx_word' id='word_1_509' title='bbox 1596 1368 1669 1396; x_wconf 88' lang='lat' dir='ltr'><strong>absit</strong></span> <span class='ocrx_word' id='word_1_510' title='bbox 1692 1373 1722 1395; x_wconf 88' lang='lat' dir='ltr'><strong>ut</strong></span> 
     </span>
    </p>
   </div>
   <div class='ocr_carea' id='block_1_73' title="bbox 937 1413 1722 1450">
    <p class='ocr_par' dir='ltr' id='par_1_73' title="bbox 937 1413 1722 1450">
     <span class='ocr_line' id='line_1_73' title="bbox 937 1413 1722 1450; baseline 0.003 -10"><span class='ocrx_word' id='word_1_511' title='bbox 937 1413 981 1440; x_wconf 86' lang='lat' dir='ltr'><strong>vel</strong></span> <span class='ocrx_word' id='word_1_512' title='bbox 995 1414 1145 1448; x_wconf 79' lang='lat' dir='ltr'><strong>cogitemus</strong></span> <span class='ocrx_word' id='word_1_513' title='bbox 1160 1414 1231 1441; x_wconf 88' lang='lat' dir='ltr'><strong>istud</strong></span> <span class='ocrx_word' id='word_1_514' title='bbox 1258 1414 1421 1442; x_wconf 87' lang='lat' dir='ltr'><strong>convicium.</strong></span> <span class='ocrx_word' id='word_1_515' title='bbox 1447 1414 1506 1442; x_wconf 87' lang='lat' dir='ltr'><strong>Non</strong></span> <span class='ocrx_word' id='word_1_516' title='bbox 1525 1415 1608 1450; x_wconf 84' lang='lat' dir='ltr'><strong>igitur</strong></span> <span class='ocrx_word' id='word_1_517' title='bbox 1632 1422 1722 1450; x_wconf 77' lang='lat' dir='ltr'><strong>neque</strong></span> 
     </span>
    </p>
   </div>
   <div class='ocr_carea' id='block_1_74' title="bbox 938 1458 1721 1495">
    <p class='ocr_par' dir='ltr' id='par_1_74' title="bbox 938 1458 1721 1495">
     <span class='ocr_line' id='line_1_74' title="bbox 938 1458 1721 1495; baseline 0.003 -10"><span class='ocrx_word' id='word_1_518' title='bbox 938 1458 1037 1493; x_wconf 90' lang='lat' dir='ltr'><strong>prima,</strong></span> <span class='ocrx_word' id='word_1_519' title='bbox 1070 1467 1160 1494; x_wconf 88' lang='lat' dir='ltr'><strong>neque</strong></span> <span class='ocrx_word' id='word_1_520' title='bbox 1194 1460 1284 1493; x_wconf 82' lang='lat' dir='ltr'><strong>tertia,</strong></span> <span class='ocrx_word' id='word_1_521' title='bbox 1312 1467 1401 1494; x_wconf 89' lang='lat' dir='ltr'><strong>neque</strong></span> <span class='ocrx_word' id='word_1_522' title='bbox 1428 1460 1483 1487; x_wconf 87' lang='lat' dir='ltr'><strong>ulla</strong></span> <span class='ocrx_word' id='word_1_523' title='bbox 1508 1460 1559 1487; x_wconf 87' lang='lat' dir='ltr'><strong>alia</strong></span> <span class='ocrx_word' id='word_1_524' title='bbox 1591 1460 1721 1495; x_wconf 85' lang='lat' dir='ltr'><strong>synodus,</strong></span> 
     </span>
    </p>
   </div>
   <div class='ocr_carea' id='block_1_75' title="bbox 940 1506 1722 1540">
    <p class='ocr_par' dir='ltr' id='par_1_75' title="bbox 940 1506 1722 1540">
     <span class='ocr_line' id='line_1_75' title="bbox 940 1506 1722 1540; baseline 0.003 -9"><span class='ocrx_word' id='word_1_525' title='bbox 940 1509 1069 1539; x_wconf 79' lang='lat' dir='ltr'><strong>tanquam</strong></span> <span class='ocrx_word' id='word_1_526' title='bbox 1093 1506 1228 1532; x_wconf 88' lang='lat' dir='ltr'><strong>contraria</strong></span> <span class='ocrx_word' id='word_1_527' title='bbox 1251 1506 1293 1533; x_wconf 89' lang='lat' dir='ltr'><strong>his</strong></span> <span class='ocrx_word' id='word_1_528' title='bbox 1312 1506 1452 1540; x_wconf 87' lang='lat' dir='ltr'><strong>loquatur,</strong></span> <span class='ocrx_word' id='word_1_529' title='bbox 1478 1506 1548 1533; x_wconf 82' lang='lat' dir='ltr'><strong>hanc</strong></span> <span class='ocrx_word' id='word_1_530' title='bbox 1571 1506 1654 1533; x_wconf 88' lang='lat' dir='ltr'><strong>habet</strong></span> <span class='ocrx_word' id='word_1_531' title='bbox 1679 1506 1722 1533; x_wconf 90' lang='lat' dir='ltr'><strong>in-</strong></span> 
     </span>
    </p>
   </div>
   <div class='ocr_carea' id='block_1_76' title="bbox 939 1550 1725 1587">
    <p class='ocr_par' dir='ltr' id='par_1_76' title="bbox 939 1550 1725 1587">
     <span class='ocr_line' id='line_1_76' title="bbox 939 1550 1725 1587; baseline 0.003 -11"><span class='ocrx_word' id='word_1_532' title='bbox 939 1550 1129 1585; x_wconf 86' lang='lat' dir='ltr'><strong>telligentiam,</strong></span> <span class='ocrx_word' id='word_1_533' title='bbox 1151 1550 1199 1578; x_wconf 85' lang='lat' dir='ltr'><strong>sed</strong></span> <span class='ocrx_word' id='word_1_534' title='bbox 1214 1551 1378 1579; x_wconf 85' lang='lat' dir='ltr'><strong>contrariam</strong></span> <span class='ocrx_word' id='word_1_535' title='bbox 1396 1551 1477 1579; x_wconf 83' lang='lat' dir='ltr'><strong>fidem</strong></span> <span class='ocrx_word' id='word_1_536' title='bbox 1502 1552 1644 1580; x_wconf 82' lang='lat' dir='ltr'><strong>manifeste</strong></span> <span class='ocrx_word' id='word_1_537' title='bbox 1659 1559 1725 1587; x_wconf 84' lang='lat' dir='ltr'><strong>pro-</strong></span> 
     </span>
    </p>
   </div>
   <div class='ocr_carea' id='block_1_77' title="bbox 940 1596 1027 1623">
    <p class='ocr_par' dir='ltr' id='par_1_77' title="bbox 940 1596 1027 1623">
     <span class='ocr_line' id='line_1_77' title="bbox 940 1596 1027 1623; baseline 0 0"><span class='ocrx_word' id='word_1_538' title='bbox 940 1596 1027 1623; x_wconf 90' lang='lat' dir='ltr'><strong>hibet.</strong></span> 
     </span>
    </p>
   </div>
   <div class='ocr_carea' id='block_1_78' title="bbox 975 1641 1722 1679">
    <p class='ocr_par' dir='ltr' id='par_1_78' title="bbox 975 1641 1722 1679">
     <span class='ocr_line' id='line_1_78' title="bbox 975 1641 1722 1679; baseline 0.005 -11"><span class='ocrx_word' id='word_1_539' title='bbox 975 1641 1075 1669; x_wconf 85' lang='lat' dir='ltr'><strong>Vcrum</strong></span> <span class='ocrx_word' id='word_1_540' title='bbox 1092 1642 1118 1670; x_wconf 91' lang='lat' dir='ltr'><strong>id</strong></span> <span class='ocrx_word' id='word_1_541' title='bbox 1134 1642 1169 1670; x_wconf 90' lang='lat' dir='ltr'><strong>ita</strong></span> <span class='ocrx_word' id='word_1_542' title='bbox 1182 1642 1306 1678; x_wconf 87' lang='lat' dir='ltr'><strong>quidem,</strong></span> <span class='ocrx_word' id='word_1_543' title='bbox 1333 1642 1449 1679; x_wconf 88' lang='lat' dir='ltr'><strong>luceque</strong></span> <span class='ocrx_word' id='word_1_544' title='bbox 1463 1643 1567 1672; x_wconf 84' lang='lat' dir='ltr'><strong>clarius</strong></span> <span class='ocrx_word' id='word_1_545' title='bbox 1580 1648 1722 1672; x_wconf 83' lang='lat' dir='ltr'><strong>ostensum</strong></span> 
     </span>
    </p>
   </div>
   <div class='ocr_carea' id='block_1_79' title="bbox 938 1687 1724 1724">
    <p class='ocr_par' dir='ltr' id='par_1_79' title="bbox 938 1687 1724 1724">
     <span class='ocr_line' id='line_1_79' title="bbox 938 1687 1724 1724; baseline 0.003 -10"><span class='ocrx_word' id='word_1_546' title='bbox 938 1692 981 1714; x_wconf 87' lang='lat' dir='ltr'><strong>est</strong></span> <span class='ocrx_word' id='word_1_547' title='bbox 992 1695 1024 1714; x_wconf 90' lang='lat' dir='ltr'><strong>ac</strong></span> <span class='ocrx_word' id='word_1_548' title='bbox 1038 1687 1159 1715; x_wconf 88' lang='lat' dir='ltr'><strong>dilucide</strong></span> <span class='ocrx_word' id='word_1_549' title='bbox 1182 1688 1418 1722; x_wconf 88' lang='lat' dir='ltr'><strong>demonstratum,</strong></span> <span class='ocrx_word' id='word_1_550' title='bbox 1442 1689 1509 1716; x_wconf 80' lang='lat' dir='ltr'><strong>nihil</strong></span> <span class='ocrx_word' id='word_1_551' title='bbox 1525 1689 1636 1716; x_wconf 81' lang='lat' dir='ltr'><strong>obstate</strong></span> <span class='ocrx_word' id='word_1_552' title='bbox 1656 1697 1724 1724; x_wconf 93' lang='lat' dir='ltr'><strong>quo-</strong></span> 
     </span>
    </p>
   </div>
   <div class='ocr_carea' id='block_1_80' title="bbox 939 1732 1724 1769">
    <p class='ocr_par' dir='ltr' id='par_1_80' title="bbox 939 1732 1724 1769">
     <span class='ocr_line' id='line_1_80' title="bbox 939 1732 1724 1769; baseline 0.004 -10"><span class='ocrx_word' id='word_1_553' title='bbox 939 1732 1029 1759; x_wconf 86' lang='lat' dir='ltr'><strong>minus</strong></span> <span class='ocrx_word' id='word_1_554' title='bbox 1046 1740 1110 1760; x_wconf 89' lang='lat' dir='ltr'><strong>vera</strong></span> <span class='ocrx_word' id='word_1_555' title='bbox 1125 1737 1182 1760; x_wconf 91' lang='lat' dir='ltr'><strong>tum</strong></span> <span class='ocrx_word' id='word_1_556' title='bbox 1199 1733 1273 1765; x_wconf 86' lang='lat' dir='ltr'><strong>fidei,</strong></span> <span class='ocrx_word' id='word_1_557' title='bbox 1296 1739 1354 1761; x_wconf 90' lang='lat' dir='ltr'><strong>tum</strong></span> <span class='ocrx_word' id='word_1_558' title='bbox 1367 1734 1494 1769; x_wconf 88' lang='lat' dir='ltr'><strong>Symbolo</strong></span> <span class='ocrx_word' id='word_1_559' title='bbox 1506 1734 1654 1767; x_wconf 81' lang='lat' dir='ltr'><strong>addantur.</strong></span> <span class='ocrx_word' id='word_1_560' title='bbox 1668 1735 1724 1762; x_wconf 90' lang='lat' dir='ltr'><strong>imo</strong></span> 
     </span>
    </p>
   </div>
   <div class='ocr_carea' id='block_1_81' title="bbox 939 1779 1722 1816">
    <p class='ocr_par' dir='ltr' id='par_1_81' title="bbox 939 1779 1722 1816">
     <span class='ocr_line' id='line_1_81' title="bbox 939 1779 1722 1816; baseline 0.003 -10"><span class='ocrx_word' id='word_1_561' title='bbox 939 1786 1005 1806; x_wconf 88' lang='lat' dir='ltr'><strong>vero</strong></span> <span class='ocrx_word' id='word_1_562' title='bbox 1017 1779 1179 1813; x_wconf 77' lang='lat' dir='ltr'><strong>explicetur.</strong></span> <span class='ocrx_word' id='word_1_563' title='bbox 1202 1780 1313 1807; x_wconf 85' lang='lat' dir='ltr'><strong>Nullum</strong></span> <span class='ocrx_word' id='word_1_564' title='bbox 1327 1780 1401 1807; x_wconf 88' lang='lat' dir='ltr'><strong>enim</strong></span> <span class='ocrx_word' id='word_1_565' title='bbox 1421 1780 1546 1808; x_wconf 88' lang='lat' dir='ltr'><strong>veritatis</strong></span> <span class='ocrx_word' id='word_1_566' title='bbox 1561 1785 1603 1808; x_wconf 88' lang='lat' dir='ltr'><strong>est</strong></span> <span class='ocrx_word' id='word_1_567' title='bbox 1617 1782 1722 1816; x_wconf 81' lang='lat' dir='ltr'><strong>dogma,</strong></span> 
     </span>
    </p>
   </div>
   <div class='ocr_carea' id='block_1_82' title="bbox 940 1825 1723 1862">
    <p class='ocr_par' dir='ltr' id='par_1_82' title="bbox 940 1825 1723 1862">
     <span class='ocr_line' id='line_1_82' title="bbox 940 1825 1723 1862; baseline 0.003 -10"><span class='ocrx_word' id='word_1_568' title='bbox 940 1825 1011 1859; x_wconf 88' lang='lat' dir='ltr'><strong>quod</strong></span> <span class='ocrx_word' id='word_1_569' title='bbox 1028 1825 1056 1852; x_wconf 92' lang='lat' dir='ltr'><strong>in</strong></span> <span class='ocrx_word' id='word_1_570' title='bbox 1073 1825 1203 1860; x_wconf 81' lang='lat' dir='ltr'><strong>Symbolo</strong></span> <span class='ocrx_word' id='word_1_571' title='bbox 1220 1833 1251 1853; x_wconf 82' lang='lat' dir='ltr'><strong>at:</strong></span> <span class='ocrx_word' id='word_1_572' title='bbox 1274 1826 1391 1860; x_wconf 88' lang='lat' dir='ltr'><strong>simplici</strong></span> <span class='ocrx_word' id='word_1_573' title='bbox 1408 1827 1558 1854; x_wconf 87' lang='lat' dir='ltr'><strong>traditione</strong></span> <span class='ocrx_word' id='word_1_574' title='bbox 1584 1827 1723 1862; x_wconf 80' lang='lat' dir='ltr'><strong>apostolu-</strong></span> 
     </span>
    </p>
   </div>
   <div class='ocr_carea' id='block_1_83' title="bbox 939 1871 1724 1905">
    <p class='ocr_par' dir='ltr' id='par_1_83' title="bbox 939 1871 1724 1905">
     <span class='ocr_line' id='line_1_83' title="bbox 939 1871 1724 1905; baseline 0.004 -9"><span class='ocrx_word' id='word_1_575' title='bbox 939 1877 998 1896; x_wconf 88' lang='lat' dir='ltr'><strong>rum</strong></span> <span class='ocrx_word' id='word_1_576' title='bbox 1022 1877 1075 1897; x_wconf 90' lang='lat' dir='ltr'><strong>non</strong></span> <span class='ocrx_word' id='word_1_577' title='bbox 1100 1871 1283 1898; x_wconf 83' lang='lat' dir='ltr'><strong>contineatur.</strong></span> <span class='ocrx_word' id='word_1_578' title='bbox 1309 1871 1479 1905; x_wconf 79' lang='lat' dir='ltr'><strong>Explicanda</strong></span> <span class='ocrx_word' id='word_1_579' title='bbox 1503 1879 1570 1899; x_wconf 88' lang='lat' dir='ltr'><strong>vero</strong></span> <span class='ocrx_word' id='word_1_580' title='bbox 1596 1877 1672 1905; x_wconf 76' lang='lat' dir='ltr'><strong>sunt,</strong></span> <span class='ocrx_word' id='word_1_581' title='bbox 1696 1876 1724 1900; x_wconf 86' lang='lat' dir='ltr'><strong>et</strong></span> 
     </span>
    </p>
   </div>
   <div class='ocr_carea' id='block_1_84' title="bbox 940 1915 1721 1953">
    <p class='ocr_par' dir='ltr' id='par_1_84' title="bbox 940 1915 1721 1953">
     <span class='ocr_line' id='line_1_84' title="bbox 940 1915 1721 1953; baseline 0.004 -12"><span class='ocrx_word' id='word_1_582' title='bbox 940 1921 1001 1942; x_wconf 90' lang='lat' dir='ltr'><strong>eum</strong></span> <span class='ocrx_word' id='word_1_583' title='bbox 1031 1915 1160 1950; x_wconf 89' lang='lat' dir='ltr'><strong>Symbolo</strong></span> <span class='ocrx_word' id='word_1_584' title='bbox 1180 1918 1367 1945; x_wconf 86' lang='lat' dir='ltr'><strong>connectenda</strong></span> <span class='ocrx_word' id='word_1_585' title='bbox 1388 1925 1442 1945; x_wconf 84' lang='lat' dir='ltr'><strong>non</strong></span> <span class='ocrx_word' id='word_1_586' title='bbox 1469 1925 1578 1953; x_wconf 77' lang='lat' dir='ltr'><strong>semper</strong></span> <span class='ocrx_word' id='word_1_587' title='bbox 1605 1919 1721 1950; x_wconf 85' lang='lat' dir='ltr'><strong>scilicet,</strong></span> 
     </span>
    </p>
   </div>
   <div class='ocr_carea' id='block_1_85' title="bbox 939 1964 1723 1999">
    <p class='ocr_par' dir='ltr' id='par_1_85' title="bbox 939 1964 1723 1999">
     <span class='ocr_line' id='line_1_85' title="bbox 939 1964 1723 1999; baseline 0.006 -12"><span class='ocrx_word' id='word_1_588' title='bbox 939 1968 1028 1995; x_wconf 85' lang='lat' dir='ltr'><strong>neque</strong></span> <span class='ocrx_word' id='word_1_589' title='bbox 1046 1969 1061 1987; x_wconf 90' lang='lat' dir='ltr'><strong>a</strong></span> <span class='ocrx_word' id='word_1_590' title='bbox 1082 1969 1257 1996; x_wconf 81' lang='lat' dir='ltr'><strong>quocunque.</strong></span> <span class='ocrx_word' id='word_1_591' title='bbox 1282 1964 1330 1990; x_wconf 86' lang='lat' dir='ltr'><strong>sed</strong></span> <span class='ocrx_word' id='word_1_592' title='bbox 1352 1971 1448 1998; x_wconf 73' lang='lat' dir='ltr'><strong>magna</strong></span> <span class='ocrx_word' id='word_1_593' title='bbox 1466 1969 1580 1999; x_wconf 83' lang='lat' dir='ltr'><strong>urgente</strong></span> <span class='ocrx_word' id='word_1_594' title='bbox 1602 1965 1723 1992; x_wconf 85' lang='lat' dir='ltr'><strong>necessi-</strong></span> 
     </span>
    </p>
   </div>
   <div class='ocr_carea' id='block_1_86' title="bbox 941 2007 1455 2042">
    <p class='ocr_par' dir='ltr' id='par_1_86' title="bbox 941 2007 1455 2042">
     <span class='ocr_line' id='line_1_86' title="bbox 941 2007 1455 2042; baseline 0.006 -9"><span class='ocrx_word' id='word_1_595' title='bbox 941 2011 1004 2039; x_wconf 83' lang='lat' dir='ltr'><strong>tate,</strong></span> <span class='ocrx_word' id='word_1_596' title='bbox 1017 2011 1098 2041; x_wconf 89' lang='lat' dir='ltr'><strong>atque</strong></span> <span class='ocrx_word' id='word_1_597' title='bbox 1117 2008 1154 2034; x_wconf 88' lang='lat' dir='ltr'><strong>ita</strong></span> <span class='ocrx_word' id='word_1_598' title='bbox 1174 2007 1455 2042; x_wconf 83' lang='lat' dir='ltr'><strong>Ecclesiajudicantc.</strong></span> 
     </span>
    </p>
   </div>
   <div class='ocr_carea' id='block_1_87' title="bbox 976 2051 1722 2091">
    <p class='ocr_par' dir='ltr' id='par_1_87' title="bbox 976 2051 1722 2091">
     <span class='ocr_line' id='line_1_87' title="bbox 976 2051 1722 2091; baseline 0.008 -13"><span class='ocrx_word' id='word_1_599' title='bbox 976 2051 1024 2079; x_wconf 85' lang='lat' dir='ltr'><strong>llis</strong></span> <span class='ocrx_word' id='word_1_600' title='bbox 1043 2052 1158 2087; x_wconf 86' lang='lat' dir='ltr'><strong>aliisque</strong></span> <span class='ocrx_word' id='word_1_601' title='bbox 1183 2053 1395 2088; x_wconf 85' lang='lat' dir='ltr'><strong>quamplurimis</strong></span> <span class='ocrx_word' id='word_1_602' title='bbox 1420 2055 1544 2091; x_wconf 88' lang='lat' dir='ltr'><strong>ejusdem</strong></span> <span class='ocrx_word' id='word_1_603' title='bbox 1560 2057 1678 2091; x_wconf 74' lang='lat' dir='ltr'><strong>generis,</strong></span> <span class='ocrx_word' id='word_1_604' title='bbox 1705 2064 1722 2084; x_wconf 90' lang='grc' dir='ltr'><strong>ο</strong></span> 
     </span>
    </p>
   </div>
   <div class='ocr_carea' id='block_1_88' title="bbox 939 2098 1724 2137">
    <p class='ocr_par' dir='ltr' id='par_1_88' title="bbox 939 2098 1724 2137">
     <span class='ocr_line' id='line_1_88' title="bbox 939 2098 1724 2137; baseline 0.006 -12"><span class='ocrx_word' id='word_1_605' title='bbox 939 2098 981 2125; x_wconf 94' lang='lat' dir='ltr'><strong>vir</strong></span> <span class='ocrx_word' id='word_1_606' title='bbox 993 2098 1052 2131; x_wconf 89' lang='lat' dir='ltr'><strong>Dei,</strong></span> <span class='ocrx_word' id='word_1_607' title='bbox 1071 2099 1151 2126; x_wconf 86' lang='lat' dir='ltr'><strong>dictis</strong></span> <span class='ocrx_word' id='word_1_608' title='bbox 1164 2099 1198 2127; x_wconf 87' lang='lat' dir='ltr'><strong>de</strong></span> <span class='ocrx_word' id='word_1_609' title='bbox 1223 2099 1275 2127; x_wconf 89' lang='lat' dir='ltr'><strong>hoc</strong></span> <span class='ocrx_word' id='word_1_610' title='bbox 1296 2101 1411 2135; x_wconf 67' lang='lat' dir='ltr'><strong>quaesito</strong></span> <span class='ocrx_word' id='word_1_611' title='bbox 1426 2109 1441 2128; x_wconf 87' lang='lat' dir='ltr'><strong>a</strong></span> <span class='ocrx_word' id='word_1_612' title='bbox 1456 2101 1572 2134; x_wconf 81' lang='lat' dir='ltr'><strong>Latinis,</strong></span> <span class='ocrx_word' id='word_1_613' title='bbox 1587 2110 1638 2130; x_wconf 79' lang='lat' dir='ltr'><strong>nos</strong></span> <span class='ocrx_word' id='word_1_614' title='bbox 1662 2103 1724 2137; x_wconf 89' lang='lat' dir='ltr'><strong>qui-</strong></span> 
     </span>
    </p>
   </div>
   <div class='ocr_carea' id='block_1_89' title="bbox 940 2145 1721 2182">
    <p class='ocr_par' dir='ltr' id='par_1_89' title="bbox 940 2145 1721 2182">
     <span class='ocr_line' id='line_1_89' title="bbox 940 2145 1721 2182; baseline 0.008 -11"><span class='ocrx_word' id='word_1_615' title='bbox 940 2145 1001 2172; x_wconf 90' lang='lat' dir='ltr'><strong>dem</strong></span> <span class='ocrx_word' id='word_1_616' title='bbox 1030 2145 1063 2172; x_wconf 90' lang='lat' dir='ltr'><strong>ad</strong></span> <span class='ocrx_word' id='word_1_617' title='bbox 1093 2153 1125 2173; x_wconf 88' lang='lat' dir='ltr'><strong>ea</strong></span> <span class='ocrx_word' id='word_1_618' title='bbox 1150 2147 1219 2173; x_wconf 90' lang='lat' dir='ltr'><strong>nihil</strong></span> <span class='ocrx_word' id='word_1_619' title='bbox 1236 2147 1309 2181; x_wconf 89' lang='lat' dir='ltr'><strong>quod</strong></span> <span class='ocrx_word' id='word_1_620' title='bbox 1327 2147 1558 2182; x_wconf 83' lang='lat' dir='ltr'><strong>responderemus</strong></span> <span class='ocrx_word' id='word_1_621' title='bbox 1587 2149 1721 2178; x_wconf 76' lang='lat' dir='ltr'><strong>habentes</strong></span> 
     </span>
    </p>
   </div>
   <div class='ocr_carea' id='block_1_90' title="bbox 940 2191 1723 2229">
    <p class='ocr_par' dir='ltr' id='par_1_90' title="bbox 940 2191 1723 2229">
     <span class='ocr_line' id='line_1_90' title="bbox 940 2191 1723 2229; baseline 0.006 -12"><span class='ocrx_word' id='word_1_622' title='bbox 940 2191 1016 2226; x_wconf 89' lang='lat' dir='ltr'><strong>(quid</strong></span> <span class='ocrx_word' id='word_1_623' title='bbox 1036 2191 1109 2219; x_wconf 90' lang='lat' dir='ltr'><strong>enim</strong></span> <span class='ocrx_word' id='word_1_624' title='bbox 1128 2192 1228 2227; x_wconf 87' lang='lat' dir='ltr'><strong>aliquis</strong></span> <span class='ocrx_word' id='word_1_625' title='bbox 1251 2193 1285 2220; x_wconf 87' lang='lat' dir='ltr'><strong>ad</strong></span> <span class='ocrx_word' id='word_1_626' title='bbox 1309 2197 1411 2220; x_wconf 85' lang='lat' dir='ltr'><strong>tantam</strong></span> <span class='ocrx_word' id='word_1_627' title='bbox 1430 2194 1572 2221; x_wconf 79' lang='lat' dir='ltr'><strong>veritatem</strong></span> <span class='ocrx_word' id='word_1_628' title='bbox 1585 2194 1642 2229; x_wconf 86' lang='lat' dir='ltr'><strong>jam</strong></span> <span class='ocrx_word' id='word_1_629' title='bbox 1670 2195 1723 2222; x_wconf 75' lang='lat' dir='ltr'><strong>im~</strong></span> 
     </span>
    </p>
   </div>
   <div class='ocr_carea' id='block_1_91' title="bbox 104 2237 885 2276">
    <p class='ocr_par' dir='ltr' id='par_1_91' title="bbox 104 2237 884 2276">
     <span class='ocr_line' id='line_1_91' title="bbox 104 2237 884 2276; baseline 0.005 -13"><span class='ocrx_word' id='word_1_630' title='bbox 104 2237 237 2273; x_wconf 79' lang='grc' dir='ltr'>τοσαύτην</span> <span class='ocrx_word' id='word_1_631' title='bbox 252 2239 473 2273; x_wconf 73' lang='grc' dir='ltr'>ἀναισχυντήσων</span> <span class='ocrx_word' id='word_1_632' title='bbox 485 2238 558 2264; x_wconf 86' lang='grc' dir='ltr'>εῐποι</span> <span class='ocrx_word' id='word_1_633' title='bbox 571 2238 730 2274; x_wconf 68' lang='grc' dir='ltr'>ἀλήθειανς)</span> <span class='ocrx_word' id='word_1_634' title='bbox 740 2241 884 2276; x_wconf 86' lang='grc' dir='ltr'>ἐσιγὼμεν-</span> 
     </span>
    </p>
   </div>
   <div class='ocr_carea' id='block_1_92' title="bbox 939 2237 1722 2276">
    <p class='ocr_par' dir='ltr' id='par_1_92' title="bbox 939 2237 1722 2273">
     <span class='ocr_line' id='line_1_92' title="bbox 939 2237 1722 2273; baseline 0.009 -10"><span class='ocrx_word' id='word_1_635' title='bbox 939 2237 1088 2271; x_wconf 85' lang='lat' dir='ltr'><strong>prudenter</strong></span> <span class='ocrx_word' id='word_1_636' title='bbox 1105 2237 1209 2265; x_wconf 78' lang='lat' dir='ltr'><strong>diceret</strong></span> <span class='ocrx_word' id='word_1_637' title='bbox 1220 2239 1254 2273; x_wconf 70' lang='grc' dir='ltr'><strong>ἵ),</strong></span> <span class='ocrx_word' id='word_1_638' title='bbox 1271 2239 1491 2273; x_wconf 86' lang='lat' dir='ltr'><strong>conticebamus;</strong></span> <span class='ocrx_word' id='word_1_639' title='bbox 1517 2239 1557 2267; x_wconf 89' lang='lat' dir='ltr'><strong>illi</strong></span> <span class='ocrx_word' id='word_1_640' title='bbox 1586 2248 1650 2269; x_wconf 82' lang='lat' dir='ltr'><strong>vero</strong></span> <span class='ocrx_word' id='word_1_641' title='bbox 1669 2242 1722 2270; x_wconf 89' lang='lat' dir='ltr'><strong>hoc</strong></span> 
     </span>
    </p>
   </div>
   <div class='ocr_carea' id='block_1_93' title="bbox 105 2284 887 2320">
    <p class='ocr_par' dir='ltr' id='par_1_93' title="bbox 105 2284 887 2320">
     <span class='ocr_line' id='line_1_93' title="bbox 105 2284 887 2320; baseline 0.005 -10"><span class='ocrx_word' id='word_1_642' title='bbox 105 2285 203 2310; x_wconf 81' lang='grc' dir='ltr'>ἐκεῖνοι</span> <span class='ocrx_word' id='word_1_643' title='bbox 217 2284 246 2310; x_wconf 78' lang='grc' dir='ltr'>δὲ</span> <span class='ocrx_word' id='word_1_644' title='bbox 269 2284 417 2318; x_wconf 73' lang='grc' dir='ltr'>δεδειχὸτες</span> <span class='ocrx_word' id='word_1_645' title='bbox 440 2285 477 2315; x_wconf 84' lang='grc' dir='ltr'>ὼς</span> <span class='ocrx_word' id='word_1_646' title='bbox 493 2285 598 2320; x_wconf 87' lang='grc' dir='ltr'>τάληθῆ</span> <span class='ocrx_word' id='word_1_647' title='bbox 618 2288 727 2320; x_wconf 77' lang='grc' dir='ltr'>φρονεῖν</span> <span class='ocrx_word' id='word_1_648' title='bbox 740 2287 769 2313; x_wconf 76' lang='grc' dir='ltr'>οὐ</span> <span class='ocrx_word' id='word_1_649' title='bbox 784 2287 887 2314; x_wconf 83' lang='grc' dir='ltr'>κωλύε-</span> 
     </span>
    </p>
   </div>
   <div class='ocr_carea' id='block_1_94' title="bbox 104 2328 886 2367">
    <p class='ocr_par' dir='ltr' id='par_1_94' title="bbox 104 2328 886 2367">
     <span class='ocr_line' id='line_1_94' title="bbox 104 2328 886 2367; baseline 0.006 -13"><span class='ocrx_word' id='word_1_650' title='bbox 104 2337 160 2361; x_wconf 84' lang='grc' dir='ltr'>ται,</span> <span class='ocrx_word' id='word_1_651' title='bbox 176 2328 238 2355; x_wconf 72' lang='grc' dir='ltr'>οὔτε</span> <span class='ocrx_word' id='word_1_652' title='bbox 252 2329 291 2364; x_wconf 83' lang='grc' dir='ltr'>τῷ</span> <span class='ocrx_word' id='word_1_653' title='bbox 302 2329 432 2364; x_wconf 73' lang='grc' dir='ltr'>Συμσὸλῳ</span> <span class='ocrx_word' id='word_1_654' title='bbox 448 2331 617 2365; x_wconf 75' lang='grc' dir='ltr'>προσθεῖναι,</span> <span class='ocrx_word' id='word_1_655' title='bbox 631 2331 783 2364; x_wconf 80' lang='grc' dir='ltr'>ἀκολούθως</span> <span class='ocrx_word' id='word_1_656' title='bbox 798 2334 886 2367; x_wconf 85' lang='grc' dir='ltr'>ἐπηγ-</span> 
     </span>
    </p>
   </div>
   <div class='ocr_carea' id='block_1_95' title="bbox 103 2373 886 2413">
    <p class='ocr_par' dir='ltr' id='par_1_95' title="bbox 103 2373 886 2413">
     <span class='ocr_line' id='line_1_95' title="bbox 103 2373 886 2413; baseline 0.006 -14"><span class='ocrx_word' id='word_1_657' title='bbox 103 2373 228 2407; x_wconf 80' lang='grc' dir='ltr'>γέλλοντο</span> <span class='ocrx_word' id='word_1_658' title='bbox 238 2374 334 2407; x_wconf 78' lang='grc' dir='ltr'>δεῖξαι,</span> <span class='ocrx_word' id='word_1_659' title='bbox 352 2374 390 2405; x_wconf 86' lang='grc' dir='ltr'><strong>ὡς</strong></span> <span class='ocrx_word' id='word_1_660' title='bbox 409 2375 457 2400; x_wconf 74' lang='grc' dir='ltr'>καὶ</span> <span class='ocrx_word' id='word_1_661' title='bbox 472 2375 572 2410; x_wconf 75' lang='grc' dir='ltr'>ἀληθές</span> <span class='ocrx_word' id='word_1_662' title='bbox 587 2377 671 2408; x_wconf 81' lang='grc' dir='ltr'>ἐστιν,</span> <span class='ocrx_word' id='word_1_663' title='bbox 688 2376 702 2402; x_wconf 84' lang='grc' dir='ltr'><strong>ὂ</strong></span> <span class='ocrx_word' id='word_1_664' title='bbox 719 2377 747 2403; x_wconf 89' lang='grc' dir='ltr'><strong>ἐν</strong></span> <span class='ocrx_word' id='word_1_665' title='bbox 763 2378 801 2413; x_wconf 85' lang='grc' dir='ltr'>τῷ</span> <span class='ocrx_word' id='word_1_666' title='bbox 813 2378 886 2412; x_wconf 78' lang='grc' dir='ltr'>Συμ-</span> 
     </span>
    </p>
   </div>
   <div class='ocr_carea' id='block_1_96' title="bbox 104 2421 886 2457">
    <p class='ocr_par' dir='ltr' id='par_1_96' title="bbox 104 2421 886 2457">
     <span class='ocr_line' id='line_1_96' title="bbox 104 2421 886 2457; baseline 0.004 -10"><span class='ocrx_word' id='word_1_667' title='bbox 104 2421 173 2455; x_wconf 81' lang='grc' dir='ltr'><strong>6ὀλῳ</strong></span> <span class='ocrx_word' id='word_1_668' title='bbox 189 2421 367 2455; x_wconf 76' lang='grc' dir='ltr'>προσέθεσαν,</span> <span class='ocrx_word' id='word_1_669' title='bbox 393 2421 516 2456; x_wconf 72' lang='grc' dir='ltr'>δηλονότι</span> <span class='ocrx_word' id='word_1_670' title='bbox 529 2422 560 2447; x_wconf 81' lang='grc' dir='ltr'>τὸ</span> <span class='ocrx_word' id='word_1_671' title='bbox 580 2423 607 2448; x_wconf 67' lang='grc' dir='ltr'>τὸ</span> <span class='ocrx_word' id='word_1_672' title='bbox 638 2423 749 2457; x_wconf 78' lang='grc' dir='ltr'>Πνεῦμα</span> <span class='ocrx_word' id='word_1_673' title='bbox 764 2424 794 2449; x_wconf 73' lang='grc' dir='ltr'>τὸ</span> <span class='ocrx_word' id='word_1_674' title='bbox 809 2425 886 2457; x_wconf 82' lang='grc' dir='ltr'>ἆγιον</span> 
     </span>
    </p>
   </div>
   <div class='ocr_carea' id='block_1_97' title="bbox 104 2466 885 2503">
    <p class='ocr_par' dir='ltr' id='par_1_97' title="bbox 104 2466 885 2503">
     <span class='ocr_line' id='line_1_97' title="bbox 104 2466 885 2503; baseline 0.006 -12"><span class='ocrx_word' id='word_1_675' title='bbox 104 2466 136 2492; x_wconf 81' lang='grc' dir='ltr'><strong>ἐκ</strong></span> <span class='ocrx_word' id='word_1_676' title='bbox 153 2466 258 2500; x_wconf 75' lang='grc' dir='ltr'>Πατρὺς</span> <span class='ocrx_word' id='word_1_677' title='bbox 282 2467 329 2492; x_wconf 68' lang='grc' dir='ltr'><strong>καὶ</strong></span> <span class='ocrx_word' id='word_1_678' title='bbox 344 2466 409 2493; x_wconf 80' lang='grc' dir='ltr'><strong>Υξοῦ</strong></span> <span class='ocrx_word' id='word_1_679' title='bbox 427 2467 627 2502; x_wconf 76' lang='grc' dir='ltr'>ἐκπορεύεσθαι</span> <span class='ocrx_word' id='word_1_680' title='bbox 639 2475 646 2482; x_wconf 90' lang='grc'><strong>·</strong></span> <span class='ocrx_word' id='word_1_681' title='bbox 678 2470 725 2494; x_wconf 83' lang='grc' dir='ltr'>καὶ</span> <span class='ocrx_word' id='word_1_682' title='bbox 744 2470 818 2503; x_wconf 74' lang='grc' dir='ltr'>ἡμᾶς</span> <span class='ocrx_word' id='word_1_683' title='bbox 846 2470 885 2501; x_wconf 81' lang='grc' dir='ltr'><strong>είς</strong></span> 
     </span>
    </p>
   </div>
   <div class='ocr_carea' id='block_1_98' title="bbox 104 2512 886 2550">
    <p class='ocr_par' dir='ltr' id='par_1_98' title="bbox 104 2512 886 2550">
     <span class='ocr_line' id='line_1_98' title="bbox 104 2512 886 2550; baseline 0.005 -13"><span class='ocrx_word' id='word_1_684' title='bbox 104 2513 150 2538; x_wconf 84' lang='grc' dir='ltr'>τὸν</span> <span class='ocrx_word' id='word_1_685' title='bbox 165 2512 257 2546; x_wconf 80' lang='grc' dir='ltr'>ἀγῶνα</span> <span class='ocrx_word' id='word_1_686' title='bbox 280 2513 491 2547; x_wconf 69' lang='grc' dir='ltr'>προεκαλοῦντο.</span> <span class='ocrx_word' id='word_1_687' title='bbox 519 2514 550 2539; x_wconf 84' lang='lat' dir='ltr'><strong>Ol</strong></span> <span class='ocrx_word' id='word_1_688' title='bbox 566 2513 587 2539; x_wconf 86' lang='grc' dir='ltr'>δ’</span> <span class='ocrx_word' id='word_1_689' title='bbox 599 2514 739 2548; x_wconf 76' lang='grc' dir='ltr'>ἡμέτεροι,</span> <span class='ocrx_word' id='word_1_690' title='bbox 753 2516 781 2539; x_wconf 86' lang='grc' dir='ltr'><strong>ἐν</strong></span> <span class='ocrx_word' id='word_1_691' title='bbox 797 2515 886 2550; x_wconf 81' lang='grc' dir='ltr'>τούτῳ</span> 
     </span>
    </p>
   </div>
   <div class='ocr_carea' id='block_1_99' title="bbox 104 2557 886 2593">
    <p class='ocr_par' dir='ltr' id='par_1_99' title="bbox 104 2557 886 2593">
     <span class='ocr_line' id='line_1_99' title="bbox 104 2557 886 2593; baseline 0.004 -10"><span class='ocrx_word' id='word_1_692' title='bbox 104 2557 266 2593; x_wconf 77' lang='grc' dir='ltr'>ἡττηθέντες</span> <span class='ocrx_word' id='word_1_693' title='bbox 282 2566 311 2584; x_wconf 88' lang='grc' dir='ltr'><strong>τε</strong></span> <span class='ocrx_word' id='word_1_694' title='bbox 341 2558 388 2584; x_wconf 79' lang='grc' dir='ltr'>καὶ</span> <span class='ocrx_word' id='word_1_695' title='bbox 403 2559 566 2592; x_wconf 76' lang='grc' dir='ltr'>τραπέντες,</span> <span class='ocrx_word' id='word_1_696' title='bbox 592 2559 715 2585; x_wconf 79' lang='grc' dir='ltr'>ἐδειλίων</span> <span class='ocrx_word' id='word_1_697' title='bbox 729 2560 775 2586; x_wconf 79' lang='grc' dir='ltr'>τὸν</span> <span class='ocrx_word' id='word_1_698' title='bbox 793 2560 886 2586; x_wconf 83' lang='grc' dir='ltr'>δεύτε-</span> 
     </span>
    </p>
   </div>
   <div class='ocr_carea' id='block_1_100' title="bbox 104 2603 884 2641">
    <p class='ocr_par' dir='ltr' id='par_1_100' title="bbox 104 2603 884 2641">
     <span class='ocr_line' id='line_1_100' title="bbox 104 2603 884 2641; baseline 0.005 -12"><span class='ocrx_word' id='word_1_699' title='bbox 104 2612 149 2638; x_wconf 84' lang='grc' dir='ltr'><strong>ρον</strong></span> <span class='ocrx_word' id='word_1_700' title='bbox 160 2604 293 2629; x_wconf 72' lang='grc' dir='ltr'>εἰσελθεῖν</span> <span class='ocrx_word' id='word_1_701' title='bbox 309 2603 419 2638; x_wconf 60' lang='grc' dir='ltr'>ἀγῶνας</span> <span class='ocrx_word' id='word_1_702' title='bbox 437 2605 484 2630; x_wconf 71' lang='grc' dir='ltr'>καὶ</span> <span class='ocrx_word' id='word_1_703' title='bbox 495 2603 613 2640; x_wconf 70' lang='grc' dir='ltr'>ἔπασχον</span> <span class='ocrx_word' id='word_1_704' title='bbox 623 2605 637 2631; x_wconf 87' lang='grc' dir='ltr'><strong>ὃ</strong></span> <span class='ocrx_word' id='word_1_705' title='bbox 651 2605 706 2640; x_wconf 86' lang='grc' dir='ltr'>ἐγὼ</span> <span class='ocrx_word' id='word_1_706' title='bbox 722 2607 783 2632; x_wconf 82' lang='grc' dir='ltr'>κατ’</span> <span class='ocrx_word' id='word_1_707' title='bbox 798 2607 884 2641; x_wconf 72' lang='grc' dir='ltr'>ἀρχὰς</span> 
     </span>
    </p>
   </div>
   <div class='ocr_carea' id='block_1_101' title="bbox 103 2649 884 2686">
    <p class='ocr_par' dir='ltr' id='par_1_101' title="bbox 103 2649 884 2686">
     <span class='ocr_line' id='line_1_101' title="bbox 103 2649 884 2686; baseline 0.005 -11"><span class='ocrx_word' id='word_1_708' title='bbox 103 2650 207 2683; x_wconf 70' lang='grc' dir='ltr'>ελεγον,</span> <span class='ocrx_word' id='word_1_709' title='bbox 225 2649 338 2675; x_wconf 83' lang='grc' dir='ltr'>κωλύων</span> <span class='ocrx_word' id='word_1_710' title='bbox 352 2649 405 2675; x_wconf 79' lang='grc' dir='ltr'>ἀπὸ</span> <span class='ocrx_word' id='word_1_711' title='bbox 431 2650 525 2676; x_wconf 86' lang='grc' dir='ltr'>τούτου</span> <span class='ocrx_word' id='word_1_712' title='bbox 550 2650 597 2677; x_wconf 83' lang='grc' dir='ltr'>τοῦ</span> <span class='ocrx_word' id='word_1_713' title='bbox 621 2650 778 2686; x_wconf 78' lang='grc' dir='ltr'>ζητήματος</span> <span class='ocrx_word' id='word_1_714' title='bbox 803 2652 884 2686; x_wconf 79' lang='grc' dir='ltr'>ἀρξα-</span> 
     </span>
    </p>
   </div>
   <div class='ocr_carea' id='block_1_102' title="bbox 103 2695 884 2732">
    <p class='ocr_par' dir='ltr' id='par_1_102' title="bbox 103 2695 884 2732">
     <span class='ocr_line' id='line_1_102' title="bbox 103 2695 884 2732; baseline 0.003 -10"><span class='ocrx_word' id='word_1_715' title='bbox 103 2697 176 2723; x_wconf 85' lang='grc' dir='ltr'>σθαι.</span> <span class='ocrx_word' id='word_1_716' title='bbox 206 2695 347 2729; x_wconf 87' lang='grc' dir='ltr'>Ἠγωνίων</span> <span class='ocrx_word' id='word_1_717' title='bbox 376 2703 405 2721; x_wconf 86' lang='grc' dir='ltr'><strong>τε</strong></span> <span class='ocrx_word' id='word_1_718' title='bbox 433 2696 523 2722; x_wconf 88' lang='grc' dir='ltr'>τοίνυν</span> <span class='ocrx_word' id='word_1_719' title='bbox 540 2696 588 2723; x_wconf 72' lang='grc' dir='ltr'>καὶ</span> <span class='ocrx_word' id='word_1_720' title='bbox 602 2696 729 2732; x_wconf 72' lang='grc' dir='ltr'>ἔτρεμον,</span> <span class='ocrx_word' id='word_1_721' title='bbox 754 2698 801 2724; x_wconf 80' lang='grc' dir='ltr'>καὶ</span> <span class='ocrx_word' id='word_1_722' title='bbox 815 2698 884 2729; x_wconf 78' lang='grc' dir='ltr'>ὅλως</span> 
     </span>
    </p>
   </div>
   <div class='ocr_carea' id='block_1_103' title="bbox 101 2741 884 2777">
    <p class='ocr_par' dir='ltr' id='par_1_103' title="bbox 101 2741 884 2777">
     <span class='ocr_line' id='line_1_103' title="bbox 101 2741 884 2777; baseline 0.001 -9"><span class='ocrx_word' id='word_1_723' title='bbox 101 2743 154 2768; x_wconf 85' lang='grc' dir='ltr'>οὐκ</span> <span class='ocrx_word' id='word_1_724' title='bbox 166 2742 262 2777; x_wconf 73' lang='grc' dir='ltr'>ἤθελον</span> <span class='ocrx_word' id='word_1_725' title='bbox 274 2741 320 2766; x_wconf 78' lang='grc' dir='ltr'><strong>ἐπὶ</strong></span> <span class='ocrx_word' id='word_1_726' title='bbox 335 2741 415 2767; x_wconf 81' lang='grc' dir='ltr'>πλέον</span> <span class='ocrx_word' id='word_1_727' title='bbox 429 2743 604 2776; x_wconf 86' lang='grc' dir='ltr'>προσμεῖναι,</span> <span class='ocrx_word' id='word_1_728' title='bbox 621 2743 678 2768; x_wconf 81' lang='grc' dir='ltr'>ἀλλ’</span> <span class='ocrx_word' id='word_1_729' title='bbox 694 2744 778 2769; x_wconf 75' lang='grc' dir='ltr'>ἐόόων</span> <span class='ocrx_word' id='word_1_730' title='bbox 794 2744 884 2769; x_wconf 57' lang='grc' dir='ltr'>ἅπαν-</span> 
     </span>
    </p>
   </div>
   <div class='ocr_carea' id='block_1_104' title="bbox 101 2786 884 2824">
    <p class='ocr_par' dir='ltr' id='par_1_104' title="bbox 101 2786 884 2824">
     <span class='ocr_line' id='line_1_104' title="bbox 101 2786 884 2824; baseline 0 -10"><span class='ocrx_word' id='word_1_731' title='bbox 101 2796 147 2819; x_wconf 88' lang='grc' dir='ltr'><strong>τες</strong></span> <span class='ocrx_word' id='word_1_732' title='bbox 163 2787 306 2821; x_wconf 80' lang='grc' dir='ltr'>διαστῆναι</span> <span class='ocrx_word' id='word_1_733' title='bbox 332 2786 387 2812; x_wconf 86' lang='grc' dir='ltr'>δεῖν</span> <span class='ocrx_word' id='word_1_734' title='bbox 403 2787 458 2812; x_wconf 85' lang='grc' dir='ltr'>τῶν</span> <span class='ocrx_word' id='word_1_735' title='bbox 475 2787 598 2813; x_wconf 79' lang='grc' dir='ltr'>Λατίνων</span> <span class='ocrx_word' id='word_1_736' title='bbox 616 2788 663 2814; x_wconf 76' lang='grc' dir='ltr'>καὶ</span> <span class='ocrx_word' id='word_1_737' title='bbox 688 2788 754 2822; x_wconf 76' lang='grc' dir='ltr'>πρὸς</span> <span class='ocrx_word' id='word_1_738' title='bbox 768 2788 816 2824; x_wconf 83' lang='grc' dir='ltr'>τὴν</span> <span class='ocrx_word' id='word_1_739' title='bbox 832 2798 884 2815; x_wconf 71' lang='grc' dir='ltr'>πα-</span> 
     </span>
    </p>
   </div>
   <div class='ocr_carea' id='block_1_105' title="bbox 102 2831 882 2869">
    <p class='ocr_par' dir='ltr' id='par_1_105' title="bbox 102 2831 882 2869">
     <span class='ocr_line' id='line_1_105' title="bbox 102 2831 882 2869; baseline 0.003 -11"><span class='ocrx_word' id='word_1_740' title='bbox 102 2833 180 2868; x_wconf 74' lang='grc' dir='ltr'>τριόα.</span> <span class='ocrx_word' id='word_1_741' title='bbox 203 2831 418 2866; x_wconf 74' lang='grc' dir='ltr'>ἐπαναστρέψαι.</span> <span class='ocrx_word' id='word_1_742' title='bbox 446 2832 500 2858; x_wconf 73' lang='grc' dir='ltr'><strong>Καὶ</strong></span> <span class='ocrx_word' id='word_1_743' title='bbox 514 2833 563 2866; x_wconf 83' lang='grc' dir='ltr'>τὴν</span> <span class='ocrx_word' id='word_1_744' title='bbox 588 2834 679 2860; x_wconf 79' lang='grc' dir='ltr'>αἰτίαν</span> <span class='ocrx_word' id='word_1_745' title='bbox 699 2834 882 2869; x_wconf 67' lang='grc' dir='ltr'>ἐρωτώμενοι,</span> 
     </span>
    </p>
   </div>
   <div class='ocr_carea' id='block_1_106' title="bbox 103 2876 880 2917">
    <p class='ocr_par' dir='ltr' id='par_1_106' title="bbox 103 2876 880 2917">
     <span class='ocr_line' id='line_1_106' title="bbox 103 2876 880 2917; baseline 0.001 -11"><span class='ocrx_word' id='word_1_746' title='bbox 103 2879 249 2907; x_wconf 74' lang='grc' dir='ltr'>αποδοῦναι</span> <span class='ocrx_word' id='word_1_747' title='bbox 261 2878 311 2904; x_wconf 86' lang='grc' dir='ltr'>οὐκ</span> <span class='ocrx_word' id='word_1_748' title='bbox 327 2876 409 2913; x_wconf 81' lang='grc' dir='ltr'>εἶχον.</span> <span class='ocrx_word' id='word_1_749' title='bbox 425 2879 457 2904; x_wconf 88' lang='grc' dir='ltr'>Τί</span> <span class='ocrx_word' id='word_1_750' title='bbox 473 2877 519 2904; x_wconf 82' lang='grc' dir='ltr'>οὖν</span> <span class='ocrx_word' id='word_1_751' title='bbox 534 2881 590 2910; x_wconf 83' lang='grc' dir='ltr'>τοῖς</span> <span class='ocrx_word' id='word_1_752' title='bbox 609 2881 734 2912; x_wconf 77' lang='grc' dir='ltr'>Λατίνοις</span> <span class='ocrx_word' id='word_1_753' title='bbox 748 2881 880 2917; x_wconf 67' lang='grc' dir='ltr'>ἐροῦμενς</span> 
     </span>
    </p>
   </div>
   <div class='ocr_carea' id='block_1_107' title="bbox 280 2927 620 2959">
    <p class='ocr_par' dir='ltr' id='par_1_107' title="bbox 280 2927 620 2959">
     <span class='ocr_line' id='line_1_107' title="bbox 280 2927 620 2959; baseline 0.009 -4"><span class='ocrx_word' id='word_1_754' title='bbox 280 2927 414 2957; x_wconf 71' lang='grc' dir='ltr'>ΡΑτιιοῐ..</span> <span class='ocrx_word' id='word_1_755' title='bbox 432 2927 489 2958; x_wconf 76' lang='lat' dir='ltr'><strong>Gtt.</strong></span> <span class='ocrx_word' id='word_1_756' title='bbox 515 2927 620 2959; x_wconf 73' lang='lat' dir='ltr'><strong>CLXI.</strong></span> 
     </span>
    </p>
   </div>
   <div class='ocr_carea' id='block_1_108' title="bbox 937 2283 1723 2324">
    <p class='ocr_par' dir='ltr' id='par_1_108' title="bbox 937 2283 1723 2324">
     <span class='ocr_line' id='line_1_108' title="bbox 937 2283 1723 2324; baseline 0.01 -16"><span class='ocrx_word' id='word_1_757' title='bbox 937 2283 1062 2317; x_wconf 89' lang='lat' dir='ltr'><strong>probato,</strong></span> <span class='ocrx_word' id='word_1_758' title='bbox 1078 2283 1152 2318; x_wconf 88' lang='lat' dir='ltr'><strong>quod</strong></span> <span class='ocrx_word' id='word_1_759' title='bbox 1172 2283 1303 2311; x_wconf 86' lang='lat' dir='ltr'><strong>nimirum</strong></span> <span class='ocrx_word' id='word_1_760' title='bbox 1325 2292 1390 2312; x_wconf 88' lang='lat' dir='ltr'><strong>vera</strong></span> <span class='ocrx_word' id='word_1_761' title='bbox 1415 2293 1525 2321; x_wconf 84' lang='lat' dir='ltr'><strong>sapere,</strong></span> <span class='ocrx_word' id='word_1_762' title='bbox 1542 2294 1629 2322; x_wconf 86' lang='lat' dir='ltr'><strong>eaque</strong></span> <span class='ocrx_word' id='word_1_763' title='bbox 1642 2287 1723 2324; x_wconf 88' lang='lat' dir='ltr'><strong>Sym-</strong></span> 
     </span>
    </p>
   </div>
   <div class='ocr_carea' id='block_1_109' title="bbox 938 2328 1722 2368">
    <p class='ocr_par' dir='ltr' id='par_1_109' title="bbox 938 2328 1722 2368">
     <span class='ocr_line' id='line_1_109' title="bbox 938 2328 1722 2368; baseline 0.009 -13"><span class='ocrx_word' id='word_1_764' title='bbox 938 2328 1001 2355; x_wconf 86' lang='lat' dir='ltr'><strong>bolo</strong></span> <span class='ocrx_word' id='word_1_765' title='bbox 1020 2329 1121 2356; x_wconf 88' lang='lat' dir='ltr'><strong>addere</strong></span> <span class='ocrx_word' id='word_1_766' title='bbox 1132 2330 1245 2358; x_wconf 89' lang='lat' dir='ltr'><strong>minime</strong></span> <span class='ocrx_word' id='word_1_767' title='bbox 1256 2331 1453 2366; x_wconf 86' lang='lat' dir='ltr'><strong>prohibemur:</strong></span> <span class='ocrx_word' id='word_1_768' title='bbox 1466 2340 1638 2368; x_wconf 86' lang='lat' dir='ltr'><strong>consequens</strong></span> <span class='ocrx_word' id='word_1_769' title='bbox 1654 2335 1722 2362; x_wconf 90' lang='lat' dir='ltr'><strong>illud</strong></span> 
     </span>
    </p>
   </div>
   <div class='ocr_carea' id='block_1_110' title="bbox 937 2375 1722 2415">
    <p class='ocr_par' dir='ltr' id='par_1_110' title="bbox 937 2375 1722 2415">
     <span class='ocr_line' id='line_1_110' title="bbox 937 2375 1722 2415; baseline 0.009 -14"><span class='ocrx_word' id='word_1_770' title='bbox 937 2380 964 2401; x_wconf 88' lang='lat' dir='ltr'><strong>et</strong></span> <span class='ocrx_word' id='word_1_771' title='bbox 980 2375 1108 2408; x_wconf 89' lang='lat' dir='ltr'><strong>alterum,</strong></span> <span class='ocrx_word' id='word_1_772' title='bbox 1120 2376 1192 2411; x_wconf 89' lang='lat' dir='ltr'><strong>quod</strong></span> <span class='ocrx_word' id='word_1_773' title='bbox 1217 2377 1249 2404; x_wconf 86' lang='lat' dir='ltr'><strong>ad</strong></span> <span class='ocrx_word' id='word_1_774' title='bbox 1270 2377 1429 2412; x_wconf 83' lang='lat' dir='ltr'><strong>Symbolum</strong></span> <span class='ocrx_word' id='word_1_775' title='bbox 1445 2379 1625 2411; x_wconf 85' lang='lat' dir='ltr'><strong>addidissent,</strong></span> <span class='ocrx_word' id='word_1_776' title='bbox 1641 2381 1722 2415; x_wconf 90' lang='lat' dir='ltr'><strong>polli-</strong></span> 
     </span>
    </p>
   </div>
   <div class='ocr_carea' id='block_1_111' title="bbox 937 2420 1719 2458">
    <p class='ocr_par' dir='ltr' id='par_1_111' title="bbox 937 2420 1719 2458">
     <span class='ocr_line' id='line_1_111' title="bbox 937 2420 1719 2458; baseline 0.009 -12"><span class='ocrx_word' id='word_1_777' title='bbox 937 2420 983 2447; x_wconf 90' lang='lat' dir='ltr'><strong>citi</strong></span> <span class='ocrx_word' id='word_1_778' title='bbox 999 2426 1072 2453; x_wconf 89' lang='lat' dir='ltr'><strong>sunt,</strong></span> <span class='ocrx_word' id='word_1_779' title='bbox 1094 2422 1164 2449; x_wconf 89' lang='lat' dir='ltr'><strong>velle</strong></span> <span class='ocrx_word' id='word_1_780' title='bbox 1180 2430 1209 2450; x_wconf 83' lang='lat' dir='ltr'><strong>se</strong></span> <span class='ocrx_word' id='word_1_781' title='bbox 1224 2423 1369 2451; x_wconf 84' lang='lat' dir='ltr'><strong>ostendere</strong></span> <span class='ocrx_word' id='word_1_782' title='bbox 1393 2432 1487 2452; x_wconf 87' lang='lat' dir='ltr'><strong>verum</strong></span> <span class='ocrx_word' id='word_1_783' title='bbox 1505 2433 1575 2458; x_wconf 86' lang='lat' dir='ltr'><strong>esse,</strong></span> <span class='ocrx_word' id='word_1_784' title='bbox 1588 2426 1719 2454; x_wconf 89' lang='lat' dir='ltr'><strong>nimirum</strong></span> 
     </span>
    </p>
   </div>
   <div class='ocr_carea' id='block_1_112' title="bbox 938 2464 1721 2504">
    <p class='ocr_par' dir='ltr' id='par_1_112' title="bbox 938 2464 1721 2504">
     <span class='ocr_line' id='line_1_112' title="bbox 938 2464 1721 2504; baseline 0.009 -13"><span class='ocrx_word' id='word_1_785' title='bbox 938 2464 1068 2499; x_wconf 86' lang='lat' dir='ltr'><strong>Spiritum</strong></span> <span class='ocrx_word' id='word_1_786' title='bbox 1096 2472 1222 2494; x_wconf 86' lang='lat' dir='ltr'><strong>sanctum</strong></span> <span class='ocrx_word' id='word_1_787' title='bbox 1240 2475 1274 2495; x_wconf 77' lang='lat' dir='ltr'><strong>ex</strong></span> <span class='ocrx_word' id='word_1_788' title='bbox 1300 2469 1380 2495; x_wconf 86' lang='lat' dir='ltr'><strong>Patre</strong></span> <span class='ocrx_word' id='word_1_789' title='bbox 1404 2468 1530 2504; x_wconf 78' lang='lat' dir='ltr'><strong>Filioque</strong></span> <span class='ocrx_word' id='word_1_790' title='bbox 1557 2471 1721 2504; x_wconf 81' lang='lat' dir='ltr'><strong>procedere,</strong></span> 
     </span>
    </p>
   </div>
   <div class='ocr_carea' id='block_1_113' title="bbox 937 2513 1718 2550">
    <p class='ocr_par' dir='ltr' id='par_1_113' title="bbox 937 2513 1718 2550">
     <span class='ocr_line' id='line_1_113' title="bbox 937 2513 1718 2550; baseline 0.008 -13"><span class='ocrx_word' id='word_1_791' title='bbox 937 2518 1042 2545; x_wconf 86' lang='lat' dir='ltr'><strong>nosque</strong></span> <span class='ocrx_word' id='word_1_792' title='bbox 1069 2513 1102 2539; x_wconf 85' lang='lat' dir='ltr'><strong>ad</strong></span> <span class='ocrx_word' id='word_1_793' title='bbox 1120 2519 1260 2540; x_wconf 81' lang='lat' dir='ltr'><strong>certamen</strong></span> <span class='ocrx_word' id='word_1_794' title='bbox 1277 2514 1473 2548; x_wconf 83' lang='lat' dir='ltr'><strong>provocabant.</strong></span> <span class='ocrx_word' id='word_1_795' title='bbox 1489 2514 1582 2542; x_wconf 82' lang='lat' dir='ltr'><strong>Nostri</strong></span> <span class='ocrx_word' id='word_1_796' title='bbox 1614 2521 1718 2550; x_wconf 86' lang='lat' dir='ltr'><strong>autem,</strong></span> 
     </span>
    </p>
   </div>
   <div class='ocr_carea' id='block_1_114' title="bbox 937 2557 1750 2594">
    <p class='ocr_par' dir='ltr' id='par_1_114' title="bbox 937 2557 1750 2594">
     <span class='ocr_line' id='line_1_114' title="bbox 937 2557 1750 2594; baseline 0.01 -11"><span class='ocrx_word' id='word_1_797' title='bbox 937 2563 998 2583; x_wconf 87' lang='lat' dir='ltr'><strong>eum</strong></span> <span class='ocrx_word' id='word_1_798' title='bbox 1017 2557 1045 2583; x_wconf 92' lang='lat' dir='ltr'><strong>in</strong></span> <span class='ocrx_word' id='word_1_799' title='bbox 1066 2557 1117 2584; x_wconf 91' lang='lat' dir='ltr'><strong>hoc</strong></span> <span class='ocrx_word' id='word_1_800' title='bbox 1135 2559 1199 2585; x_wconf 88' lang='lat' dir='ltr'><strong>victi</strong></span> <span class='ocrx_word' id='word_1_801' title='bbox 1220 2564 1248 2586; x_wconf 87' lang='lat' dir='ltr'><strong>et</strong></span> <span class='ocrx_word' id='word_1_802' title='bbox 1264 2559 1348 2594; x_wconf 82' lang='lat' dir='ltr'><strong>fugati</strong></span> <span class='ocrx_word' id='word_1_803' title='bbox 1375 2559 1503 2594; x_wconf 85' lang='lat' dir='ltr'><strong>fuissent,</strong></span> <span class='ocrx_word' id='word_1_804' title='bbox 1519 2561 1654 2590; x_wconf 81' lang='lat' dir='ltr'><strong>timebant</strong></span> <span class='ocrx_word' id='word_1_805' title='bbox 1677 2571 1720 2590; x_wconf 87' lang='lat' dir='ltr'><strong>se-</strong></span> <span class='ocrx_word' id='word_1_806' title='bbox 1746 2557 1750 2581; x_wconf 58' lang='grc' dir='ltr'>Γ</span> 
     </span>
    </p>
   </div>
   <div class='ocr_carea' id='block_1_115' title="bbox 937 2603 1721 2643">
    <p class='ocr_par' dir='ltr' id='par_1_115' title="bbox 937 2603 1721 2643">
     <span class='ocr_line' id='line_1_115' title="bbox 937 2603 1721 2643; baseline 0.01 -15"><span class='ocrx_word' id='word_1_807' title='bbox 937 2603 1054 2629; x_wconf 89' lang='lat' dir='ltr'><strong>cundum</strong></span> <span class='ocrx_word' id='word_1_808' title='bbox 1072 2603 1163 2630; x_wconf 88' lang='lat' dir='ltr'><strong>subire</strong></span> <span class='ocrx_word' id='word_1_809' title='bbox 1179 2609 1315 2632; x_wconf 84' lang='lat' dir='ltr'><strong>certamen</strong></span> <span class='ocrx_word' id='word_1_810' title='bbox 1328 2613 1336 2638; x_wconf 90' lang='lat'><strong>;</strong></span> <span class='ocrx_word' id='word_1_811' title='bbox 1350 2611 1378 2633; x_wconf 89' lang='lat' dir='ltr'><strong>et</strong></span> <span class='ocrx_word' id='word_1_812' title='bbox 1392 2607 1500 2639; x_wconf 88' lang='lat' dir='ltr'><strong>accidit,</strong></span> <span class='ocrx_word' id='word_1_813' title='bbox 1513 2608 1586 2642; x_wconf 90' lang='lat' dir='ltr'><strong>quod</strong></span> <span class='ocrx_word' id='word_1_814' title='bbox 1598 2616 1650 2643; x_wconf 79' lang='lat' dir='ltr'><strong>ego</strong></span> <span class='ocrx_word' id='word_1_815' title='bbox 1667 2609 1721 2636; x_wconf 77' lang='lat' dir='ltr'><strong>illis</strong></span> 
     </span>
    </p>
   </div>
   <div class='ocr_carea' id='block_1_116' title="bbox 937 2649 1722 2684">
    <p class='ocr_par' dir='ltr' id='par_1_116' title="bbox 937 2649 1722 2684">
     <span class='ocr_line' id='line_1_116' title="bbox 937 2649 1722 2684; baseline 0.01 -10"><span class='ocrx_word' id='word_1_816' title='bbox 937 2656 951 2675; x_wconf 92' lang='lat' dir='ltr'><strong>a</strong></span> <span class='ocrx_word' id='word_1_817' title='bbox 981 2649 1116 2684; x_wconf 84' lang='lat' dir='ltr'><strong>principio</strong></span> <span class='ocrx_word' id='word_1_818' title='bbox 1132 2650 1266 2683; x_wconf 82' lang='lat' dir='ltr'><strong>dicebant,</strong></span> <span class='ocrx_word' id='word_1_819' title='bbox 1292 2660 1355 2679; x_wconf 89' lang='lat' dir='ltr'><strong>cum</strong></span> <span class='ocrx_word' id='word_1_820' title='bbox 1382 2660 1429 2680; x_wconf 86' lang='lat' dir='ltr'><strong>eos</strong></span> <span class='ocrx_word' id='word_1_821' title='bbox 1455 2658 1577 2681; x_wconf 85' lang='lat' dir='ltr'><strong>vetarem</strong></span> <span class='ocrx_word' id='word_1_822' title='bbox 1608 2657 1642 2681; x_wconf 88' lang='lat' dir='ltr'><strong>ab</strong></span> <span class='ocrx_word' id='word_1_823' title='bbox 1669 2657 1722 2684; x_wconf 83' lang='lat' dir='ltr'><strong>hac</strong></span> 
     </span>
    </p>
   </div>
   <div class='ocr_carea' id='block_1_117' title="bbox 936 2696 1721 2734">
    <p class='ocr_par' dir='ltr' id='par_1_117' title="bbox 936 2696 1721 2734">
     <span class='ocr_line' id='line_1_117' title="bbox 936 2696 1721 2734; baseline 0.01 -14"><span class='ocrx_word' id='word_1_824' title='bbox 936 2696 1087 2729; x_wconf 78' lang='lat' dir='ltr'><strong>quaestione</strong></span> <span class='ocrx_word' id='word_1_825' title='bbox 1104 2697 1268 2731; x_wconf 80' lang='lat' dir='ltr'><strong>principium</strong></span> <span class='ocrx_word' id='word_1_826' title='bbox 1295 2706 1414 2726; x_wconf 85' lang='lat' dir='ltr'><strong>sumere.</strong></span> <span class='ocrx_word' id='word_1_827' title='bbox 1445 2699 1529 2734; x_wconf 85' lang='lat' dir='ltr'><strong>Igitur</strong></span> <span class='ocrx_word' id='word_1_828' title='bbox 1544 2700 1627 2728; x_wconf 86' lang='lat' dir='ltr'><strong>animi</strong></span> <span class='ocrx_word' id='word_1_829' title='bbox 1646 2701 1721 2728; x_wconf 74' lang='lat' dir='ltr'><strong>solli~</strong></span> 
     </span>
    </p>
   </div>
   <div class='ocr_carea' id='block_1_118' title="bbox 936 2740 1721 2779">
    <p class='ocr_par' dir='ltr' id='par_1_118' title="bbox 936 2740 1721 2779">
     <span class='ocr_line' id='line_1_118' title="bbox 936 2740 1721 2779; baseline 0.01 -13"><span class='ocrx_word' id='word_1_830' title='bbox 936 2740 1057 2768; x_wconf 89' lang='lat' dir='ltr'><strong>eitudine</strong></span> <span class='ocrx_word' id='word_1_831' title='bbox 1078 2742 1117 2768; x_wconf 82' lang='lat' dir='ltr'><strong>vel</strong></span> <span class='ocrx_word' id='word_1_832' title='bbox 1136 2743 1252 2769; x_wconf 76' lang='lat' dir='ltr'><strong>maxime</strong></span> <span class='ocrx_word' id='word_1_833' title='bbox 1269 2744 1447 2778; x_wconf 80' lang='lat' dir='ltr'><strong>urgebantur,</strong></span> <span class='ocrx_word' id='word_1_834' title='bbox 1465 2753 1497 2772; x_wconf 90' lang='lat' dir='ltr'><strong>ac</strong></span> <span class='ocrx_word' id='word_1_835' title='bbox 1513 2746 1679 2779; x_wconf 81' lang='lat' dir='ltr'><strong>tremebant,</strong></span> <span class='ocrx_word' id='word_1_836' title='bbox 1695 2752 1721 2774; x_wconf 88' lang='lat' dir='ltr'><strong>et</strong></span> 
     </span>
    </p>
   </div>
   <div class='ocr_carea' id='block_1_119' title="bbox 935 2787 1721 2824">
    <p class='ocr_par' dir='ltr' id='par_1_119' title="bbox 935 2787 1721 2824">
     <span class='ocr_line' id='line_1_119' title="bbox 935 2787 1721 2824; baseline 0.009 -11"><span class='ocrx_word' id='word_1_837' title='bbox 935 2787 1049 2814; x_wconf 88' lang='lat' dir='ltr'><strong>omnino</strong></span> <span class='ocrx_word' id='word_1_838' title='bbox 1078 2788 1207 2815; x_wconf 86' lang='lat' dir='ltr'><strong>uolebant</strong></span> <span class='ocrx_word' id='word_1_839' title='bbox 1224 2790 1341 2823; x_wconf 82' lang='lat' dir='ltr'><strong>amplius</strong></span> <span class='ocrx_word' id='word_1_840' title='bbox 1357 2799 1479 2824; x_wconf 88' lang='lat' dir='ltr'><strong>manere,</strong></span> <span class='ocrx_word' id='word_1_841' title='bbox 1494 2794 1541 2819; x_wconf 83' lang='lat' dir='ltr'><strong>sed</strong></span> <span class='ocrx_word' id='word_1_842' title='bbox 1564 2793 1721 2821; x_wconf 83' lang='lat' dir='ltr'><strong>clamabant</strong></span> 
     </span>
    </p>
   </div>
   <div class='ocr_carea' id='block_1_120' title="bbox 935 2835 1719 2873">
    <p class='ocr_par' dir='ltr' id='par_1_120' title="bbox 935 2835 1719 2873">
     <span class='ocr_line' id='line_1_120' title="bbox 935 2835 1719 2873; baseline 0.008 -12"><span class='ocrx_word' id='word_1_843' title='bbox 935 2842 1029 2861; x_wconf 72' lang='lat' dir='ltr'><strong>omnes</strong></span> <span class='ocrx_word' id='word_1_844' title='bbox 1047 2840 1172 2869; x_wconf 84' lang='lat' dir='ltr'><strong>oportere</strong></span> <span class='ocrx_word' id='word_1_845' title='bbox 1197 2843 1211 2862; x_wconf 86' lang='lat' dir='ltr'><strong>a</strong></span> <span class='ocrx_word' id='word_1_846' title='bbox 1241 2835 1345 2863; x_wconf 84' lang='lat' dir='ltr'><strong>Latinis</strong></span> <span class='ocrx_word' id='word_1_847' title='bbox 1369 2838 1472 2872; x_wconf 85' lang='lat' dir='ltr'><strong>scjungi</strong></span> <span class='ocrx_word' id='word_1_848' title='bbox 1486 2859 1493 2871; x_wconf 88' lang='lat'><strong>,</strong></span> <span class='ocrx_word' id='word_1_849' title='bbox 1510 2843 1538 2865; x_wconf 87' lang='lat' dir='ltr'><strong>et</strong></span> <span class='ocrx_word' id='word_1_850' title='bbox 1556 2839 1581 2866; x_wconf 93' lang='lat' dir='ltr'><strong>in</strong></span> <span class='ocrx_word' id='word_1_851' title='bbox 1604 2841 1719 2873; x_wconf 69' lang='lat' dir='ltr'><strong>patriam</strong></span> 
     </span>
    </p>
   </div>
   <div class='ocr_carea' id='block_1_121' title="bbox 936 2881 1719 2918">
    <p class='ocr_par' dir='ltr' id='par_1_121' title="bbox 936 2881 1719 2918">
     <span class='ocr_line' id='line_1_121' title="bbox 936 2881 1719 2918; baseline 0.008 -10"><span class='ocrx_word' id='word_1_852' title='bbox 936 2882 1055 2915; x_wconf 81' lang='lat' dir='ltr'><strong>reverti;</strong></span> <span class='ocrx_word' id='word_1_853' title='bbox 1072 2881 1206 2909; x_wconf 76' lang='lat' dir='ltr'><strong>rationem</strong></span> <span class='ocrx_word' id='word_1_854' title='bbox 1229 2890 1293 2910; x_wconf 76' lang='lat' dir='ltr'><strong>vero</strong></span> <span class='ocrx_word' id='word_1_855' title='bbox 1315 2885 1510 2918; x_wconf 56' lang='lat' dir='ltr'><strong>querentibus,</strong></span> <span class='ocrx_word' id='word_1_856' title='bbox 1532 2886 1647 2914; x_wconf 82' lang='lat' dir='ltr'><strong>reddere</strong></span> <span class='ocrx_word' id='word_1_857' title='bbox 1661 2893 1719 2914; x_wconf 81' lang='lat' dir='ltr'><strong>non</strong></span> 
     </span>
    </p>
   </div>
   <div class='ocr_carea' id='block_1_122' title="bbox 1532 2931 1568 2964">
    <p class='ocr_par' dir='ltr' id='par_1_122' title="bbox 1532 2931 1568 2964">
     <span class='ocr_line' id='line_1_122' title="bbox 1532 2931 1568 2964; baseline -0.028 0"><span class='ocrx_word' id='word_1_858' title='bbox 1532 2931 1568 2964; x_wconf 75' lang='grc'><strong>12</strong></span> 
     </span>
    </p>
   </div>
  </div>
