1925 3056
176 147 230 178 355

654 143 908 175 BESSARIONIS
938 143 968 174 S.
987 144 1021 176 Β.
1043 143 1075 175 Ε.
1098 143 1330 174 CARDINALIS

1754 147 1814 191 δερ

181 207 316 240 poterant.
328 201 398 235 Quid
415 209 480 237 ergo
506 201 610 229 Latinis
625 201 772 230 dicemus?
787 210 838 236 qua
849 202 923 237 justa
935 206 963 228 et

1024 203 1088 237 Ιοιφ
1103 202 1175 237 λόγῳ
1193 202 1297 237 εὐλόγῳ
1322 202 1351 229 ιν
1367 201 1444 237 μέσῳ
1459 202 1507 229 τοῦ
1529 202 1647 238 ἀγῶνος,
1661 204 1762 239 μᾶλλον
1779 197 1812 232 δὲ

180 252 294 275 nonesta
311 254 393 274 causa
408 250 435 274 et
454 246 559 274 ratione
575 246 602 273 ia
618 245 709 274 medio
723 246 892 278 certaminis,
909 245 964 272 imo

180 301 244 320 vero
257 300 346 328 neque
364 293 455 320 adhuc
471 292 499 320 in
517 291 653 328 principio
678 291 822 318 constituti
840 291 965 326 (quzestio

179 338 254 365 enim
266 338 300 365 de
311 344 366 365 non
388 337 515 364 addendo
532 336 602 364 nihil
619 336 653 363 ad
673 336 754 370 rem),
781 343 834 370 qua
850 335 965 368 ratione,

179 386 303 419 inquam,
317 391 377 410 eum
391 383 514 410 nondum
530 383 706 418 coeperimus,
731 381 902 409 redibimus'!
919 381 966 408 Di-

180 437 244 456 cere
270 436 323 456 non
350 433 494 463 poterant,
516 428 564 456 sed
589 432 691 455 temere
714 434 747 454 ac
762 427 836 454 nulla
858 426 965 454 ratione

181 475 356 501 clamabant:
385 474 540 501 Redeamus
556 474 584 500 in
610 473 740 508 patriam.
767 472 885 499 Aiebant
901 479 967 499 vero

181 525 208 547 et
232 519 303 546 inter
323 527 362 551 se,
385 518 617 554 quemadmodum
644 518 677 545 ad
706 522 813 545 nostras
841 516 968 551 pervenit

165 570 273 616 laures,
286 564 399 591 Latinos
418 571 498 598 posse
515 564 662 591 ostendere
690 563 840 590 multorum
861 565 968 589 sancto—

183 617 242 635 rum
271 609 416 635 doetorum
436 609 588 644 permultas
615 609 777 640 sententias,
805 608 906 643 quibus
933 607 966 634 ad

183 654 296 681 verbum
313 654 415 681 dicitur
430 654 548 688 Spiritus
565 658 676 682 sanctus
692 662 725 681 ex
744 655 825 681 Patre
841 653 968 688 Filioque

182 700 342 733 procedere.
365 698 434 732 Quid
451 699 535 734 igitur
555 700 589 726 ad
614 700 672 727 haec
687 699 825 734 quispiam
851 706 968 733 respon-

182 746 278 773 debit?
305 753 476 781 separemur,
509 746 698 781 sejungamur,
713 745 853 773 abeamus.
882 744 969 772 Audis

182 792 323 818 doctorum
355 795 382 819 et
406 792 517 819 Patrum
545 791 731 819 sententiam?
753 791 898 824 Quoniam,
925 790 968 817 in-

181 837 290 871 quiunt,
309 837 458 864 multorum
487 839 632 864 doctorum
661 836 732 863 dicta
758 840 873 870 possunt
889 834 970 862 nobis

182 882 339 915 Ostendere,
358 882 391 909 ad
410 890 471 917 quae
484 883 551 909 nihil
568 889 716 917 possumus
730 881 907 915 respondere,
924 880 967 906 di-
985 869 1005 896 Β

183 928 306 954 vidamus
324 935 374 955 nos
396 936 410 954 a
426 928 540 954 Latinis.
560 927 610 955 Vix
633 931 722 954 tamen
740 925 888 960 aliquando
903 932 966 953 cum

1016 247 1073 273 οὐδ’
1089 247 1118 273 ὲν
1134 247 1205 282 ἀρχῇ
1225 248 1264 273 ἔτι
1283 247 1332 281 (τὸ
1348 247 1404 282 γὰρ
1419 248 1486 283 περὶ
1498 248 1546 274 τοῦ
1564 249 1601 283 μὴ
1613 249 1669 276 δεῖν
1682 250 1812 285 προσθεῖ-

1017 300 1061 318 ναι
1078 292 1153 318 οὐδὲν
1175 292 1243 326 πρδς
1267 293 1298 318 τὸ
1322 293 1469 328 πρᾶγμα),
1483 293 1538 320 τίνι
1557 293 1604 320 οὖν
1626 293 1697 329 λόγῳ
1721 295 1812 329 μήπω

1017 337 1134 372 ἠρμένοι
1154 337 1384 372 ὑποστρέψωμεν,
1397 339 1490 366 εἰπεῖν
1507 338 1558 366 οὑκ
1574 336 1660 373 εῖχον.
1674 340 1734 366 ἀλλ’
1744 341 1813 366 ἁλό-

1018 391 1074 416 γως
1089 383 1184 415 ἐϐόων,
1201 383 1414 418 Ἐπανέλθωμεν
1428 385 1469 417 εις
1480 385 1531 421 τὴν
1545 386 1675 421 πατρίδα.
1692 387 1811 420 Ἔλεγον

1018 427 1046 454 δὲ
1062 428 1108 454 καὶ
1136 428 1204 462 πρὸς
1219 428 1343 460 ἑαυτοὺς,
1358 428 1396 459 ὡς
1408 429 1449 460 εἰς
1470 429 1613 465 ἡμετέρας
1627 429 1713 460 ἀκοὰς
1729 428 1812 464 ἦλθε,

1017 472 1080 503 τοὺς
1095 471 1225 503 Λατίνους
1254 472 1327 507 ἔχειν
1347 472 1487 500 δεικνύναι
1513 473 1650 500 πλείστων
1679 474 1812 500 διδασκά-

1019 517 1072 543 λων
1093 517 1180 551 ἁγίων
1196 517 1311 544 πλεῖστα
1326 518 1408 552 ῥητὰ,
1425 517 1460 544 δι’
1483 514 1524 545 ὧν
1538 518 1629 552 ῥητῶς
1654 518 1763 552 λέγεται
1780 518 1813 543 τὸ

1019 563 1132 598 Πνεῦμα
1145 563 1174 588 τὸ
1185 561 1264 596 ἅγιον
1278 563 1311 589 ὲκ
1327 563 1435 598 Πατρδς
1449 564 1498 590 καὶ
1507 562 1574 590 Υἱοῦ
1588 563 1808 598 ἐκπορεύεσθαι.

1019 607 1051 634 Τί
1069 607 1116 634 οὖν
1135 616 1178 638 τις
1198 608 1267 642 πρὸς
1290 607 1379 635 ταῦτα
1402 608 1615 643 ἁποκρινεῖται;
1639 607 1812 641 διαστῶμεν,

1019 652 1235 688 διαζευχθῶμεν,
1268 653 1446 688 ἀπέλθωμεν.
1479 653 1605 685 ’Δκούεις
1633 652 1809 680 διδασκάλων

1019 697 1068 723 καὶ
1083 696 1213 733 Πατάρων
1225 696 1385 732 ἁπόφασιν;
1411 697 1497 730 Διότι,
1514 698 1610 732 φασιν,
1635 697 1728 732 ἔχουσι
1742 697 1812 723 πολ-

1019 741 1073 769 λῶν
1090 742 1259 770 διδασκάλων
1273 743 1342 778 ῥητὰ
1360 743 1457 776 δεῖξαι,
1474 743 1542 778 πρὸς
1557 743 1575 770 ἃ
1590 744 1673 778 ἡμεῖς
1687 743 1810 778 ἀποκρι-

1020 787 1126 815 νεῖσθαι
1144 788 1194 814 οὑκ
1209 788 1319 823 ἔχομεν,
1338 788 1522 824 διαιρεθῶμεν
1547 789 1683 816 Λατίνων.
1713 788 1811 821 Ὅμως

1022 833 1099 868 μόλις
1116 833 1182 860 ποτε
1193 833 1347 865 συνιδόντες
1361 835 1392 860 τὸ
1407 834 1458 868 τῆς
1472 834 1562 861 αὐτῶν
1578 834 1692 869 γνώμης
1706 834 1811 861 ἄτοπον

1021 879 1067 911 καὶ
1083 879 1135 905 ὑπὸ
1146 879 1194 906 τοῦ
1211 880 1342 914 κραταιοῦ
1366 879 1503 914 βασιλέως
1534 879 1654 913 εὐλόγως
1681 879 1810 906 πεισθέν-

1019 933 1079 958 τες,
1094 925 1204 959 ὑφῆκαν
1219 925 1269 959 τῆς
1280 924 1379 959 ἀλόγου
1392 921 1500 960 ἐκείνης
1516 925 1664 957 ἐντάσεως.

183 973 390 1008 perspexissent
419 974 490 1001 hanc
517 973 559 1001 sui
600 972 708 1000 consilii
735 972 930 1004 temeritatem,
961 973 989 998 et
1026 970 1169 998 fortissimi
1197 971 1286 999 nostri
1313 970 1487 1007 imperatoris
1514 971 1626 1000 inductu
1649 975 1678 999 et
1702 971 1811 999 ratione

185 1027 346 1054 persuasum
359 1019 413 1046 illis
424 1024 505 1051 essm,
520 1021 555 1045 ab
570 1019 616 1045 illo
631 1018 752 1046 absurdo
779 1018 899 1052 incoepta
925 1021 1083 1052 conatuque
1096 1017 1276 1046 destiterunt.

220 1066 333 1093 interim
364 1073 430 1092 vero
449 1073 492 1092 res
515 1065 578 1100 ipsm
595 1065 794 1099 profectionem
816 1064 970 1091 beatissimi

185 1119 260 1146 papae
278 1111 403 1138 Ferraria
418 1111 585 1138 Florentiam
612 1116 743 1138 urserunt
754 1110 804 1145 (l),
820 1110 971 1144 eodemque

185 1156 282 1191 synodi
298 1155 549 1190 transpositionem.
568 1155 642 1182 Abiit
656 1161 722 1190 ergo
743 1154 787 1181 ille
800 1174 808 1186 ,
826 1153 906 1181 simul
921 1161 971 1181 nos

178 1208 295 1235 quoque
305 1201 433 1227 abiimus.
442 1200 630 1235 Omnibusque
642 1199 879 1237 rebus_Florcntiae
892 1205 971 1233 para-

187 1247 230 1279 tis,
239 1246 298 1273 dies
309 1246 489 1281 disputationi
502 1245 615 1278 dicitur,
627 1253 680 1280 qua
690 1245 812 1280 incipere
821 1249 970 1278 opuserat,

187 1300 214 1321 et
236 1295 384 1322 constituta
405 1294 464 1321 dies
481 1293 578 1321 adfuit.
594 1293 701 1320 Rursus
723 1292 806 1327 igitur
822 1299 872 1318 nos
886 1290 972 1325 σαερὶ-

187 1348 248 1367 mus
261 1347 402 1367 accusare.
417 1338 652 1372 Quemadmodum
677 1338 751 1365 enim
769 1338 797 1365 in
820 1336 970 1372 quaestione

187 1385 221 1412 de
237 1393 290 1413 non
306 1384 432 1414 addendo
447 1391 498 1411 nos
508 1391 655 1419 personam
670 1383 839 1411 accusatoris
852 1382 969 1417 gereba-

187 1437 265 1461 mus;
291 1429 381 1457 Latini
405 1437 469 1457 vero
485 1429 525 1456 sic
539 1429 574 1456 ad
588 1429 695 1464 objecta
713 1427 924 1462 responderunt,
939 1429 970 1453 ut

187 1467 303 1510 amplius
316 1475 407 1503 dicere
424 1474 574 1510 quidquam
592 1473 704 1500 minime
725 1472 916 1508 potuerimus;
931 1471 969 1498 ita

186 1523 268 1555 etiam
288 1523 315 1548 in
332 1521 385 1549 hoc
402 1521 528 1555 dogmate
547 1527 599 1547 nos
616 1519 727 1554 quidem
742 1523 836 1554 utpote
852 1518 898 1553 qui
926 1524 970 1544 ae-

186 1567 362 1600 cusaluainus,
387 1567 415 1592 in
439 1565 555 1592 dubium
580 1564 787 1597 revocavimus;
802 1564 839 1590 illi
863 1571 927 1590 vero
943 1563 969 1589 iu
984 1552 1005 1581 ο

187 1613 304 1641 dicendo
320 1612 455 1640 secundas
472 1615 563 1647 partes
575 1611 742 1643 obtinentes,
757 1609 970 1645 respondebant.

187 1660 216 1686 In
243 1659 371 1686 omnibus
396 1657 470 1684 enim
501 1656 535 1683 ad
560 1661 685 1683 nostrum
710 1655 854 1682 arbitrium
880 1653 971 1681 libidi-

187 1711 304 1738 nemque
318 1710 429 1730 eausam
447 1701 671 1737 disponebanius.

222 1750 314 1784 Itaque
328 1748 356 1775 in
368 1748 546 1783 quaestionem
559 1746 724 1774 adduximus
737 1753 787 1773 nos
801 1745 969 1780 incipientes

187 1796 221 1824 ab
237 1796 303 1830 ipsis
325 1794 465 1829 apostolis,
482 1798 510 1820 et
533 1793 661 1820 omnibus
677 1792 764 1820 sacris
786 1791 926 1825 conciliis,
943 1795 972 1818 et

187 1849 283 1869 eorum
292 1840 384 1873 dictis,
392 1844 420 1866 et
432 1845 563 1874 praeterea
571 1838 694 1866 omnium
710 1841 866 1865 sanctorum
876 1837 970 1864 Orien-

189 1887 284 1914 talium
315 1887 358 1913 usi
385 1893 481 1913 sumus
512 1884 613 1920 quibus
640 1883 806 1916 ostenditur,
838 1882 970 1918 Spiritum

187 1937 310 1960 sanctum
323 1940 377 1959 non
389 1931 500 1967 quidem
511 1939 526 1958 a
538 1930 607 1957 Filio
619 1937 671 1957 non
685 1929 851 1964 procedere;
865 1928 971 1955 nullum

187 1979 259 2006 enim
270 1978 405 2013 ejusmodi
414 1977 516 2004 dictum
524 1976 667 2008 habemus,
678 1979 707 2001 ut
716 1974 817 2009 optime
825 1979 854 2000 tu
863 1980 972 2008 quoque

187 2025 270 2057 nosti,
284 2028 398 2059 excepta
409 2022 546 2060 septentia
559 2020 718 2048 Damasceni
732 2020 780 2055 (2),
796 2027 856 2054 qua:
869 2019 950 2046 habet
962 2026 969 2045 :

187 2071 319 2106 Spiritum
344 2069 406 2096 Filii
425 2068 554 2099 dicimus,
572 2075 606 2094 ex
620 2067 688 2094 Filio
707 2070 798 2092 autem
815 2072 869 2092 non
900 2064 971 2092 dici-

189 2125 258 2144 mus.
273 2116 341 2143 Aliis
356 2122 422 2143 vero
438 2114 565 2141 omnibus
582 2112 661 2140 dictis
677 2112 730 2138 hoc
746 2115 850 2138 tantum
874 2114 970 2137 osten-

188 2161 272 2194 ditur,
295 2159 427 2194 Spiritum
441 2162 565 2185 sanctum
585 2164 618 2185 ex
634 2157 715 2183 Patre
737 2154 897 2190 procedere,
917 2161 972 2181 non

189 2213 279 2234 autem
292 2214 324 2234 ex
339 2205 409 2232 Filio
424 2212 479 2231 non
494 2203 655 2239 procedere.
674 2202 721 2229 llis
737 2201 830 2236 itaque
857 2200 972 2235 prolatis
988 2218 1010 2246 D

189 2252 352 2288 putabamus
376 2258 425 2278 nos
440 2254 611 2281 ostensuros,
635 2248 730 2275 falsum
753 2254 812 2274 esse
838 2245 972 2281 Spiritum

191 2304 315 2327 sanctum
330 2304 362 2324 ex
378 2296 447 2324 Filio
462 2294 622 2330 procedere.

227 2343 315 2371 Latini
325 2350 389 2370 vero
399 2342 433 2369 ad
445 2342 502 2368 haec
511 2341 602 2368 omnia
621 2340 692 2367 dicta
705 2344 875 2373 sanctorum,
889 2347 973 2367 unum

190 2396 217 2419 et
232 2389 297 2417 illud
311 2395 456 2417 commune
473 2386 609 2414 dederunt
623 2393 792 2420 responsum,
811 2385 903 2412 omnia
913 2393 974 2412 esse

190 2443 265 2468 vera,
278 2434 384 2468 sibique
403 2433 455 2460 hoc
470 2432 543 2459 idem
565 2430 663 2463 videri,
683 2430 705 2457 si
733 2429 844 2464 quidem
857 2430 974 2456 credunt

191 2488 218 2510 et
233 2482 283 2517 ipsi
301 2481 434 2516 Spiritum
449 2483 574 2507 sanctum
597 2485 631 2505 ex
651 2478 730 2504 Patre
749 2476 898 2511 procedere
915 2485 922 2510 ;
947 2476 973 2503 id

192 2535 282 2555 tamen
297 2535 350 2557 non
364 2534 424 2554 esse
439 2524 606 2552 contrarium
622 2530 672 2550 suo
689 2522 818 2556 dogmati.
834 2521 890 2549 lloc
901 2523 973 2549 enim

191 2574 262 2609 quod
281 2578 369 2600 estex
395 2572 474 2599 Patre
490 2569 648 2604 procedere,
671 2574 761 2602 neque
787 2568 973 2595 contradicto-

191 2621 273 2652 rium,
304 2625 393 2653 neque
414 2615 582 2643 contrarium
604 2619 646 2641 est
665 2613 756 2646 alteri,
781 2614 853 2648 quod
876 2619 918 2640 est
941 2621 975 2640 ex

190 2666 258 2693 Filio
274 2664 430 2700 procedere.
445 2661 473 2688 Si
484 2661 557 2687 enim
571 2660 666 2686 horum
685 2659 800 2686 alterum
814 2664 897 2691 esset,
909 2664 974 2686 tunc

193 2719 247 2738 uno
269 2709 412 2740 allirmato,
438 2707 554 2734 alterutri
580 2705 637 2731 tolli
654 2712 766 2731 necesse
794 2709 878 2732 esset.
896 2704 975 2732 Nunc

191 2765 257 2784 vero
277 2755 345 2782 nihil
359 2755 458 2786 obstat,
475 2751 620 2787 quominus
643 2757 671 2778 et
697 2751 773 2784 illud,
787 2750 857 2785 quod
875 2755 916 2777 est
941 2758 975 2777 ex

211 2813 265 2848 ,(1)
283 2813 369 2841 Pestis
388 2809 638 2848 cmperatgrassari
657 2809 798 2848 Ferrarim,
811 2807 976 2848 ideo_t_rans-

194 2842 311 2886 lat‘afest
337 2842 466 2884 synodos.
486 2842 552 2873 Vide
570 2844 653 2872 Cone.
681 2844 752 2870 Flor.
770 2851 838 2871 sess.
871 2842 911 2875 15,
947 2848 974 2870 et

1060 1064 1106 1091 Ἑν
1125 1065 1247 1100 τοσούτῳ
1261 1065 1289 1091 δὲ
1307 1065 1355 1092 καὶ
1375 1066 1408 1092 τὰ
1421 1066 1573 1101 πράγματα
1586 1067 1746 1102 ἠνάγκασαν
1761 1067 1811 1102 τὴν

1022 1111 1054 1137 ὲκ
1069 1111 1225 1146 Φερραρίας
1242 1111 1270 1143 ἐς
1285 1111 1457 1146 Φλωρεντίαν
1482 1112 1641 1147 ἀποδημίαν
1659 1113 1707 1140 τοῦ
1721 1121 1809 1148 μακα-

1022 1157 1155 1192 ριωτάτου
1177 1157 1289 1190 πάππα,
1305 1157 1352 1184 καὶ.
1362 1157 1411 1193 τὴν
1426 1158 1516 1185 ἐκεῖσε
1537 1160 1587 1194 τῆς
1604 1159 1714 1185 συνόδου
1729 1160 1810 1194 μετά-

1021 1202 1107 1229 θεσιν.
1130 1202 1268 1237 Ἀπῆλθεν
1299 1202 1346 1230 οὖν
1373 1204 1486 1236 ἐκεῖνος,
1519 1205 1731 1240 συναπήλθομεν
1759 1208 1810 1234 καὶ

1020 1248 1113 1282 ἡμεῖς.
1127 1248 1183 1276 Καὶ
1198 1247 1308 1275 πάντων
1319 1249 1475 1284 γενομένων
1490 1249 1519 1276 ὲν
1535 1250 1703 1286 Φλωρεντίᾳ,
1725 1252 1808 1278 κεκύ-

1023 1300 1107 1326 ρωται
1131 1293 1238 1328 ἡμέρα,
1256 1294 1317 1320 καθ’
1335 1293 1368 1328 ἢν
1393 1294 1528 1328 ἄρξασθαι
1552 1294 1618 1328 ἔδει,
1634 1297 1681 1323 καὶ
1695 1298 1710 1331 ἡ
1724 1298 1811 1331 κυρία

1019 1337 1135 1371 ἐπέστη.
1148 1338 1234 1365 Πάλιν
1247 1337 1293 1365 οὖν
1302 1339 1384 1373 ἡμεῖς
1395 1339 1522 1372 ἐγκαλεῖν
1531 1340 1685 1375 ἠρξάμεθα.
1699 1341 1809 1377 ’Ὠσπερ

1021 1382 1074 1418 γὰρ
1090 1383 1119 1409 ὲν
1133 1383 1172 1418 τῷ
1185 1385 1249 1419 περὶ
1265 1384 1312 1411 τοῦ
1341 1384 1379 1420 μὴ
1395 1385 1452 1412 δεῖν
1480 1386 1640 1421 προσθεῖναι
1672 1387 1810 1423 ζητήματι

1021 1429 1100 1463 ἡμεῖς
1116 1430 1328 1465 ἐνεκαλέσαμεν,
1350 1431 1463 1458 Λατῖνοι
1480 1431 1508 1458 δὲ
1527 1432 1739 1469 ἀπελογήθησαν
1759 1433 1810 1460 οὔ·

1020 1483 1087 1508 τως,
1102 1475 1138 1507 ὼς
1152 1476 1189 1510 μὴ
1201 1476 1350 1511 δυνηθῆναι
1364 1477 1438 1512 ἡμᾶς
1448 1477 1488 1504 ἔτι
1505 1478 1689 1514 ἀποκριθῆναι
1700 1488 1708 1494 ·
1721 1479 1810 1510 οὕτως

1024 1521 1071 1547 καὶ
1086 1522 1116 1547 ὲν
1133 1521 1171 1556 τῷ
1189 1521 1306 1556 δόγματι
1319 1522 1399 1556 ἡμεῖς
1419 1523 1469 1556 μὲν
1484 1522 1521 1554 ὡς
1538 1523 1716 1557 ἐγκαλοῦντες
1729 1533 1810 1560 τεροε-

1022 1565 1270 1600 τείναμεν,ὲκεῖνοι
1283 1566 1311 1591 δὲ
1325 1565 1519 1599 ἀπελογοῦντο,
1532 1568 1567 1593 τὰ
1578 1567 1716 1601 δευτερεῖα
1731 1567 1810 1602 ἡμῶν

1023 1607 1142 1646 ἔχοντες.
1180 1611 1223 1637 Ἑν
1248 1611 1314 1637 πᾶσι
1330 1611 1386 1645 γὰρ
1403 1612 1475 1638 κατὰ
1498 1613 1589 1639 πᾶσαν
1605 1613 1744 1645 ἐξουσίαν,
1770 1613 1809 1644 ὡς

1023 1658 1089 1692 ἡμῖν
1100 1655 1134 1692 ἦν
1149 1657 1333 1692 βουλομένοις,
1349 1657 1423 1684 οὓτω
1432 1658 1478 1684 τὸν
1492 1658 1571 1692 λόγον
1586 1658 1795 1694 ᾠκονομοῦμεν.

1060 1747 1261 1782 Προετείναμεν
1283 1746 1329 1774 οὖν
1354 1748 1402 1774 ἀπ’
1417 1747 1507 1774 αὐτῶν
1521 1748 1575 1775 τῶν
1591 1749 1746 1776 ἀποστόλων
1762 1751 1809 1776 καὶ

1022 1794 1076 1821 τῶν
1095 1794 1188 1828 “ἁγῖων
1208 1793 1325 1820 συνόδων
1355 1793 1469 1820 ἁπασῶν
1490 1794 1651 1830 ἀρξάμενοι,
1681 1797 1728 1821 καὶ
1750 1797 1808 1826 τοῖς

1022 1839 1112 1865 αὐτῶν
1131 1847 1161 1866 τε
1181 1838 1227 1865 καὶ
1250 1838 1305 1865 τῶν
1323 1839 1494 1865 ἀνατολικῶν
1518 1840 1630 1866 πάντων
1650 1840 1738 1874 ἁγίων
1758 1842 1808 1877 ῥη.

1022 1885 1078 1915 τοῖς
1091 1884 1270 1919 χρησάμενοι,
1285 1881 1325 1915 οἷς
1341 1884 1482 1911 δείκνυται
1503 1885 1533 1911 τὸ
1557 1886 1669 1921 Πνεῦμα
1686 1887 1715 1912 τὸ
1728 1887 1806 1921 ἅγιον

1023 1930 1082 1965 οὐχὶ
1102 1932 1139 1965 μὴ
1167 1930 1366 1965 ἐκπορεύεσθαι
1389 1931 1420 1957 ἐκ
1447 1931 1493 1958 τοῦ
1520 1932 1599 1964 Υίοῦ,
1619 1932 1739 1959 τοιοῦτον
1755 1935 1806 1969 γὰρ

1022 1976 1098 2002 οὐδὲν
1121 1976 1202 2010 ῥητὸν
1223 1976 1331 2011 ἔχομεν,
1349 1977 1386 2008 ὡς
1409 1978 1456 2004 καὶ
1483 1978 1563 2010 αὐτὸς
1578 1977 1664 2011 οἶδας,
1680 1980 1704 2005 εί
1723 1979 1760 2014 μὴ
1778 1981 1807 2006 τὸ

1022 2021 1069 2047 τοῦ
1089 2021 1270 2056 Δαμασκηνοῦ
1291 2022 1371 2056 μόνον
1389 2022 1420 2048 τὸ
1434 2023 1524 2057 λέγον,
1553 2024 1666 2058 Πνεῦμα
1678 2025 1744 2052 Υίοῦ
1761 2025 1804 2051 λέ-

1024 2075 1117 2102 γομεν,
1130 2068 1158 2101 ἐξ
1173 2067 1237 2094 Υίοῦ
1251 2067 1279 2094 δὲ
1293 2068 1322 2094 οὐ
1347 2068 1475 2103 λέγομεν.
1500 2069 1563 2101 Τοῖς
1578 2070 1607 2095 δὲ
1626 2070 1717 2102 ἄλλοις
1739 2071 1807 2097 πᾶσι

1025 2115 1116 2149 ῥητοῖς
1145 2114 1224 2141 τοῦτο
1252 2114 1388 2141 δείκνυται
1408 2116 1499 2149 μόνον,
1523 2116 1564 2142 ὅτι
1590 2117 1619 2142 τὸ
1639 2116 1752 2151 Πνεῦμα
1774 2117 1804 2144 τὸ

1025 2159 1150 2193 ἅγιον-ὲκ
1162 2159 1267 2195 lla-cpe;
1290 2160 1479 2196 ἐκπορεύεται,
1498 2161 1548 2195 οὐχ
1567 2161 1608 2188 ὅτι
1633 2162 1664 2188 ἐκ
1675 2162 1722 2188 τοῦ
1740 2162 1804 2190 Υίυῦ

1024 2206 1073 2231 οὐκ
1086 2205 1275 2240 ἐκπορεύεται.
1291 2207 1382 2233 Ταῦτα
1401 2205 1447 2234 οὖν
1462 2208 1545 2242 ἡμεῖς
1563 2209 1807 2242 προσενέγκαντες,

1025 2251 1133 2286 ᾠόμεθα
1147 2252 1232 2284 δεῖξαι
1242 2251 1338 2286 ψεῦδος
1360 2250 1431 2279 εἷναι
1445 2253 1474 2280 τὸ
1490 2254 1523 2279 ὲκ
1535 2253 1582 2280 τοῦ
1597 2254 1661 2280 Υἱοῦ
1680 2254 1710 2282 τδ
1726 2255 1808 2282 Πνεῦ-

1028 2305 1064 2331 μα
1078 2296 1107 2322 τὸ
1124 2298 1201 2331 ᾶγιον
1220 2298 1434 2333 ἐκπορεύεσθαι.

1060 2341 1170 2366 Λατῖνοι
1185 2340 1213 2366 δὲ
1227 2341 1295 2375 πρὸς
1306 2341 1394 2369 ταῦτα
1408 2343 1458 2377 μὲν
1473 2343 1508 2369 τὰ
1524 2343 1594 2378 ῥητὰ
1607 2344 1696 2371 πάντα
1714 2343 1742 2369 ἓν
1759 2343 1803 2370 καὶ

1025 2386 1113 2412 κοινὸν
1136 2386 1336 2421 ἀπεκρίθησαν,
1374 2387 1411 2419 ὡς
1426 2389 1516 2415 πάντα
1544 2389 1615 2415 εἰσιν
1640 2388 1739 2423 ἀληθῆ,
1757 2389 1804 2416 καὶ

1025 2431 1098 2456 δοκεῖ
1117 2432 1165 2457 καὶ
1178 2432 1271 2463 αὐτοῖς
1283 2441 1289 2448 -
1309 2433 1356 2459 καὶ
1371 2433 1424 2468 γὰρ
1441 2433 1602 2460 πιστεύουσι
1623 2435 1669 2461 καὶ
1688 2434 1765 2462 αὐτοὶ
1777 2434 1806 2462 τὸ

1027 2476 1137 2512 Πνεῦμα
1161 2478 1191 2504 τὸ
1206 2479 1283 2512 ἅγιον
1302 2480 1333 2505 ἐκ
1359 2480 1468 2515 Πατρὺς
1485 2481 1682 2516 ἐκπορεύεσθαι
1695 2489 1703 2497 '
1729 2481 1806 2508 τοῦτο

1028 2524 1117 2557 μέντοι
1135 2532 1165 2557 γε
1181 2524 1230 2550 οὐκ
1246 2526 1414 2551 ἐναντιοῦται
1443 2526 1481 2560 τῷ
1511 2527 1601 2557 αὐτῶν
1615 2527 1742 2561 δόγματι.
1769 2527 1805 2554 Τὸ

1026 2569 1080 2604 γὰρ
1094 2570 1125 2596 ἐκ
1138 2570 1242 2605 Πατρδς
1257 2572 1454 2606 ἐκπορεύεσθαι
1465 2571 1529 2599 οὔτε
1545 2573 1735 2608 ἁντιφατικὺν,
1745 2573 1806 2600 οὔτε

1026 2614 1144 2641 ἐναντίον
1157 2617 1213 2642 ἐστι
1229 2616 1268 2650 τῷ
1280 2618 1311 2643 ἐκ
1322 2617 1368 2643 τοῦ
1385 2617 1450 2643 Υἱοῦ
1467 2618 1678 2653 ἐκπορεύεσθαι.
1706 2620 1738 2646 Ei
1755 2621 1805 2654 γὰρ

1024 2660 1126 2685 τούτων
1156 2661 1268 2697 ὓάτερον
1298 2660 1343 2697 ἦν,
1371 2663 1442 2695 τότε,
1469 2664 1516 2689 τοῦ
1537 2664 1597 2695 ἑνὸς
1617 2665 1760 2700 ῥηθέντος,
1777 2667 1806 2692 τὸ

1027 2705 1121 2741 ἕτερον
1137 2707 1265 2742 ἀνῃρεῖτο
1280 2708 1308 2740 ἐξ
1324 2709 1456 2744 ἀνάγκης.
1486 2709 1541 2736 Νῦν
1556 2710 1584 2737 δὲ
1604 2712 1682 2738 οὐδὲν
1708 2711 1806 2738 κωλύει

1027 2751 1074 2777 καὶ
1089 2751 1118 2777 τὸ
1130 2752 1162 2778 ὲκ
1179 2752 1224 2778 τοῦ
1239 2753 1346 2787 Πατρὺς
1370 2755 1568 2790 ἐκπορεύεσθαι
1598 2757 1697 2791 ἀληθὲς
1717 2756 1785 2785 εἶναι
1797 2779 1804 2790 ,

1028 2807 1135 2836 ultima.

1063 2843 1100 2878 (2)
1113 2843 1171 2871 Lib.
1190 2852 1198 2871 ι
1214 2844 1253 2872 De
1265 2845 1318 2878 ﬁde
1333 2846 1448 2880 art/tom,
1464 2855 1525 2883 cap.
1538 2848 1553 2876 8
1567 2849 1597 2877 in
1612 2849 1697 2878 calce.
