1925 3056
141 171 194 203 357

599 170 647 200 DE
668 166 933 198 PROCLSSIONE
955 166 1136 197 SPiRiTUS
1158 165 1301 197 SANCTI.

1702 163 1754 193 358

140 226 188 252 καὶ
207 226 237 251 τὸ
253 225 282 258 ἐξ
318 225 378 252 Υίοῦ
396 225 495 258 ἀληθές
509 233 515 240 ·
549 225 643 260 ὥσπερ
663 226 710 251 ἐὰν
739 225 872 259 εἴπωμεν,
891 224 921 250 τὸ

983 220 1052 250 ’atre
1069 223 1227 257 procedere,
1245 228 1338 248 verum
1354 220 1407 252 sit;
1430 223 1457 246 et
1480 219 1546 246 illud
1569 218 1640 253 quod
1663 222 1705 246 est
1722 225 1754 244 ex

141 271 293 305 Ιινεῦματὸ
301 271 378 305 ἅγιον
389 271 548 305 πέμπεσθαι
562 271 593 297 ὲκ
607 270 653 296 τοῦ
672 270 788 306 [Ιατρὸς.
801 270 878 300 ἄλλος
891 269 920 294 δέ

139 316 181 347 τίς
196 325 274 352 φησι,
284 317 313 342 τὸ
327 315 438 351 Πνεῦμα
451 315 607 350 πέμπεσθαι
620 317 652 342 ἐκ
662 316 768 350 Πατρὸς
780 316 827 341 καὶ
843 315 920 342 Υίοῦ.

141 362 196 387 Καὶ
211 361 356 396 ἀμφότερά
370 362 439 387 εἰσιν
455 361 555 396 ἀληθῆ,
580 362 626 389 καὶ
639 362 669 388 οὐ
688 361 804 396 μάχεται
816 361 923 395 θατέρῳ

140 407 170 433 το
183 406 288 438 ἕτερον.
301 407 401 441 Εἱ“μὲν
415 406 460 433 οὖν
474 406 498 433 οἱ
514 407 588 440 ἆγιοι
601 406 696 441 ἔλεγον
709 407 742 433 ὲκ
752 406 798 432 τοῦ
815 406 922 440 Πατρὶς

142 453 224 486 μόνου
241 452 440 486 ἐκπορεύεσθαι
457 451 488 478 τδ
509 451 633 486 Πνεῦμα,
650 451 666 486 ἦ
691 451 731 478 ὄτι
750 452 781 477 ὲκ
793 451 839 477 τοῦ
857 450 922 477 Υίοῦ

140 498 190 524 οὐκ
203 497 395 532 ἐκπορεύεται,
409 494 482 532 εἶχεν
498 497 531 524 ἂν
540 497 630 531 λόγον,
648 497 738 530 λέγειν
752 497 828 532 ἡμᾶς
847 497 924 529 δοξά-

142 544 199 576 ζειν
209 545 315 579 ψεῦδος·
332 547 392 572 ἐπεὶ
403 546 430 572 δὲ
446 545 549 573 τούτων
561 546 704 581 οὐδέτερον
713 546 802 578 οὐδεὶς
816 546 922 572 οὐδέπω

142 593 190 617 καὶ
206 591 252 617 νῦν
266 592 371 626 εἴρηκε,
395 592 426 618 τὸ
439 593 471 619 ὲκ
486 592 533 619 τοῦ
556 591 662 627 Πατρδς
688 592 815 626 λέγεσθαι
840 593 923 618 ἐκπο-

144 636 282 670 ρεύεσθαι,
311 637 360 663 οὐκ
385 638 494 672 ἀναιρεῖ
517 638 548 664 τὸ
566 638 598 664 ὲκ
624 637 673 664 τοῦ
689 637 755 664 Υἰοῠ
775 637 924 672 ἐκπορεύε-

143 681 215 708 σθαι.

179 725 271 751 Ταῦτα
284 725 334 760 μὲν
350 726 420 760 πρὸς
436 726 470 753 τὰ
489 727 614 762 ἡμέτερα
630 727 700 762 ρητά
716 727 922 762 ἀπεκρίθησαν·

142 770 210 804 πρλις
233 770 259 796 δὲ
273 770 302 796 τὸ
317 770 364 796 τοῦ
380 771 574 806 Δαμασκηνοῦ,
590 771 650 798 ἐπεὶ
671 772 739 806 μηδὲ
758 772 841 806 ἡμεῖς
857 771 923 797 αὐτό

143 817 340 851 προετείναμεν
353 837 360 849 ,
390 817 449 844 οὐδὲ
474 818 575 844 ἐκεῖνοι
600 818 809 853 ἀπεκρίθησαν⁵
828 817 883 852 ἐγὼ
897 818 925 844 δὲ

143 863 191 887 καὶ
207 861 256 895 τὴν
268 861 364 888 τούτου
381 861 460 888 λύσιν
479 861 595 896 ὕστερόν
611 870 653 888 σοι
675 863 836 897 χαρίσομαι.

181 953 298 980 Ἔπειτα
311 952 339 979 δὲ
358 953 457 979 ἐκεῖνοι
485 953 513 985 ἐξ
540 952 623 988 ἄλλης
649 953 737 988 ἀρχῆς
763 953 923 988 ἀρξάμενοι,

145 997 223 1025 εἷπον
236 998 322 1025 πολλᾶ
336 999 383 1024 καὶ
393 999 508 1033 διάφορα
518 999 547 1025 ὲν
558 999 682 1025 πλείοσιν
696 999 814 1034 ἡμέραις
828 999 926 1034 ἐφεξῆς

146 1046 361 1080 ἐπιχειρήματα,
389 1045 443 1071 ἀπὸ
464 1045 513 1079 τῆς
533 1045 608 1076 θείας
624 1045 735 1079 Γραφῆς
757 1044 925 1079 ὁρμώμενοι,

146 1090 272 1117 κάκεῖθεν
302 1090 356 1117 τῶν
380 1090 530 1117 ἐλαττόνων
546 1090 727 1126 εὐποροῦντες
754 1090 925 1124 προτάσεων,

144 1136 298 1169 δεικνύντα,
314 1137 343 1163 τὸ
357 1136 469 1171 Πνεῦμα
482 1137 512 1163 τὸ
529 1136 606 1170 ἅγιον
624 1137 656 1163 ὲκ
674 1136 779 1172 [ἰατρὸς
796 1136 844 1162 καὶ
859 1135 924 1161 Υίοῦ

144 1181 353 1216 ἐκπορεύεσθαι.

179 1229 341 1255 Τελευταῖον
351 1228 380 1255 δὲ
395 1227 443 1260 τὰς
458 1228 554 1263 ῥήσεις
578 1228 633 1254 τῶν
649 1228 781 1262 Πατέρων
809 1228 928 1262 ἐπήνεγ-

145 1283 207 1308 καν,
221 1272 263 1306 αἶς
278 1273 370 1308 σαφῶς
387 1282 417 1300 τε
443 1273 491 1300 καὶ
517 1273 668 1308 διαρρήδην
693 1274 709 1308 ἡ
728 1273 775 1300 τοῦ
792 1273 928 1307 δόγματος

145 1320 241 1347 τούτου
257 1319 370 1353 ἀλήθεια
388 1318 525 1353 φαίνεται.
544 1319 711 1353 Παρήγαγον
724 1319 752 1345 δὲ
767 1320 797 1345 οὺ
812 1320 930 1347 δυτικῶν

147 1367 237 1401 μόνον,
255 1365 313 1392 ἀλλ’
324 1364 398 1392 οὐδὲν
408 1363 490 1401 ἦττον
504 1365 550 1391 καὶ
561 1365 728 1392 ἀνατολικῶν
746 1365 928 1393 διδασκάλων.

145 1409 196 1440 ’Ὧν
213 1420 283 1444 τινα,
298 1412 347 1438 ὅσα
364 1419 409 1446 μοι
429 1411 631 1445 ἀναγκαιότερα
655 1410 739 1443 ἔδοξε,
757 1412 806 1437 σὺν
823 1411 933 1444 τούτοις·

147 1464 188 1482 σοι
198 1455 281 1482 τανῦν
296 1454 484 1490 πέπομφα,ὼς
500 1455 533 1482 ἂν
548 1455 595 1481 καὶ
610 1455 711 1486 αὐτοὺς
725 1456 788 1487 τοὺς
804 1457 930 1489 δυτικοὺς

147 1502 267 1538 ἀκούσῃς
282 1498 407 1537 Πᾶτὲρας
424 1501 450 1528 τί
468 1501 533 1536 περὶ
556 1502 651 1528 τούτου
671 1502 800 1536 φρονοῦσι
826 1511 856 1529 τε
884 1503 932 1529 καὶ

973 268 1041 296 Filio
1054 288 1062 299 .
1076 274 1182 295 verum.
1197 267 1289 295 Veluti
1311 266 1334 294 si
1347 266 1469 293 dicamus
1483 264 1614 300 Spiritum
1629 269 1754 291 sanctum

974 313 1043 341 mitti
1061 321 1077 340 a
1096 313 1187 345 Patre,
1208 313 1278 339 alius
1291 319 1354 339 vero
1370 310 1507 346 quispiam
1520 310 1605 342 dicat,
1620 309 1754 343 Spiritum

972 360 1042 388 mitti
1057 368 1090 387 ex
1106 359 1184 387 Patre
1200 363 1227 386 et
1247 358 1315 386 Filio
1329 366 1336 390 ;
1349 362 1377 385 et
1392 358 1472 384 ambo
1492 360 1557 383 sunt
1579 356 1655 388 vieta,
1673 359 1701 382 et
1719 355 1757 381 ai-

974 411 1062 434 terum
1085 405 1162 432 alteri
1195 405 1307 432 minime
1336 407 1479 439 repugnat.
1502 402 1530 430 Si
1562 402 1644 436 igitur
1671 401 1757 428 sancti

973 452 1095 479 dicerent
1110 451 1242 486 Spiritum
1263 457 1296 477 ex
1308 450 1387 476 Patre
1409 449 1467 476 solo
1491 448 1649 483 procedere,
1669 447 1710 474 Vel
1724 453 1758 473 ex

974 497 1042 524 Filio
1057 505 1110 523 non
1125 496 1284 531 procedere,
1299 503 1354 522 non
1367 499 1439 522 esset
1454 495 1553 521 mirum
1571 493 1673 525 dicere,
1684 492 1758 527 ipsos

974 543 1079 577 opinari
1096 542 1204 569 falsum.
1222 542 1321 569 Verum
1343 547 1404 567 cum
1419 540 1516 566 horum
1536 543 1662 566 neutrum
1676 545 1757 564 nemo

976 594 1095 621 unquam
1108 586 1197 613 adhuc
1223 585 1340 617 dixerit,
1361 585 1428 612 illud
1457 584 1528 619 quod
1554 587 1596 610 cst
1618 590 1650 610 ex
1680 582 1760 609 Patre

975 633 1134 669 procedere,
1160 639 1214 659 non
1229 631 1299 658 tollit
1314 632 1431 658 alterum
1447 650 1454 663 ,
1470 629 1542 665 quod
1569 635 1609 656 est
1632 635 1664 655 ea
1689 627 1758 655 Filio

976 678 1135 713 procedere.

1012 722 1073 749 llmc
1089 722 1123 748 ad
1143 727 1236 749 nostra
1260 721 1331 748 dicta
1346 720 1562 755 responderunt.
1585 718 1625 746 Ad
1646 724 1761 747 senten-

977 769 1042 796 tiam
1067 775 1133 795 vero
1156 768 1327 800 Datnascctti,
1358 766 1469 801 quando
1488 770 1515 793 et
1536 772 1586 792 nos
1609 765 1682 792 illam
1706 772 1761 791 non

976 814 1169 848 produximus,
1192 821 1283 847 neque
1311 813 1350 840 illi
1374 813 1525 847 quidquam
1549 811 1761 845 responderunt.

977 859 1034 894 Ego
1050 867 1114 886 vero
1133 859 1180 886 tibi
1199 863 1293 893 postea
1312 863 1341 886 et
1358 859 1386 885 in
1401 858 1486 892 hujus
1510 857 1647 885 solutione
1663 856 1761 883 iaciam

977 905 1055 932 satis.

1012 952 1113 979 Deinde
1131 960 1196 979 vero
1212 952 1249 979 illi
1266 952 1300 978 ab
1316 951 1370 978 alio
1389 950 1524 985 principio
1542 958 1618 977 sacra
1632 949 1763 977 nimirum

977 997 1118 1031 Scriptura
1143 997 1200 1024 nixi
1225 1002 1251 1024 et
1276 997 1352 1028 freti,
1377 995 1495 1027 indeque
1523 995 1601 1029 copia
1626 995 1763 1021 minorum

977 1043 1197 1077 propositionum
1229 1041 1422 1074 abundantes,
1448 1041 1541 1068 exorsi
1570 1045 1635 1068 sunt
1669 1040 1764 1067 dicere

977 1088 1107 1123 deinceps
1126 1097 1174 1123 per
1183 1089 1283 1116 multos
1296 1088 1355 1116 tiles
1369 1087 1453 1115 multa
1465 1092 1494 1114 et
1507 1087 1582 1114 varia
1591 1092 1764 1121 argumenta,

977 1134 1149 1161 ostendentia
1172 1134 1305 1169 Spiritum
1329 1138 1454 1160 sanctum
1478 1141 1512 1159 ex
1535 1133 1614 1159 Patre
1640 1132 1764 1167 Filioque

977 1179 1138 1214 procedere.
1448 1179 1470 1195 ί

1013 1226 1156 1254 Postremo
1168 1225 1252 1253 etiam
1267 1225 1448 1252 auctoritates
1464 1224 1577 1252 Patrum
1598 1225 1762 1259 attulerunt,

981 1271 1083 1305 quibus
1099 1271 1246 1298 manifeste
1262 1278 1294 1298 ac
1305 1271 1459 1298 luculenter
1470 1271 1552 1305 hujus
1568 1270 1704 1305 dogmatis
1719 1278 1765 1299 ve-

983 1317 1051 1344 ritas
1067 1317 1274 1352 comprobatur.
1296 1317 1479 1345 Protulerunt
1492 1321 1585 1345 autem
1605 1325 1660 1345 non
1674 1318 1763 1345 solum

979 1365 1212 1398 Occidentalium,
1222 1373 1318 1393 verum
1326 1365 1409 1393 etiam
1418 1366 1562 1393 doctorum
1572 1366 1764 1394 Orientalium.

980 1411 1103 1444 Quarum
1117 1411 1232 1446 aliquas,
1243 1419 1416 1446 quaecunque
1428 1412 1495 1438 milii
1509 1413 1593 1447 magis
1603 1413 1765 1440 necessaria:

981 1458 1046 1485 visa:
1066 1462 1140 1490 sunt,
1165 1466 1218 1484 una
1242 1465 1304 1485 cum
1326 1457 1403 1485 ltiscc
1428 1457 1477 1485 tibi
1494 1457 1573 1490 misi,
1591 1462 1620 1484 ut
1640 1463 1668 1485 et
1693 1459 1766 1493 ipsos

981 1503 1175 1531 Occidentales
1193 1503 1291 1531 audias
1316 1503 1424 1534 Patres,
1445 1503 1510 1538 quid
1533 1504 1572 1531 illi
1593 1504 1626 1532 de
1648 1504 1700 1531 hoc
1716 1505 1765 1542 dn-

147 1548 316 1574 διδάσχουσι.
338 1547 410 1582 Πρὸς
437 1547 507 1580 ᾗπερ
545 1547 628 1581 ἡμεῖς
657 1548 807 1582 ἀπολογίαν
841 1549 928 1575 εἰπεῖν

983 1553 1073 1584 gmato
1090 1549 1199 1583 sapiant
1211 1553 1238 1576 et
1255 1548 1381 1576 doceant.
1399 1548 1441 1576 Ad
1459 1556 1526 1583 quas
1538 1556 1590 1576 nos
1603 1554 1765 1583 resp0nsum

148 1594 258 1629 εἴχομεν
271 1592 411 1627 οὐδεμίαν,
428 1591 444 1626 ἢ
461 1593 502 1619 ὅτι
512 1591 577 1618 νόθα
593 1591 658 1623 sici,
673 1593 722 1619 καὶ
737 1593 789 1619 ὑπὸ
803 1594 927 1620 Λατίνων

148 1639 312 1666 νενόθευται,
338 1637 505 1673 Παρήγαγον
531 1637 580 1663 τὸν
605 1638 742 1673 ἡμέτερον
767 1639 929 1672 Ἐπιφάνιον

148 1686 177 1712 ὲν
191 1685 297 1716 πολλοῖς
312 1683 404 1714 τόποις
420 1682 512 1717 σαφῶς
526 1683 557 1709 ὲκ
583 1683 698 1719 Πατρδς,
716 1685 763 1711 καὶ
785 1685 849 1712 Υίοῦ
871 1685 930 1712 θεο-

148 1731 279 1766 λογοῦντα
290 1730 320 1757 τὸ
330 1730 452 1764 Πνεῦμα.
467 1729 541 1756 Νόθα
554 1730 683 1765 ἐλέγομεν
699 1728 780 1758 εἶναι.
796 1732 931 1766 Ἀνέγνων

148 1777 180 1803 τὸ
195 1776 393 1812 προειρημένον
405 1778 433 1803 ἐν
445 1777 499 1807 τοῖς
514 1776 574 1803 κατ’
596 1774 731 1809 Εὑνομίου
743 1774 790 1801 τοῦ
809 1775 929 1809 μεγάλου

151 1822 294 1849 Βασιλείου
309 1822 391 1856 ῥητόν
403 1829 409 1836 ·
430 1821 644 1855 παρέγγραπτον
663 1817 735 1846 εἶναι
747 1819 835 1846 ἐδόκει
853 1820 929 1855 ἡμῖν.

152 1868 342 1902 Προεκόμισαν
357 1867 391 1893 τὰ
408 1866 462 1892 τῶν
475 1865 504 1898 ἐξ
518 1865 638 1899 ἑσπέρας
655 1864 751 1898 ἀγίων·
768 1865 842 1891 πᾶσα
852 1866 931 1899 ἡμῶν

151 1913 283 1946 ἀπολογία
302 1912 332 1939 τὸ
341 1912 427 1943 νόθον,
444 1912 490 1938 καὶ
516 1911 593 1938 οὐδὲν
608 1910 703 1945 ἕτερον
718 1908 763 1945 ἦν.
791 1911 853 1936 Ἐπὶ
869 1911 933 1937 πολ-

149 1959 197 1991 λὶις
213 1957 260 1985 οὖν
277 1958 383 1993 ἡμέρας
397 1957 577 1991 σκεπτόμενοι
600 1956 662 1982 καθ’
681 1956 793 1987 ἑαυτοὺς
807 1957 853 1982 καὶ
869 1957 930 1991 βου-

150 2007 301 2040 λευόμενοι,
313 2013 339 2030 τι
363 2004 396 2030 ᾶν
414 2003 482 2038 πρὸς
508 2003 596 2029 ταῦτα
613 2001 841 2036 ἀποκριθείημεν,
858 2003 931 2028 οὐδε-

151 2054 217 2088 μίαν
228 2053 393 2088 εὑρίσκομεν
407 2051 556 2086 ἀπολογίαν
570 2051 586 2085 ἣ
599 2051 712 2085 ταύτην.
726 2051 835 2085 Ταύτην
849 2051 877 2077 δὲ
888 2047 932 2083 αὖ,

150 2100 188 2131 ὡς
216 2099 312 2133 ἄλογον
331 2099 412 2129 πάνυ,
437 2098 634 2133 προσενεγκεῖν
651 2097 700 2123 οὐκ
725 2096 813 2123 ἐδόκει
839 2095 932 2122 καλόν.

152 2146 263 2180 Πρῶτον
284 2145 332 2179 μὲν
347 2145 386 2170 ὅτι
400 2143 430 2169 ἐκ
445 2151 475 2168 τε
491 2143 543 2169 τῶν
558 2142 699 2176 ἑπομένων
713 2142 758 2168 καὶ
775 2142 933 2176 ἡγουμένων

151 2192 219 2224 αὕτη
238 2190 327 2225 ήδόξα
340 2189 466 2223 ἐφαίνετο
477 2189 526 2222 τῆς
543 2187 598 2214 τῶν
613 2187 698 2221 ἁγίων
718 2185 787 2213 οὖσα
802 2187 931 2218 διανοίας·

151 2237 246 2263 ἔπειτα
277 2235 411 2261 πλείστων
442 2233 552 2268 βιόλίων
575 2233 622 2259 καὶ
642 2233 832 2259 παλαιοτάτων
860 2232 932 2259 τοῦτ’
949 2222 970 2249 D

152 2283 279 2318 ἑχόντων,
294 2281 343 2307 οὐκ
365 2278 398 2314 ἦν
416 2279 486 2306 αὐτὰ
511 2278 761 2314 παραγράψασθαι.
785 2278 890 2309 ’Λλλως
903 2286 933 2304 τε

151 2329 199 2355 καὶ
217 2328 299 2362 μηδὲν
311 2327 401 2353 αὐτῶν
414 2325 518 2360 βιϐλίον
532 2346 539 2358 ,
565 2325 614 2360 οὐχ
637 2325 816 2359 Ἑλληνικῶς,
833 2325 862 2351 οὺ
881 2325 934 2351 Λα-

151 2375 262 2405 τινικῶς
274 2373 469 2409 γεγραμμένον
487 2372 597 2406 ἔχοντες
615 2370 711 2402 δεῖξαι,
727 2371 814 2401 ἄλλως
829 2370 900 2405 ἔχον,
917 2370 933 2405 ἦ

154 2421 190 2452 ὠς
204 2420 312 2446 Λατῖνοι
331 2418 504 2453 παρήγαγον,
519 2417 577 2447 πῶς
591 2416 622 2442 ἂν
637 2416 755 2449 εὐλόγως
776 2415 846 2441 αὐτὰ
867 2424 936 2450 παρ-

153 2465 344 2501 εγραφόμεθας
360 2465 373 2490 ὀ
389 2464 443 2498 γάρ
460 2471 523 2488 τινα
545 2461 782 2496 παραγράψασθαι
809 2461 938 2495 βουλόμε-

154 2521 208 2544 νος,
234 2511 297 2537 ἄνευ
317 2509 433 2542 εὐλόγων
469 2509 516 2534 καὶ
545 2507 665 2542 ἰσχυρῶν
691 2506 796 2538 αἰτιῶν,
812 2507 889 2532 τοῦτο
906 2507 935 2532 οὐ

152 2559 276 2586 δύναται.
296 2557 391 2591 Ἡμεῖς
406 2555 502 2586 ἄλλους
518 2554 613 2588 ἁγίους
638 2553 792 2580 τούναντίον
808 2553 936 2586 λέγοντας

152 2606 202 2631 οὐκ
228 2604 338 2637 εῐχομεν
355 2601 442 2632 δεῖξαι
457 2608 463 2615 ·
483 2601 547 2630 τοὺς
570 2600 667 2630 αὐτοὺς
693 2599 819 2630 δυτικοὺς
848 2599 935 2630 ἄλλως

152 2651 281 2683 λέγοντας
296 2647 413 2681 ἀλλαχοῦ
428 2645 554 2679 οὐδαμῶς
577 2645 789 2679 ἀπεδείκνυμεν.
808 2644 935 2675 Φυσικοῖς

151 2697 242 2728 λόγοις
266 2692 442 2727 παραστῆσαι
471 2690 571 2720 αὐτοὺς
609 2690 793 2724 ψευδομένους
825 2691 933 2715 πάντων

151 2742 263 2767 ἔλαττον
287 2735 450 2772 ἐδυνάμεθα.
469 2735 624 2770 Οὐδαμόθεν
651 2735 698 2761 οὖν
716 2734 826 2768 εὔλογον
843 2734 933 2760 αἰτίαν

151 2783 405 2817 καταλελειμμένην
423 2782 488 2816 ἡμῖν
503 2780 634 2815 εωρῶμεν
645 2789 651 2796 ⁸
680 2780 724 2807 διὰ
738 2780 816 2806 τοῦτο
831 2780 875 2807 καὶ
891 2789 934 2806 σε-

153 2832 318 2866 σιγήκαμεν.

980 1595 1087 1622 nullum
1103 1595 1281 1627 habebamus,
1296 1594 1368 1629 quod
1383 1595 1522 1628 daremus,
1532 1595 1585 1622 nisi
1602 1595 1674 1629 quod
1688 1595 1766 1622 adul-

981 1641 1078 1668 terinae
1093 1645 1195 1674 essent,
1210 1645 1237 1668 et
1253 1649 1268 1668 a
1287 1641 1392 1668 Latinis
1409 1647 1556 1676 corrupta).
1573 1641 1765 1677 Produxcrunt

982 1693 1107 1715 nostrum
1131 1688 1314 1722 Epiplianium
1331 1688 1359 1715 in
1381 1688 1476 1715 multis
1499 1688 1651 1723 llieoiogice
1677 1689 1766 1716 disse-

983 1738 1089 1761 rentetn
1107 1740 1134 1761 et
1150 1735 1331 1769 explicantem
1348 1742 1381 1761 ex
1394 1734 1473 1762 Patre
1492 1734 1615 1770 Filioque
1631 1735 1764 1770 Spiritum

983 1785 1132 1809 sanciunt:
1158 1780 1313 1808 adulterina
1338 1781 1399 1816 ejus
1422 1781 1482 1808 loca
1510 1790 1569 1809 esse
1590 1782 1763 1815 dicebamus;

982 1826 1107 1861 legerunt
1129 1826 1287 1861 prirdietam
1309 1827 1476 1854 sententiam
1504 1828 1594 1862 magni
1619 1828 1711 1856 Basilii
1737 1830 1765 1856 in

983 1871 1059 1898 libris
1075 1871 1206 1898 adversus
1222 1871 1386 1898 Eunomium
1403 1879 1411 1898 :
1426 1871 1580 1906 aseriptitia
1594 1878 1621 1899 et
1636 1881 1689 1900 non
1706 1881 1766 1908 ειη-ο

985 1923 1063 1943 mana
1081 1924 1142 1944 esse
1158 1918 1237 1944 nobis
1247 1917 1404 1944 videbatur.
1419 1918 1602 1945 AdduXerunt
1617 1919 1690 1946 dicta
1703 1928 1764 1946 san-

984 1966 1092 1988 ctorum
1105 1961 1335 1995 Occidentalium,
1359 1967 1414 1990 tota
1435 1970 1528 1990 nostra
1549 1964 1680 1998 Apologia
1698 1966 1765 1993 illud

984 2010 1012 2032 et
1039 2006 1107 2032 nihil
1130 2006 1203 2032 aliud
1231 2012 1302 2038 erat,
1324 2007 1480 2034 adulterina
1502 2016 1573 2036 esse.
1596 2009 1647 2036 Per
1665 2010 1766 2038 multos

985 2053 1067 2087 igitur
1093 2052 1151 2078 dies
1177 2059 1300 2079 seorsum
1326 2053 1546 2086 considerantes,
1570 2060 1598 2082 et
1618 2063 1668 2083 nos
1692 2057 1766 2091 ipsos

985 2097 1173 2129 consulentes,
1195 2097 1259 2131 quid
1276 2098 1309 2124 ad
1325 2098 1384 2125 inec
1404 2099 1646 2134 I'espondcrelnus,
1668 2107 1767 2136 printer

987 2144 1037 2169 hoc
1056 2143 1161 2170 nniium
1190 2144 1400 2171 inveniebamus
1422 2152 1597 2180 responsum.
1622 2145 1679 2174 lioc
1702 2156 1767 2176 vero

987 2197 1083 2217 rursus
1097 2195 1225 2225 tanquam
1241 2191 1319 2218 valde
1332 2191 1481 2218 absurdum
1497 2191 1633 2226 proferre,
1649 2201 1703 2221 non
1719 2194 1768 2222 b0—

985 2244 1050 2262 num
1071 2235 1152 2262 nobis
1170 2243 1230 2263 esse
1246 2235 1401 2263 videbatur.
1420 2235 1542 2264 Primum
1561 2238 1684 2273 quidem,
1705 2247 1768 2274 pro<

983 2286 1077 2314 pterea
1095 2281 1166 2315 quod
1182 2289 1216 2308 ex
1236 2282 1472 2316 consequentibus
1499 2287 1527 2309 et
1541 2285 1770 2312 antecedentibus

985 2326 1068 2361 bnjus
1079 2326 1218 2361 opinionis
1238 2332 1358 2354 mentem
1373 2335 1600 2359 sanctorumesse
1614 2331 1768 2358 constabat.

986 2373 1088 2400 Deinde
1112 2373 1193 2400 etiam
1216 2381 1278 2400 cum
1305 2374 1414 2408 plurimi
1446 2382 1478 2401 ac
1505 2377 1683 2403 vetustissimi
1705 2377 1768 2404 libri

986 2417 1058 2444 istud
1079 2417 1222 2450 haberent,
1239 2426 1293 2445 non
1318 2424 1478 2453 poteramus
1495 2419 1555 2447 ilius
1571 2421 1654 2447 veluti
1668 2421 1767 2455 depra-

990 2469 1069 2489 vatos
1086 2463 1202 2497 rejicere
1216 2468 1298 2497 atque
1313 2463 1445 2491 refutare.
1464 2464 1618 2492 Praesertim
1639 2473 1701 2492 cum
1718 2474 1768 2494 nos

990 2509 1094 2535 nullum
1111 2509 1388 2536 liaberemusliiirum
1407 2518 1462 2536 non
1482 2509 1584 2544 Grteee,
1600 2519 1652 2537 non
1674 2511 1769 2539 Latine

988 2554 1132 2588 scriptum,
1154 2562 1235 2588 quem
1255 2562 1334 2582 secus
1356 2554 1468 2588 habere,
1490 2563 1571 2590 quam
1594 2555 1684 2583 Latini
1705 2561 1769 2590 pro-

988 2598 1141 2630 duxissent,
1165 2600 1394 2632 ostenderemus;
1415 2600 1462 2634 qui
1479 2600 1536 2627 lieri
1554 2606 1646 2634 posset
1667 2605 1694 2627 ut
1710 2602 1770 2636 juze

987 2646 1092 2679 optimo
1115 2653 1210 2672 eorum
1231 2645 1318 2672 libros
1344 2650 1473 2680 tanquam
1494 2646 1604 2673 vitiatos
1630 2647 1771 2681 excipere-

988 2691 1063 2717 mus?
1081 2691 1162 2718 Certe
1184 2691 1270 2722 enim,
1297 2691 1344 2725 qui
1369 2693 1427 2718 vult
1446 2691 1565 2725 aliquem
1587 2693 1769 2726 proscribere,

987 2742 1014 2764 et
1041 2742 1070 2763 ut
1093 2737 1217 2764 vitiatum
1246 2743 1328 2772 atque
1347 2741 1507 2772 corruptum
1529 2737 1685 2772 excludere,
1710 2740 1770 2766 sine

988 2783 1087 2810 debitis
1110 2783 1266 2811 rationibus
1295 2788 1322 2811 et
1347 2784 1433 2810 ﬁrmis
1456 2784 1547 2811 causis
1568 2784 1620 2811 hoc
1641 2790 1770 2819 pra'stare

989 2829 1101 2856 minime
1133 2834 1232 2864 potest.
1271 2829 1326 2856 Nos
1361 2830 1429 2857 alios
1463 2834 1572 2857 sanctos
1602 2831 1771 2858 contrarium

155 2880 320 2906 allirmantes
354 2876 502 2905 ostendere
539 2882 592 2902 non
623 2878 798 2909 poteramus;
833 2875 943 2903 eosdem
965 2875 1038 2911 ipsos
1073 2875 1264 2904 Occidentales
1296 2875 1375 2904 aliter
1405 2876 1526 2905 dicentes
1552 2876 1629 2910 alibi,
1657 2878 1771 2905 minime
