1925 3056
151 113 206 148 3ξι9

620 113 873 143 BESSABIONIS
893 113 923 144 S.
942 113 976 143 Π.
1000 114 1032 143 E.
1055 112 1288 144 CARDANALIS

1718 111 1769 144 360

152 168 373 199 ostendebamus.
411 166 505 195 Duetis
533 173 547 194 a
583 171 681 195 natura
705 167 860 195 rationibus
883 175 931 195 eos
963 168 1094 203 deceptos
1122 169 1257 204 probare,
1277 168 1348 196 nihil
1373 167 1466 196 minus
1491 171 1661 203 poteramus.
1690 169 1768 198 Nulla

151 218 235 253 igitur
249 222 283 243 ex
308 218 386 250 parte
400 213 502 250 justam
527 221 639 242 causam
657 214 737 242 nobis
757 215 882 242 relictam
899 215 1070 247 videbamus,
1084 221 1229 251 propterea
1245 221 1274 244 et
1288 216 1487 244 contieuimus.

183 263 311 289 Attamen
334 267 389 287 non
414 259 540 291 deerant,
561 259 607 294 qui
626 264 655 287 et
681 259 736 286 alio
757 259 932 287 abundarent
946 263 968 290 Α

148 313 293 342 responso.
316 305 448 333 nimirum
468 311 576 332 errasse
594 303 783 331 Occidentales
812 308 932 336 sanctos,

148 358 175 380 et
198 353 226 379 in
245 351 297 378 hoc
315 352 444 385 deceptos
468 357 538 378 esse.
569 349 627 377 Hoc
649 353 742 377 autem
766 348 933 376 catholicam

147 398 231 425 tidem
251 395 333 424 nobis
349 399 487 428 evertere,
504 395 680 422 manifestum
698 399 751 422 est.
765 394 794 422 Si
810 394 884 422 enim
902 395 934 421 ti—

147 441 196 468 des
219 445 310 469 nostra
333 440 436 475 pendet
451 447 464 467 a
482 439 598 472 sanctis,
615 439 644 467 hi
663 446 729 467 vero
750 439 884 467 falluntur
905 440 934 467 in

148 487 211 514 ﬁdei
228 486 356 519 veritate,
370 485 438 513 ﬁdes
449 492 546 513 eversa
562 489 615 512 est.

181 532 330 568 Propterea
356 532 440 566 igitur
462 531 526 565 jure
549 531 654 566 optimo
676 538 739 558 eum
753 531 859 559 Latinis
869 532 933 560 sub-

147 584 240 606 secuta
257 583 300 606 est
314 581 342 605 et
356 577 517 605 confirmata
535 577 682 605 concordia
695 597 703 611 ,
717 581 745 605 et
759 585 855 606 omnes
871 578 932 606 abs-

146 634 201 661 que
221 625 275 653 ulla
298 625 337 656 vi,
362 624 417 651 Deo
443 628 528 656 teste,
559 628 772 651 consenserunt.
793 624 932 659 Quotquot

147 674 237 697 autem
260 668 420 696 consentire
439 667 589 694 noluerunt
613 667 653 701 (hi
671 675 736 694 vero
752 667 818 700 duo,
830 672 859 695 et
875 675 931 695 non

147 715 263 749 amplius
279 713 381 749 erant),
403 720 458 739 non
476 711 577 744 coacti,
594 711 642 739 sed
661 712 765 739 domini
781 712 824 739 sui
845 712 931 747 ipsius

147 759 318 794 propriasque
330 757 475 785 sententiae
490 761 692 784 remanserunt.
713 756 814 784 Iurene
826 765 857 784 ac
875 765 931 785 me-

147 803 212 834 rito,
229 807 257 828 tu
271 802 329 836 ipse
342 800 492 835 iudicabis,
506 804 652 835 postquam
671 800 774 827 videris
787 808 819 828 ac
832 801 930 837 legeris

146 847 323 875 auctoritates
338 850 509 880 sanctorum,
523 853 591 881 quas
604 845 653 872 tibi
666 853 741 873 nunc
758 846 849 874 mitto.
863 845 930 880 Quis

144 895 219 921 enim
239 893 312 920 inter
328 892 500 920 Christianos
522 892 701 925 constitutus,
726 899 782 919 non
799 892 867 920 istos
885 900 929 920 se-

130 556 137 572 1

146 943 289 974 queretur,
312 945 344 965 ac
370 942 457 965 staret
475 945 538 965 cum
561 942 634 965 coetu
655 938 754 966 horum
773 939 927 973 doctorum,
946 929 967 956 Β

147 984 269 1019 itemque
277 983 453 1011 orientalium
464 983 474 1010 ?
485 982 610 1010 Consona
618 983 692 1011 enim
707 984 825 1012 invicem
836 985 928 1013 dicere

146 1037 260 1058 necesse
277 1034 319 1056 est
333 1036 382 1057 eos
401 1027 548 1061 arbitrari,
568 1028 800 1065 quemadmodum
817 1029 845 1058 in
867 1037 927 1058 ora-

147 1077 222 1104 tione
237 1084 252 1103 a
269 1083 313 1103 me
333 1076 436 1110 scripta
450 1075 488 1110 (l)
508 1075 602 1102 multis
616 1076 744 1104 ostendo.

181 1123 257 1149 Dicta
274 1121 358 1157 igitur
370 1125 528 1149 sanctorum
545 1120 591 1148 illa
607 1121 666 1156 ipsa
680 1129 730 1156 per
748 1129 808 1150 sese
823 1122 857 1150 ad
873 1123 928 1151 sol<

147 1168 264 1196 vendam
283 1174 394 1195 omnem
410 1166 633 1202 ambiguitatem,
652 1171 680 1195 et
697 1168 846 1203 unicuique
863 1177 927 1204 per-

145 1213 317 1241 suadendum
332 1212 401 1251 satis
414 1217 488 1240 sunt.
506 1212 642 1245 Quoniam
666 1213 733 1240 mihi
747 1221 857 1250 quoque
871 1221 928 1242 non

145 1258 308 1295 syllogismi,
333 1265 424 1294 neque
438 1257 652 1294 probabilitates
675 1262 704 1286 et
718 1258 929 1287 demonstratio-

144 1313 205 1339 ncs,
219 1306 266 1333 sed
283 1305 342 1343 ipsa
356 1305 429 1333 nuda
450 1305 523 1333 dicta
537 1309 696 1332 sanctorum
718 1310 925 1341 persuaserunt.

144 1353 232 1382 Simul
250 1353 323 1380 enim
340 1360 372 1380 ac
394 1351 450 1381 vidi
466 1356 494 1379 et
515 1351 608 1379 audivi
626 1359 675 1385 ca,
696 1352 791 1380 statim
814 1357 927 1380 conten-

144 1400 211 1427 dere
231 1399 342 1434 penitus
365 1398 448 1431 desii,
474 1405 538 1425 cum
557 1403 647 1426 tamen
662 1398 741 1432 prius
756 1405 812 1426 non
827 1406 926 1434 parum

143 1453 271 1482 urgerent
284 1449 366 1480 atque
379 1445 522 1472 instat-em.
535 1444 698 1472 Existimavi
713 1444 789 1471 enim
805 1450 926 1478 sanctos,

144 1500 207 1519 cum
222 1491 327 1528 Spiritu
340 1494 435 1518 sancto
449 1489 533 1517 locuti
545 1489 659 1523 iuerint,
672 1498 726 1517 non
742 1498 846 1525 possea
862 1499 928 1519 vero

143 1537 294 1569 declinare,
310 1540 338 1563 et
352 1542 423 1570 mare
433 1535 492 1566 tuli,
510 1535 581 1569 quod
593 1542 689 1561 eorum
699 1535 771 1562 dicta
786 1535 862 1569 prius
872 1542 927 1562 non

144 1582 323 1611 audivissem.
345 1581 432 1608 Nemo
450 1581 522 1607 enim
543 1584 667 1607 nostrum
681 1580 791 1607 Latinos
806 1587 926 1615 unquam

144 1634 249 1656 tantam
264 1628 319 1656 vim
337 1635 371 1655 ex
383 1626 465 1654 dictis
479 1630 638 1653 sanctOrum
650 1625 794 1653 habituros
802 1633 864 1653 esse
879 1633 925 1652 ar-

143 1674 310 1702 bitrabatur.
323 1672 533 1707 Quamprimum
549 1676 652 1703 tamen,
677 1674 743 1698 tunc
757 1671 854 1698 saltem
874 1671 930 1699 vidi

144 1724 172 1747 et
191 1718 295 1751 audivi,
315 1717 349 1745 ab
382 1717 456 1744 omni
481 1716 659 1743 contentione
686 1716 930 1751 controversiaqne

144 1763 270 1796 discessi,
290 1766 437 1798 gratesque
448 1760 503 1788 Deo
523 1761 577 1796 egi,
596 1760 668 1796 quod
680 1760 743 1788 inde
757 1766 858 1788 tantam
875 1761 929 1788 uti-

144 1810 252 1838 litatem
279 1806 474 1844 percepissem.
500 1807 585 1842 igitur
609 1806 658 1833 tibi
682 1813 790 1841 quoque
811 1806 930 1835 candido

145 1855 278 1888 auditori,
297 1855 477 1889 animumque
502 1851 633 1887 cupidum
659 1851 781 1879 veritatis
805 1851 928 1884 habenti,

144 1909 228 1938 atque
252 1901 328 1930 omni
351 1900 511 1928 Christiano
542 1899 581 1926 tui
611 1897 696 1926 simili
720 1898 778 1926 hme
802 1899 846 1927 vel
870 1899 928 1927 sola

143 1948 292 1977 sufficient.

179 1993 316 2027 Quoniam
335 2000 401 2020 vero
419 1996 448 2019 et
461 1991 568 2026 aliquot
587 1990 766 2025 probationes
789 1998 804 2018 a
822 1990 929 2018 ratione

144 2039 244 2075 petitas
255 2038 366 2073 quaeris,
381 2042 426 2064 tua
434 2044 517 2064 causa
527 2035 715 2067 mediocriter,
727 2040 860 2070 quantum
870 2035 929 2063 ﬁeri

145 2085 258 2121 poterit,
274 2084 366 2112 ethoc
379 2082 581 2119 praestabimus,
591 2081 744 2109 rationibus
757 2086 927 2114 sanctorum,

145 2132 294 2165 divinaque
313 2129 457 2163 Scriptura
471 2128 526 2155 nixi
542 2133 570 2155 et
586 2127 658 2154 freti.
675 2127 751 2159 Quod
767 2127 878 2161 quidem
901 2132 928 2154 et

146 2178 173 2204 in
190 2176 328 2208 oratione,
343 2182 404 2209 quaI
419 2177 453 2201 de
470 2172 618 2200 concordia
634 2171 805 2204 inscribitur,
823 2172 927 2207 praesti-

147 2223 240 2250 timus.
253 2219 444 2248 Praestabimus
458 2224 548 2248 tamen
564 2219 744 2246 nihilominus
755 2223 782 2245 et
792 2218 839 2245 hic
847 2226 928 2253 quas-

145 2269 207 2296 dam
231 2267 352 2294 rationes
372 2266 547 2300 attingcntes.
570 2265 722 2299 Antequam
736 2269 826 2292 tamen
838 2264 872 2291 de
885 2265 928 2291 his

147 2314 307 2349 singillatim
319 2313 453 2344 dicamus,
476 2316 506 2339 ut
522 2311 632 2338 facilior
647 2311 726 2337 nobis
742 2310 872 2346 deinceps
883 2310 929 2338 ﬁat

146 2361 244 2393 oratio,
261 2359 384 2395 quaedam
398 2360 476 2394 prius
487 2365 595 2385 sumere
612 2361 654 2384 est
667 2364 787 2384 necesse.

146 2418 324 2454 Sumptionee,
333 2421 357 2444 et
370 2417 458 2452 prima
468 2416 572 2451 quidem
583 2416 715 2454 qupdnnm
727 2418 791 2442 esset
803 2414 928 2441 constitu-

368 2450 448 2479 iivum
468 2450 587 2487 persona:
605 2450 707 2477 Patris.

181 2500 315 2534 Quoniam
331 2498 482 2533 unicuique
500 2497 606 2524 entium
619 2495 654 2523 ad
672 2502 844 2523 communem
865 2503 929 2530 spc-

146 2548 216 2575 ciem
234 2551 276 2574 est
291 2544 403 2580 propria
419 2543 542 2579 quaedam
557 2543 611 2570 alia
626 2541 742 2576 species,
761 2549 815 2575 qua
825 2541 928 2569 constiv

147 2594 243 2626 tuitur,
259 2596 286 2619 et
304 2597 356 2624 est,
375 2596 403 2618 et
420 2589 571 2617 secundum
596 2596 679 2622 quam
698 2587 800 2614 dicitur
825 2587 927 2621 aliquid

146 2639 197 2666 hoc
218 2646 267 2665 ens
284 2644 291 2663 τ
305 2637 388 2664 veluti
412 2635 494 2670 hujus
508 2633 637 2666 hominis,
653 2637 718 2667 puta
732 2632 817 2664 Petri,
830 2637 927 2667 pra:ter

145 2690 319 2710 t'Olltlllllllelll
343 2681 475 2716 speciem.
491 2686 552 2713 quae
576 2678 685 2713 quidem
705 2684 752 2711 ‘est
773 2678 927 2706 communis

145 2729 312 2759 humanitas,
340 2731 383 2753 est
405 2730 433 2753 ct
459 2725 508 2752 alia
528 2724 674 2760 peculiaris
704 2725 818 2760 species,
850 2724 927 2760 juxta

181 2819 219 2851 (i)
241 2818 276 2845 Ea
294 2822 335 2846 est
350 2817 511 2851 dogmatiea.

1019 260 1110 288 Ἦσαν
1121 262 1229 296 δ’ὄμως
1247 262 1271 288 οἳ
1296 263 1344 289 καὶ
1358 262 1453 297 ἑτέρας
1473 262 1638 298 ηὺπόρησαν
1672 263 1768 289 ἀπολο-

985 309 1059 342 γίας,
1086 307 1213 342 δηλονότι
1239 307 1409 342 πλανηθῆναι
1438 307 1500 338 τοὺς
1524 307 1652 339 δυτικοὺς
1674 308 1768 342 ἁγίους

985 354 1033 380 καὶ
1044 352 1195 388 ψεύσασθαι
1212 353 1241 379 ἐν
1263 353 1362 387 τούτῳ.
1378 352 1464 379 Τοῦτο
1493 352 1515 380 δ’
1531 353 1572 379 ὅτι
1588 353 1637 388 τὴν
1653 353 1768 379 καθόλου

985 400 1050 434 ήμϊν
1063 399 1154 425 πίστιν
1166 398 1324 433 ἀνατρέπει,
1348 399 1475 433 φανερόν.
1518 398 1550 424 Εί
1564 399 1618 433 γάρ
1639 399 1656 433 ή
1679 398 1768 430 πίστις

985 444 1063 479 ἡμῶν
1085 444 1202 479 ἢρτηται
1222 444 1276 470 τῶν
1299 444 1396 478 ἁγίων,
1423 444 1447 470 oi
1474 444 1501 470 δὲ
1528 443 1681 471 πλανῶνται
1705 445 1768 479 περὶ

983 490 1033 526 τὴν
1045 490 1185 525 ἀλήθειαν,
1199 490 1215 525 ἡ
1231 490 1323 521 πίστις
1337 490 1556 524 ἀνατέτραπται.

1019 535 1068 562 Διά
1082 534 1169 562 ταῦτα
1192 533 1238 561 οὖν
1255 534 1373 568 εὐλόγως
1399 535 1416 569 ἡ
1433 535 1501 569 μετὰ
1515 533 1639 561 Λατίνων
1654 533 1767 570 ἠκολού-

984 582 1067 618 ϐησεν
1081 582 1188 613 ἓνωσις.
1213 581 1268 608 Καὶ
1293 583 1394 613 πάντες
1418 581 1568 613 ἀὸιάστως,
1596 581 1635 612 ὡς
1660 583 1674 608 ο
1701 581 1767 611 Θεὸς

982 626 1048 660 οἵδε,
1064 628 1219 655 συνέθεντο.
1239 628 1316 653 Ὅσοι
1330 627 1359 653 δὲ
1386 627 1532 654 συνθέσθαι
1546 627 1596 653 οὐκ
1611 626 1768 661 ἠϐουλήθη-

984 682 1033 700 σαν
1059 672 1140 710 (ἦσαν
1151 674 1179 700 δὲ
1192 673 1250 705 δύο,
1270 674 1317 699 καὶ
1336 674 1366 700 οὺ
1384 673 1516 707 πλείους),
1553 672 1690 706 ἁδίοιστοι,
1718 672 1767 698 καὶ

982 721 1073 755 κύριοι
1088 719 1202 753 ἑαυτῶν,
1226 720 1338 753 καὶτῆς
1357 719 1425 750 ιδίας
1452 719 1566 754 ἔμειναν
1588 717 1713 753 γνώμης.
1733 717 1766 744 Εί

982 766 1004 792 δ’
1015 766 1146 800 εὐλόγως,
1159 766 1175 800 ἢ
1199 765 1248 800 μὴ,
1261 765 1378 799 κρινεῖς,
1407 764 1456 795 τὰς
1474 764 1529 790 τῶν
1542 763 1629 798 ἁγίων
1659 764 1765 798 ῥήσεις,

981 812 1012 842 ἃς
1027 820 1067 838 σοι
1081 811 1128 837 νῦν
1143 810 1256 845 πέμπω,
1268 810 1400 844 ὀψόμενός
1419 817 1450 835 τε
1479 808 1527 835 καὶ
1542 807 1686 842 ἀναγνούς.
1718 808 1766 839 Τίς

980 858 1034 892 γὰρ
1050 856 1135 884 τελῶν
1151 857 1192 887 είς
1221 855 1414 891 Χριστιανοὺς,
1445 855 1495 881 οὐκ
1525 854 1558 880 ἂν
1582 854 1679 888 έψαιτο
1702 853 1764 880 τοὺ-

981 911 1048 935 τοις,
1063 903 1108 929 καὶ
1124 901 1203 937 σταίη
1232 901 1302 936 μετὰ
1327 901 1373 927 τοῦ
1389 900 1443 927 τῶν
1466 900 1635 927 διδασκάλων
1662 899 1766 926 τούτων

982 948 1075 984 χοροῦ.
1092 948 1151 982 ἅμα
1164 947 1193 973 δὲ
1209 946 1256 973 καὶ
1271 946 1316 973 τοῦ
1331 946 1385 972 τῶν
1409 945 1577 972 ἀνατολικῶν
1590 953 1597 977 ;
1627 944 1765 979 Σὺμφωνα

981 995 1035 1030 γάρ
1050 993 1176 1028 ἀλλήλοις
1190 992 1297 1027 ἀνάγκη
1314 989 1436 1023 δοξάζειν
1461 991 1561 1021 αὐτοὺς
1592 990 1693 1022 εἰπεῖν,
1725 990 1765 1021 ὡς

981 1041 1010 1066 ὲν
1024 1039 1063 1074 τῷ
1081 1037 1320 1074 συγγεγραμμένῳ
1338 1045 1383 1072 μοι
1406 1036 1477 1072 λόγῳ
1492 1035 1537 1063 διὰ
1566 1035 1696 1063 πλειόνων
1711 1035 1766 1062 δει-

981 1085 1066 1113 κνῡω.

992 1147 999 1155 -
1016 1132 1092 1160 Δῦτὰ
1120 1132 1170 1166 μὲν
1180 1129 1227 1158 οὖν
1254 1131 1287 1157 τὰ
1304 1130 1374 1165 ρῃτά
1401 1129 1463 1156 καθ’
1482 1129 1553 1156 αὐτὰ
1583 1128 1651 1164 μόνα
1684 1128 1766 1156 ἰκανᾶ

982 1179 1036 1204 sict
1060 1177 1150 1204 πᾶσαν
1174 1176 1340 1211 ἀμφιϐολίαν
1363 1174 1454 1208 λῦσαι,
1491 1174 1539 1201 καὶ
1554 1175 1644 1201 πᾶσαν
1671 1174 1766 1200 πεῖσαι

981 1225 1082 1260 ψυχήν.
1106 1223 1183 1251 Ἐπεὶ
1195 1222 1269 1257 κάμὲ
1284 1223 1315 1249 οὗ
1330 1222 1521 1256 συλλογισμοὶ,
1537 1221 1599 1248 οὐδὲ
1623 1220 1766 1248 πιθανολο-

982 1268 1099 1303 γίαικαὶ
1127 1268 1292 1300 ἀποδείξεις,
1334 1267 1393 1294 ἀλλ’
1408 1266 1474 1295 αὐτὸ
1497 1266 1589 1301 γυμνὰ
1625 1266 1659 1293 τὰ
1695 1265 1767 1301 ῥητὰ

981 1314 1193 1350 Επεισαν.”Ᾱμα
1204 1314 1258 1349 γὰρ
1280 1313 1342 1340 ιδὼν
1362 1313 1410 1340 καὶ
1426 1312 1548 1344 ἀκούσας
1576 1312 1659 1345 αὐτὰ,
1683 1311 1766 1342 εὐθὺς

982 1361 1074 1396 πάσης
1095 1361 1263 1396 φιλονεικίας
1289 1361 1339 1387 κα)⁸
1365 1359 1453 1394 ἔριδος
1475 1359 1652 1394 ἐπαυσάμην,
1676 1359 1765 1384 καίτοι

983 1408 1117 1443 πρότερον
1146 1407 1322 1441 ἐνιστάμενος
1346 1406 1377 1432 οὐ
1407 1404 1540 1441 μετρίως.
1568 1404 1681 1440 Ἐκρινα
1711 1403 1766 1438 γὰρ

981 1451 1045 1482 τοὺς
1059 1450 1153 1484 ἁγίους
1169 1449 1308 1484 Πνεύματι
1323 1450 1394 1485 ἁγίῳ
1409 1450 1589 1485 λαλήσαντας,
1621 1449 1658 1485 μὴ
1683 1448 1765 1475 δύνα-

985 1496 1046 1522 σοαι
1062 1495 1197 1522 ἐκκλίνειν
1210 1495 1256 1522 τοῦ
1268 1495 1397 1530 ἀληθοῦς,
1422 1496 1468 1522 καὶ
1483 1495 1630 1530 ἀχθεσθεὶς
1665 1494 1706 1521 ὅτι
1727 1494 1765 1529 μὴ

982 1542 1115 1577 πρότερον
1126 1541 1197 1567 αὑτά
1228 1541 1371 1575 ἡκηκόειν.
1390 1541 1483 1572 οὐδεὶς
1494 1541 1548 1576 γὰρ
1562 1542 1689 1568 οὐδέποτε
1709 1541 1765 1567 τῶν

983 1587 1126 1622 ἡμετέρων
1140 1586 1274 1620 τοσαύτην
1291 1586 1344 1612 ἀπὸ
1359 1586 1450 1620 ρητῶν
1461 1587 1524 1618 τοὺς
1539 1587 1671 1617 Λατίνους
1687 1587 1765 1621 ἰσχὺν

982 1632 1049 1667 disco
1061 1631 1150 1666 ἔχειν·
1166 1631 1209 1657 ὅτε
1224 1631 1310 1665 ὅμως,
1330 1631 1392 1657 τότε
1422 1631 1499 1665 γοῦν,
1522 1631 1592 1657 αὐτὰ
1621 1627 1691 1657 εἶδον
1717 1632 1765 1657 καὶ

981 1677 1102 1712 ἤκουσα,
1128 1676 1219 1710 πάσης
1244 1675 1478 1710 ἀμφισὸητήσεως
1504 1675 1676 1711 ἀπηλλάγην,
1716 1676 1765 1702 καὶ

982 1723 1095 1758 χάριτας
1109 1722 1272 1757 ὡμολόγησα
1285 1722 1323 1756 τῷ
1334 1721 1405 1756 Θεῷ,
1423 1722 1543 1748 τοσαῦτα
1567 1722 1674 1749 ἐκεῖθεν
1691 1722 1765 1755 ὠφε-

981 1769 1083 1804 ληθεὶς.
1101 1769 1154 1795 Καί
1171 1777 1212 1795 σοι
1228 1769 1319 1794 τοίνυν
1339 1767 1492 1802 εὐγνώμονι
1507 1768 1642 1804 ἀκροατῇ,
1654 1768 1701 1795 καὶ
1715 1768 1765 1803 ψυ-

981 1815 1032 1849 χὴν
1058 1813 1149 1848 ἔχοντι
1178 1813 1227 1849 τῆς
1257 1813 1388 1848 ἀληθείας
1421 1813 1570 1849 ἐφιεμένην
1601 1813 1649 1840 καὶ
1679 1815 1764 1840 παντὶ

980 1860 1065 1895 ὁμοίῳ
1080 1858 1236 1895 Χριστιανῷ
1251 1859 1338 1886 ταῦτα
1355 1859 1471 1895 ἀρκέσει
1487 1859 1535 1886 καὶ
1552 1859 1633 1895 μόνα.

1024 1994 1098 2021 Ἐπεὶ
1111 1993 1140 2020 δὲ
1155 1994 1201 2021 καί
1220 2002 1295 2026 τινας
1315 1993 1368 2021 ἀπὸ
1387 1993 1530 2030 λογισμῶν
1556 1995 1642 2026 αἰτεῖς
1657 1995 1764 2023 ἀποδεί-

982 2040 1049 2074 ξεις,
1068 2040 1118 2076 σὴν
1134 2041 1213 2076 χάριν
1229 2044 1359 2076 μετρίως,
1383 2041 1421 2072 ὡς
1436 2041 1495 2068 ὲνδν
1510 2042 1650 2069 καὶτοῦτο
1684 2043 1764 2078 ποιή-

982 2094 1076 2120 σομεν,
1094 2086 1146 2112 ἀπὸ
1161 2086 1215 2112 τῶν
1237 2085 1325 2120 λόγων
1340 2087 1395 2113 τῶν
1421 2086 1507 2120 ἁγίων
1533 2087 1581 2113 καὶ
1613 2087 1664 2122 τῆς
1688 2087 1764 2120 θείας

981 2132 1090 2167 Γραφῆς
1112 2132 1278 2166 ὁρμώμενοι.
1298 2131 1330 2158 "0
1350 2131 1439 2158 ἔνεστι
1469 2133 1517 2167 μὲν
1548 2133 1600 2159 κάν
1630 2132 1668 2168 τῷ
1696 2132 1765 2167 περὶ

981 2178 1115 2210 ἑνώσεως
1131 2177 1367 2212 ἐπιγεγραμμένῳ
1380 2185 1425 2212 μοι
1442 2177 1525 2212 λόγῳ·
1554 2178 1706 2212 ποιήσομεν
1729 2178 1758 2204 δὲ

981 2225 1054 2258 ὅμως
1070 2224 1209 2250 κάνταῦθα
1222 2223 1304 2250 τινῶν
1316 2223 1402 2256 λόγων
1426 2223 1574 2258 ἁψάμενοι.
1593 2224 1651 2259 Πρὸ
1670 2224 1699 2250 δὲ
1716 2224 1762 2251 τοῦ

981 2269 1051 2295 κατᾶ
1073 2269 1153 2303 μέρος
1168 2268 1345 2303 περὶτούτων
1360 2269 1459 2300 εἰπεῖν,
1479 2269 1587 2304 ἀνάγκη
1609 2269 1671 2296 τινὰ
1697 2279 1762 2304 προ-

981 2316 1083 2347 λαῦεῑν,
1104 2314 1172 2350 πρὸς
1195 2315 1225 2340 τδ
1251 2315 1417 2350 σαφέστερον
1445 2314 1491 2341 τὸν
1520 2315 1584 2350 ἑξῆς
1609 2315 1688 2349 λόγον
1718 2324 1764 2350 γε-

981 2359 1087 2386 νέσοαι.

983 2415 1140 2450 Λήμματα,
1155 2416 1204 2442 καί
1221 2415 1339 2454 πρῶτον
1348 2416 1378 2442 τί
1393 2416 1442 2454 ἄν.
1450 2416 1497 2454 et!)
1512 2419 1698 2445 συστατικὸν
1712 2416 1764 2445 τοῦ

1196 2451 1359 2486 προσώπου
1389 2451 1442 2478 τοῦ
1462 2453 1590 2485 Πατρός.

1024 2496 1099 2522 Ἐπεὶ
1113 2496 1228 2522 ἑκάστου
1255 2496 1309 2522 τῶν
1324 2495 1407 2522 ὅντων
1427 2496 1495 2531 πρὸς
1523 2497 1561 2531 τῷ
1589 2497 1670 2532 κοινῷ
1690 2497 1764 2530 εἴδει,

981 2543 1039 2568 ἔστι
1052 2551 1077 2568 τι
1092 2544 1138 2568 καὶ
1153 2542 1247 2577 ἕτερον
1276 2541 1341 2568 ίδιον
1374 2539 1454 2574 εἶδος,
1484 2539 1506 2576 ᾧ
1537 2543 1695 2569 συνίσταται
1718 2543 1765 2569 καὶ

982 2589 1052 2621 ἐστι,
1066 2589 1114 2614 καὶ
1129 2587 1197 2614 καθὸ
1212 2588 1320 2621 λέγεται
1338 2588 1397 2613 τόδε
1415 2597 1440 2614 τι
1456 2588 1503 2614 καὶ
1519 2588 1560 2614 ὃν·
1579 2587 1674 2623 ὥσπερ
1689 2588 1765 2614 τοὶδε

980 2634 1027 2661 τοῦ
1037 2633 1194 2668 ἀνθρώπου,
1212 2633 1258 2659 τοῦ
1275 2633 1380 2667 Πέτρου
1396 2633 1489 2668 τυχὸν,
1521 2634 1590 2668 πρὸς
1620 2634 1659 2668 τῷ
1683 2633 1765 2668 κοινῷ

981 2681 1058 2713 εῖδει,
1077 2681 1146 2715 ὅπερ
1165 2680 1239 2706 ἐστιν
1264 2680 1281 2714 ἡ
1309 2679 1498 2714 ἀνθρωπότης,
1524 2680 1582 2706 ἐστι
1605 2681 1651 2706 καὶ
1672 2680 1764 2715 έ-ερον

982 2726 1047 2753 ἴδιον
1062 2724 1142 2758 εἶδος,
1157 2725 1225 2753 καθὸ
1239 2724 1281 2751 ὅδε
1294 2725 1308 2751 ὁ
1322 2724 1466 2760 ἅνθρωπός
1482 2726 1540 2752 ἐστι
1559 2725 1661 2760 Πέτρος
1686 2725 1764 2760 τυχὸν
