1925 3056
142 135 194 168 361

598 137 649 168 DE
669 135 931 168 PROCESSIONE
952 135 1135 167 SPIRITUS
1154 135 1307 168 SANCTI.

1702 137 1756 168 36!

144 194 161 228 ἢ
183 192 310 232 ᾈΠαῦλος,
343 193 413 229 ὅπερ
439 194 496 220 itm
530 194 576 220 καὶ
605 195 787 229 ἀκοινώνητον
817 193 941 229 ἑτέρῳ-η

998 201 1059 221 uam
1080 193 1127 221 hic
1153 193 1234 221 homo
1250 197 1293 221 est
1310 192 1379 221 forte
1398 192 1493 220 Petrus
1512 192 1554 219 vel
1570 191 1679 225 Paulus,
1694 200 1754 227 qure

148 238 231 265 τοῦτο
241 239 264 265 δ’
275 239 347 266 ἐστὶν
365 240 381 274 ὴ
397 239 470 275 ψυχὴ
487 239 569 266 αὑτοῦ
580 240 713 275 δηλονότι,
740 240 770 266 τὺ
799 239 889 274 σῶμα,
906 239 924 274 ἢ

146 283 248 317 ἄλλοτι,
262 285 329 320 ὅπερ
345 285 420 312 ἐστὶν
435 286 508 320 αὐτῷ
537 285 610 322 ἀρχὴ
624 286 671 312 ¹τοῦ
701 286 802 321 ἄτομον
832 283 904 312 εἶναι
916 292 924 299 ·

150 330 281 368 ζητητέον
295 332 341 359 καὶ
357 332 404 360 ἐπὶ
426 332 473 359 τοῦ
499 333 566 360 Θεοῦ
594 334 641 360 καὶ
667 333 783 369 Πατρδς,
810 333 836 360 τί
866 332 924 359 ποτ’

147 377 221 403 ἔστιν
239 377 313 412 αὒτῷ
329 377 395 404 tam
412 376 492 411 εἶδος,
516 379 546 405 τδ
560 379 706 414 πρόσωπον
738 378 822 405 αὑτοῦ
851 387 926 405 συνι-

148 422 229 449 στῶν.
246 422 324 449 Ἔστι
341 422 391 457 μὲν
401 423 454 458 γὰρ
469 423 558 451 κοινὸν
576 423 651 458 αὑτῷ
666 424 704 458 τῷ
718 423 816 459 Πατρὶ,
828 423 883 457 Υἱῴ
897 431 927 448 τε

149 468 196 494 καὶ
210 468 348 502 Πνεύματι
364 468 411 495 καὶ
430 469 557 500 οὐσιῶδες
582 468 662 501 εἶδος,
699 469 728 496 ἓν
756 469 804 496 καὶ
829 468 929 496 ταυτὸν

149 512 259 547 ἀριθμῷ
271 513 314 545 ὃν,
330 513 457 549 δηλαδὴὴ
484 513 578 550 θεότης
589 534 597 548 ,
625 514 687 545 καθῖ
698 514 732 550 ἢν
760 515 818 549 μετ’
836 513 929 541 αὐτῶν

149 555 188 588 εἷς
203 559 261 584 ἐστι
276 557 353 590 Θεός·
369 558 424 593 ἔχει
440 559 532 593 μέντοι
565 560 612 586 καὶ
634 560 727 596 ἕτερον
754 561 820 587 ἴδιον
848 558 929 592 εἶδος,

125 602 333 637 ⁴ςὰκοινώνηιιον
345 604 402 636 τοῖς
423 604 515 636 ἄλλοις
540 605 697 640 προσώποις
712 625 720 638 ,
743 606 811 632 καθὸ
826 606 884 632 τόδε
903 614 930 632 τι

149 648 199 674 καὶ
229 648 375 683 πρόσωπον
401 650 430 676 ὲν
467 651 501 685 τῇ
531 650 591 687 θείᾳ
617 651 714 686 Τριάδι
745 651 813 679 ἐστι.
844 651 931 678 Τοῦτο

151 694 198 720 οὖν
214 694 240 720 τι
255 694 316 722 ποτ’
328 695 388 722 ἐστι
403 695 548 732 ζητητέον.

976 239 1087 274 quidem
1105 239 1211 274 species
1224 239 1335 266 minime
1348 238 1567 266 communicatur
1579 245 1640 264 cum
1652 239 1754 269 altero;

977 285 1035 312 hate
1045 289 1136 312 autem
1150 290 1192 312 est
1207 285 1249 312 vel
1259 286 1346 320 ipsius
1363 284 1466 312 Scilicet
1480 284 1582 316 anima,
1592 283 1633 310 vel
1646 291 1756 317 corpus,

977 331 1021 358 vel
1039 324 1142 365 aliquid
1156 331 1244 365 aliud,
1261 331 1334 366 quod
1348 335 1390 358 est
1411 330 1462 364 ipsi
1480 329 1658 365 principium,
1678 335 1707 356 ut
1723 330 1759 357 sit

978 375 1150 403 individuum
1161 376 1357 411 :quasrendum
1367 380 1410 403 est
1420 380 1448 403 et
1458 376 1486 403 in
1495 375 1556 410 ipso
1567 375 1620 402 Deo
1630 379 1657 402 et
1666 375 1757 407 Patre,

979 428 1104 456 quanam
1123 421 1173 456 ipsi
1184 421 1294 456 propria
1306 422 1342 448 sit
1359 421 1479 456 species.
1494 428 1555 455 quas
1566 419 1652 455 ipsius
1667 426 1761 454 perso-

980 474 1042 494 nam
1066 467 1230 495 constituat.
1250 467 1360 494 Etenim
1375 466 1529 494 communis
1546 465 1653 499 species
1671 469 1699 492 et
1716 473 1762 492 es-

981 513 1105 541 sentialis
1115 516 1158 541 est
1174 513 1226 548 ipsi
1239 513 1326 546 Patri,
1336 513 1460 548 Filioque
1475 520 1508 540 ac
1519 511 1636 547 Spiritui
1654 515 1761 542 sancto,

981 565 1035 585 una
1051 558 1204 594 eademque
1227 566 1340 586 numero
1359 559 1494 586 exsistens
1512 557 1642 585 nimirum
1663 556 1761 589 deitas,

982 605 1133 633 secundum
1150 613 1232 640 quam
1253 606 1335 634 simul
1353 613 1415 633 cum
1439 605 1506 640 ipsis
1527 613 1598 633 unus
1614 608 1657 632 est
1678 604 1762 631 Deus.

981 652 1112 679 Attamen
1124 651 1207 679 habet
1223 654 1250 679 et
1271 652 1384 679 alteram
1403 651 1543 686 propriam
1561 650 1692 686 speciem,
1703 656 1765 684 quae

984 704 1040 724 non
1057 697 1277 724 communicatur
1290 703 1351 724 cum
1368 696 1429 724 aliis
1443 696 1578 731 personis,
1594 696 1670 731 juxta
1682 702 1764 730 quam

984 741 1038 768 hoc
1052 741 1154 776 aliquid
1168 745 1211 769 est
1223 744 1250 769 et
1267 748 1384 776 persona
1397 740 1424 768 in
1438 741 1612 769 sanctissima
1619 740 1763 768 Trinitate.

986 785 1043 814 Hoc
1055 787 1139 822 igitur
1154 786 1284 822 quidnam
1297 787 1344 822 sit,
1359 787 1538 822 quaerendum
1552 790 1606 814 est.

155 851 216 880 ὀτι
234 853 268 880 τὸ
283 853 451 890 ἀγέννητον
464 855 520 884 οὐκ
536 856 603 884 ἐστι
615 856 803 884 συστατικὸν
828 855 932 885 αὐτοῦ.

1039 855 1114 890 Quod
1131 857 1276 892 ingenitum
1291 865 1343 884 non
1354 860 1392 884 est
1406 855 1603 884 constitutivunt
1618 854 1712 890 ipsius.

188 920 225 947 Τὸ
245 921 294 956 μὲν
308 922 354 949 οῦν
366 922 513 958 ἀγέννητον
525 924 573 951 οὐκ
586 921 655 952 ἔστι.
678 925 763 953 Τοῦτο
787 926 841 962 γάρ
859 927 932 954 ἐστιν

153 965 300 1000 ἀπόφασις
312 967 387 995 οὐδὲν
401 968 429 995 δὲ
438 968 493 996 τῶν
518 969 602 996 ὄντων
617 970 688 997 κατὰ
705 971 843 1006 ἀπόφασιν
861 971 934 1007 ἔχει,

154 1011 213 1038 τοδέ
230 1020 257 1038 τι
269 1010 349 1040 εἶναι.
383 1013 454 1040 Ἀλλ’
466 1014 540 1042 ἔστιν
565 1016 647 1042 αὐτοῦ
676 1016 776 1051 ιδίωμα
801 1017 934 1052 ἑπόμενον

157 1058 284 1085 συστάντι
295 1059 334 1094 τῷ
347 1059 486 1095 προσώπῳ
498 1061 593 1089 αὐτοῦ.
610 1063 648 1088 οὺ
661 1062 715 1098 μὴν
730 1063 791 1090 οὐδὲ
803 1064 834 1090 τὸ
849 1063 935 1091 αἴτιον

156 1103 293 1138 λέγεσθαι.
311 1105 342 1132 Et
355 1106 410 1142 γὰρ
421 1106 494 1133 τοῦτ’
505 1105 540 1143 ἦν
553 1107 582 1134 τὸ
592 1108 775 1136 ὑποστατικὺν
801 1109 874 1144 αὐτῷ
899 1108 936 1137 sf-

156 1150 213 1182 δος,
237 1150 324 1182 αἴτιος
357 1151 460 1186 μᾶλλον
487 1153 596 1187 ἐλέγετο
614 1154 631 1188 ἦ
660 1155 768 1190 Πατήρ.
797 1155 866 1182 ‘AD.’
884 1156 936 1183 ὑπὸ

157 1195 267 1224 πάντων
290 1196 346 1223 τῶν
371 1198 539 1226 διδασκάλων
566 1199 664 1230 κοινῶς
695 1200 807 1236 Πατέρα
836 1200 937 1236 μᾶλλον

156 1241 324 1277 καλούμενον
335 1243 444 1280 ὁρῶμεν
458 1244 551 1272 αὐτόν.

194 1364 260 1391 ὀτι
272 1364 343 1392 οὐδὲ
357 1365 390 1392 τὸ
403 1366 500 1394 ηῖτιόν
512 1367 577 1395 ἐστι
589 1370 777 1397 συστατικὸν
798 1371 901 1398 αὑτοῦ.

197 1435 258 1462 Ἔτι
269 1434 299 1462 τὸ
328 1436 416 1463 αἴτιον
432 1436 548 1464 καθόλου
567 1446 596 1464 τε
613 1437 643 1465 ὃν
660 1439 707 1466 καὶ
729 1439 802 1467 κατὰ
822 1440 869 1468 τοῦ
885 1441 942 1468 Πα-

1022 926 1104 962 Igitur
1120 926 1192 961 quod
1211 931 1309 954 vocant
1328 925 1479 961 ingenitum
1490 931 1561 954 esse.
1577 929 1630 950 non
1643 926 1694 949 est.
1710 920 1768 948 Hoc

987 973 1059 1000 enim
1076 976 1118 999 est
1132 970 1242 1006 negatio
1256 979 1262 1004 ;
1279 971 1348 998 nihil
1362 974 1452 998 autem
1475 976 1584 1001 eorum,
1596 975 1657 1002 qua:
1674 966 1702 994 in
1726 973 1768 992 rc-

988 1026 1049 1045 rum
1069 1023 1168 1044 natura
1188 1016 1337 1049 exsistunt,
1351 1023 1411 1044 esse
1431 1016 1484 1043 hoc
1500 1013 1604 1049 aliquid
1629 1012 1712 1040 habet
1725 1019 1769 1039 se-

988 1063 1109 1091 cundum
1126 1061 1313 1097 negationem.
1335 1061 1388 1089 Sed
1401 1066 1444 1088 est
1459 1061 1510 1095 ipsi
1528 1048 1682 1095 proprietas
1697 1066 1770 1093 qu:e-
1822 1048 1826 1052 ’

989 1109 1064 1142 dam,
1091 1115 1152 1143 quas
1170 1107 1246 1135 illius
1270 1114 1416 1142 personam
1437 1106 1613 1134 constitutam
1635 1104 1770 1139 sequitur.

989 1154 1023 1181 At
1034 1160 1124 1188 neque
1141 1159 1252 1179 causam
1269 1151 1334 1184 diei,
1354 1151 1377 1178 si
1391 1151 1465 1178 enim
1482 1151 1535 1178 hoc
1551 1154 1624 1177 esset
1643 1150 1772 1185 hyposta-

991 1199 1044 1226 tica
1055 1198 1114 1233 ejus
1130 1197 1247 1232 species.
1261 1196 1352 1231 potius
1366 1200 1462 1223 auctor
1474 1199 1501 1222 et
1523 1202 1605 1222 causa
1618 1194 1771 1226 diceretur,

991 1251 1072 1279 quam
1088 1243 1188 1270 Pater:
1202 1248 1299 1269 verum
1326 1241 1360 1268 ab
1375 1240 1502 1267 omnibus
1518 1239 1700 1267 communiter
1725 1238 1774 1266 do-

992 1287 1112 1318 ctoribus
1127 1288 1237 1316 Patrem
1253 1286 1339 1323 magis
1352 1293 1416 1315 eum
1432 1284 1563 1322 appellari
1573 1284 1710 1314 videmus.

1089 1368 1180 1403 Neque
1197 1375 1277 1394 causa
1300 1370 1338 1394 est
1354 1366 1552 1394 constitutivum
1570 1365 1669 1401 ipsius.

1030 1435 1166 1462 Pratarea
1182 1441 1293 1462 causam
1311 1441 1384 1467 esse,
1397 1440 1459 1461 cum
1471 1433 1624 1461 universale
1637 1432 1683 1464 sit,
1699 1438 1732 1459 ac
1741 1432 1776 1459 de

161 1480 225 1516 τρός
249 1489 276 1507 τι
302 1481 350 1508 καὶ
377 1483 532 1517 προὸολέως
552 1483 711 1518 λεγόμενον,
739 1485 830 1521 νόημα
860 1487 941 1521 μόνον

995 1481 1087 1514 Patre,
1103 1485 1132 1508 et
1151 1480 1234 1508 etiam
1265 1479 1432 1515 productore
1450 1478 1624 1514 praedicetur,
1646 1476 1775 1512 cogitatio

161 1525 250 1559 ἔσται,
270 1527 318 1553 καὶ
335 1527 411 1554 οὐδὲν
442 1529 570 1564 πρᾶγμα.
601 1531 633 1557 '0
647 1530 677 1557 δὲ
706 1531 830 1559 τοιοῦτον
855 1533 938 1566 ἐστιν,

996 1531 1103 1556 tantum
1123 1527 1187 1560 erit,
1209 1530 1239 1554 et
1254 1525 1330 1553 nulla
1353 1533 1416 1553 res:
1437 1524 1510 1560 quod
1532 1528 1622 1551 autem
1647 1527 1690 1550 est
1704 1522 1776 1558 ejus-

161 1570 235 1598 ἔστιν
250 1571 299 1598 οὐκ
307 1572 347 1600 δν.
364 1573 401 1600 Τὸ
416 1573 491 1609 δὲμὴ
505 1573 535 1608 ἂν
545 1574 575 1601 οὐ
590 1574 701 1602 δύναται
717 1576 765 1603 τοῦ
778 1577 941 1613 ὐπερουσιου

997 1573 1084 1606 modi,
1098 1577 1140 1601 est
1152 1580 1208 1600 non
1222 1579 1290 1604 ens;
1303 1579 1358 1599 non
1369 1579 1419 1598 ens
1431 1578 1496 1598 vero
1510 1577 1565 1598 non
1577 1572 1666 1604 potest
1676 1568 1778 1596 consti-

163 1617 322 1644 συστατικὺν
337 1616 418 1645 srvat.
439 1619 572 1647 Λείπεται
598 1618 646 1648 οὖν
673 1621 690 1656 ἢ
720 1622 771 1656 τὴν
784 1623 944 1659 πατρότητα

165 1662 254 1697 μόνον,
273 1663 354 1698 ἢτὴν
366 1664 502 1700 προϐολὴν
524 1666 614 1700 μόνον,
640 1667 657 1702 ἢ
676 1668 723 1694 καὶ
739 1667 823 1703 ἄμφω
845 1677 945 1696 συστα-

163 1707 228 1734 τικὰ
246 1705 315 1735 εἶναι
330 1709 378 1735 τοῦ
397 1709 546 1744 προσώπου
562 1710 610 1738 τοῦ
624 1712 771 1748 πατρικοῦ.
795 1713 876 1740 Ἀλλὰ
888 1714 942 1749 μὴν

164 1752 247 1786 ἄμφω
254 1754 402 1780 συστατικὰ
410 1754 456 1780 τοῦ
464 1755 547 1782 αὑτοῦ
556 1754 626 1784 εῖναι
635 1757 776 1790 ἀδύνατον,
787 1758 834 1786 διὰ
846 1759 943 1786 ταῦτα.

164 1797 196 1823 Et
211 1797 265 1831 γὰρ
275 1797 358 1832 ἄμφω
375 1799 520 1826 συνιστῶσι
550 1800 580 1826 τὺ
598 1801 745 1836 πρόσωπον
761 1802 809 1829 τοῦ
827 1803 945 1838 Πατρὺς,

166 1842 183 1877 ἢ
200 1844 245 1869 καὶ
261 1842 314 1878 ἰδίᾳ
328 1843 587 1885 ἑκάτερονῡδύναται
620 1846 686 1872 αὐτὸ
703 1848 842 1880 συνιστᾶν,
869 1849 886 1883 ἢ
902 1848 944 1882 οὒ,

166 1888 224 1915 ἀλλ’
243 1889 327 1924 ἄμφω
355 1889 423 1924 ἅμα.
451 1891 483 1917 ΕΙ
508 1891 558 1926 μὲν
580 1889 628 1918 οὖν
660 1892 707 1919 καὶ
729 1893 860 1929 ἑκάτερον
883 1894 947 1930 ὶδιᾳ,

166 1934 213 1961 δύο
225 1935 280 1974 αρα
293 1935 351 1970 εῐδη
364 1936 378 1961 ὁ
391 1936 485 1971 Πατὴρ
508 1936 563 1969 ἔξει
583 1937 631 1964 καὶ
657 1938 814 1971 ἀκολούθως
837 1940 885 1967 καὶ
901 1940 948 1967 δύο

167 1981 304 2015 πρόσωπα
322 1980 411 2014 ἔσται,
427 1982 464 2013 ὡς
475 1982 521 2009 δύο
534 1983 699 2018 προσωπικὰ
712 1985 770 2020 εἴδη
785 1985 865 2020 ἔχων·
891 1986 946 2012 ὠσ-

168 2035 221 2062 περ
231 2027 264 2054 ἃν
278 2026 305 2053 ετ
317 2035 359 2058 τις
374 2026 516 2062 ἄνθρωπος
532 2028 578 2055 δύο
596 2028 653 2063 ἔχει
674 2029 774 2064 ψυχὰς,
797 2030 868 2066 ὅπερ
888 2031 951 2059 ἄτο-

169 2080 230 2099 πον.
247 2072 278 2098 Εἰ
294 2071 318 2098 δ’
328 2073 378 2107 οὐχ
402 2073 439 2104 ὡς
451 2073 579 2109 ἑκάτερον
606 2074 668 2109 ἰδίᾳ,
687 2074 744 2102 ἀλλ’
758 2075 843 2111 ἄμφω
871 2076 941 2111 ἅμα,

168 2119 226 2145 οὔτ’
239 2119 253 2145 ὁ
274 2119 482 2154 Πατέραλέγων
508 2120 590 2155 μόνον
620 2120 738 2156 ἐδήλωσε
756 2122 787 2148 τὸ
811 2122 948 2157 πατρικὸν

169 2166 329 2200 πρόσωπον⁹
353 2163 415 2190 οὔτε
445 2166 459 2191 ὀ
490 2165 635 2200 προϐολὲα.
662 2166 744 2193 Ἀλλὰ
769 2167 866 2194 τούτου
895 2168 950 2195 πᾶν

169 2210 327 2237 τούναντίον
341 2211 369 2237 ἐν
381 2212 414 2246 τῇ
428 2211 525 2246 χρήσει
556 2212 676 2247 ὁρῶμεν.
706 2212 809 2245 Πάντες
834 2213 888 2249 γὰρ
912 2213 950 2240 δι-

170 2255 313 2288 δάσκαλοι,
327 2255 376 2282 καὶ
392 2256 467 2282 πᾶσα
477 2256 584 2292 Γραφὴ,
602 2257 641 2292 τῷ
657 2257 771 2292 ὀνόματι
782 2257 829 2284 τοῦ
844 2258 951 2293 Πατρδς

170 2302 220 2337 τὴν
248 2301 322 2328 θείαν
338 2301 419 2328 αὐτοῦ
436 2301 561 2336 δηλοῦσιν
573 2302 733 2330 ὑπόστασιν·
751 2304 798 2330 καὶ
816 2304 952 2339 προὸολέίι

171 2348 201 2374 δὲ
217 2347 344 2382 λέγοντες
361 2347 537 2382 οῑὴμέτεροι,
551 2348 597 2374 τὸν
612 2348 722 2383 Πατέρα
737 2348 834 2383 δηλοῦν
850 2348 952 2376 οἴονται

175 2393 266 2428 μόνον.
294 2392 352 2420 Οὐκ
367 2392 420 2427 ἄρα
445 2392 507 2419 οὕτε
526 2392 615 2424 οὕτως
637 2393 721 2428 ἄμφω
745 2393 803 2429 ἅμα
834 2393 953 2420 ὑποστα-

173 2439 247 2471 una,
262 2438 299 2470 ὥς
312 2438 425 2473 θάτερον
455 2439 534 2474 μόνον
559 2439 597 2473 μὴ
621 2438 771 2474 ἐγχωροῦν,
799 2439 858 2466 ἀλλ’
871 2439 955 2474 ἄμφω

174 2484 233 2519 ἃμα
246 2485 386 2519 συνιστᾷν,
417 2483 479 2510 οὔτε
495 2483 532 2515 ὡς
544 2484 672 2518 ἑκάτερον
690 2484 743 2519 ἰδία
760 2484 806 2512 καὶ
822 2485 882 2512 καθ’
892 2485 956 2511 ἐαυ-

174 2531 205 2556 τὺ
215 2529 365 2565 ἐγχωροῦν,
381 2528 440 2556 ἀλλ’
454 2529 484 2562 ἐξ
497 2529 619 2564 ἀνάγκης
639 2530 751 2565 θάτερον
768 2530 818 2563 μὲν
841 2530 890 2556 καὶ
904 2530 954 2564 μό‹

175 2584 220 2602 νον
232 2575 345 2610 συνιστᾷ
368 2575 399 2601 τὸ
426 2576 583 2610 πρόσωπον·
614 2575 644 2602 τὸ
664 2575 686 2602 δ’
704 2576 768 2603 ἄλλο
798 2576 845 2603 καὶ
861 2575 955 2603 λοιπὸν

176 2619 272 2646 ἕπεται
282 2619 322 2654 τῷ
332 2619 471 2654 προσώπῳ
487 2621 626 2647 συστάντι.

995 1625 1081 1652 tuere,
1097 1619 1171 1654 quod
1187 1626 1269 1653 supra
1284 1625 1393 1645 omnem
1411 1615 1591 1644 substantiam
1608 1620 1658 1643 est.
1675 1613 1778 1648 Super-

994 1669 1038 1692 est
1059 1663 1163 1699 igitur,
1191 1663 1236 1690 vel
1260 1661 1455 1697 paternitatem
1483 1661 1571 1688 solam
1586 1681 1592 1693 ,
1617 1659 1662 1686 vel
1692 1659 1777 1686 solam

995 1708 1216 1746 productionem,
1234 1708 1277 1735 vel
1296 1708 1380 1735 etiam
1398 1706 1494 1734 ambas
1508 1713 1568 1733 esse
1583 1704 1701 1740 species,
1718 1711 1779 1738 quae

998 1755 1168 1783 constituant
1181 1761 1325 1789 personam
1337 1753 1437 1781 Patris.
1450 1753 1486 1780 At
1501 1752 1575 1780 enim
1587 1751 1673 1778 amba:
1685 1755 1714 1777 ut
1725 1750 1781 1777 sint

996 1801 1122 1837 ejusdem
1141 1800 1338 1831 constitutivze,
1362 1799 1440 1826 nullo
1456 1798 1537 1826 modo
1553 1797 1610 1824 ﬁeri
1626 1800 1727 1832 potest.
1746 1795 1781 1822 ob

997 1848 1068 1875 hanc
1079 1847 1215 1874 rationem
1232 1854 1240 1872 :
1258 1846 1280 1873 si
1301 1845 1373 1873 enim
1389 1845 1476 1872 ambas
1493 1844 1670 1871 constituunt
1685 1849 1783 1876 perso-

998 1901 1062 1922 nam
1084 1892 1195 1924 Patris.
1216 1892 1260 1920 vel
1289 1896 1318 1919 et
1344 1898 1469 1919 seorsum
1501 1897 1671 1925 unaquaque
1692 1892 1784 1923 potest

999 1947 1059 1968 eam
1075 1939 1257 1970 constituere,
1272 1938 1318 1965 vel
1328 1945 1394 1970 non,
1411 1937 1458 1965 sed
1474 1937 1563 1964 ambae
1580 1935 1673 1964 simul.
1689 1935 1717 1962 Si
1731 1934 1783 1969 igi-

1001 1990 1045 2012 tur
1066 1987 1094 2011 et
1107 1988 1223 2018 utraque
1235 1990 1360 2010 seorsum
1372 2002 1380 2014 ,
1396 1983 1466 2010 duas
1476 1989 1541 2017 ergo
1552 1981 1664 2009 habebit
1677 1980 1784 2015 species

1000 2031 1141 2058 Paterzet
1155 2035 1333 2064 consequens
1355 2027 1422 2055 illud
1442 2028 1506 2059 erit,
1527 2031 1557 2054 ut
1573 2034 1628 2054 non
1649 2033 1711 2059 una,
1734 2024 1784 2052 sed

1000 2075 1103 2111 duplici
1115 2082 1231 2110 persona
1251 2074 1287 2101 sit
1302 2073 1444 2109 praeditus.
1459 2073 1561 2108 quippe
1577 2073 1623 2108 qui
1639 2072 1708 2100 duas
1723 2079 1785 2107 per-

1001 2122 1110 2150 sonales
1134 2121 1240 2155 species
1259 2119 1369 2151 habeat,
1388 2119 1474 2147 veluti
1491 2119 1514 2146 si
1533 2119 1596 2154 quis
1621 2119 1702 2146 homo
1715 2118 1786 2147 duas

1002 2168 1116 2195 haberet
1129 2166 1244 2199 animas,
1265 2165 1339 2201 quod
1359 2165 1510 2193 absurdum
1531 2169 1585 2193 est.
1600 2165 1629 2193 Si
1646 2172 1712 2193 vero
1729 2173 1785 2193 non

1003 2217 1131 2248 tanquam
1150 2216 1265 2246 utraque
1288 2218 1413 2238 seorsum
1424 2229 1431 2242 ,
1448 2210 1497 2238 sed
1511 2211 1598 2238 ambae
1615 2210 1787 2238 constituant

1003 2258 1096 2291 simul,
1115 2264 1202 2292 neque
1218 2256 1265 2291 qui
1284 2256 1394 2284 Patrem
1410 2259 1518 2283 tantum
1538 2256 1615 2289 dicit,
1633 2263 1724 2291 neque
1739 2255 1786 2291 qui

1003 2303 1208 2338 productOrem,
1223 2306 1364 2337 paternam
1379 2309 1527 2337 personam
1540 2302 1714 2338 signiﬁcavit.
1733 2302 1787 2330 Sed

1005 2349 1088 2384 hujus
1112 2348 1152 2376 rei
1175 2353 1262 2375 totum
1282 2347 1439 2382 oppositum
1461 2347 1490 2375 in
1517 2355 1569 2374 usu
1591 2348 1728 2380 videmus,
1749 2348 1789 2375 si-

1005 2394 1116 2429 quidem
1130 2401 1227 2421 omnes
1242 2393 1370 2421 doctores
1388 2397 1500 2428 totaque
1515 2393 1657 2427 Scriptura
1677 2393 1789 2420 nomine

1005 2438 1094 2466 Patris
1107 2438 1227 2466 divinant
1245 2438 1331 2473 ipsius
1346 2438 1478 2466 denotant
1493 2438 1661 2474 hypostasim
1677 2449 1684 2466 :
1702 2439 1788 2466 nostri

1006 2492 1116 2520 quoque
1130 2484 1196 2512 dum
1213 2484 1406 2519 productorem
1417 2484 1547 2517 etl‘erunt,
1560 2484 1668 2512 Patrem
1684 2489 1789 2512 tantum

1006 2530 1162 2565 signiﬁcare
1178 2530 1335 2565 apinantur.
1357 2530 1418 2558 Non
1435 2530 1519 2565 igitur
1540 2538 1631 2566 neque
1651 2530 1692 2558 sic
1705 2532 1791 2559 amba:

1007 2581 1071 2604 sunt
1085 2576 1166 2603 simul
1181 2576 1377 2609 constitutivz,
1396 2581 1525 2611 tanquam
1542 2576 1628 2604 altera
1643 2577 1701 2604 sola
1717 2577 1792 2605 istud

972 2644 978 2655 ,
1007 2622 1115 2650 edicere
1145 2628 1275 2656 nequeat,
1305 2623 1352 2650 sed
1381 2623 1469 2659 amba;
1494 2622 1577 2650 simul
1605 2623 1791 2656 constituant;

177 2668 272 2702 Neque
293 2672 420 2703 tanquam
439 2673 553 2703 utraque
570 2676 705 2701 se0rsum,
726 2673 753 2696 et
768 2677 815 2704 per
834 2677 865 2697 se
880 2670 966 2705 ipsam
982 2669 1072 2697 facere
1090 2670 1156 2697 satis
1173 2670 1219 2701 sit,
1235 2670 1283 2697 sed
1297 2677 1332 2697 ex
1348 2669 1510 2698 necessitate
1528 2671 1624 2703 altera,
1640 2675 1668 2698 ct
1681 2671 1792 2706 quidem

177 2714 234 2744 sola
253 2722 398 2750 personam
417 2715 570 2750 constituit,
590 2717 675 2744 altera
693 2724 758 2745 vero
770 2722 798 2745 et
816 2718 921 2751 reliqua
937 2725 1080 2753 personam
1097 2718 1273 2746 constitutam
1290 2718 1424 2753 sequitur.

219 2786 254 2813 Ἡ
268 2786 404 2820 προϐολὴ
424 2795 480 2813 ουκ
507 2786 594 2814 ἐστιν
614 2788 802 2815 συστατικὸν
815 2788 922 2817 αὐτοῦ.

214 2842 345 2871 Astus-tat
359 2843 405 2870 οῦν
429 2843 445 2878 ἢ
463 2844 510 2879 τὴν
527 2845 577 2880 μὲν
593 2846 750 2880 πατρότητα
766 2846 795 2872 τὸ
811 2846 958 2873 ὑποστατι-

1096 2789 1237 2816 Productio
1262 2798 1312 2816 non
1333 2794 1371 2817 est
1393 2790 1586 2818 constitutivum
1608 2792 1700 2826 ipsius.

1050 2845 1181 2880 Superest
1200 2845 1294 2881 igitur,
1312 2846 1353 2873 vel
1375 2846 1568 2880 paternitatem
1593 2846 1791 2880 hvpostatieam
