1920 3063
136 105 192 137 365

599 108 648 139 DE
669 107 932 139 PROCESSIONE
953 109 1136 141 SPIRITUS
1156 110 1304 141 SANCTL

1702 99 1755 150 366

137 162 192 187 τῶν
213 160 296 196 τριῶν
323 161 460 196 ἰδιώματα
486 161 659 189 ὑποστατικά
685 163 767 195 εἰσιν,
798 162 862 189 οὔτε
888 164 923 190 τὰ

977 164 1054 192 sicuti
1078 165 1243 200 pateruitas,
1271 166 1367 194 ﬁliatio
1395 173 1422 195 ct
1447 170 1597 203 proceSSio.
1626 171 1755 204 Quadam

136 206 210 232 δυοῖν
226 206 279 232 ἴδια
303 207 373 242 πρὸς
387 207 417 234 τὸ
427 207 529 241 τρίτον.
549 206 619 234 Οὔτε
650 207 703 242 μὴν
733 208 767 234 τὰ
795 207 853 238 se;
875 208 925 242 μὲν

136 252 200 283 ἴδη,
217 252 287 278 οὕτω
313 252 341 278 δὲ
352 252 418 286 ῖδια,
447 253 485 284 ὡς
508 254 682 288 γνὼριστικὰ
714 254 762 280 καὶ.
789 254 923 288 ἑπόμενα.

142 297 223 324 Ἀλλὰ
239 297 340 330 ταύτας
350 298 432 333 μόνας
447 296 517 325 εἶναι
526 299 708 336 προσωπικὰς
722 299 865 334 ἰδιότητας.
876 300 925 334 τὴν

136 342 295 378 πατρότητα
300 344 411 379 δηλαδὴ,
421 346 468 372 καὶ
476 344 526 380 τὴν
536 345 658 380 υῐότητα,
670 345 716 372 καὶ
733 346 782 380 τὴν
791 346 924 381 surrepto-

137 396 193 422 σιν,
207 388 246 420 ὡς
255 389 358 422 ταύτας
373 390 460 425 μόνας
474 390 635 425 ὑφεστώσας
649 391 684 418 τὰ
695 391 837 426 πρόσωπα.
852 391 886 418 'A
896 390 924 417 δὲ

134 434 208 462 δυοῖν
219 434 272 462 tam
285 436 354 471 πρός
371 436 400 463 τὸ
409 437 511 472 τρίτον,
527 437 613 464 ταῦτα
626 437 836 473 γνωρίσματαῶ
853 436 923 464 ἰδιώ-

136 488 210 513 ματα
226 480 274 508 δύο
288 481 368 509 τινῶν
385 480 455 510 εἰναι
481 482 646 517 προσώπων.
670 484 741 510 ἰΚαὶ
765 483 852 511 ταῦτα
869 482 922 517 μὲν

134 527 235 559 οὕτως.

976 217 1051 242 vero,
1069 210 1196 244 quamvis
1211 211 1298 238 insint
1317 212 1365 239 uni
1382 213 1445 245 soli,
1467 221 1564 242 verum
1581 223 1636 242 non
1651 216 1756 243 consti-

976 259 1069 286 tuunt,
1085 254 1133 282 sed
1148 260 1254 282 tantum
1271 256 1412 284 declarant
1428 265 1586 292 personam,
1599 264 1628 286 dt
1639 260 1667 286 in
1675 261 1757 288 Patre

974 306 1035 326 esse
1055 299 1219 335 ingenitum.
1234 300 1329 335 Neque
1344 301 1430 336 igitur
1448 310 1509 337 quae
1522 305 1682 331 communia
1695 311 1758 332 sunt

970 344 1064 372 tribus
1091 345 1230 380 personis,
1258 346 1441 381 proprietates
1470 353 1535 375 sunt
1560 349 1756 384 hypostaticaa;

977 397 1067 425 neque
1084 397 1119 417 ea
1135 398 1196 423 qua:
1212 390 1328 418 duarum
1339 392 1372 418 ad
1385 393 1497 420 tertiam
1512 395 1623 428 propria
1635 400 1709 422 sunt.
1725 396 1759 423 At

977 443 1066 470 neque
1081 444 1142 471 qua:
1154 436 1237 464 unius
1253 438 1364 472 propria
1382 444 1457 470 sunt,
1475 439 1513 466 ita
1533 444 1624 467 tamen
1638 442 1759 475 propria,

976 486 1006 509 ut
1020 489 1081 516 quae
1093 486 1187 510 notam
1202 487 1230 510 et
1249 483 1421 511 ntaniiestam
1437 484 1555 517 iaciant,
1569 489 1597 511 et
1610 491 1760 520 sequantur

975 535 1133 563 personam.
1146 528 1200 556 Sed
1214 536 1254 556 ea:
1268 534 1373 557 tantum
1388 534 1452 557 sunt
1468 530 1628 565 personales
1639 533 1760 565 proprie-

136 578 218 608 laleS,
233 576 384 610 paternitas
397 577 541 612 nimirum,
557 578 704 606 etrﬁliatio
735 582 763 606 et
794 576 953 612 processio,
974 575 1076 610 quippe
1098 583 1159 610 qua:
1177 576 1220 604 hat
1246 577 1311 604 sola:
1334 584 1466 610 personas
1489 579 1671 606 constituunt.
1696 580 1761 611 Qurc

134 628 202 649 vero
229 622 348 651 duarum
366 631 547 659 personarum
569 626 605 654 ad
626 627 735 655 tertiam
761 626 873 661 propria
902 626 984 655 sunt,
1003 622 1130 650 notiones
1161 622 1204 650 vel
1227 622 1412 658 proprietates
1436 623 1553 651 duarum
1578 627 1760 659 personarum

134 668 285 698 exsistunt.
300 671 334 698 Et
351 671 409 699 haec
420 672 532 707 quidem
547 673 585 701 ita
604 681 634 701 se
648 674 763 702 habent.

173 717 283 745 Τούτων
311 718 340 745 δὲ
370 719 508 754 ῥηθέντων
538 720 779 748 συναποδείκνυται
811 721 859 747 καὶ
887 719 918 746 τδ

1004 715 1053 743 llis
1080 722 1146 742 vero
1168 714 1262 747 dictis,
1284 714 1423 749 probatur
1439 714 1561 749 Spiritus
1589 716 1702 742 sanctus
1727 722 1761 742 cx

135 763 250 798 Πνεῦμα
267 763 298 790 τὸ
316 763 395 798 ἅγιον
414 765 446 792 ὲκ
466 765 572 801 Πατρδς
590 765 624 792 δι’
637 765 702 792 Υίοῦ
723 764 922 801 ἐκπορεύεσθαι

135 807 232 839 οὕτως.

172 853 222 880 Διὰ
243 854 294 888 τῆς
314 855 428 890 πρώτης
451 856 498 882 καὶ
520 856 623 890 ἀμέσου
645 855 786 892 δνεργείας
807 856 923 884 ἑκάστου

136 898 223 925 πᾶσαι
245 899 273 925 αί
294 899 374 926 ἄλλαι
393 899 583 928 ἐπιτελοῦνται
604 900 753 935 ινὲργειαι.
774 900 875 934 Πρώτη
896 899 924 926 δὲ

136 943 262 977 ἐνέργεια
278 944 325 971 καὶ
339 944 442 979 ἄμεσος
455 945 502 972 τοῦ
518 946 623 980 Πατρός
638 947 697 973 ἐστι
710 946 739 972 τὸ
752 946 861 980 γεννᾷν.
874 945 923 972 Διὰ

135 988 184 1015 τοῦ
204 989 302 1023 γεννᾷν
322 989 376 1023 ἄρα
396 991 412 1024 ἡ
434 990 481 1016 τοῦ
504 991 582 1017 πνεῖν
602 991 766 1018 ἐπιτελεῖται
785 991 922 1025 ἐνέργεια.

137 1033 193 1061 Καὶ
203 1033 289 1065 οὕτως
298 1035 328 1060 ἐκ
342 1034 449 1070 Πατρδς
463 1035 497 1062 δι’
510 1035 576 1062 Υίοῢ
582 1036 761 1071 ἐκπορεύεται
771 1036 802 1062 τὸ
813 1035 924 1070 Πνεῦμα

137 1078 168 1104 τὺ
183 1078 272 1112 ἅγιον.
287 1079 323 1104 Τὸ
338 1079 366 1105 δὲ
382 1078 421 1106 δι’
432 1080 501 1107 me
515 1080 576 1107 τίνα
591 1080 641 1115 τὴν
656 1080 771 1115 δύναμιν
787 1079 844 1116 ἔχει
854 1100 861 1114 ,
877 1080 924 1106 καὶ

136 1123 164 1150 τί
177 1124 193 1159 ὴ
206 1123 256 1150 διὰ
269 1123 385 1151 ἐνταῦθα
397 1122 483 1160 δηλοῖ,
495 1125 536 1152 ὄτι
549 1125 648 1160 δηλαδὴ
661 1125 751 1152 αἰτίαν
765 1126 924 1161 μεσιτεύον-

139 1177 207 1202 οαν,
228 1169 329 1202 ἱκανῶς
346 1170 375 1197 ἐν
392 1169 430 1205 τῷ
446 1170 670 1212 Περὶ-ἐνώσεως
686 1171 825 1198 δείκνυται
841 1171 923 1206 λόγῳ.

175 1258 236 1284 Ἐτι
251 1258 282 1284 τὸ
299 1257 413 1293 Πνεῦμα
428 1258 460 1285 te
476 1258 556 1293 ἅγιον
572 1259 588 1295 ἢ
603 1259 635 1286 ἑκ
651 1258 699 1286 τοῦ
718 1259 824 1294 Πατρὸς
840 1259 924 1286 ἐκπο-

142 1303 251 1338 ρεύεται
270 1305 350 1338 μόνου
362 1322 370 1336 ,
385 1304 402 1339 ἢ
421 1303 471 1331 οὐκ
488 1304 520 1331 ὲκ
538 1305 620 1339 μόνον
635 1304 683 1331 τοῦ
701 1304 809 1340 Πατρός
822 1312 829 1320 ·
849 1305 925 1331 ἀντι-

139 1351 248 1386 φάσεως
259 1350 314 1385 γὰρ
328 1350 404 1378 οὐδὲν
418 1350 534 1386 μεταξύ.
553 1351 632 1378 Ἀλλὰ
646 1351 699 1386 μὴν
712 1353 762 1377 οὐκ
776 1350 924 1386 ἐκπορεύε-

138 1404 184 1423 ται
197 1397 229 1423 ὲκ
243 1396 324 1431 μόνον
337 1396 384 1422 τοῦ
397 1396 520 1431 Πατρός·
537 1396 562 1423 εἰ
574 1396 602 1422 δὲ
613 1396 663 1422 οὐκ
675 1396 708 1423 ὲκ
721 1396 819 1430 μόνου,
833 1397 880 1423 καὶ
893 1396 925 1422 ut

138 1442 186 1469 τοῦ
203 1441 269 1468 Υίοῦ
286 1442 351 1476 ἄρα.
365 1441 427 1468 Ὀτι
442 1441 464 1468 δ’
477 1442 527 1468 οὐκ
544 1443 575 1468 ὲκ
592 1442 675 1477 μόνου
691 1441 738 1468 τοῦ
756 1441 863 1476 Πατρδς
878 1441 924 1468 ικ-

977 762 1059 790 Patre
1074 767 1124 795 per
1135 760 1235 788 Filium
1252 760 1405 795 procedere
1419 767 1426 793 ;
1449 763 1476 788 In
1495 759 1570 787 hunc
1585 760 1709 788 modum.

1010 850 1063 878 Per
1078 849 1198 884 primam
1212 853 1243 876 et
1258 849 1446 877 immediatam
1461 850 1651 885 operationem
1667 851 1763 878 unius-

975 896 1110 931 cujusque
1131 899 1237 923 caetera
1268 902 1365 923 omnes
1392 897 1570 931 operationes
1593 895 1760 924 eﬂiciuntur.

974 941 1065 969 Prima
1080 945 1173 968 autem
1187 946 1216 968 et
1234 941 1393 968 immediate
1411 941 1535 976 operatio
1553 942 1644 970 Patris
1659 948 1701 970 est
1717 950 1763 976 ge-

974 993 1073 1014 nerare
1085 994 1093 1018 ;
1111 985 1196 1020 igitur
1210 993 1261 1020 per
1275 993 1408 1020 generare
1423 987 1550 1021 operatio
1564 987 1689 1022 spirandi
1704 988 1763 1014 elli-

974 1033 1058 1060 citur.
1075 1033 1167 1067 Atque
1182 1031 1219 1059 ita
1233 1039 1267 1059 ex
1278 1031 1360 1059 Patre
1375 1040 1425 1067 per
1437 1032 1540 1061 Filium
1561 1034 1687 1068 procedit
1703 1034 1764 1068 Spi-

975 1077 1046 1106 ritus
1056 1082 1182 1106 eanctus.
1197 1077 1266 1105 lllud
1277 1081 1368 1105 autem
1377 1087 1424 1113 per
1442 1078 1555 1111 Filium,
1569 1087 1650 1114 quam
1664 1079 1763 1107 habt-at

974 1122 1041 1155 vim,
1061 1122 1184 1157 quidque
1208 1122 1253 1150 hic
1278 1122 1436 1157 praepositio
1459 1131 1506 1157 per
1522 1122 1669 1158 signiticet,
1688 1122 1763 1158 quod

975 1168 1105 1195 nimirum
1130 1175 1241 1196 causam
1267 1167 1498 1195 intervenientem
1522 1173 1550 1195 et
1576 1167 1715 1201 mediani,
1735 1167 1763 1195 in

974 1214 1102 1242 oratione
1117 1213 1155 1241 De
1172 1214 1316 1241 concordia
1334 1213 1402 1241 satis
1413 1214 1572 1241 ostenditur
1588 1213 1638 1248 (Ι).

1010 1260 1145 1288 Praeterea
1164 1259 1284 1294 Spiritus
1296 1265 1407 1287 sanctus
1427 1260 1471 1288 vel
1488 1267 1503 1287 a
1520 1260 1580 1287 solo
1597 1260 1679 1288 Patre
1696 1267 1763 1295 pro-

975 1305 1061 1337 cedit.
1080 1305 1125 1333 vel
1142 1312 1197 1332 non
1211 1313 1228 1332 ο
1247 1305 1308 1332 solo
1322 1305 1415 1332 Patre.
1434 1305 1669 1333 Contradictionis
1688 1305 1761 1333 enim

975 1351 1045 1378 nihil
1060 1355 1103 1378 est
1117 1350 1250 1378 medium.
1261 1351 1344 1386 Atqui
1355 1358 1413 1378 non
1428 1359 1443 1378 a
1457 1351 1517 1379 solo
1530 1351 1611 1378 Patre
1627 1351 1761 1386 procedit.

976 1396 1006 1424 Si
1023 1401 1113 1424 autem
1125 1404 1179 1423 non
1200 1403 1214 1424 a
1228 1397 1288 1424 solo
1299 1416 1307 1429 ,
1322 1397 1407 1432 igitur
1425 1401 1454 1425 et
1470 1404 1486 1424 a
1504 1396 1585 1425 Filio.
1599 1397 1677 1430 Quod
1697 1405 1762 1424 vero

975 1450 1031 1469 non
1049 1449 1064 1469 a
1077 1443 1137 1470 solo
1153 1443 1234 1470 Patre
1250 1442 1393 1477 procedat,
1405 1444 1446 1471 sic
1458 1436 1624 1470 ostenditur.
1639 1442 1761 1470 Primum

139 1487 304 1522 σωρεύεται,
326 1487 465 1514 δείκνυται
488 1487 584 1519 οὕτως.
609 1488 709 1523 Πρῶτα
734 1488 785 1523 μὲν
806 1487 923 1522 οὐδαμοῦ

977 1486 1087 1522 quidem
1106 1494 1254 1521 nusquam,
1270 1494 1359 1522 neque
1373 1487 1400 1514 in
1422 1487 1517 1514 divina
1528 1486 1687 1522 Scriptura,
1712 1494 1761 1513 nc-

139 1533 200 1560 οῦτε
216 1533 265 1569 τῆς
279 1533 355 1566 θείας
369 1533 492 1567 Γραφῆς,
509 1532 572 1560 οὔτε
586 1534 641 1561 τῶν
656 1534 826 1560 διδασκάλων
839 1533 923 1569 εὓρη-

139 1588 184 1606 ται
203 1580 348 1614 είρημένον
360 1587 368 1596 ⁸
385 1580 400 1607 δ
416 1580 444 1606 δὲ
463 1580 515 1606 ὑπό
531 1588 604 1611 τινος
619 1580 722 1607 τούτων
738 1580 788 1607 οὐκ
804 1580 920 1615 εἴρηται,

139 1625 228 1652 οὐδενὶ
252 1624 400 1660 τολμητέον
426 1625 514 1652 είπείν
528 1634 534 1640 ·
558 1625 655 1652 ἔπειτα
679 1625 710 1652 τὸ
737 1626 921 1661 προσάλλειν,

139 1671 263 1705 ἐνέργεια
279 1670 325 1697 τοῦ
345 1670 451 1705 Πατρὺς
470 1671 603 1706 οὺσιώδης
621 1671 688 1698 οὖσα
706 1672 738 1697 οὗ
758 1671 854 1706 πρώτη
867 1672 921 1698 οὐδ’

139 1717 252 1751 ἄμεσος,
266 1716 432 1744 ἐπιτελεῖται
445 1716 489 1744 διὰ
501 1717 549 1752 τῆς
563 1717 686 1752 πρώτης,
699 1717 761 1752 ἥτις
772 1718 921 1754 ἀπεδείχθη

139 1759 206 1788 οὖσα
221 1761 253 1787 τὸ
268 1761 365 1796 γεννᾷν
381 1761 430 1788 καὶ
446 1761 462 1796 ἡ
479 1761 606 1795 γέννησις
619 1769 626 1776 ·
644 1761 716 1788 ὥστε
733 1761 780 1788 καὶ
796 1761 842 1788 τὸν
860 1761 923 1788 Υἱὸν

125 1806 242 1841 ,ταύτης
257 1806 365 1841 ἀνάγκη
381 1806 431 1840 τῆς
446 1806 588 1841 ἐνεργείας
602 1807 752 1839 κοινωνεῖν,
768 1807 815 1833 καὶ
827 1807 862 1834 δι’
874 1807 923 1833 αύ-

139 1851 186 1879 τοῦ
205 1852 236 1879 τὸ
258 1852 371 1888 Πνεῦμα
392 1853 424 1879 τὸ
444 1852 522 1886 ἅγιον
543 1852 754 1887 ἐκπορεύεσθαι.
767 1853 872 1884 ’Δλλως
892 1861 922 1879 τε

139 1896 250 1923 πάντων
261 1896 400 1924 κοινωνῶν
412 1897 426 1923 ό
438 1897 504 1928 Υἱὸς
515 1896 553 1931 τῷ
564 1897 664 1930 lla-cpt,
676 1896 746 1932 πλὴν
757 1897 812 1924 τῶν
827 1906 924 1924 συστα-

139 1941 224 1968 τικῶν
239 1941 389 1976 ίδιοτήτων,
405 1941 565 1976 κοινωνήσει
580 1942 626 1968 καὶ
638 1942 688 1978 τῆς
700 1942 747 1969 τοῦ
761 1942 923 1977 προϐάλλειν

139 1987 291 2022 δυνάμεως,
305 1986 424 2022 φυσικῆς
439 1987 490 2021 μὲν
502 1987 542 2022 τῷ
555 1987 654 2022 Πατρὶ,
670 1987 700 2014 οὐ
715 1987 882 2022 συστατικῆς
894 1988 923 2014 δὲ

139 2033 186 2060 τοῦ
205 2033 350 2068 προσώπου
367 2032 467 2064 αὑτοῦ,
485 2032 522 2064 ὡς
541 2033 648 2067 εῐρηται
659 2051 668 2065 ,
685 2032 779 2068 οῡσης.
794 2033 876 2059 Ὥστε
893 2033 924 2060 τὸ

140 2079 252 2114 Πνεῦμα
267 2080 300 2106 ἐκ
317 2078 423 2113 Πατρδς
442 2078 489 2105 καὶ
507 2078 584 2109 Υίοῦ,
602 2079 618 2113 ἢ
637 2079 669 2106 ὲκ
686 2079 793 2114 Πατρὺς
809 2079 843 2105 δι’
858 2079 922 2106 Υίοῦ

140 2124 332 2160 ἐκπορεύεται.
349 2124 478 2160 Διαφέρει
495 2124 550 2159 γὰρ
566 2125 643 2152 οὐδὲν
658 2125 706 2152 ἐπὶ
720 2125 768 2161 τῆς
785 2125 923 2159 θεολογίας

140 2172 189 2206 τῆς
204 2170 239 2197 ἐκ
253 2171 270 2206 ἠ
286 2170 346 2198 διά.

175 2259 208 2285 El
226 2258 255 2285 δέ
272 2267 314 2290 τις
332 2259 420 2293 εῐποι,
439 2258 533 2294 κοινὴν
551 2258 621 2286 εἶναι
641 2259 697 2286 δεῖν
715 2259 761 2286 καὶ
778 2259 816 2296 τῷ
837 2260 924 2287 Ilvati-

142 2314 206 2340 ματι
224 2305 262 2341 τῷ
280 2305 351 2340 ἁγίῳ
369 2305 419 2338 τὴν
437 2305 551 2340 δύναμιν
560 2306 608 2333 τοῦ
627 2306 800 2341 προϐάλλειν,
820 2306 857 2338 ὡς
877 2306 925 2334 οὐ-

142 2351 244 2387 σιώδη·
272 2351 383 2380 πάντων
407 2351 462 2387 γὰρ
489 2354 536 2380 καὶ
560 2353 626 2380 αὐτὸ
650 2354 774 2380 κοινωνεῖ
795 2353 851 2381 τῶν
876 2353 925 2380 οὺ-

142 2397 244 2424 σιωδῶν
254 2406 261 2413 '

177 2443 295 2470 Μαοέτω
312 2444 326 2470 ό
342 2442 463 2476 τοιοῦτος
480 2443 561 2471 τοῦτο
579 2443 711 2471 ἀδύνατον
728 2442 798 2472 εἶναι
810 2464 818 2477 ,
834 2444 879 2471 διὰ
895 2445 925 2470 τὸ

142 2489 315 2524 αντιπίπτειν
332 2490 366 2524 τῇ
387 2489 470 2516 αὑτοῦ
491 2490 613 2525 ἰδιότητι.
634 2491 672 2517 Οὐ
692 2490 804 2518 δύναται
823 2490 877 2525 γὰρ
896 2489 925 2517 τὸ

142 2534 207 2561 αὐτὸ
228 2535 324 2561 ἑαυτοῦ
345 2535 431 2562 αίτιον
452 2535 531 2563 εἶναι.
548 2536 673 2564 Ἐκαστα
694 2537 749 2572 γὰρ
770 2537 824 2564 τῶν
844 2536 926 2564 θείων

179 2621 218 2656 (I)
237 2620 299 2648 lla2c
315 2621 401 2656 prima
417 2621 543 2656 probatio
564 2629 626 2650 cum
644 2621 680 2649 sit
699 2622 835 2656 negativa,
855 2621 924 2649 nihil

143 2663 208 2682 sauc
223 2656 336 2688 valeret.
356 2656 407 2683 nisi
427 2661 500 2691 esset
513 2657 547 2683 ad
567 2656 718 2684 hominem.
739 2657 850 2691 Optime
874 2658 926 2684 ita-

143 2698 201 2727 quc?
217 2690 314 2717 militat
331 2691 466 2727 adversus
477 2690 596 2724 Graecos,
612 2692 659 2726 qui
679 2699 711 2718 ex
729 2690 878 2727 Evangelia
897 2695 926 2718 et

143 2726 286 2761 Scriptura
312 2733 386 2761 sacra
403 2725 559 2761 nitebantur
580 2727 696 2761 probare
720 2725 853 2761 Spiritum
871 2733 925 2753 non

154 2760 292 2788 trocedere
309 2768 340 2788 ex
360 2760 439 2792 Filio.
461 2760 524 2793 quia
541 2760 587 2789 ibi
606 2769 659 2788 non
677 2760 792 2790 habetur
818 2762 871 2789 nisi
891 2769 926 2789 ex

165 2801 224 2823 atre
241 2795 399 2831 procedere.
417 2795 486 2823 Dicit
500 2803 565 2831 ergo
582 2796 726 2824 Bessarion
752 2796 790 2824 ibi
808 2803 864 2825 non
879 2797 927 2824 ha-

973 1540 1028 1568 que
1043 1533 1115 1568 apud
1131 1533 1271 1566 doctores,
1288 1533 1429 1561 invenitur
1443 1533 1559 1562 dictum.
1574 1533 1653 1566 Quod
1669 1537 1761 1560 autem

972 1580 1113 1607 unemine
1132 1580 1249 1606 istorum
1274 1578 1378 1606 dictum
1401 1583 1453 1612 est,
1480 1579 1584 1606 nemini
1604 1579 1761 1607 audendum

973 1628 1015 1653 est
1031 1624 1134 1651 dicere.
1150 1624 1254 1651 Deinde
1272 1623 1438 1658 producere,
1448 1630 1510 1651 cum
1526 1623 1563 1651 sit
1576 1624 1699 1658 operatio
1712 1623 1762 1652 Pa-

973 1669 1024 1697 tris
1037 1669 1204 1702 essentialis,
1224 1676 1277 1696 noti
1293 1669 1383 1703 prima
1399 1675 1491 1703 neque
1513 1668 1669 1696 immediate
1680 1689 1687 1701 ,
1703 1669 1762 1696 cili-

973 1715 1045 1742 citur
1071 1722 1119 1749 per
1141 1715 1268 1749 primam.
1293 1721 1356 1748 quat
1383 1718 1495 1742 ostensa
1519 1718 1561 1741 est
1580 1722 1712 1750 generare
1734 1719 1763 1742 ct

973 1759 1135 1794 generatio;
1154 1758 1192 1785 ita
1212 1763 1242 1785 ut
1259 1764 1371 1785 necesse
1398 1758 1434 1786 sit
1447 1758 1531 1786 etiam
1559 1758 1660 1786 Filium
1679 1759 1768 1793 hujus-

973 1805 1142 1840 operationis
1153 1805 1314 1840 participem
1329 1811 1401 1836 esse,
1413 1812 1445 1832 ac
1454 1812 1506 1839 per
1519 1805 1610 1839 ipsum
1625 1804 1760 1838 Spiritum

974 1854 1098 1877 sanctum
1123 1849 1283 1884 procedere.
1302 1849 1459 1877 Praesertim
1476 1856 1539 1876 cum
1556 1854 1584 1877 et
1599 1849 1684 1877 Filius
1704 1857 1763 1876 nm-

974 1895 1020 1922 nia
1046 1895 1099 1922 sibi
1119 1894 1278 1922 communia
1304 1903 1367 1922 cum
1385 1895 1467 1922 Patre
1490 1895 1592 1922 habeat
1608 1916 1614 1927 ,
1641 1897 1762 1930 exceptis

974 1940 1159 1968 constitutivis
1185 1940 1422 1975 proprietatibus,
1452 1947 1626 1968 communem
1651 1949 1761 1976 quoque

975 1985 1086 2013 habebit
1100 1985 1250 2020 potentiam
1265 1985 1444 2020 producendi,
1456 1993 1517 2020 quae
1527 1986 1637 2020 quidcm
1652 1993 1763 2014 natura-

974 2030 1010 2058 lis
1021 2037 1063 2058 est
1075 2030 1160 2063 Patri,
1170 2037 1225 2057 non
1240 2034 1328 2057 tamen
1345 2031 1420 2057 illius
1432 2038 1558 2065 personae
1570 2031 1759 2064 coustitutiva,

976 2081 1006 2105 ut
1026 2076 1130 2104 dictum
1149 2081 1202 2104 est.
1225 2076 1321 2110 Itaque
1345 2075 1466 2111 Spiritus
1482 2084 1515 2104 ex
1532 2076 1612 2104 Patre
1633 2082 1661 2104 ct
1680 2077 1759 2110 Filio,

975 2121 1018 2148 vel
1033 2129 1068 2148 ex
1084 2120 1165 2148 Patre
1183 2128 1234 2156 per
1250 2120 1350 2148 Filium
1363 2121 1500 2156 procedit.
1516 2121 1544 2148 Si
1565 2121 1676 2156 quidem
1691 2122 1761 2148 inter

942 2159 964 2187 D
981 2165 1199 2200 praepositionem
1215 2173 1258 2199 ea,
1274 2171 1302 2193 et
1317 2174 1375 2201 per,
1390 2166 1417 2193 iu
1437 2166 1577 2202 theologia
1593 2166 1661 2193 nihil
1678 2166 1762 2194 inter-

976 2216 1029 2240 est.

1012 2258 1041 2286 Si
1056 2258 1119 2293 quis
1135 2265 1199 2285 vero
1216 2257 1290 2285 dicat
1312 2264 1488 2287 communem
1503 2257 1605 2285 debere
1620 2265 1679 2285 esse
1697 2265 1759 2285 cum

977 2303 1032 2331 illis
1044 2308 1071 2331 et
1085 2303 1199 2338 Spiritui
1213 2308 1310 2331 sancto
1324 2304 1378 2330 vim
1390 2304 1572 2339 producendi,
1587 2304 1689 2339 quippe
1700 2312 1765 2339 quae

955 2347 959 2351 ⁷
976 2349 1012 2377 sit
1024 2349 1194 2382 essetttialis;
1209 2350 1334 2378 omnium
1356 2350 1432 2378 enim
1455 2350 1644 2378 essentialium
1659 2355 1686 2378 et
1702 2351 1759 2386 ipsc

977 2395 1096 2430 Spiritus
1105 2397 1244 2431 particeps
1257 2400 1300 2424 est
1310 2404 1318 2423 :

1011 2441 1103 2470 Discat
1119 2442 1170 2469 istc
1183 2442 1246 2470 talis
1259 2442 1312 2469 hoc
1324 2441 1401 2470 nullo
1412 2441 1494 2470 modo
1508 2441 1567 2469 ﬂeri
1580 2449 1672 2476 posse,
1686 2441 1759 2476 quod

976 2487 1036 2523 ejus
1054 2487 1216 2523 proprietati
1233 2492 1378 2524 repugnet.
1400 2488 1461 2516 Non
1484 2488 1558 2516 enim
1582 2493 1671 2522 potest
1686 2487 1759 2515 idem

976 2534 1019 2561 sui
1035 2534 1122 2569 ipsius
1146 2541 1227 2562 causa
1250 2541 1323 2562 esse.
1343 2533 1466 2571 Singulae
1487 2534 1562 2562 enim
1580 2533 1681 2561 divinze
1698 2540 1760 2568 pcr-

976 2623 1034 2651 beri
1051 2631 1084 2650 ex
1100 2624 1158 2651 solo
1177 2625 1266 2656 Patre.
1287 2633 1352 2659 ergo
1368 2630 1398 2653 et
1416 2633 1450 2652 ex
1469 2624 1547 2652 Filio.
1566 2624 1601 2651 Et
1614 2624 1651 2651 ita
1675 2624 1760 2651 scmcl

976 2658 1075 2695 accidit
1086 2664 1125 2692 ut,
1135 2667 1198 2686 cum
1213 2658 1477 2695 quidamiGraeculus
1490 2659 1637 2695 obiecisset
1649 2660 1758 2686 cuidam

977 2693 1085 2735 latino.
1110 2702 1159 2735 cur
1186 2693 1274 2722 Latini
1300 2694 1466 2735 addiderint
1478 2695 1511 2722 ad
1527 2693 1759 2735 'Sytnliolunt‘ex

977 2727 1046 2755 Filio
1059 2728 1216 2762 procedere,
1230 2737 1291 2756 cum
1303 2737 1355 2756 non
1368 2730 1403 2757 sit
1413 2730 1544 2762 scriptum
1561 2727 1588 2758 in
1600 2729 1756 2762 Evangelii),

977 2763 1075 2799 merito
1088 2764 1218 2797 audierit,
1234 2772 1284 2791 cur
1298 2764 1382 2792 etiam
1398 2764 1449 2799 ipsi
1465 2763 1552 2792 Gmci
1569 2765 1709 2792 fateantur
1724 2770 1758 2791 ex

977 2798 1035 2826 solo
1051 2798 1152 2826 Patre?
1167 2799 1226 2832 Quo
1238 2807 1370 2832 responso
1380 2798 1525 2827 conticuit.
