1920 3063
169 97 226 131 361

649 94 905 126 BESSARIONIS
921 95 952 125 S.
974 95 1010 126 Β.
1029 95 1065 125 Ε.
1085 94 1321 127 CARDINALIS

1745 90 1805 124 368

169 164 245 187 sonte
258 154 351 184 omuia
366 153 528 183 essentiulia
545 153 597 182 sibi
622 159 721 182 mutuo
735 154 954 188 communicant,

1019 156 1165 191 προσώπων
1180 154 1341 183 κοινωνοῦσι
1356 154 1465 182 πάντων
1480 153 1608 190 ἀλλήλοις
1623 153 1677 180 τῶν
1693 154 1805 181 otism-

170 207 316 232 manentes
330 201 359 228 in
378 207 412 240 eo
431 200 506 236 quod
521 205 595 233 sunt,
612 205 640 228 et
654 205 797 229 servantes
810 208 874 228 suas
891 207 956 236 pro-

169 249 313 284 prietates.
339 246 453 275 Manens
476 245 564 278 enim,
584 245 674 281 inquit
691 251 807 281 magnus
825 245 954 277 Basilius,

168 293 259 321 Filius
273 293 302 321 in
316 300 361 326 eo,
382 292 457 328 quod
472 292 509 320 sit
523 291 609 319 Filius
620 313 628 325 ,
646 291 730 319 habet
749 291 838 318 omnia
855 290 955 318 Patris.

169 339 256 373 Igitur
270 342 298 366 et
316 339 438 374 Spiritus
456 345 571 365 manens
586 337 613 364 iu
631 344 664 364 eo
680 336 752 372 quod
776 336 812 364 sit
827 336 955 371 Spiritus,

168 384 254 412 habet
268 384 362 412 omnia
374 383 466 412 Patris
477 388 506 411 et
518 383 592 412 Filii.
608 383 677 411 Esse
690 383 775 418 igitur
787 389 898 410 causam
913 383 956 410 sui

168 430 268 464 ipsius,
287 429 407 464 propriae
428 429 529 457 rationi
551 433 698 464 repugnat,
722 432 750 455 ut
767 428 871 455 dictum
886 431 928 454 est
948 435 956 454 :

168 475 205 502 ob
219 482 338 510 eamque
354 482 480 508 causam,
498 473 615 502 activam
628 473 834 509 processionem
856 473 957 501 habere

170 519 284 546 minime
296 523 396 554 potest.

206 564 237 592 Si
268 565 331 600 quis
351 571 419 593 vero
441 572 538 592 rursus
559 564 776 599 dixeritzAtqui
787 563 810 592 si
836 563 957 598 Spiritus

170 610 339 646 operationis
360 609 533 646 producendi
558 610 612 638 erit
637 617 756 644 expers.
783 609 880 636 saltem
905 609 958 636 erit

169 654 309 689 particeps
322 654 485 694 generandi,
498 653 731 689 quemadmodum
745 653 832 680 Filius
845 653 957 688 partici-

169 703 217 736 pat
230 699 284 727 vim
302 699 474 734 producendi
491 707 499 726 :

205 744 267 773 Non
286 751 350 772 eum
372 744 469 780 fugiat,
489 744 563 772 istud
585 752 695 780 quoque
710 745 786 773 nullo
802 745 885 773 modo
898 745 957 773 ﬁeri

169 796 263 825 posse.
280 789 383 823 Primo,
402 790 477 825 quod
491 791 617 826 operatio
626 792 774 826 generandi
795 793 831 820 sit
847 797 958 820 ostensa

169 842 232 863 esse
244 835 369 870 operatio
386 825 574 864 constitutivaa
584 825 686 872 speciei
702 845 828 873 personae
849 838 938 866 Patris
949 859 958 873 ,
972 825 996 855 Β

170 887 232 915 quas
249 884 293 908 est
305 880 574 910 incommnnicabilis
586 882 665 910 alteri
675 889 799 917 personae
812 893 819 910 :
836 883 872 911 ob
884 891 961 911 eam-

170 933 225 961 que
239 933 351 955 causam
367 927 428 956 tleri
443 935 498 956 non
511 932 614 964 potest,
636 933 667 957 ut
685 929 773 956 altera
791 936 911 964 persona
928 930 961 958 il-

171 971 228 1000 lam
241 973 401 1009 participet.

208 1017 324 1052 Deinde,
344 1018 420 1054 quod
444 1018 692 1048 contradictionem
713 1020 741 1048 in
763 1028 793 1048 se
809 1022 959 1049 contineat.

173 1061 204 1090 Si
215 1061 290 1090 enim
303 1062 362 1098 ipse
378 1063 497 1099 Spiritus
512 1070 629 1100 generat
644 1065 754 1097 Filium.
771 1066 896 1101 procedit
912 1074 961 1094 au-

172 1111 229 1136 tem
243 1109 279 1136 ab
300 1109 379 1144 ipso,
400 1110 454 1137 erit
472 1116 600 1146 respectu
624 1111 761 1147 ejusdem,
781 1117 809 1140 et
826 1120 918 1147 causa,
933 1118 961 1141 et

174 1157 330 1182 causatum.
349 1153 407 1182 Hoc
421 1159 514 1182 autem
531 1160 574 1183 est
591 1158 788 1186 contradictio.

211 1200 247 1226 At
260 1199 334 1227 enim
347 1199 465 1228 fortasse
475 1201 549 1229 dicet
562 1202 710 1238 quispiam,
729 1203 802 1231 istud
811 1204 959 1232 absurdum

175 1245 256 1280 sequi
279 1252 359 1274 exeo
373 1247 447 1281 quod
465 1255 712 1283 presupponamus
735 1249 833 1277 Filium
855 1251 960 1285 produ-

173 1298 237 1319 cere
260 1290 395 1327 Spiritum
417 1300 424 1320 :
448 1297 477 1321 at
505 1294 529 1322 si
552 1294 605 1322 hoc
630 1302 685 1322 non
706 1301 888 1331 supponatur,
912 1297 959 1324 sed

175 1341 284 1364 tantum
300 1336 435 1372 Spiritum
451 1345 514 1366 cum
527 1339 609 1366 Patre
624 1347 755 1374 generare
773 1341 884 1374 Filium,
903 1349 959 1369 non

175 1381 295 1417 amplius
309 1381 383 1410 istud
395 1381 507 1410 absurdi
524 1388 665 1418 sequetur.
681 1384 736 1411 Cur
751 1385 823 1412 enim
840 1385 962 1420 Spiritus

173 1433 237 1454 cum
253 1426 335 1455 Patre
356 1434 412 1455 non
425 1432 540 1462 generat
559 1428 653 1463 potius
672 1427 782 1464 Filium,
801 1429 849 1458 sed
874 1430 962 1459 Filius

175 1478 242 1500 eum
254 1472 337 1500 Patre
354 1473 484 1508 producit
498 1472 652 1508 Spiritum?

210 1517 240 1546 Si
255 1518 318 1554 quis
334 1526 400 1554 ergo
418 1518 471 1546 ista
491 1518 602 1553 dixerit,
619 1519 737 1554 primum
750 1522 819 1549 sciat
839 1529 868 1550 se
885 1531 961 1558 quaa-

175 1572 249 1598 rere,
267 1572 328 1600 quae
342 1572 426 1593 nemo
443 1564 516 1592 alius
530 1573 654 1600 unquam
673 1567 718 1594 vel
740 1568 860 1602 cogitare
879 1577 962 1597 ausus

174 1615 228 1638 est.
250 1609 355 1638 Deinde
374 1610 418 1638 vis
443 1611 594 1645 generandi
621 1611 793 1647 intelligitur,
814 1618 962 1649 antequam

176 1654 348 1691 intelligatur
364 1655 407 1683 vis
427 1655 612 1690 producendi,
627 1661 756 1692 tanquam
771 1658 858 1692 prima
872 1663 900 1686 et
912 1659 963 1686 im-

176 1701 298 1729 mediata
313 1701 440 1736 operatio
454 1701 555 1735 Patris,
574 1706 604 1729 ut
621 1707 763 1731 ostensum
776 1707 829 1731 est.
845 1704 886 1732 Ob
901 1712 961 1732 eam

176 1747 266 1782 ipsam
294 1753 417 1779 causam,
441 1753 498 1774 non
526 1751 618 1782 potest
641 1747 724 1784 hujus
745 1750 883 1785 particeps
902 1758 964 1779 csse

179 1791 310 1828 Spiritus.
331 1791 506 1820 Producendi
528 1799 596 1820 vero
617 1794 669 1827 vis,
688 1801 751 1822 cum
767 1800 829 1830 post
849 1803 964 1831 genera-

177 1837 282 1865 tionem
297 1836 360 1864 Filii
376 1836 556 1872 intelligatur,
570 1842 599 1865 et
609 1845 659 1873 per
674 1840 876 1873 generationem
889 1841 963 1870 illius

177 1883 322 1918 etiiciatur,
339 1889 370 1912 ut
385 1889 528 1912 ostensum
543 1890 601 1918 est,
625 1885 685 1913 ﬁeri
704 1891 805 1921 potest,
829 1887 884 1915 imo
899 1896 964 1917 vero

177 1934 206 1958 et
220 1930 407 1958 necessarium
423 1935 476 1962 est,
490 1936 520 1959 ut
535 1938 596 1958 cum
608 1932 667 1967 ipso
680 1933 909 1961 contmunicetur.

215 1975 244 2003 Si
261 1977 324 2011 quis
337 1983 404 2004 vero
417 1984 514 2004 rursus
533 1977 569 2004 ob
588 1977 638 2004 itas
648 1985 744 2005 causas
757 1979 858 2006 dixerit
871 1988 878 2006 :
894 1980 963 2015 Ergo

147 2058 152 2064 _
179 2022 270 2050 minor
283 2027 326 2050 est
342 2021 464 2057 Spiritus
477 2021 558 2049 Patro
570 2030 602 2050 ac
616 2022 697 2056 Filio,
712 2024 736 2051 si
752 2024 863 2058 quidem
883 2026 964 2054 Pater

179 2073 293 2105 generat
308 2067 421 2101 Filium,
437 2072 464 2095 et
477 2068 607 2103 producit
618 2069 762 2103 Spiritum,
775 2070 862 2098 Filius
872 2077 962 2099 autem

177 2117 206 2141 et
220 2114 278 2148 ipse
295 2120 358 2140 cum
375 2113 456 2140 Patre
477 2113 607 2148 producit
627 2112 762 2148 Spiritum
778 2122 785 2140 :
799 2120 827 2142 at
843 2116 963 2150 Spiritus

1007 200 1060 228 δῶν
1071 221 1078 232 ,
1098 201 1215 236 μένοντα
1229 202 1259 228 ὲν
1275 200 1314 234 τῷ
1330 198 1401 227 εἶναι
1420 200 1434 226 ὃ
1452 201 1505 226 εἱσι
1518 221 1525 234 ,
1542 201 1591 227 καὶ
1610 199 1730 232 σώζοντα
1747 200 1804 234 τὴν

1007 246 1113 273 ἑαυτῶν
1129 247 1262 282 ίδιότητα.
1277 246 1375 274 Μένων
1390 247 1445 282 γὰρ
1455 265 1462 278 ,
1479 246 1562 281 φησιν
1577 246 1591 273 ὸ
1608 246 1694 280 μέγας
1711 246 1804 272 Βασί-

1005 291 1088 325 λειος,
1106 294 1120 319 ό
1138 292 1201 324 Υίδς
1220 293 1250 319 ἐν
1267 293 1307 327 τῷ
1327 291 1398 319 εἶναι
1418 292 1492 324 Υῑδς,
1512 292 1569 327 ἔχει
1591 291 1680 318 πάντα
1697 291 1733 318 τὰ
1752 290 1803 317 τοῦ

1007 337 1124 372 Πατρός.
1149 338 1204 364 Καὶ
1228 337 1259 364 τὸ
1283 338 1396 373 Πνεῦμα
1419 337 1475 372 ἄρα
1500 337 1582 372 μένον
1607 338 1636 364 ὲν
1659 337 1699 372 τῷ
1725 334 1802 363 εἶναι

1007 384 1129 416 Πνεῦμα,
1143 384 1198 419 ἔχει
1207 383 1297 411 πάντα
1310 384 1344 410 τὰ
1358 383 1403 410 τοῦ
1414 383 1521 418 Πατρδς
1534 383 1582 410 καὶ
1596 382 1643 409 τοῦ
1660 381 1727 409 Υίοῦ
1737 390 1745 397 ·
1761 381 1804 416 τῷ

1008 429 1067 464 Ιδίῳ
1080 427 1126 456 οὖν
1139 429 1221 464 λόγῳ,
1235 429 1273 461 ὡς
1286 429 1405 464 εἴρηται,
1420 429 1538 463 μάχεται
1551 428 1581 455 τδ
1595 427 1695 454 ἑαυτοῦ
1711 427 1805 454 αττιον

1007 471 1078 502 εἶναι
1091 483 1098 490 ·
1120 477 1167 502 καὶ
1187 474 1232 501 διὰ
1252 473 1332 501 τοῦτο
1353 474 1404 509 τὴν
1425 473 1610 509 ὲνιργητικὴν
1631 473 1804 508 ὲκπόρευσιν

1009 520 1052 556 ἔχε
1057 529 1081 547 ιν
1093 520 1124 547 οὔ
1139 520 1262 547 δύναται.

1043 565 1076 592 Et
1091 565 1120 591 δέ
1133 573 1174 596 τις
1191 565 1272 592 πάλιν
1286 566 1370 596 etim,
1382 563 1454 591 Ἀλλ’
1466 563 1490 590 εί
1504 564 1541 599 μὴ
1552 563 1604 598 τῆς
1616 564 1663 590 τοῦ
1678 563 1804 598 προϐάλ-

1008 610 1067 637 λειν
1091 611 1234 646 ἐνεργείας
1259 611 1385 637 κοινωνεῖ
1409 610 1439 636 τὸ
1465 609 1596 644 Πνεῦμα,
1621 609 1802 643 κοινωνήσειε

1008 655 1074 689 γοῦν
1091 655 1141 690 τῆς
1159 655 1206 682 τοῦ
1225 656 1340 691 γεννᾷν,
1361 654 1456 691 ὥσπερ
1476 655 1490 681 ό
1509 654 1572 686 Tib;
1591 652 1641 689 τῆς
1660 653 1707 680 τοῦ
1729 662 1802 688 προ-

1008 701 1117 728 σάλλειν
1130 706 1138 714 ·

1043 747 1090 781 Μὴ
1113 747 1269 775 λανθανέτω
1288 748 1350 775 οὐδὲ
1368 747 1447 775 τοῦτο
1465 745 1578 774 δυνατὸν
1597 743 1678 773 εῖναι.
1697 746 1801 780 Πρῶτσ.

1010 792 1060 828 μὲν
1073 793 1116 820 διὰ
1130 793 1160 819 τὺ
1174 793 1223 829 τὴν
1239 794 1286 820 τοῦ
1300 794 1397 828 γεννᾷν
1413 793 1554 828 ἐνέργειαν
1568 792 1615 819 τοῦ
1631 792 1798 818 συστατικοῦ

1010 836 1098 869 εῐδους
1127 838 1176 865 τοῦ
1203 838 1337 874 πατρικοῦ
1361 837 1509 872 προσώπου
1533 837 1583 865 καὶ
1612 837 1798 871 ἁκοινωνήτου

1011 883 1080 918 πρὸς
1096 883 1189 919 ἕτερον
1205 884 1396 918 ἀποδεδεῖχθαι
1412 884 1556 919 ἐνέργειαν
1566 903 1574 916 ,
1592 884 1638 910 καὶ
1656 883 1702 909 διὰ
1716 882 1799 908 τοῦτο

1010 927 1142 955 ἀδύνατον
1159 926 1228 956 εἶναι
1244 929 1409 964 κοινωνῆσαι
1433 929 1509 964 αὐτῷ
1527 929 1621 964 ἔτερον
1639 928 1799 964 πρόσωπον.

1049 1017 1166 1044 Ἔπειτα
1183 1017 1211 1044 δὲ
1227 1018 1270 1045 διὰ
1285 1018 1314 1045 τδ
1335 1018 1472 1053 περιέχειν
1487 1018 1632 1053 ἀντίφασιν
1647 1019 1675 1045 ἐν
1690 1018 1798 1053 ἑαυτῷ·

1011 1063 1035 1089 εί
1052 1064 1108 1098 γὰρ
1123 1064 1187 1090 αὐτὸ
1203 1064 1285 1099 γεννᾷ
1302 1064 1352 1098 μὲν
1365 1064 1411 1090 τὸν
1428 1064 1503 1096 Υἱὸν,
1519 1063 1700 1098 ἐκπορεύεται
1716 1064 1738 1090 δ’
1751 1064 1800 1090 ὑπ’

1011 1109 1106 1141 αὑτοῦ,
1121 1109 1198 1136 ἔσται
1213 1109 1281 1144 πρὸς
1295 1110 1325 1135 τὺ
1341 1109 1406 1136 αὐτὸ
1422 1109 1469 1136 καὶ
1485 1109 1581 1142 αἴτιον,
1599 1110 1646 1136 καὶ
1662 1109 1797 1136 αἰτιατόν.

1011 1155 1097 1182 Τοῦτο
1111 1156 1132 1181 δ’
1145 1156 1219 1183 ὲοτὶν
1234 1155 1388 1189 ἀντίφασις.

1053 1201 1121 1228 Ἀλλ’
1134 1200 1200 1232 ἴσως
1216 1202 1272 1235 ὲρεῖ
1288 1209 1329 1232 τις
1345 1200 1424 1227 τοῦτο
1440 1201 1469 1226 τὸ
1486 1200 1587 1228 ἄτοπον
1604 1201 1718 1227 ἕπεσθαι
1729 1221 1736 1231 ,
1753 1200 1800 1227 διὰ

1011 1247 1042 1273 τδ
1058 1246 1290 1281 προῦποτίθεσθαι
1305 1246 1351 1272 τὸν
1366 1246 1430 1272 Υίδν
1446 1247 1609 1280 προόἀλλειν
1624 1247 1654 1273 τὸ
1671 1247 1798 1282 Πνεῦμα.

1013 1293 1044 1319 Et
1056 1293 1084 1319 δὲ
1098 1293 1135 1327 μὴ
1146 1293 1226 1319 τοῦτο
1237 1292 1393 1326 ὕποτεθείη,
1406 1292 1474 1318 ἀλλὰ.
1488 1292 1578 1326 μόνον,
1591 1293 1631 1319 ὅτι
1643 1293 1673 1319 τὸ
1686 1293 1799 1328 Πνεῦμα

1013 1339 1062 1366 σὺν
1077 1338 1115 1373 τῷ
1131 1339 1218 1374 Πατρὶ
1232 1339 1313 1374 γεννᾷ
1328 1338 1373 1365 τὸν
1388 1338 1464 1370 Υίδν,
1477 1338 1556 1366 τοῦτο
1569 1340 1619 1366 οὐκ
1633 1340 1672 1366 ἐτι
1687 1340 1718 1366 τὸ
1732 1339 1799 1366 ἆτος

1013 1394 1063 1412 πον
1078 1385 1181 1417 ἕψεται.
1197 1385 1274 1412 Διατί
1289 1386 1343 1420 γὰρ
1358 1385 1389 1411 οὐ
1407 1385 1506 1420 μᾶλλον
1522 1386 1552 1411 τὸ
1570 1385 1682 1420 Πνεῦμα
1695 1386 1744 1412 σὺν
1759 1385 1799 1420 τῷ

1013 1431 1102 1466 Πατρὶ
1125 1432 1208 1467 γεννᾷ
1227 1432 1273 1458 τὸν
1295 1431 1369 1464 Υίὸν,
1391 1431 1448 1458 ἀλλ’
1461 1432 1475 1458 ὁ
1497 1432 1561 1463 Tib;
1583 1433 1631 1459 σὺν
1650 1431 1689 1468 τῷ
1709 1432 1799 1467 Πατρὶ

1013 1476 1160 1512 προσάλλει
1174 1477 1204 1502 τὸ
1221 1477 1332 1511 Πνεῦμα
1342 1486 1349 1506 ;

1047 1522 1081 1548 Εἴ
1094 1531 1135 1553 τις
1150 1521 1197 1548 οὖν
1211 1522 1296 1548 ταῦτα
1313 1522 1379 1556 φαίη
1391 1542 1399 1555 ,
1415 1521 1511 1556 πρῶτα
1530 1522 1580 1556 μὲν
1594 1523 1660 1549 ἴστω
1676 1522 1765 1556 ζητῶν
1779 1522 1799 1550 ἃ.

1014 1567 1107 1601 μηδεὶς
1125 1566 1205 1597 ἄλλος
1223 1566 1289 1592 ποτὲ
1306 1566 1360 1592 οὐδ’
1373 1566 1498 1600 ἐννοῆσαι
1516 1566 1665 1601 ἐτόλμησεν
1677 1576 1685 1583 ·
1704 1567 1799 1593 ἔπειτα

1012 1613 1029 1647 ἡ
1055 1612 1103 1646 μὲν
1125 1612 1172 1638 τοῦ
1195 1612 1292 1646 γεννᾷν
1314 1611 1430 1646 δύναμις
1454 1614 1658 1647 προεπινοεϊται
1681 1614 1730 1648 τῆς
1752 1613 1798 1639 τοῦ

1013 1656 1175 1691 προϐάλλειν
1191 1655 1350 1690 δυνάμεως,
1368 1655 1406 1687 ὡς
1424 1656 1520 1690 πρώτη
1537 1656 1586 1682 καὶ
1602 1656 1704 1691 ἆμεσος
1721 1657 1800 1692 ἐνέρ-

1013 1710 1076 1735 γεια
1090 1702 1137 1728 τοῦ
1155 1702 1271 1737 Πατρδς,
1287 1702 1358 1729 καθὰ
1372 1702 1564 1729 ἀποδέδεικται
1577 1710 1584 1718 ·
1600 1705 1647 1729 καὶ
1661 1702 1706 1728 διὰ
1719 1703 1800 1729 τοῦτο

1013 1748 1044 1774 οὐ
1062 1748 1173 1775 δύναται
1189 1748 1290 1784 ταύτης
1311 1750 1453 1776 κοινωνεῖν
1470 1749 1501 1775 τὺ
1522 1749 1653 1783 Πνεῦμαο
1671 1749 1687 1784 ἠ
1707 1749 1735 1775 δὲ
1751 1749 1798 1775 τοῦ

1014 1794 1175 1829 προὸάλλειν
1199 1794 1380 1828 ὲπινοουμένη
1405 1794 1455 1829 τῆς
1478 1794 1526 1820 τοῦ
1553 1794 1618 1820 Υῑοῦ
1642 1794 1798 1828 γεννήσεως

1014 1840 1060 1866 καὶ
1074 1839 1119 1866 διὰ
1134 1839 1182 1874 τῆς
1199 1839 1282 1866 αὐτοῦ
1299 1839 1455 1874 γεννήσεως
1470 1838 1667 1873 ἐπιτελουμένη
1677 1858 1685 1870 ,
1701 1839 1738 1869 ὡς
1755 1838 1798 1864 δέ-

1014 1885 1118 1912 δεικται
1129 1905 1137 1918 ,
1156 1886 1206 1912 οὐκ
1225 1884 1357 1916 ἀδύνατος
1368 1905 1376 1918 ,
1393 1884 1461 1911 ἀλλὰ
1479 1883 1580 1918 μᾶλλον
1598 1884 1645 1910 καὶ
1663 1883 1799 1917 ἀναγκαία

1015 1931 1091 1966 αὐτῷ
1106 1930 1305 1958 κοινωνιῖσθαι.

1050 1977 1082 2004 Εί
1099 1977 1128 2003 δέ
1144 1985 1185 2007 τις
1202 1976 1278 2007 αὖθις
1296 1976 1340 2003 διὰ
1355 1976 1443 2003 ταῦτα
1461 1977 1550 2008 εἴποι,
1567 1975 1672 2002 Οὐκοῦν
1688 1975 1798 2001 ἔλαττον

1015 2022 1045 2050 τὸ
1068 2023 1181 2058 Πνεῦμα
1203 2023 1309 2057 Πατρδς
1329 2023 1377 2050 καὶ
1398 2022 1474 2055 Υῐοῦ,
1495 2022 1576 2056 εἴπερ
1595 2022 1610 2048 ὸ
1632 2022 1682 2056 μὲν
1705 2020 1798 2055 Πατὴρ

1017 2070 1099 2104 γεννᾷ
1113 2069 1158 2095 τὸν
1173 2069 1237 2095 Υἱδν
1250 2068 1298 2095 καὶ
1312 2068 1458 2103 προϐάλλει
1472 2068 1502 2094 τὸ
1518 2067 1629 2101 Πνεῦμα
1640 2075 1648 2083 ο
1663 2069 1677 2093 ὁ
1692 2067 1719 2093 δὲ
1734 2066 1800 2098 Υίός

1016 2116 1063 2142 καὶ
1080 2115 1161 2146 αὐτὸς
1180 2115 1229 2141 σὺν
1245 2115 1283 2149 τῷ
1302 2115 1391 2149 Πατρὶ
1406 2113 1554 2149 προϐάλλει
1570 2113 1600 2139 τὸ
1618 2113 1731 2146 Πνεῦμα
1744 2120 1751 2127 ·
1768 2112 1800 2138 τὸ

179 2165 271 2194 neque
292 2157 393 2185 Filium
410 2162 533 2194 generat,
551 2166 642 2193 neque
664 2159 795 2194 scipsum,
821 2168 911 2196 neque
926 2162 960 2189 al-

1019 2161 1047 2188 δὲ
1063 2160 1176 2195 Πνεῦμα
1189 2160 1251 2186 οὔτε
1265 2160 1310 2186 τὸν
1330 2160 1389 2186 Υίὺν
1402 2160 1496 2194 γεννᾷ,
1511 2158 1566 2186 οὔθ’
1579 2159 1659 2186 ἑαυτὸ
1673 2158 1730 2185 οὗθ’
1742 2158 1801 2184 ἓτε-

179 2210 270 2232 terum
288 2203 424 2238 Spiritum
440 2204 577 2239 producit.

213 2251 291 2278 Vana
305 2254 348 2277 est
361 2249 414 2277 ista
431 2249 513 2282 ratio,
531 2255 560 2278 et
578 2256 675 2278 contra
693 2252 782 2287 ipsum
796 2253 883 2288 magis
899 2260 964 2281 con-

177 2295 284 2328 cludit,
303 2295 352 2331 qui
372 2295 426 2324 lioc
444 2295 557 2323 dixerit.
577 2296 606 2324 Si
627 2298 701 2324 enim
719 2298 820 2326 nullius
838 2306 963 2333 persons:

179 2348 292 2370 causam
312 2348 388 2375 esse,
416 2340 638 2376 imperfectionis
663 2346 692 2369 et
710 2342 912 2372 imminutionis
935 2345 964 2372 in

178 2387 316 2415 Trinitate
350 2386 404 2414 hoc
428 2386 536 2422 signum
561 2394 622 2414 esse
654 2392 764 2422 oportet
783 2389 962 2418 existimare:

178 2433 266 2469 igitur
289 2432 365 2469 quod
392 2433 508 2466 minus,
534 2440 568 2461 eo
595 2433 668 2468 quod
698 2434 760 2468 plus
785 2442 965 2469 personarum

178 2479 309 2515 producit
328 2479 387 2515 (Ι),
407 2479 596 2514 imperfectius
623 2479 687 2507 erit.
713 2480 767 2507 Sed
793 2488 855 2508 cum
879 2481 966 2510 Filius

181 2525 265 2554 unius
281 2530 387 2553 tantum
406 2532 530 2560 persona:
551 2525 670 2560 Spiritus
681 2545 688 2557 ,
705 2533 768 2553 cum
786 2526 866 2554 Patre
883 2534 965 2555 causa

182 2572 230 2606 sit,
243 2572 335 2600 minor
348 2572 402 2599 erit
416 2572 506 2603 Patre,
522 2571 570 2604 qui
585 2575 613 2598 et
630 2571 717 2606 ipsius
730 2572 801 2603 Filii.
812 2578 838 2599 ct
847 2572 966 2608 Spiritus

182 2626 266 2647 causa
285 2617 405 2646 exsistit.
425 2618 461 2644 At
479 2616 554 2644 enim
576 2616 628 2644 hoc
646 2618 689 2644 vel
709 2618 848 2652 cogitare,
869 2619 966 2647 absur-

181 2664 247 2691 dum
267 2667 333 2691 est:
356 2662 440 2698 igitur
460 2660 528 2689 illud
548 2667 659 2695 quoquc
684 2662 807 2696 ejusdem
835 2662 967 2690 absurdi-

179 2709 246 2737 tatis
269 2712 327 2747 est.
355 2707 420 2735 Esse
451 2707 525 2734 enim
552 2712 663 2734 causam
693 2708 735 2735 vel
766 2713 908 2736 causatum
938 2709 966 2736 in

217 2769 256 2803 (i)
283 2767 358 2796 Istud
381 2773 447 2794 sane
471 2766 499 2793 in
526 2766 614 2803 solum
640 2767 723 2793 etiaut
741 2765 852 2794 Patrem
864 2767 966 2803 imagis

181 2805 319 2839 quadrare
344 2803 463 2836 videtur,
489 2802 537 2838 qui
558 2803 635 2838 juxta
662 2804 831 2830 recentiores
857 2802 967 2830 Grzucos

1017 2215 1063 2242 ρον
1077 2206 1188 2240 πνεῦμα
1203 2205 1351 2240 προϐάλλει
1363 2213 1370 2220 ·

1051 2252 1173 2283 Μάταιος
1188 2252 1202 2278 ὁ
1214 2252 1309 2285 λόγος,
1326 2251 1374 2278 καὶ
1389 2251 1451 2278 καθ’
1464 2250 1562 2278 ἑαυτοῦ
1580 2251 1679 2286 μᾶλλον
1694 2252 1707 2277 ὸ
1723 2249 1801 2277 τοῦτο

1016 2298 1130 2333 φάσκων
1147 2297 1347 2333 συμπεραίνει·
1364 2298 1388 2324 εί
1406 2298 1460 2333 γὰρ
1478 2297 1604 2328 ἀτελείας
1619 2298 1667 2324 καὶ
1684 2297 1800 2323 ἐλαττώ-

1018 2352 1085 2375 σεως
1099 2343 1178 2370 τοῦτο
1192 2344 1306 2378 σημεῖον
1318 2344 1347 2369 ὲν
1360 2344 1394 2378 τῇ
1409 2343 1505 2378 Τριάδι
1520 2343 1623 2369 οίεσθαι
1636 2343 1686 2374 δεῖ,
1700 2343 1730 2368 τὸ
1746 2350 1801 2376 μη-

1015 2391 1089 2421 δενὸς
1105 2389 1158 2416 τῶν
1175 2389 1329 2424 προσώπων
1344 2389 1430 2415 αἴτιον
1445 2386 1515 2415 εἶναι
1525 2409 1532 2421 ,
1549 2389 1595 2415 καὶ
1608 2388 1638 2414 τὸ
1651 2388 1801 2414 ἐλαττόνων

1016 2436 1070 2470 ἄρα
1089 2435 1241 2470 προσώπων
1258 2433 1345 2461 αἴτιον
1363 2433 1411 2460 τοῦ
1433 2434 1562 2460 πλειόνων
1581 2434 1670 2460 αἰτίου
1689 2433 1800 2460 ἔλαττον

1016 2481 1103 2508 ἔσται.
1123 2480 1220 2507 amns
1241 2480 1304 2512 Υἱὸς
1325 2479 1384 2510 ἐνὸς
1405 2479 1552 2514 προσώπου
1572 2479 1619 2505 τοῦ
1641 2479 1801 2514 Πνεύματος

1019 2528 1099 2563 μόνου
1118 2527 1204 2558 αἴτιος
1221 2526 1259 2553 ὣν
1278 2526 1326 2552 σὺν
1342 2526 1382 2560 τῷ
1403 2526 1501 2560 Πατρὶ,
1522 2525 1641 2552 ἐλάττων
1658 2526 1736 2552 ἔσται
1754 2525 1801 2551 τοῦ

1018 2572 1135 2607 Πατρδς,
1154 2572 1241 2598 αίτίου
1259 2571 1335 2600 bno:
1353 2571 1400 2596 καὶ
1434 2570 1516 2596 αὑτοῦ
1535 2569 1582 2596 τοῦ
1604 2570 1669 2596 Υἱοῦ
1689 2571 1737 2596 καὶ
1755 2570 1801 2596 τοῦ

1017 2618 1186 2652 Πνεύματος.
1207 2616 1286 2642 Ἀλλὰ
1299 2615 1377 2642 τοῦτο
1391 2616 1491 2642 ἄτοπον
1505 2615 1554 2641 καὶ
1571 2615 1650 2649 μόνον
1665 2615 1800 2648 ἐννοῆσαι.

1018 2664 1138 2690 Κάκεῐνο
1156 2662 1246 2688 τοίνυν
1266 2662 1315 2696 τῆς
1335 2660 1431 2694 ὁμοίας
1451 2659 1526 2685 ἐστὶν
1544 2659 1670 2690 ἀτοπίας.
1691 2660 1726 2685 Ἰὺ
1745 2659 1799 2694 γὰρ

1018 2711 1103 2736 αἴτιον
1118 2709 1134 2744 ἢ
1150 2709 1270 2735 αῑτιατὸν
1285 2705 1355 2733 εἶναι
1371 2707 1400 2732 ὲν
1420 2707 1452 2740 τῇ
1468 2705 1562 2740 Τριάδι
1578 2706 1618 2736 εἰς
1641 2705 1676 2731 τὰ
1691 2713 1800 2739 προσω-

1019 2766 1094 2793 solus
1116 2770 1143 2792 et
1165 2768 1279 2799 generat
1298 2768 1326 2790 ct
1347 2761 1487 2797 producit.
1511 2760 1604 2799 Neque
1624 2765 1715 2799 tamen
1740 2760 1803 2789 inde

1019 2801 1061 2829 vel
1080 2796 1244 2836 utajor’aliis
1260 2796 1536 2834 persoiiisrcensetur
1551 2796 1593 2823 vel
1609 2796 1711 2823 minor.
