1920 3063
79 133 133 164 3ίὶ9

544 133 594 164 DE
612 133 880 164 PROCESSIO‘NE
901 134 1085 165 SPlRlTUS
1101 133 1246 164 SANCTI.

1651 129 1703 160 3το

81 189 149 216 πικὰ
173 187 378 223 ἀναφερόμενον
406 187 557 222 ἰδιώματα,
583 187 645 214 οὔτε
674 188 786 221 μεῖζον,
812 187 869 214 οὒτ’

939 186 1073 221 'riuitate,
1099 187 1172 223 quod
1201 187 1234 215 ad
1259 186 1419 222 personales
1449 185 1633 221 proprietates
1660 191 1705 212 rs-

83 235 191 262 ελαττον
207 234 301 268 ἕτερον
317 233 411 270 ἐτέρου
428 233 500 260 ποιεῖ
514 233 531 267 ἢ
548 231 629 266 εἶναι,
647 227 816 269 τ’ῖλέγεσθαι.

120 323 181 350 Ἔτι
197 324 220 349 εί
237 324 252 358 ἡ
270 322 317 349 τοῦ
334 322 431 358 γεννᾷν
448 322 495 349 καὶ
510 321 556 349 τοῦ
574 322 738 358 προϐάλλειν
753 321 869 356 δὺναμις

84 371 167 404 ἄμφω
187 370 348 396 συστατικαὶ
361 367 409 395 τοῦ
428 368 574 402 προσώπου
593 369 647 394 εἰσὶ
671 368 718 394 τοῦ
737 368 870 403 πατρικοῦ

86 416 139 450 ιδιᾳ
151 416 198 441 καὶ
212 415 262 441 ἀνὰ
276 415 374 449 μέρος,
387 414 508 449 ἑκάστης
521 414 549 440 δὲ
563 415 705 448 ἐνεργείας
717 412 786 444 εἶδός
799 414 871 440 ἔστιν

85 462 156 495 ἀργή
171 469 178 475 ”
195 461 241 487 δύο
260 461 316 494 εἴδη
334 461 388 486 τῶν
406 460 452 486 δύο
469 460 573 486 τούτων
591 460 736 495 ἐνεργειῶν
755 459 872 487 ἔσονται.

85 506 223 533 Ἕκαστον
245 506 273 532 δὲ
299 506 463 532 συστατικὺν
486 504 556 537 εἶδος
579 507 726 540 πρόσωπον
748 506 872 541 συνιστᾷ.

89 553 140 577 Καὶ
161 552 248 582 οὕτως
266 553 279 577 ὁ
302 552 396 586 Πατὴρ
415 552 461 578 δύο
479 553 614 586 πρόσωπα
636 552 721 578 ἔσται.
740 551 826 578 Τοῦτο
845 552 875 578 δὲ

88 597 199 624 ἇῖιπτῡν.
217 597 272 622 Οὐκ
288 597 341 631 ἄρα
358 597 373 631 ὴ
390 598 435 623 τοῦ
453 597 618 632 προϐάλλειν
633 597 748 631 δύναμις
762 597 876 632 συνιστᾷ

87 640 116 664 τὸ
136 640 282 673 πρόσωπον
299 640 346 666 τοῦ
366 641 484 674 Πατρός.
502 641 534 667 El.
549 641 576 667 δὲ
594 641 630 675 μὴ
650 641 763 676 συνιστᾷ
775 661 781 672 ,
797 641 875 676 κοινὴ

89 686 142 719 ἄρα
158 687 215 711 ἐστῖ
231 687 277 712 καὶ
291 686 329 720 τῷ
345 686 414 719 Υἱῷ.
429 687 485 713 Καὶ
500 686 586 718 οὕτως
601 687 630 712 τὸ
646 686 759 722 Πνεῦμα
774 688 806 713 ὲκ
821 687 876 714 Πα-

87 731 151 764 τρδς
167 732 214 757 καὶ
229 731 296 757 Υίοῦ
311 732 505 767 ἐκπορεύεται.
636 728 643 733 ”

127 823 188 849 Ἔτι
206 821 305 852 κοινῶς
325 821 401 856 παρὰ
423 821 534 848 πάντων
551 822 722 856 ὁμολογεῖται
737 821 791 848 τῶν
807 820 879 847 διδα-

919 231 1020 265 fertur,
1045 240 1136 269 neque
1160 233 1291 268 majorem
1315 232 1358 259 vel
1379 238 1439 259 esse
1460 230 1503 258 vel
1523 230 1597 263 dici,
1616 237 1706 265 neque

920 278 1057 306 minorem
1075 279 1194 306 alterum
1211 278 1299 305 altero
1315 278 1390 305 facit.

958 326 1111 357 Praeterea,
1131 325 1153 352 si
1175 329 1292 359 utraque
1322 324 1363 351 vis
1387 321 1538 358 generandi
1559 327 1586 348 et
1606 321 1708 355 produ-

922 372 1002 400 cendi
1015 372 1158 399 constituit
1174 377 1321 405 personam
1339 370 1429 397 Patris
1444 374 1569 396 seorsum
1585 372 1613 393 et
1630 374 1709 400 sepa-

923 419 1015 449 ratim,
1042 417 1262 451 uniuscujusque
1293 420 1384 442 autem
1404 414 1573 449 operationis
1602 413 1707 446 species

923 466 966 490 cst
984 462 1170 497 principium:
1192 462 1253 488 duae
1273 461 1381 494 species
1400 464 1483 487 erunt
1503 460 1619 485 duarum
1641 464 1691 490 ουρ

924 508 1072 535 rationum.
1100 507 1277 541 Unaquaeque
1298 511 1391 533 autem
1409 505 1587 532 conslitutiva
1605 503 1710 537 species

925 560 1071 587 personam
1089 553 1243 579 constituit.
1260 552 1351 585 Atque
1373 552 1409 577 ita
1429 551 1510 578 Pater
1528 549 1631 583 dtlpiu'i
1649 556 1696 580 per
1745 581 1748 584 ί

926 606 993 625 sona
1019 598 1072 625 erit
1100 598 1243 632 praeditus.
1275 597 1333 624 Hoc
1348 602 1439 624 autem
1472 596 1626 623 absurdum
1657 600 1708 620 est.

926 644 987 672 Non
1009 644 1095 679 igitur
1115 643 1285 678 producendi
1308 643 1423 670 facultas
1443 644 1589 669 constituit
1618 648 1708 674 perso-

927 696 990 715 nam
1018 688 1117 715 Patris.
1143 688 1172 714 Si
1199 695 1265 714 vero
1286 695 1340 714 non
1361 686 1519 718 constituit,
1555 684 1713 711 communis

927 741 993 768 ergo
1012 734 1064 760 crit
1088 738 1115 760 et
1131 732 1211 766 Filio,
1233 738 1260 760 et
1278 733 1318 760 sic
1335 732 1455 767 Spiritus
1480 739 1513 758 ex
1531 731 1613 758 Patre
1633 729 1714 756 Filio-

929 787 982 814 que
1000 779 1136 813 procedit.

965 825 1100 852 I‘raztcrea
1122 826 1194 852 inter
1220 832 1316 853 omnes
1333 824 1463 851 doctores
1479 822 1610 850 convenit
1628 819 1714 854 Spiri-

89 867 207 900 σκάλιην,
223 868 261 898 ὡς
280 867 309 892 τδ
328 866 442 901 Πνεῦμα
461 866 490 893 τὸ
511 867 589 899 ἂγιον
608 867 731 901 πρόεισιν
751 866 780 899 ἐξ
800 866 876 893 Υἰοῦ.

939 878 988 898 ,υιιι
1016 877 1142 897 sanctum
1168 870 1282 906 produci
1306 874 1334 897 et
1358 875 1489 896 emanare
1516 875 1550 894 ex
1576 866 1666 897 Filio;
1691 865 1714 892 si

90 913 120 938 Ei
135 911 181 938 οῦν
195 912 319 947 πρόεισιν
333 911 363 944 ἐξ
377 911 473 945 αὑτοῦ,
488 912 597 947 πρόεισι
611 912 721 943 πάντως
738 912 875 947 φυσικῶς.

90 958 173 984 οὐδὲν
188 958 241 992 γὰρ
258 959 286 983 ὲν
300 956 340 992 τῷ
354 957 414 993 Θεῷ
430 957 504 992 παρὰ
519 957 618 992 φύσιν,
634 957 698 984 οὔτε
715 958 875 992 ἐπίκτητον.

94 1003 152 1030 Γῶν
165 1003 220 1038 γὰρ
234 1003 393 1038 κτισμάτων
405 1004 462 1030 ὲστὶ
474 1003 503 1030 τὺ
518 1004 554 1038 μὴ
569 1003 648 1037 φύσει
661 1004 693 1029 ἔκ
705 1003 773 1029 Θεοῦ
787 1003 880 1037 προϊέ-

90 1058 144 1075 ναι.
158 1049 190 1075 El.
204 1050 294 1075 τοίνυν
308 1049 380 1075 κατὰ
395 1049 477 1083 φύσιν
490 1050 519 1082 ἐξ
534 1048 599 1075 Υἰοῦ
612 1049 643 1075 τὸ
659 1048 770 1084 Πνεῦμα
785 1049 880 1083 πρόει-

93 1103 147 1127 σιν,
161 1095 177 1129 ἠ
191 1095 218 1121 δὲ
232 1094 304 1121 κατὰ
317 1094 398 1129 φύσιν
413 1095 523 1129 πρόοδος
537 1095 565 1120 ὲν
577 1095 634 1126 τοῖς
646 1094 730 1126 θείοις
742 1094 824 1129 διχῶς
837 1095 879 1122 ὲν-

91 1141 197 1176 δέχεται
214 1139 283 1167 εἶναι
294 1161 302 1173 ,
318 1141 334 1176 ἢ
350 1141 420 1167 κατὰ
436 1141 562 1175 γέννησιν
573 1161 580 1172 ,
599 1141 614 1176 ἢ
630 1141 689 1167 κατ’
702 1142 878 1175 ὲκπόρευσιν,

92 1187 164 1214 κατὰ
178 1188 305 1221 γέννησιν
317 1187 345 1213 δὲ
359 1188 389 1213 οὐ
404 1187 530 1222 πρόεισιν
544 1187 573 1222 ἐξ
588 1186 682 1219 αὑτοῦ,
695 1184 713 1221 ἦ
729 1187 784 1222 γὰρ
800 1187 833 1213 ἂν
845 1185 880 1222 ἦν

93 1233 157 1264 Tib;
171 1233 219 1258 τοῦ
235 1232 300 1259 Υἱοῦ
316 1233 346 1259 τδ
362 1233 475 1268 Πνεῦμα
489 1241 496 1247 ·
513 1234 638 1267 πρόεισιν
654 1233 708 1268 ἄρα
724 1233 785 1259 κατ’
797 1234 881 1260 ἐκπό-

94 1286 197 1312 ρενσιν.
211 1279 293 1306 Ὥστε
308 1280 323 1314 ὴ
339 1281 371 1305 ὲκ
385 1279 431 1306 τοῦ
446 1279 512 1305 Υίοῦ
529 1279 576 1305 τοῦ
594 1278 753 1313 Πνεύματος
769 1279 881 1313 πρόοδος

93 1323 137 1359 εἴη
153 1324 185 1350 ἂν
199 1324 236 1355 ὡς
251 1325 469 1360 ἐκπορευομένου
484 1324 514 1357 ἐξ
530 1324 624 1352 αὑτοῦ.

928 924 995 951 ergo
1013 921 1122 943 emanat
1142 916 1175 943 ab
1194 916 1258 948 illo,
1276 916 1389 942 omnino
1409 918 1519 942 emanat
1539 913 1715 940 naturaliter.

928 962 1002 989 Nihil
1027 963 1100 989 enim
1129 962 1157 989 in
1183 962 1240 989 Deo
1265 966 1308 989 est
1333 966 1431 995 prater
1456 964 1601 990 naturam,
1626 964 1716 991 neque

929 1008 1134 1036 adventitium:
1163 1014 1353 1035 creaturarum
1383 1006 1457 1034 enim
1486 1010 1527 1032 est
1555 1003 1715 1039 proprium,

930 1061 985 1080 non
1004 1060 1102 1080 natura
1121 1062 1154 1081 ex
1174 1054 1230 1080 Deo
1248 1060 1401 1085 emanare;
1418 1052 1440 1080 si
1460 1051 1545 1091 igitur
1563 1049 1716 1078 secundum

932 1104 1058 1128 naturam
1082 1109 1118 1129 ex
1142 1101 1213 1129 Filio
1239 1100 1359 1134 Spiritus
1386 1103 1515 1128 emanat,
1541 1105 1601 1132 qua:
1626 1100 1717 1122 autem

931 1146 1083 1173 secundum
1108 1151 1236 1173 naturam
1263 1145 1420 1176 emanatio,
1447 1148 1475 1170 ct
1500 1142 1646 1177 productio
1674 1144 1718 1167 est

932 1191 959 1218 in
981 1191 1099 1223 divinis,
1129 1192 1276 1226 dupliciter
1304 1190 1440 1224 contingit
1457 1196 1535 1220 esse,
1555 1187 1598 1214 vel
1619 1193 1718 1213 secun-

932 1237 996 1264 dum
1026 1237 1250 1272 generationem,
1279 1237 1323 1264 vel
1358 1235 1576 1271 processionem.
1611 1234 1646 1259 At
1674 1238 1719 1258 ae-

933 1283 1053 1309 cundum
1073 1284 1280 1318 generationem
1297 1284 1331 1310 at)
1349 1283 1408 1316 ipso
1426 1289 1481 1308 non
1497 1284 1627 1311 emanat;
1644 1281 1719 1304 esset

934 1329 1007 1355 enim
1027 1329 1149 1364 profecto
1167 1329 1288 1364 Spiritus
1305 1332 1416 1355 sanctus
1434 1327 1495 1354 Filii
1522 1325 1604 1352 ﬁlius.
1634 1323 1719 1356 Igitur

92 1374 205 1397 emanat
236 1370 389 1397 secundum
421 1369 638 1404 proccssiuuem,
667 1373 697 1396 ut
722 1370 858 1398 emanatio
878 1370 997 1406 Spiritus
1025 1381 1058 1402 ex
1087 1374 1156 1402 Filio
1180 1374 1217 1401 sit
1244 1379 1372 1408 tanquam
1398 1380 1462 1399 vere
1491 1371 1665 1406 procedentis
1685 1370 1719 1397 ab

95 1417 169 1452 ipso.

135 1464 166 1490 El
182 1464 210 1490 δέ
224 1473 265 1496 τις
282 1465 367 1497 εἴποι,
385 1464 423 1494 ὡς
439 1464 455 1498 ἡ
471 1464 586 1498 πρόοδος
603 1464 674 1500 αὕτη
688 1464 737 1502 τὴν
751 1465 791 1497 εἰς
808 1465 883 1500 ἡμᾶς

95 1510 238 1544 ἐνέργειαν
253 1510 327 1545 δηλοί
343 1509 392 1536 καὶ
406 1510 455 1545 τὴν
469 1510 550 1545 χάριν
562 1519 580 1539 ·,

132 1556 243 1583 Mutata
258 1556 290 1582 ἂν
304 1558 346 1590 εἴη
361 1556 441 1583 τοῦτο
456 1557 613 1592 καταφυγή.
630 1557 661 1584 El
676 1558 731 1594 γὰρ
745 1558 793 1585 καὶ
807 1558 885 1593 χάρι-

95 1604 142 1634 τός
158 1611 230 1633 τινος
243 1603 324 1637 ἡμεῖς
340 1603 603 1639 μεταλαμὸἀνομεν,
619 1605 666 1630 καὶ
681 1604 711 1630 οὐ
726 1605 776 1639 τῆς
791 1604 886 1634 οὐσίας

97 1648 145 1674 τοῦ
159 1648 325 1683 Πνεύματος,
341 1649 418 1676 οὐσία
432 1649 485 1683 γάρ
499 1649 572 1676 ἐστιν
585 1649 752 1684 ἅμέθεκτος·
766 1650 841 1684 ὅμως
855 1647 885 1676 όῦ

98 1694 181 1728 χάρις
204 1694 388 1725 ἀνυπόστατος
410 1695 535 1729 πρόεισιν
555 1695 584 1727 ἐξ
604 1695 685 1728 Υίοῦ,
707 1695 766 1721 ἀλλ’
781 1694 850 1730 αὑτὴ
869 1696 886 1729 ὴ

100 1739 163 1766 θεία
174 1739 221 1766 τοῦ
236 1739 394 1774 Πνεύματος
409 1740 567 1770 ὑπόστασις.
583 1741 636 1766 Καὶ
650 1741 729 1775 δῆλον
743 1740 772 1773 ἐξ
786 1738 822 1767 ὦν
837 1740 886 1768 ἄλ-

99 1788 156 1814 λων
175 1786 322 1821 ῥημάτων,
340 1787 577 1822 ἐμφατικωτέρων
597 1788 660 1821 περὶ
676 1788 789 1819 τούτου,
805 1787 887 1822 φασὶν

99 1832 127 1859 οῑ
141 1831 307 1864 διδάσκαλοι,
323 1831 371 1858 τοῦ
388 1832 560 1865 ἀναῧλὺζειν,
575 1833 658 1866 λέγω,
673 1833 720 1859 τοῦ
737 1834 782 1859 καὶ
798 1833 888 1866 πηγά-

101 1879 172 1911 ζειν.
197 1878 245 1905 καὶ
268 1879 432 1913 ἐκλάμπειν,
452 1879 484 1905 Ἀ
508 1879 561 1905 τίνι
589 1879 626 1914 μὴ
649 1880 831 1913 τυφλώττοντι
856 1881 886 1906 οὐ

101 1924 258 1959 γνώρισμα,
278 1925 327 1958 τὴν
344 1924 462 1957 ὕπαρξιν
480 1924 525 1950 τοῦ
548 1925 704 1959 Πνεύματος
725 1925 756 1950 οὐ
778 1925 889 1959 μετάδο-

102 1979 164 2002 σιν,
179 1970 238 1997 οὐδὲ
255 1971 387 2006 χορηγίαν
403 1970 517 2005 δηλοῦν;
534 1971 567 1998 'll
584 1972 696 2006 τοιαύτη
715 1971 761 1998 οὖν
777 1971 806 2003 ἐξ
823 1969 888 1997 Υίοῦ

102 2016 273 2049 ὕποστατικὴ
286 2016 332 2042 τοῦ
349 2016 508 2050 Πνεῦματος
523 2016 645 2051 πρόοδος,
659 2017 675 2052 ἢ
688 2017 796 2051 δουλική
817 2017 890 2042 ἐστιν

102 2062 120 2097 ἢ
137 2062 252 2096 φυσική.
271 2061 342 2088 “Δλλ“
355 2061 416 2087 ἐπεὶ
432 2061 543 2096 δουλικὴ
558 2062 609 2088 οὐκ
624 2062 709 2094 ἐστιν,
726 2062 755 2094 ἐξ
769 2063 890 2096 ἀνάγκης

103 2107 162 2133 ἐστι
184 2107 297 2141 φυσική.
318 2107 422 2140 Φυσικῇ
445 2107 474 2133 δὲ
496 2107 610 2141 πρόοδος
632 2107 661 2139 ἐξ
685 2107 749 2134 Υἱοῦ
772 2109 820 2142 τῆς
841 2107 890 2134 τοῦ

103 2152 263 2187 ηνεύματος
281 2152 458 2183 ὑποστάσεως
475 2152 500 2178 τί
517 2151 549 2178 ἂν
565 2153 630 2179 ἄλλο
648 2155 725 2188 παρὰ
739 2155 788 2181 τὴν
806 2154 889 2181 αὑτοῦ

103 2199 268 2234 ὲκπόρευσιν
283 2198 343 2233 ait};
359 2197 428 2224 Οὐδὲ
443 2198 546 2225 πλάσαι
563 2199 665 2233 ῥᾴδιον.

143 2333 214 2364 Ἔτι,
228 2332 257 2358 τὸ
275 2331 386 2366 Πνεῦμα
403 2331 432 2357 τὺ
446 2331 523 2365 ἆγιον
540 2331 572 2356 ἐκ
591 2330 640 2364 τῆς
658 2331 751 2362 οὐσίας
768 2330 814 2357 τοῦ
831 2331 889 2357 Παι-

105 2378 169 2414 τρὸς
183 2376 252 2405 εἶναι
266 2377 314 2404 καὶ
328 2378 374 2404 τοῦ
391 2377 468 2410 Υἱοῦ,
487 2378 534 2404 καὶ
553 2378 585 2403 ἐκ
613 2377 662 2410 τῆς
684 2377 777 2407 οὐσίας
802 2377 891 2403 αὐτῶν

106 2426 251 2460 ὑπάρχειν,
282 2425 359 2458 κοινῇ
376 2423 478 2454 πάντες
497 2423 650 2449 ἁνατολικοί
665 2431 695 2449 τε
724 2423 769 2449 καὶ
789 2424 892 2449 ὁυτιχοὶ

107 2473 189 2506 βοῶσι
205 2470 339 2505 Πατὲρες.
366 2469 446 2496 Ἀλλὰ
468 2469 498 2495 τὸ
512 2470 544 2495 ἐκ
558 2468 609 2503 τῆς
622 2468 716 2498 οὐσίας
732 2470 803 2500 τινος
820 2468 849 2495 ὃν
863 2470 893 2495 ἐν

105 2519 137 2552 τῇ
153 2517 249 2552 Τριᾶιδι
276 2516 323 2543 καὶ
339 2517 370 2542 ἑκ
385 2515 433 2550 τῆς
448 2515 625 2545 ὑποστάσεως
644 2514 719 2548 αὐτῷ
740 2515 825 2542 ἐστιν.
856 2515 893 2540 Τὸ

108 2562 223 2597 Πνεῦμα
234 2562 289 2596 ἄρα
301 2561 330 2588 τὸ
346 2561 423 2594 ἅγιον
439 2562 471 2586 ὲκ
482 2560 531 2594 τῆς
544 2560 639 2591 οὐσίας
665 2560 711 2586 τοῦ
728 2560 792 2586 Υἱοῦ
815 2560 893 2593 λεγό-

108 2617 189 2644 μενον
216 2607 297 2639 εἶναι,
318 2607 366 2634 καὶ
386 2608 416 2633 ἐκ
433 2607 484 2641 τῆς
509 2606 591 2633 αὐτοῦ
618 2607 692 2633 ἐστιν
707 2606 892 2638 ὑποστάσεως.

108 2655 172 2681 Ὀτι
184 2654 206 2680 δ’
220 2654 250 2680 ἐν
265 2654 298 2687 τῇ
314 2651 409 2687 Τριὰδι
426 2651 457 2678 τὺ
476 2652 507 2677 ὲκ
523 2652 571 2686 τῆς
587 2652 680 2683 οὐσίας
697 2652 768 2683 τινος
794 2652 823 2679 ὃν
846 2653 894 2680 καὶ

107 2701 140 2726 ix
156 2699 206 2733 τῆς
226 2696 309 2724 αὑτοῦ
324 2698 398 2723 ἐστιν
411 2696 598 2729 ὑποστάσεως,
614 2697 694 2731 δῆλον
710 2697 823 2725 ἐκεῖθεν.
841 2699 893 2724 Οὑ-

108 2747 155 2772 σία
171 2745 219 2771 καὶ
235 2743 385 2775 ὑπόστασις
397 2743 439 2777 ἐφ’
449 2743 565 2770 ἑκάστου
577 2743 630 2770 τῶν
642 2744 723 2771 θείων
738 2745 893 2780 προσώπων

108 2794 138 2820 ἓν
151 2793 205 2819 εισι
222 2792 350 2827 πρᾶγμα,
374 2791 422 2818 καὶ
436 2790 521 2823 οὕτως
533 2791 574 2824 ἓν,
584 2792 621 2823 ὡς
636 2792 707 2827 λόγῳ
725 2794 798 2828 μόνῳ
812 2793 894 2829 ἀλλή-

108 2839 164 2867 λων
186 2838 389 2875 διακρίνεσθαι.
405 2838 435 2864 Εἰ
457 2838 511 2872 γὰρ
529 2838 673 2873 πράγματι
692 2838 815 2874 ἀλλήλων
827 2840 892 2876 πρό-

972 1466 1001 1494 Si
1021 1466 1083 1500 quis
1109 1473 1175 1493 vero
1200 1465 1274 1492 dicat
1298 1465 1369 1491 lianc
1396 1463 1602 1498 processionem
1624 1469 1721 1497 opera-

896 1504 918 1534 (ἶ
936 1513 1035 1542 tionem
1051 1512 1084 1538 ad
1101 1518 1151 1538 nos
1165 1517 1192 1538 et
1207 1511 1324 1546 gratiam
1340 1509 1508 1544 significare,

970 1558 1077 1585 Vanum
1100 1562 1143 1584 est
1166 1557 1226 1592 ejus
1253 1555 1306 1583 hoc
1329 1555 1477 1590 refugium.
1498 1553 1552 1580 Etsi
1571 1553 1643 1580 enim
1662 1559 1721 1586 gra-

938 1605 1002 1631 tiam
1018 1603 1163 1638 quamdam
1179 1603 1393 1637 participamus.
1407 1600 1576 1634 minimeque
1594 1598 1722 1626 substan-

938 1654 1003 1680 tiam
1021 1652 1161 1686 Spiritus;
1179 1649 1334 1676 substantia
1351 1649 1424 1675 enim
1441 1652 1484 1674 est
1500 1644 1721 1680 imparticipabi-

937 1699 992 1731 lis;
1015 1702 1177 1728 nontamen
1193 1695 1280 1730 gratia
1304 1693 1511 1722 subsistentiam
1535 1700 1591 1719 non
1614 1692 1722 1718 habens

939 1745 1063 1780 procedit
1078 1751 1111 1770 ex
1128 1743 1199 1770 Filio
1212 1762 1218 1774 .
1242 1741 1290 1768 sed
1320 1741 1377 1775 ipsa
1391 1740 1483 1767 divina
1502 1739 1621 1774 Spiritus
1636 1738 1723 1773 hypo-

938 1791 1030 1818 stasis.
1045 1791 1079 1817 Et
1092 1789 1268 1817 manifestum
1280 1792 1323 1815 est
1339 1795 1370 1814 ex
1382 1787 1443 1814 aliis
1458 1785 1558 1816 verbis,
1571 1792 1631 1820 qua:
1645 1791 1724 1818 aper-

940 1838 995 1864 tius
1005 1841 1032 1864 οι
1043 1836 1242 1871 signiﬁcantius
1255 1835 1386 1862 doctores
1409 1833 1506 1860 dicunt
1517 1852 1524 1865 ,
1538 1829 1724 1863 scaturiendi,

940 1884 1052 1917 inquam
1067 1902 1074 1913 .
1093 1886 1121 1909 et
1149 1883 1235 1909 instar
1260 1881 1345 1909 fontis
1367 1879 1533 1910 emauandi,
1550 1882 1579 1905 et
1601 1876 1724 1904 lucendi.

940 1927 1005 1960 Quae
1021 1927 1065 1955 cui
1088 1935 1143 1954 non
1159 1927 1315 1954 caecum-nti
1339 1933 1394 1953 non
1411 1929 1572 1960 argumento
1586 1930 1648 1951 esse
1663 1929 1727 1957 pos-

941 1976 1006 2000 sunt
1028 1972 1220 1999 exsistcntiam
1249 1971 1389 2005 Spiritus.
1415 1977 1470 1996 non
1497 1967 1727 1996 communicatio-

941 2025 1004 2044 nem
1016 2037 1024 2049 ,
1043 2024 1137 2050 neque
1155 2016 1331 2043 collationem
1350 2014 1470 2048 aliquam
1488 2013 1624 2039 donorum
1642 2010 1728 2042 signi-

942 2061 1045 2089 ﬁcare?
1069 2061 1143 2088 Talis
1166 2061 1249 2094 igitur
1274 2068 1307 2086 ex
1324 2059 1393 2086 Filio
1414 2057 1584 2093 hypostatica
1607 2056 1728 2091 Spiritus

943 2107 1107 2143 productio,
1132 2106 1175 2134 vel
1195 2105 1306 2133 servilis
1327 2110 1370 2132 est
1390 2105 1432 2131 vel
1458 2103 1603 2131 naturalis.
1624 2103 1727 2130 Verum

905 2151 1166 2197 unandoquidem
1195 2158 1248 2177 non
1277 2155 1320 2177 cst
1345 2150 1475 2181 servilis,
1504 2148 1663 2176 necessario
1685 2151 1729 2175 est

943 2197 1091 2225 naturalis.
1114 2197 1256 2224 Naturalis
1273 2204 1338 2223 vero
1357 2195 1504 2230 productio
1522 2201 1646 2229 persona:
1666 2193 1729 2228 Spi-

942 2245 1015 2272 ritus
1036 2252 1070 2271 ex
1092 2244 1180 2275 Filio,
1205 2243 1272 2278 quid
1297 2242 1373 2270 aliud
1394 2243 1431 2269 sit
1454 2246 1556 2277 praeter
1577 2241 1639 2276 ejus
1665 2248 1729 2276 pro-

942 2291 1097 2319 cessionem
1111 2310 1119 2322 ,
1136 2298 1171 2317 ne
1188 2290 1291 2324 ﬁngere
1308 2289 1420 2324 quidem
1439 2287 1519 2315 facile
1534 2292 1587 2314 est.

979 2337 1116 2364 Praeterea
1138 2336 1272 2371 Spiritum
1305 2339 1430 2362 sanctum
1449 2342 1483 2362 ex
1503 2333 1656 2361 substantia
1675 2333 1728 2360 Pa-

945 2382 994 2410 tris
1025 2386 1054 2408 ct
1081 2381 1142 2408 Filii
1169 2388 1230 2408 esse
1261 2386 1345 2415 atque
1369 2379 1520 2407 Subsistere
1544 2379 1730 2406 communiter

944 2436 1040 2456 omnes
1057 2428 1152 2455 Patres
1179 2427 1331 2454 orientales
1353 2431 1382 2453 ct
1396 2425 1582 2452 occidentales
1598 2425 1728 2452 clamant.

945 2474 998 2502 Sed
1021 2474 1053 2503 iu
1072 2473 1207 2500 Trinitate
1223 2473 1296 2507 quod
1314 2477 1357 2500 est
1373 2480 1404 2499 ex
1421 2472 1574 2498 substantia
1592 2471 1728 2504 alicujus,

943 2525 985 2548 est
994 2528 1103 2555 quoque
1117 2527 1148 2546 ex
1162 2521 1221 2553 ejus
1233 2526 1361 2553 persona.
1373 2517 1458 2551 Igitur
1472 2517 1591 2550 Spiritus
1606 2522 1728 2548 sanctus,

945 2573 1007 2593 cum
1025 2566 1132 2593 dicatur
1150 2572 1211 2592 esse
1228 2572 1259 2590 cx
1279 2563 1432 2590 substantia
1452 2562 1533 2594 Filii,
1552 2561 1602 2590 erit
1620 2568 1730 2595 quoque

945 2619 978 2638 ex
993 2611 1053 2646 ejus
1069 2609 1221 2645 hypostasi.
1237 2608 1315 2642 Quod
1332 2613 1423 2634 autem
1440 2607 1467 2634 in
1485 2606 1636 2636 Triuilatc.
1655 2605 1730 2640 quod

945 2663 988 2685 est
1005 2665 1038 2684 ex
1058 2656 1214 2684 substantia
1232 2655 1368 2689 alicujus,
1385 2654 1421 2681 sit
1441 2654 1523 2680 etiam
1544 2661 1576 2679 cx
1596 2653 1658 2686 ejus
1682 2654 1730 2687 hy-

945 2703 1069 2739 postasi,
1096 2703 1157 2729 inde
1174 2701 1350 2728 manifestum
1366 2705 1419 2727 est.
1447 2699 1607 2726 Substautia
1639 2704 1666 2726 et
1683 2699 1731 2733 liy-

946 2748 1066 2783 postasis
1091 2748 1119 2774 in
1142 2754 1307 2782 quacunque
1336 2745 1430 2772 divina
1458 2751 1577 2779 persona
1604 2751 1656 2770 una
1685 2750 1731 2771 res

947 2798 1032 2827 sunt,
1058 2798 1140 2828 atque
1164 2793 1202 2820 ita
1224 2800 1296 2825 una,
1321 2796 1351 2819 ut
1372 2791 1430 2818 sola
1453 2795 1545 2818 mente
1567 2797 1599 2817 ac
1624 2791 1730 2817 ratione

946 2840 1064 2868 invicem
1081 2839 1283 2867 discernantur.
1313 2838 1340 2866 Si
1356 2837 1430 2866 enim
1446 2844 1562 2873 persona
1578 2845 1626 2865 seu
1642 2837 1726 2872 hypo-
