1920 3063
222 140 272 171 371

694 141 949 172 BESSARIONIS
969 141 999 172 S.
1021 140 1056 170 Β.
1078 140 1111 171 Ε,
1134 139 1368 170 CARDINALIS

1795 135 1854 166 372

224 198 323 228 sumis,
346 202 372 224 et
387 197 507 224 essentia
523 205 552 225 re
568 197 641 225 inter
655 205 685 225 se
702 198 847 225 diﬁ‘errent
859 217 866 229 ,
881 197 1012 232 quemad-

1069 203 1164 227 l‘umov,
1182 197 1198 231 ἢ
1215 197 1374 227 ὑπόστασις,
1391 197 1437 222 καὶ
1463 196 1542 222 οὖσία
1564 194 1698 229 διέφερον,
1719 190 1789 227 ἦσαν
1814 194 1852 219 ἂν

225 242 336 268 modum
366 248 430 269 sunt
457 251 486 269 re
516 243 574 277 ipsa
603 247 657 270 tres
683 251 830 277 personae,
859 243 896 269 ita
926 243 1011 269 etiam

225 292 316 314 essent
338 293 395 314 tres
418 288 556 316 essentia.
583 289 642 316 Hoc
665 294 757 316 autem
778 289 945 316 contrarium
970 292 1013 315 est

226 330 300 358 ﬁdei.
334 331 522 363 Quamobrem
553 333 718 367 cogitatione
747 334 859 369 quidem
891 333 1012 360 essentia

226 377 381 411 sejungitur
404 378 437 404 ab
457 378 595 412 hypostasi
610 398 617 410 ,
642 387 739 406 revera
765 385 856 406 tatnen
872 379 967 406 eadem
985 383 1013 406 et

228 431 280 449 una
296 431 341 450 res
358 429 416 453 est.
432 426 573 451 contrario
589 426 669 452 modo
686 430 767 459 atque
789 434 818 453 se
842 426 964 453 habeant
985 425 1013 452 in

228 469 309 495 nobis
326 469 494 497 hominibus.
513 471 621 497 Etenim
639 471 665 498 in
683 472 764 498 nobis
779 472 938 507 conjunctio
952 471 1012 505 qui-

228 514 289 541 dem
309 520 422 548 naturze,
438 516 545 543 sciliCet
557 516 745 549 humanitatis,
761 525 821 544 cum
838 518 1012 552 uniuscujus-

228 569 282 593 que
300 569 416 595 persona
428 582 434 592 .
448 569 530 589 sensu
547 563 664 596 mentis,
679 568 706 590 et
722 564 888 597 cogitatione
906 569 1011 590 tantum

228 604 294 631 facit
312 614 413 637 unum,
434 614 462 633 re
477 612 569 633 autem
584 607 639 633 dtto
653 612 726 634 sunt.
743 608 801 634 Alia
816 607 889 635 enim
907 616 950 635 res
968 611 1010 635 cst

228 652 384 678 communis
409 653 583 685 humanitas,
610 653 662 679 alia
688 660 754 679 vero
780 654 862 688 hujus
889 662 1012 688 persona:

229 697 447 724 imliridualitas.
471 698 624 730 Quocirca,
653 699 886 732 quemadmodum
912 708 1010 727 sumus

228 743 320 770 multa:
336 751 461 777 personas
472 764 479 775 ,
494 744 534 770 sic
548 745 630 771 etiam
648 745 726 771 multi
745 745 882 773 homines.
901 746 933 772 Et
950 745 1011 773 ideo

229 796 285 814 non
312 789 470 816 necessario
482 810 489 819 ,
506 790 578 823 quod
593 797 626 816 ex
642 795 739 817 natura
757 796 798 818 est
821 792 956 826 alicujus,
976 799 1010 819 ex

228 841 343 868 persona
360 842 471 870 quoque
488 836 562 863 illius
576 841 628 864 est.
652 838 687 864 At
710 845 774 865 vero
791 838 818 864 in
837 838 1009 865 sanctissima

229 879 374 912 Trinitate,
391 885 421 907 ut
435 882 539 909 dictum
555 887 607 914 est,
625 887 710 910 totum
725 884 880 918 oppositum
895 884 988 911 evenit
1002 894 1009 911 :

229 934 261 952 ex
278 933 311 951 eo
326 926 475 960 nimirum,
490 928 562 962 quod
578 933 691 962 natura,
706 935 734 956 et
747 937 864 965 persona
882 938 966 957 unum
984 935 1012 957 et

229 970 301 996 idem
326 971 392 1002 sint,
422 971 555 999 discretio
573 978 664 1000 autetu
692 980 719 1001 et
748 975 885 1009 separatio
907 979 1013 1002 tantum

230 1017 348 1044 ratione.
362 1017 545 1050 Quamobrem
565 1019 638 1053 quod
656 1027 688 1046 ex
707 1025 804 1047 natura
822 1021 938 1056 alicujus
953 1029 1014 1055 per-

229 1069 305 1089 sonae
325 1067 385 1096 est,
409 1070 442 1090 ex
469 1063 542 1090 illius
564 1072 675 1098 quoque
691 1066 727 1092 sit
754 1073 870 1099 persona
900 1074 1014 1094 necesse

229 1113 282 1135 est.
309 1108 335 1135 Si
349 1116 413 1143 ergo
426 1116 459 1135 ex
473 1113 571 1136 natura
586 1110 649 1137 Filii
665 1111 785 1145 Spiritus
800 1116 854 1144 est,
878 1112 959 1147 cujus
974 1111 1013 1138 rei

231 1154 311 1188 plena
332 1159 396 1181 sunt
418 1155 511 1181 omnia
532 1156 634 1190 scripta
656 1155 750 1191 Cyrilli
766 1176 773 1188 ,
792 1156 875 1191 igitur
890 1164 924 1183 ex
942 1157 1015 1184 illius

230 1207 340 1233 quoque
356 1200 495 1235 hypostasi
511 1205 565 1228 est.

267 1246 368 1273 Verum
388 1247 463 1273 aiunt
481 1247 589 1278 nostri.
607 1253 721 1282 propter
739 1248 1014 1276 consubstantialita-

232 1297 286 1319 tem
306 1293 362 1320 haec
378 1294 431 1320 dici
443 1314 450 1325 ,
468 1299 495 1321 et
513 1299 540 1321 ut
559 1294 679 1329 Spiritus
702 1295 866 1323 ostendatur
890 1296 1015 1331 ejusdem

230 1345 292 1366 esse
308 1339 469 1366 substantiae
485 1347 545 1366 eum
564 1341 644 1368 Patre
659 1346 686 1368 et
703 1341 783 1368 Filio.

333 1395 448 1430 Spiritus
469 1404 500 1423 ea:
516 1397 665 1424 substantia
684 1397 773 1424 Patria
790 1401 814 1424 et
829 1397 912 1431 Filii,

484 1440 535 1458 non
554 1436 642 1458 tamen
659 1437 762 1459 contra.

266 1477 343 1509 Quod
360 1485 426 1504 sane
444 1485 539 1504 verum
554 1482 616 1510 est;
634 1478 683 1505 sed
699 1485 754 1512 quo
770 1486 866 1505 verum
880 1499 888 1512 ,
907 1486 941 1506 eo
957 1486 1017 1506 ma-

1064 241 1158 276 ὣσπερ
1172 242 1235 276 τρία
1250 242 1387 277 πρόσωπα
1401 241 1612 276 πραγματικῶς,
1629 239 1699 266 οὕτω
1712 239 1759 266 καὶ
1772 241 1854 273 τρεῖς

1064 288 1166 314 οὐσίαι.
1183 287 1270 314 Τοῦτο
1285 287 1308 313 δ’
1327 287 1401 314 ἐστὶν
1420 287 1539 314 ἐναντίον
1554 287 1586 321 τῇ
1609 285 1711 312 πίστει.
1732 285 1779 311 Διὸ
1790 286 1857 312 ἑπι-

1064 334 1124 368 νοία
1142 333 1190 368 μὲν
1208 333 1282 359 ἔστιν
1297 334 1312 367 ἡ
1328 333 1464 367 διάκρισις
1480 333 1656 363 ὑποστάσεως
1684 332 1730 358 καὶ
1744 331 1854 363 οὐσίας,

1065 379 1210 412 πράγματι
1226 378 1253 404 δέ
1264 387 1295 412 γε
1309 379 1325 413 ὴ
1339 378 1446 409 ἕνωσις·
1463 377 1594 407 ἐναντίως
1615 377 1632 412 ἦ
1646 377 1690 411 ἐφ’
1702 377 1780 411 ἡμῶν
1797 377 1856 402 τῶν

1064 424 1226 459 ἀνθρώπων.
1247 425 1305 458 Ἐφ’
1317 423 1395 459 ἡμῶν
1413 424 1466 459 γὰρ
1481 424 1496 458 ἡ
1515 423 1563 457 μὲν
1577 423 1674 453 ἕνωσις
1687 422 1735 457 τῆς
1743 422 1856 456 φύσεως

1063 471 1123 505 ἢτοι
1137 472 1183 505 τῆς
1200 470 1408 505 ἀνορωπότητος
1425 470 1494 505 μετὰ
1515 469 1560 496 τοῦ
1573 469 1689 495 ἑκάστου
1701 467 1854 501 προσώπου

1064 516 1171 551 ἐπινοίᾳ
1186 517 1260 542 ποιεῖ
1273 516 1312 547 ἓν,
1331 515 1474 550 πράγματι
1494 514 1522 541 δέ
1540 515 1592 541 alat
1613 513 1670 540 δύο.
1689 513 1771 539 ’Δλλο
1796 513 1854 547 γὰρ

1064 562 1182 596 πρᾶγμα
1199 563 1214 596 ἡ
1233 561 1310 596 κοινὴ
1327 561 1517 597 ἀνθρωπότης,
1539 561 1586 587 καὶ
1606 560 1670 586 ἄλλο
1696 560 1815 596 πρᾶγμα
1835 559 1853 593 ἡ

1062 608 1140 635 τοῦδε
1156 609 1203 635 τοῦ
1234 609 1381 644 προσώπου
1409 608 1555 643 ἀτομότης.
1583 608 1630 634 Διὸ
1651 607 1744 641 ὥσπερ
1768 606 1856 640 ἐσμὲν

1064 654 1149 681 πολλὰ
1168 655 1315 690 πρόσωπα,
1351 655 1421 681 οὕτω
1438 655 1485 681 καὶ
1513 654 1605 680 πολλοὶ
1626 648 1776 687 ἄνθρωποι.
1807 651 1855 678 Διὸ

1063 701 1114 727 οὐκ
1129 701 1157 734 ἐξ
1180 701 1305 734 ἀνάγκης
1318 700 1347 727 τὺ
1361 701 1393 727 ἐκ
1409 702 1457 734 τῆς
1484 699 1592 734 φύσεως
1609 699 1687 726 τοῦδέ
1717 707 1789 729 τινος
1806 699 1856 723 καὶ

1062 747 1094 773 ὲκ
1106 747 1155 780 τῆς
1169 747 1348 778 ὑποστάσεως
1361 746 1435 781 αὐτῷ
1452 747 1535 773 ἐστιν.
1564 746 1625 772 Ἐπὶ
1651 745 1680 771 δὲ
1697 744 1747 778 τῆς
1768 743 1856 776 ἁγίας

1062 791 1187 826 Τριάδος,
1203 791 1240 822 ὼς
1266 791 1385 826 εἴρηται,
1401 791 1431 817 τὸ
1445 790 1580 818 ἀνάπαλίν
1610 791 1682 816 ἐστιν
1697 798 1705 806 ⁸
1740 789 1781 815 ὅτι
1804 789 1855 823 δη-

1062 838 1129 872 λαδὴ
1144 838 1160 872 ὴ
1175 838 1224 872 μὲν
1237 837 1332 868 ἓνωσις
1356 836 1464 871 φύσεώς
1490 845 1520 862 τε
1547 837 1593 862 καὶ
1618 835 1766 870 προσώπου
1793 835 1855 861 ἐστι

1065 883 1221 918 πράγματι,
1240 885 1255 918 ἡ
1272 883 1300 909 δὲ
1314 883 1452 918 διάκρισις
1465 881 1581 917 ἐπινοίᾳ.
1602 882 1684 908 Ὅθεν
1709 881 1739 907 τὸ
1754 882 1785 907 ἐκ
1800 881 1854 914 τῆς

1066 929 1173 965 φύσεώς
1187 937 1260 960 τινος
1277 929 1331 956 τῶν
1349 928 1502 964 προσώπων
1514 929 1561 954 καὶ
1573 929 1604 954 ὲκ
1615 928 1663 962 τῆς
1677 927 1854 958 ὑποστάσεως

1065 976 1146 1002 αὑτοῦ
1173 975 1203 1008 ἐξ
1232 976 1354 1010 ἀνάγκης
1382 975 1465 1002 ἐστίν.
1494 975 1524 1001 Εἰ
1552 971 1598 1000 οὖν
1619 974 1651 1000 ἐκ
1678 973 1725 1007 τῆς
1743 973 1855 1007 φύσεως

1065 1022 1112 1049 τοῦ
1146 1022 1210 1048 Υίυῦ
1238 1022 1268 1048 τὸ
1294 1022 1416 1056 Πνεῦμα,
1452 1017 1482 1047 οὗ
1508 1020 1618 1055 πλήρης
1648 1020 1723 1046 πᾶσα
1757 1019 1854 1053 γραφὴ

1067 1068 1221 1103 Κυρίλλου,
1255 1067 1300 1094 καὶ
1335 1068 1367 1093 ἐκ
1394 1066 1442 1102 τῆς
1471 1066 1647 1096 ὑποστάσεως
1676 1064 1758 1091 αὐτοῦ
1797 1064 1855 1098 ἄρα

1067 1114 1153 1140 ἐστίν.

1109 1247 1192 1274 Ἀλλὰ
1204 1248 1286 1280 φασὶν
1303 1245 1327 1272 οἱ
1346 1245 1485 1280 ἡμέτεροι,
1501 1244 1545 1271 διὰ.
1563 1243 1593 1270 τὸ
1605 1242 1750 1278 ὀμοούσιον
1765 1243 1855 1270 ταῦτα

1068 1292 1205 1327 εἰρῆσθαι,
1222 1292 1268 1318 καὶ
1280 1291 1323 1317 ἵνα
1337 1291 1367 1317 τὸ
1382 1290 1496 1324 Πνεῦμα
1514 1289 1607 1324 δειχθῇ
1619 1290 1669 1324 τῆς
1693 1289 1794 1322 ταυτῆς
1807 1289 1854 1314 οὺ-

1069 1339 1128 1370 σίας
1145 1337 1252 1372 nmo;
1265 1337 1311 1364 καὶ
1326 1335 1403 1364 Υίοῦ.
1633 1360 1636 1363 .

1071 1394 1105 1422 Τὸ
1125 1393 1246 1428 Πνεῦμα
1254 1393 1288 1419 ἐκ
1302 1391 1480 1428 ττῙςΑΟὐσίας
1496 1389 1611 1428 Πᾳτρὸς
1634 1388 1685 1415 καὶ
1704 1387 1785 1420 Υἱοῦ,
1816 1387 1855 1413 οὺ

1331 1426 1394 1461 μὴν
1406 1425 1571 1453 ἀνάπαλιν.

1104 1474 1190 1502 Τοῦτο
1209 1475 1236 1500 δὲ
1254 1473 1353 1508 ἀληθὲς
1380 1471 1440 1506 μὲν,
1466 1471 1521 1505 ὅσῳ
1548 1470 1576 1496 δὲ
1599 1469 1707 1504 ἀληθὲς,
1733 1467 1856 1502 τοσούτῳ

233 1523 274 1558 gis
296 1523 401 1551 Latinis
418 1523 500 1550 favet.
518 1524 564 1550 Sic
578 1524 651 1550 enim
668 1524 756 1559 magis
770 1525 1015 1552 consubstantialis

1069 1521 1196 1551 Λατίνοις
1216 1519 1359 1553 συνηγορεί
1385 1518 1496 1552 μᾶλλον.
1525 1515 1605 1543 Οὕτω
1631 1516 1685 1550 γὰρ
1709 1514 1856 1549 ὁμοούσιον

235 1576 277 1596 est
293 1569 414 1602 Spiritus
429 1569 502 1595 Patri
518 1576 550 1595 ac
564 1569 634 1596 Filio
645 1589 652 1602 ,
672 1575 768 1604 utpote
782 1571 829 1604 qui
844 1578 879 1597 ex
893 1570 1015 1604 ipsorum

233 1616 385 1643 substantia
412 1620 441 1642 et
460 1616 494 1642 ab
516 1616 582 1649 ipsis
607 1615 767 1649 proveniat,
784 1615 837 1642 hoc
861 1620 904 1643 est
919 1623 1016 1650 procc-

233 1662 290 1688 dat.
305 1662 417 1688 Dicatur
431 1661 505 1687 enim
522 1661 623 1687 clarius
637 1665 750 1695 propter
773 1668 821 1688 eos
845 1668 914 1695 quos
933 1661 1016 1688 verba

233 1705 389 1732 oll‘endunt.
412 1705 440 1732 Si
466 1705 541 1732 enim
565 1705 728 1739 simpliciter
742 1705 1017 1732 consubstantialita-

233 1757 288 1778 tem
317 1755 445 1783 tantum,
474 1755 504 1777 ut
532 1750 619 1778 nostri
646 1750 828 1783 arbitrantur,
859 1751 1015 1785 signiﬁcat,

233 1796 379 1830 oportebat
406 1796 489 1822 etiam
519 1796 628 1823 Patrem
655 1804 688 1823 ex
715 1796 873 1823 substantia
900 1796 961 1824 Filii
989 1801 1018 1824 et

235 1841 438 1876 Spiritusldici.
454 1841 555 1869 Verum
572 1842 599 1868 id
618 1849 708 1876 neque
721 1849 806 1869 ausus
821 1847 864 1869 est
880 1843 1017 1877 quispiam

234 1887 342 1918 adhuc,
371 1894 463 1921 neque
487 1888 600 1916 audebit
627 1888 741 1919 dicere,
775 1888 898 1922 quandiu
927 1895 1018 1922 operae

234 1935 353 1969 pretium
375 1935 487 1963 duxerit
510 1935 618 1969 piorum
642 1933 785 1960 hominum
808 1933 835 1959 in
856 1940 973 1960 numero
988 1940 1018 1960 se

234 1982 343 2016 reponi.
359 1981 519 2009 Praesertim
535 1987 596 2008 cum
611 1985 638 2007 et
651 1979 805 2006 substantia
822 1986 912 2014 neque
934 1986 1018 2014 gene-

232 2033 286 2062 ret,
297 2035 386 2063 neque
396 2027 625 2063 producat,juxta
639 2026 828 2061 theologorum
841 2026 1016 2058 sententiam,

233 2074 355 2108 itemque
378 2074 499 2108 ipsorum
526 2072 776 2107 philosophorum,
803 2071 826 2098 si
851 2071 964 2105 quidem
988 2075 1017 2098 et

233 2121 284 2155 ipsi
308 2121 410 2155 ubique
431 2120 460 2147 in
483 2123 539 2146 tota
561 2118 738 2154 philosophia
755 2118 894 2149 clamant,
919 2124 1018 2150 opera-

233 2167 322 2194 tioncs
337 2174 397 2194 esse
421 2165 645 2197 individuorum,
670 2171 724 2191 non
746 2155 954 2190 univcrsalium.
975 2163 1019 2190 Et-

231 2213 306 2239 enim
320 2219 373 2244 me,
389 2219 443 2238 non
458 2211 620 2246 simpliciter
636 2211 729 2242 homo,
743 2208 790 2236 sed
807 2209 918 2243 quidam
934 2208 1017 2235 homo
1033 2202 1056 2230 ὓ

234 2259 342 2294 genuit.
359 2259 387 2285 Si
403 2258 498 2293 igitur,
517 2263 547 2284 ut
562 2257 665 2284 dictum
680 2260 740 2289 est,
755 2255 931 2290 operationes
945 2253 1017 2280 indi-

234 2306 382 2332 viduorum
394 2325 401 2337 ,
421 2312 476 2331 non
493 2303 691 2330 universalium
704 2322 711 2334 ,
736 2310 828 2337 neque
852 2301 1017 2335 simpliciter

234 2351 394 2378 substantiae
405 2370 412 2382 ,
428 2349 494 2384 quid
518 2349 591 2376 aliud
614 2348 769 2383 intelligere
783 2348 917 2375 debemus
928 2367 934 2379 ,
953 2346 1017 2373 dum

232 2397 414 2424 substantiam
426 2396 488 2423 Filii
502 2395 660 2422 audivimus
673 2414 681 2427 ,
697 2399 726 2421 et
740 2402 774 2421 ex
788 2395 847 2429 ipsa
863 2393 1017 2428 procedere

233 2442 366 2476 Spiritum
379 2462 385 2472 .
403 2449 486 2476 quam
503 2441 563 2475 ejus
579 2440 700 2467 divinam
715 2438 909 2474 hypostasim?

268 2488 363 2522 Neque
379 2495 444 2514 vero
461 2487 487 2513 id
502 2494 553 2514 nos
569 2489 732 2520 praetereat,
749 2489 879 2516 sanctos,
896 2484 944 2519 qui
960 2483 1018 2510 hate

232 2534 329 2567 aiunt,
346 2540 408 2560 cum
430 2532 548 2559 Arianos
564 2535 591 2558 et
605 2530 794 2557 Eunomianos
814 2533 1017 2564 oppugnarent,

234 2581 292 2607 ha2c
320 2580 433 2610 dixisse,
454 2578 501 2612 qui
524 2577 635 2612 quidem
654 2575 751 2602 Filium
772 2582 805 2602 ex
822 2574 916 2606 Patre,
931 2573 1018 2608 Spiri-

236 2631 292 2654 tum
307 2631 396 2653 autem
413 2633 446 2652 ex
459 2624 530 2652 Filio
550 2630 611 2650 esse
632 2621 800 2653 fatebantur,
817 2629 849 2647 ex
865 2618 1018 2647 substantia

235 2681 300 2700 vero
316 2680 376 2699 esse
393 2671 541 2706 negabant,
567 2669 732 2696 aﬂirmantes
758 2667 858 2694 Filium
882 2673 915 2693 ex
939 2665 1019 2692 Patre

236 2719 346 2752 quidem
360 2724 430 2749 esse,
443 2723 538 2742 verum
553 2722 607 2742 non
621 2713 851 2742 substantialiter.
864 2711 912 2739 sed
924 2710 1021 2737 volun-

237 2769 292 2791 tate
308 2764 396 2791 Patris
415 2770 476 2790 esse
489 2761 627 2796 genitum;
643 2759 775 2794 Spiritum
795 2765 861 2785 vero
881 2761 908 2784 et
931 2757 1020 2790 ipsum

238 2818 271 2836 ex
285 2809 365 2842 Filio,
378 2807 426 2836 sed
439 2815 494 2835 non
506 2805 737 2836 substantialiter,
750 2808 855 2830 tantum
867 2802 1020 2829 voluntate.

237 2856 372 2890 Quocirca
384 2861 411 2884 et
426 2856 523 2884 Filium
538 2854 671 2882 minorem
696 2859 758 2880 esse
780 2850 880 2881 Patre,
905 2852 932 2875 et
954 2847 1021 2874 alte-

1068 1567 1154 1601 Πατρὶ
1169 1566 1214 1591 καὶ
1227 1565 1282 1598 Υἱῷ
1301 1563 1400 1597 μᾶλλον
1415 1563 1446 1588 τὺ
1461 1561 1584 1595 Πνεῦμα,
1603 1561 1641 1592 ὡς
1655 1562 1686 1586 ἐκ
1703 1561 1749 1592 τῆς
1760 1560 1857 1590 οὐσίας

1067 1611 1169 1644 αὐτῶν,
1185 1610 1231 1636 καὶ
1243 1610 1271 1642 ἐξ
1286 1608 1377 1634 αὐτῶν
1393 1607 1499 1642 προϊὸν,
1516 1607 1602 1641 ἤγουν
1622 1606 1856 1640 ἐκπορευόμενον.

1067 1645 1195 1691 Λεγέσθω
1209 1656 1263 1691 γὰρ
1289 1653 1485 1689 καθαρώτερον
1512 1652 1556 1679 διὰ
1579 1652 1644 1683 τοὺς
1667 1653 1723 1683 τοῖς
1749 1652 1857 1687 ῥήμασι

1069 1704 1303 1739 προσκόπτοντας.
1333 1701 1364 1728 Εί
1389 1700 1443 1734 γὰρ
1466 1699 1515 1734 τὴν
1539 1698 1734 1733 ὁμοουσιότητα
1761 1698 1857 1729 ἁπλῶς

1067 1751 1144 1784 δηλοῖ
1157 1749 1247 1783 μόνον,
1266 1748 1303 1778 ὡς
1330 1747 1354 1772 οί
1371 1746 1499 1780 ἡμέτεροι
1526 1744 1638 1776 οἴονται,
1664 1743 1718 1769 ἔδει
1734 1744 1782 1770 καὶ
1810 1744 1857 1770 τον

1069 1795 1178 1829 Πατέρα
1192 1794 1223 1819 ὲκ
1234 1793 1282 1827 τῆς
1296 1791 1390 1822 οὐσίας
1406 1790 1454 1816 τοῦ
1469 1789 1535 1816 Υίοῦ
1551 1789 1599 1815 καὶ
1614 1788 1661 1815 τοῦ
1694 1788 1857 1822 Πνεύματος

1068 1841 1206 1875 λέγεσθαιῤ
1228 1838 1307 1865 Ἀλλὰ
1323 1837 1400 1864 τοῦτο
1411 1836 1466 1863 οὔτ’
1489 1835 1621 1870 ἐτόλμησέ
1635 1843 1679 1866 τις
1708 1834 1789 1870 μέχρι
1807 1836 1858 1861 καὶ

1069 1888 1128 1920 νῦν,
1145 1886 1206 1913 οὔτε
1231 1884 1362 1919 τολμήσει
1392 1883 1490 1913 εἰπεῖν,
1517 1881 1569 1912 ἕως
1590 1881 1624 1907 ἂν
1649 1881 1706 1912 τοῖς
1730 1881 1857 1908 εὺσέὃεσι

1070 1931 1264 1961 συντάττεσθαι
1279 1929 1419 1964 προῦργου
1435 1928 1539 1954 ποιοῖτο
1551 1935 1558 1942 ·
1575 1926 1663 1958 ἄλλως
1679 1935 1708 1952 τε
1737 1928 1799 1953 ἐπεὶ
1811 1928 1858 1953 οὑ-

1071 1979 1115 2005 σία
1136 1977 1198 2005 οὕτε
1219 1977 1314 2011 γεννᾷ,
1343 1974 1405 2001 οὔτε
1423 1972 1567 2008 ἑκπορεύει
1594 1972 1665 1999 κατὰ
1685 1973 1748 2003 τοὺς
1763 1973 1855 1999 θεολό-

1069 2032 1146 2059 γους,
1162 2023 1202 2050 ἔτι
1217 2030 1247 2048 τε
1261 2022 1309 2047 καὶ
1322 2019 1422 2050 αὐτοὺς
1436 2018 1500 2049 τοὺς
1513 2018 1688 2052 φιλοσόφους,
1704 2017 1751 2044 καὶ
1778 2018 1856 2043 αὑτοὶ

1069 2071 1124 2105 γὰρ
1140 2067 1278 2102 πανταχοῦ
1292 2066 1375 2102 βοῶσι
1391 2063 1563 2099 φιλοσοφίας,
1579 2064 1628 2095 τὰς
1651 2063 1790 2097 ἐνεργείας
1800 2063 1855 2089 τῶν

1070 2115 1179 2149 ἀτόμων
1196 2111 1276 2145 εἶναι,
1292 2112 1322 2138 οὐ
1340 2111 1394 2137 τῶν
1408 2109 1525 2137 καθόλου
1540 2117 1547 2124 '
1567 2108 1619 2143 ἐμὲ
1633 2108 1687 2142 γὰρ
1702 2108 1751 2142 οὐχ
1764 2109 1855 2140 ἁπλῶς

1070 2160 1226 2195 ἄνθρωπος,
1243 2157 1301 2184 ἀλλ’
1317 2158 1331 2183 ὁ
1347 2157 1390 2187 τὶς
1404 2155 1548 2190 ἄνθρωπος
1558 2154 1735 2188 γεγέννηκεν.
1750 2154 1781 2180 Εἰ
1797 2153 1854 2186 οὖν,

1069 2207 1106 2238 ὡς
1121 2204 1239 2240 εἴρηταί,
1251 2203 1281 2230 αἱ
1296 2201 1436 2236 ὲνέργειαί
1451 2202 1504 2227 alat
1522 2200 1577 2226 τῶν
1601 2199 1721 2234 ἀτόμων,
1743 2200 1772 2225 οὐ
1802 2199 1855 2225 τῶν

1070 2251 1196 2282 καθόλου,
1219 2249 1280 2276 οὐδὲ
1305 2247 1355 2283 τῆς
1383 2246 1477 2277 ἁπλῶς
1500 2245 1604 2277 οὐσίας,
1636 2245 1663 2271 τί
1693 2245 1757 2271 ἄλλο
1787 2246 1855 2270 νοεῖν

1069 2297 1214 2332 ὀφείλομεν
1247 2294 1342 2321 οὐσίαν
1373 2292 1440 2319 Υίοῦ
1457 2290 1617 2322 -ἁκοὺοντες
1642 2291 1688 2317 καὶ
1716 2290 1744 2323 ἐξ
1772 2290 1855 2324 αὐτῆς

1070 2343 1194 2378 προϊέναι
1219 2340 1251 2367 τδ
1294 2338 1419 2374 Πνεῦμα,
1455 2337 1471 2373 ἢ
1503 2337 1553 2372 τὴν
1581 2336 1664 2363 αὑτοῦ
1690 2336 1766 2364 θείαν
1791 2335 1856 2362 ὑπό-

1070 2396 1184 2419 στασινς

1105 2475 1182 2511 Μηδὲ
1209 2473 1288 2501 τοῦτο
1318 2473 1347 2500 δὲ
1365 2472 1440 2506 ἡμᾶς
1467 2469 1638 2502 λανθανέτω,
1666 2469 1746 2496 ὃτιοί
1770 2468 1854 2495 ταῦτα

1069 2521 1277 2557 λέγοντεςᾶγιοι
1309 2519 1378 2553 πρὸς
1413 2517 1573 2552 ’Λρειανοὺς
1598 2515 1645 2542 καὶ
1670 2515 1853 2549 Εὑνομιανοὺς

1072 2568 1219 2604 μαχόμενοι
1237 2566 1330 2599 ἔλεγον
1343 2564 1429 2591 ταῦτα
1444 2572 1451 2579 ·
1466 2563 1502 2595 οἳ,
1526 2562 1572 2590 τὸν
1588 2562 1637 2596 μὲν
1655 2561 1719 2587 Υἱὺν
1748 2562 1780 2587 ἐκ
1808 2561 1853 2586 τοῦ

1071 2613 1178 2648 Πατρὸς
1192 2611 1273 2644 εἶναι,
1289 2610 1319 2637 τὸ
1339 2610 1367 2636 δὲ
1394 2608 1506 2643 Πνεῦμα
1526 2608 1558 2634 ὲκ
1586 2606 1633 2633 τοῦ
1661 2606 1727 2633 Υἱοῦ
1752 2606 1854 2640 ὡμολό-

1071 2668 1136 2694 γουν
1151 2666 1158 2673 ·
1177 2658 1308 2694 ἠρνοῦντο
1324 2656 1351 2682 δὲ
1368 2656 1398 2682 τὸ
1411 2657 1442 2681 ὲκ
1468 2654 1518 2688 τῆς
1533 2653 1639 2685 οὐσίας,
1657 2652 1783 2685 λέγοντες
1808 2651 1853 2678 τὸν

1072 2707 1135 2733 Υίὸν
1151 2706 1182 2730 ἐκ
1195 2704 1240 2730 τοῦ
1257 2702 1365 2737 Πατρὺς
1380 2701 1440 2735 μὲν,
1459 2699 1515 2727 ἀλλ’
1541 2699 1590 2726 οὑκ
1607 2697 1755 2729 οὺσιωδῶς,
1787 2697 1854 2723 ἀλλά

1072 2750 1182 2784 Θελήσει
1195 2747 1241 2774 τοῦ
1257 2746 1364 2780 Ila-cpi);
1380 2744 1546 2779 γεννηθῆναι
1561 2753 1568 2760 ·
1584 2743 1614 2769 τὸ
1629 2743 1656 2769 δὲ
1672 2741 1784 2775 Πνεῦμα
1807 2742 1854 2767 καὶ

1073 2797 1138 2824 αὐτὸ
1151 2797 1182 2822 ἐκ
1198 2794 1244 2820 τοῦ
1256 2793 1334 2826 Υἱοῦ,
1351 2792 1402 2818 οὐκ
1417 2791 1565 2822 οὺσιωδῶς,
1582 2789 1650 2816 ἀλλὰ
1676 2788 1794 2823 Θελήσει.
1809 2787 1854 2813 Διὸ

1072 2844 1117 2870 τὶιν
1133 2841 1182 2877 μὲν
1198 2840 1261 2867 Υἱὸν
1280 2839 1409 2866 ἐλάττονα
1429 2837 1475 2863 τοῦ
1500 2836 1606 2871 Πατρδς
1619 2835 1666 2862 καὶ
1695 2835 1789 2869 ἑτέρας
1805 2834 1851 2860 οὑ-
