1920 3063
81 157 133 189 ἷὶῖ3

536 155 586 186 DE
605 151 868 184 PROCESSIONE
889 151 1070 185 SPIRITUS
1090 155 1235 186 SANCTL

1641 154 1692 186 374

80 213 150 244 σίας,
163 211 192 237 τὶ
207 211 234 238 δὲ
249 211 359 246 Πνεῦμα
374 210 483 238 ἔλαττον
495 211 542 238 τοῦ
561 209 625 236 Υιοῦ
645 209 692 236 τοῦ
709 208 755 236 καὶ
771 207 865 242 ἐτέρας

923 209 975 236 rius
996 212 1156 239 substantiae
1168 231 1175 244 .
1191 217 1218 239 et
1232 211 1365 246 Spiritum
1380 211 1517 238 minorem
1531 218 1592 238 esse
1608 211 1693 245 Filio,

80 257 173 290 οὐσίας
187 256 377 291 ἀπεφαίνοντο,
396 256 433 289 ὡς
451 257 527 292 τρεῖς
548 254 644 287 οὐσίας
659 256 746 281 ποιεῖν
761 253 790 280 ὲν
805 252 865 278 θεό-

81 312 158 339 τητι.

118 351 149 376 Οί
168 348 215 376 οὖν
227 348 350 383 Πατέρες
363 357 391 374 τε
418 348 464 374 καὶ
482 340 646 378 διδάσκαλοι,
673 345 787 375 ἐκείνοις
815 351 866 377 μα-

81 395 205 430 χόμενοι,
218 395 269 420 οὐκ
285 396 316 420 ἐκ
333 392 380 419 τοῦ
408 392 472 419 Υίοῦ
500 393 591 427 μόνον,
618 391 686 417 ἀλλὰ
710 391 758 417 καὶ
770 391 801 416 ὲκ
817 388 866 422 τῆς

83 440 177 471 οὐσίας
189 438 270 465 αὑτοῦ
285 438 418 465 ἔσπευδον
448 437 584 465 δεικνύναι
603 437 632 463 ὃν
647 436 678 462 τὸ
704 434 814 468 Πνεῦμα
837 432 867 459 ab

85 487 172 520 ἆγιοψ
186 485 316 516 ὡσαύτως
332 485 380 513 καὶ
391 483 436 511 τὸν
452 484 526 515 Υὶδν,
539 484 590 510 οὐκ
602 483 634 510 ὲκ
643 482 691 509 τοῦ
704 473 808 515 Πατρδς
821 479 868 514 μό-

84 542 140 564 νον,
156 533 223 559 αὶὶὰ
237 532 292 559 κάκ
305 532 355 566 τῆς
368 531 462 562 οὐσίας
482 529 576 557 αὑτοῦ.

125 577 173 604 Ίδὲ
187 577 243 604 οῦν·
258 577 326 612 πρὸς
341 577 389 611 μὲν
403 576 431 602 τὸ
443 577 474 602 ὲκ
488 575 623 609 θελήσεως
633 572 680 600 τοῦ
694 571 866 605 Υἱοῦ,καὶοὺ

83 623 134 657 τῆς
151 622 246 654 οὐσίας
257 622 286 649 τὸ
298 621 412 655 Πνεῦμα
428 620 507 652 εἶναι,
522 620 651 654 ἀπήντων
664 619 688 644 oi.
700 617 866 650 διδάσκαλοι,

85 670 117 694 ὲκ
126 669 177 702 τῆς
187 668 281 699 οὐσίας
297 667 344 694 τοῦ
366 666 432 694 Υίοῦ
454 664 525 693 εἶναι
543 665 675 700 βοῶντες·
697 663 765 698 πρὸς
789 663 817 689 δὲ
839 663 868 688 τὸ

84 715 115 747 ἐξ
128 715 192 741 Υίοῠ
210 712 281 741 εἶναι
294 715 381 745 οὐδεὶς
398 714 528 747 ἀντέστη,
554 712 608 738 οὐδ’
635 710 729 746 εἴρηκε
749 709 786 745 μὴ
800 707 869 735 εἶναι

83 760 150 786 αὐτὸ
166 759 194 791 ἐξ
211 758 276 785 Υίοῦ
288 767 294 774 ·
312 759 350 791 ὡς
375 759 422 786 καὶ
439 757 516 784 αὐτοὶ
542 758 622 783 τοῦτο
635 755 807 791 φρονοῦντες,
823 753 869 780 καὶ

82 805 114 830 τὸ
133 805 163 830 ὲκ
180 805 230 838 τῆς
245 803 340 835 οὐσίας
357 803 404 831 τοῦ
419 802 545 834 Υίοῦ,ὠς
559 802 613 828 κάκ
628 800 677 834 τῆς
693 797 869 827 ὑποστάσεώς

83 857 113 875 τε
131 849 178 876 καὶ
191 850 285 881 οὐσίας
310 849 405 882 αὑτοῦ,
420 848 496 876 αὐτοί
510 856 538 874 τε
565 846 699 878 νοοῦντες,
727 844 774 871 καὶ
789 843 868 878 ἡμῶν

82 896 148 927 τοὺς
168 895 310 928 συνιέντας
321 895 506 926 διδάσκοντες.

121 988 182 1014 Ἔτι
200 986 279 1021 ὁμὲν
292 986 382 1020 μέγας
411 984 550 1015 Βασίλειος
577 984 606 1009 ἐν
635 982 673 1018 τῷ
699 982 799 1018 πρώτῳ
814 983 869 1010 τῶν

84 1034 155 1060 Κατ’
165 1033 318 1066 Εὐνομίου
333 1031 378 1057 τὸν
393 1030 457 1056 Υίόν
473 1037 538 1064 φησι
553 1028 630 1060 τάξιν
649 1028 721 1063 ἔχειν
737 1029 804 1063 πρὸς
823 1027 868 1054 τὸν

87 1079 199 1114 Πατέρα
213 1077 343 1112 φυσικὴν,
359 1077 406 1104 καὶ
419 1075 478 1102 οἵαν
497 1074 527 1101 τδ
541 1075 573 1101 lx
589 1074 636 1101 τοῦ
653 1074 737 1109 πυρὸς
752 1074 820 1109 πρὸς
838 1073 869 1100 τὺ

88 1125 157 1159 πῦρ,
184 1123 273 1151 καὶτὸ
298 1121 419 1149 αἱτιατδν
436 1121 503 1155 πρδς
519 1121 550 1147 τὸ
581 1120 685 1146 αἴτιον·
711 1121 725 1146 ὁ
747 1120 769 1146 δ’
789 1120 868 1151 αὐτὸς

87 1172 135 1198 καὶ
148 1170 177 1196 τὸ
196 1169 310 1204 Πνεῦμα
333 1168 410 1200 τάξιν
423 1167 495 1202 ἔχειν
514 1167 583 1203 πρὸς
599 1166 644 1194 τὺν
661 1167 724 1193 Υίὲν
741 1166 869 1193 διατείνε-

84 1224 132 1242 ται
142 1214 215 1242 κατὰ
225 1214 260 1241 τὰ
273 1213 472 1249 προειρημένα.
494 1212 523 1239 '0
540 1213 628 1248 μέγας
643 1221 673 1246 γε
689 1213 779 1247 μέντοι
792 1211 869 1238 Ἀθα-

87 1262 182 1293 νάσιος
192 1261 238 1287 καὶ
252 1260 419 1296 σαφέστερόν
434 1267 518 1294 φησιν
528 1267 538 1297 Ι·
560 1259 624 1285 Οἷαν
640 1259 715 1291 τάξιν
729 1259 774 1284 καὶ
789 1258 869 1292 φύσιν

87 1308 170 1344 ἔχειὸ
189 1307 252 1339 Υἱὸς
269 1307 339 1342 πρὸς
360 1306 406 1333 τδν
427 1306 548 1340 Πατέρα,
575 1304 704 1338 τοιαύτην
718 1304 794 1336 τάξιν
822 1304 870 1331 καὶ

85 1353 168 1388 φύσιν
180 1353 237 1388 ἔχει
250 1353 280 1379 τὸ
303 1352 414 1387 Πνεῦμα
438 1352 506 1387 πρὸς
524 1351 571 1377 τὸν
596 1351 672 1377 Υίόν.
694 1350 798 1376 Οὐκοῦν
822 1350 869 1376 οὗ-

84 1408 139 1429 τως
153 1399 185 1426 ἂν
201 1397 374 1432 συλλογίσαιο
390 1405 397 1413 ·
414 1397 550 1432 Τοιαύτην
566 1396 642 1428 τάξιν
657 1396 705 1423 καὶ
722 1396 802 1430 φύσιν
811 1395 868 1431 ἔχει

84 1445 117 1472 τὸ
134 1443 246 1479 Πνεῦμα
271 1443 340 1478 πρὸς
365 1442 410 1469 τὸν
428 1443 505 1475 Υἱὸν,
535 1442 594 1469 οἵαν
619 1442 633 1468 ό
661 1441 724 1471 Υἱὸς
741 1441 809 1476 προς
824 1441 869 1467 τὸν

84 1490 199 1525 Πατέρα
211 1499 218 1505 ·
235 1489 293 1516 ἀλλ’
310 1491 324 1516 ὁ
338 1488 402 1520 Υίὺς
417 1488 484 1523 πρὸς
505 1487 550 1514 τὸν
577 1486 685 1521 Πατέρα
712 1485 789 1518 τάξιν
812 1486 867 1522 ἔχει

915 262 943 285 ct
968 257 1084 284 alterius
1110 258 1271 285 substantiae
1296 257 1478 288 atlirmabant,
1497 256 1565 284 adeo
1589 261 1619 284 ut
1640 262 1695 285 tres

915 303 1085 330 substantias
1105 303 1227 330 iacerent
1243 303 1271 329 in
1285 303 1398 330 deitate.

951 349 1045 376 Patres
1060 349 1143 384 igitur
1158 353 1185 376 et
1200 348 1332 376 doctores
1345 348 1477 376 adversus
1499 355 1548 376 eos
1569 356 1695 382 pugnan-

917 398 958 420 tes
971 414 978 426 ,
993 402 1048 421 non
1064 395 1152 422 solum
1168 403 1200 422 ex
1215 395 1284 422 Filio
1295 415 1302 426 .
1320 395 1367 423 sed
1382 395 1464 422 etiam
1487 402 1520 421 ex
1543 395 1695 421 substantia

916 439 976 473 ejus
990 447 1050 466 esse
1068 439 1200 473 Spiritum
1215 444 1340 466 sanctum
1354 447 1362 465 :
1378 444 1405 466 et
1427 438 1525 465 Filium
1538 457 1546 470 ,
1560 444 1613 463 non
1638 441 1697 463 tan-

918 489 975 511 tum
999 492 1032 512 ex
1054 485 1135 512 Patre
1156 493 1235 515 esse.
1261 492 1357 511 varum
1380 483 1463 512 etiam
1485 491 1519 510 ex
1541 482 1696 510 substantia

917 531 978 564 ejus
993 530 1138 558 ostendere
1152 530 1364 557 contendebant.

952 575 1022 603 Vide
1036 576 1129 610 igitur,
1145 585 1248 610 quaso,
1265 577 1298 603 ad
1315 577 1381 603 illud
1392 597 1400 607 .
1414 585 1447 604 ex
1461 577 1604 603 voluntate
1619 575 1679 602 Filii
1689 596 1696 606 ,

918 626 946 648 et
963 629 1018 648 non
1035 629 1068 648 ex
1083 622 1235 648 substantia
1248 629 1309 649 esse
1325 622 1475 656 Spiritum,
1493 620 1697 655 respondebant

919 667 1062 697 doctores.
1078 675 1110 694 ex
1128 668 1282 694 substantia
1298 668 1358 694 Filii
1379 675 1440 694 esse
1462 668 1630 698 clamantes;
1656 666 1696 692 al-

919 713 970 739 teri
994 720 1059 739 vero
1091 713 1182 745 dicto,
1205 714 1335 740 nimirum
1363 721 1396 740 ex
1422 713 1492 740 Filio
1517 720 1588 743 esse,
1616 719 1697 739 nemo

920 758 1079 786 adversatus
1094 763 1145 791 est,
1162 767 1251 793 neque
1265 759 1335 786 dixit
1349 767 1401 786 non
1417 767 1476 786 esse
1495 766 1528 785 ex
1544 758 1624 789 Filio,
1640 763 1699 784 tan-

920 812 1000 839 quam
1015 810 1042 832 et
1058 805 1108 839 ipsi
1123 805 1175 831 hoc
1189 805 1342 838 senserint,
1356 809 1386 832 et
1399 812 1432 832 ex
1447 805 1602 832 substantia
1616 804 1676 831 Filii
1690 824 1698 835 ,

920 851 995 878 velut
1019 855 1048 877 et
1075 851 1273 885 exbypostasi
1299 855 1328 877 et
1349 858 1382 877 ex
1412 851 1567 878 substantia
1590 850 1650 884 ejus
1671 854 1700 877 et

920 897 972 930 ipsi
997 896 1202 928 intellexerint.
1228 903 1255 924 et
1280 904 1349 929 nos,
1372 897 1417 930 qui
1447 904 1496 924 eos
1518 896 1699 931 intelligimus

920 943 1075 970 docuerint.

954 989 1088 1017 Praeterea
1104 997 1218 1024 magnus
1233 990 1357 1020 Basilius.
1370 990 1398 1016 in
1411 989 1500 1023 primo
1517 989 1588 1017 libro
1601 990 1700 1018 Adver-

918 1043 962 1062 sus
990 1035 1171 1067 Eunomium,
1196 1036 1296 1063 Filium
1321 1036 1359 1062 ait
1385 1035 1486 1063 habere
1513 1036 1639 1064 ordinem
1665 1037 1700 1064 ad

919 1080 1026 1108 Patrem
1048 1081 1216 1112 naturalem.
1238 1085 1266 1108 et
1284 1080 1393 1115 qualem
1416 1081 1486 1108 solet
1507 1080 1610 1108 habere
1627 1081 1700 1116 quod

918 1135 953 1154 ex
968 1127 1030 1162 igne
1044 1128 1171 1162 provenit
1184 1128 1218 1155 ad
1234 1127 1323 1162 ignem
1335 1148 1342 1159 ,
1365 1131 1393 1154 et
1412 1132 1555 1154 causatum
1578 1127 1610 1154 ad
1636 1135 1701 1154 cau—

920 1181 989 1201 sam.
1015 1173 1090 1201 ldem
1119 1178 1210 1201 autem
1234 1179 1365 1206 sanctus,
1388 1178 1416 1200 et
1439 1173 1571 1208 Spiritum
1596 1173 1700 1200 habere

919 1219 1044 1247 ordinem
1058 1219 1092 1246 ad
1108 1219 1207 1246 Filium
1217 1239 1225 1251 ,
1239 1219 1390 1246 secundum
1403 1219 1533 1253 praedicta
1546 1219 1700 1246 contendit.

919 1266 1006 1293 Porro
1021 1271 1136 1298 magnus
1149 1263 1315 1290 Athanasius
1328 1268 1462 1297 praeterea
1477 1263 1579 1289 clarius
1593 1263 1679 1295 ait“)
1691 1272 1698 1290 :

920 1309 1030 1342 Qualem
1047 1308 1171 1335 ordinem
1195 1311 1224 1335 et
1243 1312 1368 1334 naturam
1384 1306 1466 1334 habet
1487 1307 1573 1333 Filius
1592 1306 1625 1333 ad
1648 1307 1700 1333 Pa-

920 1361 988 1382 trem
1002 1375 1008 1386 ,
1027 1354 1106 1382 talem
1129 1354 1253 1381 ordinem
1276 1358 1303 1381 et
1328 1357 1452 1380 naturam
1475 1353 1557 1380 habet
1580 1353 1700 1387 Spiritus

919 1400 953 1434 ad
970 1400 1081 1427 Filium.
1100 1399 1145 1427 Sic
1158 1399 1243 1432 igitur
1258 1399 1422 1425 ratiocinare
1438 1398 1550 1425 :Talem
1574 1397 1699 1424 ordinem

919 1452 947 1474 et
961 1451 1086 1473 naturam
1101 1445 1184 1473 habet
1199 1445 1317 1478 Spiritus
1332 1445 1364 1471 ad
1386 1444 1503 1475 Filium,
1525 1444 1632 1478 qualem
1657 1444 1701 1470 Fi-

919 1491 973 1518 lius
987 1491 1020 1517 ad
1033 1490 1140 1517 Patrem
1157 1499 1164 1523 ;
1181 1490 1227 1516 scd
1245 1490 1328 1516 Filius
1343 1489 1425 1516 habet
1439 1488 1565 1515 ordinem
1591 1493 1700 1515 natura-

88 1535 210 1571 φυσικὴν
232 1535 283 1569 τὴν
305 1534 396 1561 αίτίαν
421 1533 468 1560 τοῦ
496 1532 564 1568 πρὸς
586 1532 685 1558 αἴτιον·
716 1533 762 1559 καὶ
783 1532 868 1564 οὕτως

923 1537 974 1564 lem
992 1536 1025 1563 ad
1042 1537 1149 1563 Patrem
1162 1557 1169 1568 ,
1190 1541 1218 1563 et
1241 1536 1286 1569 qui
1306 1540 1348 1562 est
1370 1542 1459 1562 causae
1479 1534 1512 1561 ad
1536 1537 1699 1566 eausatum;

87 1583 102 1609 ὁ
130 1581 194 1614 Υἱὸς
217 1581 303 1612 αίτιός
327 1580 386 1607 ἐστι
405 1579 454 1614 τῆς
481 1578 528 1605 τοῦ
559 1578 716 1612 Πνεύματος
748 1579 867 1606 ὑποστά-

88 1636 168 1659 σεως.

124 1673 185 1699 Ἔτι
198 1672 259 1699 ἐπεὶ
273 1673 302 1698 ἐν
313 1672 369 1704 τοῖς
382 1671 562 1706 ἀνθρωπίνοις
575 1670 623 1698 καὶ
638 1671 764 1705 φυσικοῖς
780 1671 870 1706 πράγ-

88 1725 157 1753 μασι
180 1717 234 1744 πᾶν
256 1718 344 1744 αἴτιον
362 1718 524 1752 προηγεῖται
545 1717 592 1743 τοῦ
620 1717 746 1744 αἰτιατοῦ
768 1708 867 1752 χρόνῳ,

87 1764 137 1790 καὶ
154 1763 184 1789 τὸ
199 1763 320 1791 altuth
340 1762 388 1789 τοῦ
405 1762 493 1789 αἰτίου
515 1762 590 1788 ἐστιν
607 1761 720 1798 ὕστερον
735 1771 741 1778 '
761 1764 808 1790 καὶ
825 1763 869 1790 διὰ

84 1809 167 1836 τοῦτό
187 1817 259 1840 τινες
286 1808 430 1839 ἀκούοντες
455 1808 540 1834 αῐτιον
560 1808 607 1834 κα)⁸
633 1809 754 1835 αἱτιατδν
783 1809 811 1835 ὲν
835 1809 868 1844 τῇ

87 1854 195 1890 Τριάδι,
219 1854 267 1882 καὶ
291 1854 409 1889 μάλιστα
425 1853 561 1887 Ἀρδιανοί
576 1862 606 1880 τε
623 1854 669 1881 καὶ¹
695 1854 868 1889 Εὑνομιανοὶ,

89 1903 121 1928 ὲκ
146 1901 201 1927 τῶν
242 1900 420 1935 ἀνθρωπίνων
449 1899 609 1935 ἐπεχείρουν
638 1900 869 1934 παραδειγμάτων

88 1948 118 1974 τὸ
132 1947 266 1973 συναῖδιον
283 1946 388 1973 ἀνελεῖν
405 1946 455 1980 τῆς
473 1945 598 1980 Τριάδος.
619 1946 727 1974 καὶτὸν
744 1946 793 1980 μὲν
804 1947 869 1974 Υἱδν

87 1993 134 2020 τοῦ
151 1993 258 2028 Πατρὺς
274 1992 388 2027 ὕστερον
407 1991 497 2027 χρόνῳ
518 1991 668 2024 δεικνύναι,
696 1992 733 2023 ὡς
750 1991 870 2019 αίτιατδν

88 2038 172 2065 αὑτοῦ
184 2045 192 2053 ·
208 2037 276 2073 πρὸς
285 2038 397 2068 τούτους
413 2039 425 2062 6
437 2036 549 2070 Νύσσης
565 2036 635 2068 Θεῖος
648 2036 798 2072 Γρηγόριος
813 2037 869 2063 ἑνι-

89 2083 235 2117 στὰμενος,
252 2081 298 2108 καὶ
320 2081 350 2107 τὸ
364 2081 500 2108 συναῖδιον
516 2080 570 2107 τῶν
585 2081 669 2116 τριῶν
694 2081 870 2108 ὑποστάσεων

87 2129 229 2161 ἀποδεῖξαι
243 2127 426 2162 προθέμενος,
443 2127 472 2152 ὲν
492 2126 530 2161 τῷ
546 2127 647 2161 πρώτῳ
663 2125 716 2152 τῶν
731 2127 798 2159 πρὶς
816 2126 868 2152 Εὖ-

87 2174 181 2205 νόμιον
201 2171 428 2206 Ἀντιρῤητικῶν
445 2172 591 2206 ἀναλογίαν
604 2172 664 2198 τινὰ
676 2172 792 2198 ποιεῖται
803 2171 868 2198 Υἱοῦ

87 2219 155 2253 πρὸς
171 2218 290 2252 Πατέρα,
305 2219 353 2244 καὶ
364 2218 522 2251 Πνεύματος
547 2218 616 2253 πρὸς
633 2218 697 2245 Υἱὸν
709 2238 716 2251 ,
745 2218 790 2244 τὴν
819 2218 868 2252 μὲν

87 2265 197 2299 Πατέρα
215 2264 312 2298 λέγων,
337 2264 410 2298 μόνῳ
428 2264 465 2297 τῷ
491 2263 540 2298 τῆς
558 2263 649 2295 αἰτίας
672 2263 743 2298 λόγῳ
757 2273 871 2299 προεπι-

90 2308 254 2344 θεωρεῐσθαι
275 2308 322 2334 τοῦ
335 2308 415 2340 Υἱοῦ,
425 2308 455 2334 οὐ
480 2308 571 2343 μέντοι
586 2308 648 2336 κατ’
662 2308 780 2343 ἔμφασιν
807 2317 870 2343 χρο-

88 2356 178 2391 νικὴν,
199 2355 245 2382 καὶ
261 2355 304 2381 διὰ
325 2354 406 2385 τοῦτο
431 2354 468 2389 μὴ
492 2354 659 2380 κινδυνεύειν
681 2354 728 2380 τὸν
742 2355 792 2390 τῆς
808 2361 870 2380 συν-

87 2402 238 2436 αἳδιιὶτητος
252 2400 330 2433 λόγον
343 2407 349 2415 ·
359 2399 403 2425 τὸν
412 2399 440 2426 δὲ
453 2399 515 2425 Υίὺν
526 2397 604 2431 αὖθις
616 2400 663 2425 καὶ
673 2400 753 2426 αὑτὸν
766 2399 872 2434 ἐπινοίᾳ

90 2448 158 2483 μόνῃ
191 2445 408 2481 προθεωρεῖσοαι
432 2445 482 2480 τῆς
498 2445 546 2472 τοῦ
566 2445 727 2480 Πνεύματος
752 2446 870 2472 ὑποςτά-

89 2501 171 2526 σεως,
187 2492 257 2518 κατὰ
268 2492 313 2518 τὸν
327 2492 377 2526 τῆς
390 2491 479 2522 αίτίας
492 2491 582 2525 λόγον.

133 2538 178 2568 Ὠς
195 2537 340 2572 φαίνεσθαι
368 2535 493 2571 φανερῶς
518 2537 565 2562 τὸν
590 2536 746 2563 διδάσκαλον
769 2537 871 2573 ταύτης

88 2583 159 2610 εἶναι
173 2583 222 2615 τῆς
236 2582 314 2617 δόξης
329 2582 377 2608 τοῦ
392 2582 438 2608 τὸν
462 2581 525 2608 Υἰδν
539 2581 629 2610 αἰτίαν
641 2580 712 2608 εἶναι
727 2582 772 2609 τοῦ
787 2584 871 2610 Πνεύ-

90 2637 185 2664 ματος.
204 2628 248 2660 Ὠς
262 2629 315 2663 γὰρ
340 2619 505 2654 σύνὰπτεται
521 2627 559 2662 τῷ
583 2628 669 2663 Πατρὶ
680 2629 694 2654 ό
710 2629 783 2662 Υἱὸς,
799 2629 870 2655 οὕτω

88 2676 135 2702 καί
151 2675 180 2700 τὴ
199 2674 323 2708 Πνεῦμα,
338 2674 414 2706 φησὶ,
431 2674 597 2701 συνάπτεται
614 2674 651 2708 τῷ
668 2674 724 2709 Υίῷ
736 2681 745 2691 ⁸
761 2676 806 2702 καὶ
821 2673 870 2703 αὗ-

89 2721 145 2751 οις,
162 2719 200 2750 ὡς
213 2719 433 2754 προθεωρεῐταιό
448 2718 540 2754 Πατὴρ
569 2719 617 2745 τοῦ
636 2720 713 2751 Υίοῦ.
732 2721 761 2747 οὐ
778 2730 869 2756 χρονι-

88 2766 130 2800 κῷ
158 2773 211 2792 τινι
230 2763 405 2798 διαστήματι,
426 2764 486 2791 οὐδὲ
515 2765 667 2799 πράγματι,
686 2766 744 2792 ἀλλ’
763 2767 868 2803 ἐπινοίᾳ

124 2857 162 2894 (1)
181 2855 209 2884 lu
224 2856 303 2891 epist.
318 2855 351 2884 ad
370 2855 546 2891 Serapionem
561 2856 630 2884 ultra
646 2858 775 2885 medium.

920 1583 957 1611 ita
975 1583 1057 1610 etiam
1073 1582 1160 1610 Filius
1174 1586 1217 1609 est
1231 1589 1313 1609 causa
1328 1581 1507 1616 hypostaseos
1522 1580 1653 1615 Spiritus.

956 1675 1091 1702 Praeterea
1103 1695 1109 1707 ,
1134 1673 1264 1708 quoniam
1283 1673 1309 1699 in
1325 1672 1455 1701 humanis
1477 1675 1506 1698 ct
1523 1671 1604 1698 rebus
1622 1675 1701 1697 natu-

918 1720 1021 1748 ralibus
1041 1721 1131 1747 omnis
1145 1727 1226 1747 causa
1250 1724 1372 1754 tempore
1394 1718 1699 1747 antecedit'causatum.

919 1770 946 1794 et
968 1771 1110 1794 causatum
1129 1773 1177 1792 sua
1197 1772 1279 1792 causa
1303 1764 1445 1799 posterius
1466 1768 1527 1795 est;
1552 1767 1699 1797 propterea

920 1811 972 1838 hoc
998 1811 1124 1839 nonnulli
1152 1810 1314 1841 audientes,
1342 1809 1473 1836 nimiunn
1500 1812 1644 1834 causatum
1672 1807 1698 1833 in

920 1857 1073 1887 Trinitate,
1096 1861 1123 1884 et
1145 1855 1300 1890 praesertim
1320 1854 1415 1882 Ariani
1435 1858 1462 1881 et
1482 1852 1645 1880 Eunomiani
1663 1852 1698 1879 ab

920 1902 1048 1930 humanis
1068 1901 1204 1935 exemplis
1224 1900 1439 1928 comornitatcm
1463 1899 1559 1926 tollere
1580 1898 1700 1925 Trinita-

921 1949 974 1979 tis,
988 1952 1016 1974 et
1040 1947 1139 1974 Filium
1156 1947 1340 1981 posteriorem
1359 1947 1453 1978 Patre,
1477 1946 1579 1979 quippe
1604 1952 1696 1972 causa

923 1999 979 2022 tum
998 1994 1032 2021 ab
1049 1994 1108 2027 ipso
1120 2013 1127 2026 ,
1142 1992 1289 2019 ostendere
1305 1992 1489 2018 conabantur.
1508 1990 1555 2018 His
1570 1998 1599 2017 se
1616 1998 1702 2024 oppoa

920 2047 990 2068 nens
1014 2039 1046 2066 D.
1071 2037 1219 2072 Gregorius
1244 2038 1404 2072 Nyssenus,
1432 2041 1462 2063 et
1486 2036 1702 2063 coartet-nitatem

921 2084 1003 2111 trium
1019 2090 1198 2118 personarum
1214 2082 1362 2109 ostendere
1383 2088 1542 2114 proponens
1566 2081 1592 2107 in
1613 2080 1703 2114 primo

921 2131 992 2159 libro
1013 2137 1109 2158 eorum
1121 2150 1129 2162 ,
1145 2129 1246 2164 quibus
1265 2128 1368 2157 refutat
1384 2127 1551 2157 Eunomium
1562 2145 1570 2159 ,
1588 2133 1704 2161 propor-

922 2176 1024 2211 tionem
1046 2175 1191 2209 quamdam
1209 2174 1273 2201 tacit
1291 2173 1352 2201 Filii
1376 2173 1409 2200 ad
1425 2173 1535 2200 Patrem
1551 2193 1559 2204 ,
1578 2172 1702 2206 Spiritus

922 2222 1008 2252 sancti
1023 2222 1057 2249 ad
1073 2222 1173 2250 Filium
1189 2228 1197 2247 :
1215 2221 1325 2249 Patrem
1351 2219 1465 2254 quidem
1489 2225 1617 2246 asserens
1643 2218 1702 2244 sola

922 2275 1011 2296 cauere
1035 2267 1141 2294 ratione
1166 2265 1337 2300 praeintelligi
1361 2264 1443 2297 Filio,
1467 2271 1522 2290 non
1543 2268 1633 2290 tamen
1656 2269 1702 2290 se-

922 2314 1042 2342 cundum
1060 2313 1192 2347 temporis
1204 2312 1416 2346 appellationem
1427 2330 1434 2342 ,
1448 2314 1476 2338 et
1489 2310 1553 2338 ideo
1567 2310 1702 2337 rationem

922 2359 1121 2389 coarternitatis
1136 2358 1249 2386 minime
1265 2356 1417 2393 periclitari
1433 2365 1439 2384 :
1458 2363 1557 2383 rursus
1571 2360 1662 2383 autem
1677 2358 1702 2381 et

922 2408 1010 2441 ipsum
1035 2406 1133 2437 Filium
1151 2404 1208 2432 sola
1232 2408 1323 2431 mente
1344 2407 1371 2431 et
1385 2402 1552 2437 cogitatione
1567 2401 1703 2436 praeintel-

921 2453 968 2488 ligi
990 2459 1107 2487 persona
1130 2451 1252 2486 Spiritus
1265 2449 1352 2480 sancti
1364 2468 1372 2482 .
1387 2447 1544 2477 secundum
1560 2447 1697 2473 rationem

922 2507 1020 2526 causai.

957 2545 992 2573 Ut
1005 2544 1148 2572 manifeste
1167 2546 1316 2578 appareat,
1341 2541 1416 2569 hunc
1437 2541 1576 2568 doctorem
1601 2539 1629 2565 in
1652 2538 1703 2565 hac

921 2599 981 2619 esse
997 2590 1133 2618 sententia
1149 2593 1180 2616 ut
1191 2589 1328 2616 existimet
1340 2587 1437 2614 Fliium
1449 2593 1510 2614 esse
1521 2591 1630 2612 causam
1642 2583 1701 2617 Spi-

921 2636 1000 2663 ritus.
1016 2633 1254 2668 Qucmadmodum
1271 2633 1344 2660 enim
1360 2632 1447 2660 Filius
1462 2638 1524 2658 cum
1540 2630 1621 2657 Patre
1635 2636 1703 2655 con-

917 2684 1052 2719 jungitur,
1067 2684 1108 2710 sic
1121 2686 1148 2708 et
1163 2680 1299 2715 Spiritus,
1314 2679 1422 2713 inquit,
1438 2676 1615 2711 conjungitur
1638 2681 1701 2701 cum

920 2729 1006 2762 Filio;
1019 2733 1046 2756 et
1058 2735 1183 2760 rursum,
1196 2730 1226 2754 ut
1237 2724 1457 2761 prasintelligitur
1469 2723 1550 2750 Pater
1562 2721 1631 2749 Filio
1646 2728 1700 2748 non

921 2775 1054 2812 temporis
1070 2774 1164 2810 aliquo
1184 2772 1343 2805 intervallo,
1366 2777 1457 2805 neque
1480 2776 1524 2802 re,
1546 2768 1592 2796 sed
1616 2774 1700 2800 sensu
