1920 3063
246 155 301 187 375

715 160 968 190 BESSARIONIS
995 162 1025 192 S.
1044 162 1080 192 Β.
1101 162 1134 194 Ε.
1156 163 1390 193 CARDINALIS

1810 164 1866 196 376

244 208 363 240 mentis.
385 209 492 238 scilicet
506 211 612 240 ratione
624 219 731 246 causa,
747 215 782 241 ita
804 219 832 242 et
854 215 940 242 Filius
959 221 1024 247 prte-

1079 214 1201 250 τῷλόγῳ
1218 216 1257 251 τῷ
1270 216 1321 250 τῆς
1338 216 1438 249 αἰτίας,
1455 216 1528 243 οὕτω
1545 217 1593 244 καὶ
1613 218 1627 245 6
1651 218 1715 251 ru;
1739 220 1865 253 προθεω-

244 255 406 291 intelligitur
428 257 542 292 Spiritui
564 259 691 287 similiter
713 261 798 288 animi
824 268 928 294 sensu,
947 261 1024 296 juxta

246 302 355 328 modum
383 307 410 330 et
434 303 568 331 rationem
590 313 688 333 causa.

279 347 412 374 Prii-terea
427 369 433 379 .
463 351 571 377 tametsi
599 351 625 377 in
648 352 796 385 humanis,
821 357 848 381 et
872 353 1025 381 secundum

246 400 307 420 nos.
325 401 378 419 non
393 401 475 420 omne
494 397 634 430 exemplar
650 398 777 432 alicujus,
789 403 830 425 est
844 400 927 426 etiam
943 407 1026 426 causa

246 438 305 470 ejus
326 447 332 463 :
352 439 480 472 upiiii-um
498 442 573 467 enim
591 444 757 476 exemplaria
770 465 776 475 ,
791 452 846 471 non
862 445 944 472 etiam
963 445 1027 472 effe-

245 485 424 510 ι·ιλν;1·θε]115ν
441 494 537 512 eorum
554 489 690 515 exsistunt
703 510 708 519 .
725 497 841 524 quorum
861 495 924 518 sunt
934 499 1026 518 exem-

249 529 315 560 plari
327 542 342 557 ν.
362 532 491 557 nnnirtttu
508 533 627 564 ipsarum
647 535 794 569 imaginum
815 546 820 561 :
835 541 938 568 tamen,
951 537 1025 571 quod

248 575 410 600 mtturaliter
435 578 575 610 exemplar
592 580 718 610 exsistit,
737 580 763 605 in
790 580 833 606 liis
853 581 919 615 ipsis
941 581 1024 608 etiam

248 617 386 649 humanis,
402 625 442 647 est
463 630 540 649 caus“
559 624 703 658 imaginis,
719 626 796 660 cujus
814 630 855 652 est
873 627 1024 661 exemplar.

245 663 329 690 Multo
354 665 435 699 igitur
462 669 548 702 magis
575 670 602 695 in
623 670 744 703 divinis,
769 672 815 698 ubi
843 677 898 698 tum
928 679 1024 701 caetera

244 709 335 735 omnia
347 729 354 741 ,
371 715 428 737 tum
445 711 534 746 ipsutn
553 715 693 748 exemplar
712 717 874 744 naturaliter
890 718 1026 752 accipitur

243 753 323 788 (nihil
337 755 410 782 enim
435 756 472 783 ibi
493 764 590 791 printer
613 762 763 795 naturam),
789 761 846 789 haec
873 764 1025 797 propositio

242 800 296 826 erit
313 808 386 833 vera,
403 802 512 830 scilicet
524 812 530 830 ε
541 803 619 836 Quod
633 805 660 833 in
674 806 775 834 divinis
792 809 918 841 personis
935 816 1026 836 exom-

242 845 303 879 plar
319 850 361 873 est
378 847 507 882 alicujus,
526 855 569 876 est
594 851 677 878 etiam
695 859 777 879 causa
793 853 863 887 ejus,
888 855 967 889 cujus
983 859 1024 882 est

1079 261 1167 294 ρείται
1178 261 1225 288 τοῦ
1247 262 1405 296 Πνεύματος
1420 263 1532 298 ὁμοίως,
1548 264 1656 300 ἐπινοίᾳ
1668 266 1738 293 κατὰ
1750 266 1795 293 τδν
1810 267 1865 302 τῆς

1078 306 1169 338 αἰτίας
1182 307 1271 341 λόγον.

1115 351 1188 382 Ἐτι,
1206 352 1288 379 εἶκαὶ
1303 354 1332 380 ὲν
1345 354 1404 386 τοῖς
1420 354 1606 390 ἀνθρωπίνοις
1631 355 1678 382 καὶ
1706 356 1768 383 καθ’
1786 357 1864 390 ἡμᾶς

1078 396 1108 423 οὺ
1124 398 1178 424 πᾶν
1190 399 1370 432 πρωτότυπόν
1393 409 1467 432 τινος
1496 401 1543 427 καὶ
1572 401 1658 428 αἴτιον
1680 400 1761 427 αὑτοῦ
1779 403 1840 428 ἐστι
1855 409 1862 416 ⁸

1077 443 1131 469 τῶν
1145 443 1199 478 γὰρ
1212 445 1344 479 τεχνιτῶν
1360 446 1393 472 τὰ
1410 447 1576 481 πρωτότυπα
1587 446 1647 481 οὐχὶ
1667 447 1713 473 καὶ
1730 448 1863 481 ποιητικᾶ

1077 489 1153 516 αἴτιά
1168 490 1222 516 είσι
1233 491 1299 524 τῶν,
1317 489 1355 518 ὧν
1366 493 1419 518 είσι
1434 492 1611 527 πρωτότυπα,
1629 492 1728 528 δηλαδὴ
1750 493 1806 519 τῶν
1822 492 1863 518 εἱ-

1078 535 1165 562 κόνων
1182 536 1272 563 αὐτῶν
1284 545 1291 553 ·
1307 538 1365 563 ἀλλ’
1381 538 1427 564 οὖν
1450 538 1480 564 τὸ
1499 538 1579 572 φύσει
1605 539 1783 573 πρωτότυπον
1811 539 1864 565 καὶ

1077 581 1105 607 ἐν
1121 582 1213 612 αὐτοῖς
1228 583 1333 614 τούτοις
1348 584 1404 615 τοῖς
1418 583 1602 618 ἀνθρωπίνοις
1617 583 1704 610 αίτιόν
1730 584 1788 610 ἐστι
1809 585 1863 618 τῆς

1077 629 1191 661 εἰκόνος,
1206 625 1239 664 ἧς
1259 630 1437 663 πρωτότυπόν
1459 631 1551 657 ἐστιν·
1575 630 1665 665 πο).λῷ
1678 629 1768 656 τοίνυν
1791 629 1864 664 μᾶλ-

1076 675 1121 700 λον
1137 675 1166 701 ἐν
1176 676 1234 706 τοῖς
1248 675 1341 707 θείοις,
1353 675 1420 702 ὅπου
1436 676 1526 703 πάντα
1538 676 1573 702 τά
1589 684 1617 702 τε
1643 674 1710 702 ἄλλα
1724 676 1769 702 καὶ
1793 675 1862 702 αὒτό

1075 719 1105 745 τὸ
1122 720 1301 754 πρωτότυπον
1315 720 1396 755 φύσει
1412 721 1582 756 λαμὸάνεται
1605 721 1692 755 (οὐδὲν
1719 721 1773 756 γὰρ
1802 721 1864 747 ἐκεῖ

1077 764 1152 798 παρά
1174 765 1279 800 φύσιν),
1307 765 1406 801 αὕτηή
1423 767 1557 802 πρότασις
1571 766 1728 801 ἀληθεύσει,
1744 766 1860 802 δηλαδὴ,

1081 809 1117 836 Τὸ
1134 811 1162 836 ὲν
1184 812 1241 842 τοῖς
1255 811 1338 840 θείοις
1355 811 1513 847 προσώποις
1526 812 1598 844 me;
1610 812 1789 847 πρωτότυπον
1811 812 1863 838 καὶ

1076 855 1163 882 αἴτιόν
1180 857 1239 882 ἐστι
1255 857 1315 889 τοῦ,
1330 854 1360 883 οὗ
1373 858 1430 883 ἐστι
1448 858 1636 891 πρωτότυπον.
1661 857 1731 884 Ἀλλ’
1759 857 1773 884 δ
1790 857 1865 884 Θαυ-

242 891 391 926 exetnplar.
407 893 442 920 At
461 893 611 930 Gregorius
625 897 845 934 Tltaumaturgus
868 900 965 928 Filium
979 908 1023 928 as-

1078 901 1232 936 ματουργὸς
1244 902 1395 936 Γρηγόριος
1410 902 1457 929 τὸν
1481 902 1546 929 Υῐδν
1557 902 1605 929 τοῦ
1617 903 1774 937 Πνεύματος
1784 911 1864 937 πρω-

241 936 310 963 serit
327 945 388 964 esse
416 939 536 974 Spiritus
555 943 693 977 exemplar
711 953 717 971 :
737 952 822 979 quare
847 946 958 979 putabat
982 947 1024 974 Fi-

241 981 308 1008 lium
323 990 433 1018 quoque
455 992 566 1013 causam
585 987 705 1022 Spiritus
720 991 863 1018 exsistere.
889 992 946 1020 lloc
958 1001 1024 1021 vero

243 1030 272 1053 et
295 1034 310 1053 a
337 1028 420 1056 simili
443 1031 615 1059 ostendetur:
643 1033 751 1062 Etenim
770 1043 887 1071 magnus
908 1038 1024 1067 Basilius

241 1075 382 1107 exemplar
408 1075 468 1102 Filii
489 1076 597 1104 Patrem
623 1080 754 1114 appellat,
778 1082 805 1108 in
831 1087 931 1116 quarto
952 1084 1024 1111 libro

242 1118 374 1146 Adversus
388 1120 559 1150 Eunomium.
572 1123 721 1158 Gregorius
734 1132 825 1154 atttcm
840 1127 1024 1157 Thaumatur-

241 1171 303 1198 gus,
323 1169 353 1192 ut
378 1166 481 1194 dictum
510 1173 563 1201 est,
588 1170 687 1198 Filium
708 1174 849 1208 exemplar
867 1182 928 1202 esse
944 1176 1025 1204 docet

241 1210 371 1245 Spiritus,
390 1213 416 1240 in
434 1215 558 1243 oratione
574 1218 653 1252 cujus
671 1224 713 1246 est
740 1221 849 1248 initium
865 1230 872 1248 :
891 1221 1024 1250 Inimicis-

239 1257 303 1283 εἰηιί
330 1262 355 1284 et
379 1259 460 1286 alieni
479 1266 542 1288 sunt
565 1272 582 1290 a
606 1265 767 1299 confessione
796 1268 958 1302 apostolica,
979 1271 1024 1305 qui

243 1301 344 1330 Filium
371 1313 403 1331 ea;
424 1314 476 1332 non
505 1308 608 1335 antibus
628 1316 757 1338 «uerunt.
785 1312 885 1340 Verum
909 1301 1024 1343 Basilius

242 1348 368 1381 Patrem,
387 1355 516 1386 tanquam
535 1361 645 1381 causam
665 1355 749 1389 Filii,
770 1357 838 1384 dicit
853 1366 913 1386 esse
932 1367 1024 1387 exem-

243 1394 303 1428 plar
316 1395 378 1422 Filii
395 1405 402 1423 :
421 1397 506 1432 igitur
523 1403 551 1425 et
566 1399 715 1435 Gregorius
736 1402 834 1431 Filium
853 1405 936 1432 veluti
956 1414 1023 1433 cau-

243 1448 301 1467 sam
318 1441 447 1478 Spiritus,
461 1447 602 1480 exemplar
622 1455 682 1475 esse
698 1449 817 1484 Spiritus
832 1451 933 1480 obnixe
957 1461 1024 1480 con-

247 1486 344 1513 tendit.

1075 947 1195 973 τότυπόν
1211 956 1306 982 φησιν,
1327 947 1396 974 ὥστε
1408 949 1454 974 καὶ
1473 948 1562 974 αἴτιον
1582 948 1693 983 ἐνόμιζε
1710 948 1758 975 τοῦ
1778 949 1865 976 Πνεὺ-

1077 1002 1162 1028 ματος
1178 994 1223 1020 τὸν
1244 994 1318 1020 Υἰόν.
1333 994 1421 1021 Τοῦτο
1435 994 1464 1021 δὲ
1482 995 1529 1021 καὶ
1553 994 1607 1021 ἀπὸ
1630 996 1679 1021 τοῦ
1698 996 1793 1030 ὁμοίου
1807 996 1865 1023 δει-

1075 1039 1218 1074 χθήσεται.
1240 1039 1270 1067 '0
1284 1040 1396 1074 μὲνγὰρ
1412 1040 1499 1075 μέγας
1522 1040 1663 1073 Βασίλειος
1679 1042 1863 1076 πρωτότοκον

1074 1085 1123 1111 τοῦ
1135 1085 1201 1111 Υίοῦ
1227 1085 1272 1112 τὸν
1295 1086 1403 1120 Πατέρα
1417 1087 1500 1121 φησιν
1514 1087 1542 1113 ὲν
1564 1087 1604 1122 τῷ
1619 1088 1688 1114 Κατ’
1705 1088 1862 1122 Εὐνομίου

1075 1131 1197 1167 τετάρτῳ
1209 1138 1221 1163 1
1234 1132 1248 1157 6
1262 1131 1289 1157 δὲ
1304 1131 1517 1166 Θαυματουργὺς
1546 1132 1708 1168 Γρηγόριος,
1727 1134 1765 1165 ὡς
1784 1133 1863 1169 είρη-

1074 1185 1130 1208 ται,
1147 1177 1192 1204 τὸν
1209 1177 1274 1203 Υῐδν
1295 1178 1474 1212 πρωτότυπον
1490 1178 1611 1205 διδάσκει
1630 1178 1677 1205 τοῦ
1700 1179 1862 1213 Πνεὺματος

1075 1221 1103 1247 ὲν
1118 1221 1156 1256 τῷ
1173 1221 1255 1256 λόγῳ,
1269 1221 1299 1247 οὗ
1318 1222 1334 1256 ὴ
1357 1222 1427 1256 ἀρχή
1442 1230 1449 1237 ⁶
1468 1222 1622 1256 Ἕχθιστοι
1638 1223 1687 1250 καί
1702 1223 1862 1257 ἀλλότριοι

1074 1265 1130 1299 τῆς
1145 1265 1353 1300 ἁποστολικῆς
1371 1267 1533 1301 ὁμολογίας
1547 1269 1574 1294 οἱ
1589 1268 1644 1295 τὸν
1658 1269 1728 1295 Υίὸν
1748 1268 1783 1300 ἐξ
1801 1270 1861 1296 οὐκ

1075 1311 1170 1338 ὄντων
1185 1311 1338 1346 λέγοντες.
1365 1311 1445 1338 Ἀλλὰ
1463 1312 1606 1345 Βασίλειος
1624 1313 1670 1340 τὸν
1685 1314 1806 1349 Πατέρα,
1820 1314 1860 1345 ὡς

1075 1359 1163 1386 αἴτιον
1179 1359 1227 1385 τοῦ
1242 1359 1320 1392 Υίοῦ,
1339 1359 1518 1394 πρωτὸτυπον
1535 1361 1616 1388 αὑτὸν
1632 1362 1699 1396 φησι
1708 1361 1756 1388 τοῦ
1772 1361 1840 1388 Tia-3
1851 1370 1860 1377 ·

1073 1405 1121 1432 καὶ
1152 1405 1165 1431 ὁ
1189 1405 1342 1440 Γρηγόριος
1368 1405 1423 1440 ἄρα
1448 1406 1494 1432 τὸν
1523 1406 1598 1438 Υίδν,
1630 1407 1667 1439 ὡς
1698 1407 1784 1434 αἴτιον
1811 1407 1860 1434 τοῦ

1076 1450 1247 1486 Πνεύματος,
1265 1451 1444 1486 πρωτότυπον
1459 1453 1540 1480 αὑτὸν
1570 1453 1733 1489 Πνεὺματος
1756 1454 1862 1481 διατεί-

1074 1506 1159 1524 νεται.

278 1533 427 1568 Praeterea,
442 1540 499 1563 tum
513 1545 527 1564 a
544 1546 642 1573 magno
655 1540 765 1574 Basilio,
781 1546 837 1569 tttm
855 1552 868 1569 ει
885 1544 1022 1580 plerisque

1110 1543 1181 1574 Ἔτι,
1203 1543 1255 1570 ὗπό
1274 1553 1304 1570 τε
1319 1545 1368 1570 τοῦ
1395 1545 1515 1579 μεγάλου
1540 1545 1699 1579 Βασιλείου,
1731 1546 1778 1573 καὶ
1803 1547 1861 1573 τῶν

243 1582 400 1606 sanctorum
417 1600 424 1612 ,
452 1581 537 1610 Filius
557 1584 668 1618 quidem
694 1586 796 1614 dicitur
813 1588 902 1623 imago
923 1590 1023 1625 Patris,

244 1622 363 1656 Spiritus
381 1630 473 1652 autem
496 1627 585 1662 imago
608 1629 671 1657 Filii
696 1640 703 1658 :
722 1632 806 1660 Filius
825 1622 949 1668 operatio
975 1622 1026 1664 Pa;

243 1669 303 1700 tris,
319 1669 438 1704 Spiritus
452 1673 577 1706 operatio
591 1675 671 1709 Filii;
690 1677 776 1705 Filius
789 1679 908 1707 Verbum
924 1681 1022 1716 Patris,

245 1712 366 1747 Spiritus
383 1716 496 1743 v'erbum
519 1718 598 1747 Filii:
615 1720 700 1748 Filius
720 1724 908 1752 suaveolentia
923 1712 1020 1762 Patris,

243 1758 362 1792 Spiritus
377 1761 564 1790 suaveolentia
577 1764 649 1792 Filii.
669 1766 721 1793 Sed
743 1768 788 1795 illa
801 1771 896 1798 omnia
924 1758 1025 1800 dicitur

244 1803 330 1830 Filius
346 1804 446 1839 Patris,
464 1813 559 1842 utpote
572 1810 619 1844 qui
635 1818 650 1837 a
663 1811 742 1839 Patre
759 1814 884 1842 exsistat.
901 1816 986 1851 Igitur
997 1823 1025 1846 et

244 1847 366 1882 Spiritus
381 1857 493 1880 sanctus
505 1855 600 1883 eadem
613 1856 715 1885 dicitur
731 1859 792 1887 Filii
809 1867 880 1894 esse,
895 1847 1024 1898 tanquam

243 1902 258 1922 ι
273 1894 343 1924 Filio
361 1899 510 1928 exsisteus.

278 1986 427 2024 Praeterea,
441 1992 464 2019 si
484 1999 539 2020 non
564 2000 638 2022 esset
653 1996 772 2030 Spiritus
786 2006 801 2025 a
827 1999 906 2032 Filio,
928 2009 1024 2036 perso-

241 2033 342 2062 naliter
359 2036 394 2063 ab
406 2044 440 2063 eo
461 2045 516 2065 non
532 2039 763 2075 distingueretur.
781 2044 881 2072 Verum
906 2033 959 2073 hoc
982 2048 1025 2075 di-

241 2087 304 2108 cere
327 2081 477 2110 absurdum
501 2089 561 2118 est;
588 2087 629 2114 sic
651 2089 724 2115 enim
747 2089 869 2118 Trinitas
893 2092 1024 2121 dualitate

242 2127 453 2161 tet-minabitur;
469 2134 512 2157 est
527 2139 593 2166 ergo
610 2132 731 2168 Spiritus
751 2143 766 2162 a
783 2135 865 2169 Filio,
882 2137 904 2164 si
928 2146 1025 2172 perso-

242 2171 343 2198 naliter
354 2171 487 2208 distingui
500 2175 611 2203 debeat.
625 2177 703 2210 Quod
721 2187 825 2213 autem,
844 2181 867 2208 si
885 2171 937 2208 non
952 2188 1024 2210 esset

242 2216 279 2242 ab
297 2217 367 2251 ipso,
396 2221 578 2252 personaliter
598 2223 633 2249 ab
660 2231 692 2250 eo
711 2231 766 2251 non
795 2225 1023 2263 distingueretur,
1040 2220 1065 2248 D

246 2262 310 2291 inde
325 2265 502 2293 manifestum
521 2272 575 2295 est.
603 2268 779 2306 Unaquaaque
805 2262 891 2301 causa
911 2274 1027 2309 alicujus

244 2313 284 2339 rei
302 2313 449 2347 dupliciter
472 2313 575 2341 dicitur
591 2315 757 2351 principium
773 2318 833 2353 ejus
858 2324 886 2346 et
914 2327 995 2347 causa
1018 2329 1024 2348 :

246 2366 303 2385 uno
315 2359 425 2393 quidem
441 2360 523 2387 modo
542 2366 671 2396 tamquam
690 2371 723 2391 ex
741 2372 807 2399 quo,
823 2365 864 2393 vel
880 2374 896 2393 a
916 2374 981 2401 quo,
999 2370 1028 2394 et

245 2405 358 2432 omnitto
384 2406 551 2440 principium
576 2409 650 2436 unde
663 2417 707 2437 res
732 2418 812 2438 suum
836 2411 918 2439 habet
939 2420 1025 2446 esse;

245 2450 333 2478 altero
351 2458 417 2478 vero
432 2453 513 2480 modo
533 2458 660 2489 tanquam
677 2463 743 2490 quo,
755 2458 841 2484 veluti
856 2463 899 2486 est
910 2459 1025 2493 species,

245 2504 306 2531 quae
323 2502 365 2524 est
382 2498 410 2525 in
436 2504 527 2527 mente
552 2501 667 2535 opiﬁcis,
693 2504 737 2530 cui
762 2503 879 2531 similem
897 2506 1025 2534 etl'ectum

245 2550 439 2577 quemcunque
451 2545 588 2578 producit.
606 2545 696 2579 Quare
708 2554 789 2574 omne
802 2548 924 2577 elliciens
937 2551 1028 2579 simile

246 2587 298 2614 sibi
313 2587 442 2622 producit
459 2589 611 2616 secundum
626 2591 758 2624 speciem,
770 2600 824 2626 qua
837 2595 976 2628 producit.
992 2596 1026 2623 Ut

245 2633 323 2660 verbi
350 2635 438 2668 gratia
454 2654 461 2667 ,
492 2633 606 2667 ltujusce
625 2635 753 2671 imaginis
772 2646 854 2666 causa
870 2645 911 2667 cst
931 2648 938 2667 :
962 2649 1026 2668 cum

242 2679 304 2713 ipse
323 2680 431 2714 pictor,
459 2684 587 2714 tanquam
614 2682 686 2709 uttde
702 2683 738 2710 sit
762 2685 946 2720 principium,
968 2692 1025 2714 tum

242 2727 349 2759 species
369 2726 508 2761 imaginis,
525 2727 552 2754 in
573 2728 662 2755 anima
679 2732 794 2764 pictoris
817 2731 944 2765 formata,
968 2739 1027 2761 latt-

241 2779 323 2806 quam
340 2773 505 2806 principium
527 2782 594 2809 quo,
616 2775 660 2802 cui
685 2777 801 2804 similent
820 2778 967 2812 imaginem
984 2781 1026 2815 pi-

242 2823 303 2844 ctor
317 2817 411 2846 cﬂicit.
427 2819 464 2846 lta
479 2819 563 2855 igitur
577 2821 604 2848 itt
622 2822 722 2850 divinis
734 2824 872 2858 personis,
894 2830 1023 2860 tanquam

241 2870 275 2890 ex
291 2871 357 2899 quo,
376 2869 420 2893 est
438 2865 519 2895 l'ater
532 2874 614 2895 causa
626 2889 634 2903 ,
652 2868 703 2897 hoc
728 2873 768 2898 cst
784 2869 876 2898 divina
901 2871 961 2904 eius
977 2872 1025 2904 liv-

1076 1588 1212 1615 π).είστων
1226 1590 1322 1622 ἁγίων,
1335 1590 1348 1615 ὁ
1365 1589 1416 1623 μὲν
1445 1590 1511 1622 Υἱὸς
1524 1591 1608 1618 εἰκὼν
1622 1591 1670 1619 τοῦ
1690 1592 1798 1626 Πατρδς
1813 1592 1861 1618 λέ-

1076 1641 1167 1667 γεται.
1192 1634 1222 1660 τὸ
1247 1634 1275 1660 δὲ
1293 1634 1408 1669 Πνεῦμα
1440 1635 1523 1662 εἰκὼν
1540 1636 1586 1662 τοῦ
1603 1636 1666 1663 Υίοῦ
1679 1645 1686 1652 '
1707 1637 1754 1663 καὶ
1776 1638 1791 1664 ὁ
1810 1638 1862 1672 μὲν

1075 1681 1139 1712 Υίὺς
1159 1679 1286 1715 ἐνέργεια
1299 1680 1348 1706 τοῦ
1361 1681 1480 1716 Πατρδς,
1506 1681 1536 1707 τὸ
1554 1681 1583 1708 δὲ
1601 1682 1715 1716 Πνεῦμα
1732 1684 1862 1719 ἐνέργεια.

1075 1726 1124 1753 τοῦ
1141 1726 1218 1758 Υίοῦ,
1234 1726 1281 1752 καὶ
1300 1727 1314 1752 ὁ
1335 1727 1384 1761 μὲν
1398 1727 1464 1758 Υίὺς
1478 1727 1565 1762 Λόγος
1580 1728 1627 1754 τοῦ
1651 1729 1769 1764 Πατρὺς,
1790 1729 1819 1756 τὸ
1833 1730 1862 1756 δὲ

1076 1771 1190 1806 Πνεῦμα
1202 1772 1278 1807 ρἧα
1291 1771 1338 1798 τοῦ
1355 1772 1435 1799 Υίοῦ·
1453 1773 1499 1799 καὶ
1509 1774 1523 1800 6
1538 1773 1588 1808 μὲν
1607 1773 1671 1805 Υἱὸς
1698 1775 1799 1802 εὐωδία
1811 1775 1861 1801 τοῦ

1075 1818 1194 1852 nam,
1209 1817 1239 1843 τὸ
1252 1817 1280 1844 δὲ
1294 1817 1406 1852 Πνεῦμα
1418 1817 1517 1844 εὐωδία
1531 1818 1578 1845 τοῦ
1594 1818 1671 1846 Υἱοῦ.
1685 1819 1860 1846 Ἀλλ’ὲκεί-ια

1076 1865 1165 1890 πάντα
1181 1864 1195 1890 ὁ
1217 1864 1282 1895 Υἱὸς
1297 1862 1405 1897 λέγεται
1424 1863 1472 1889 τοῦ
1492 1863 1609 1898 Πατρδς,
1628 1864 1663 1895 ὡς
1688 1863 1720 1889 ἐκ
1739 1863 1786 1890 τοῦ
1802 1864 1860 1890 Πα-

1075 1909 1140 1945 τρδς
1154 1908 1202 1936 ὧν,
1223 1909 1278 1935 Καὶ
1294 1909 1325 1935 τὸ
1337 1909 1448 1944 Πνεῦμα
1464 1908 1518 1944 ἄρα
1533 1909 1564 1935 τὸ
1578 1909 1657 1943 ἅγιον
1673 1910 1708 1936 τὰ
1724 1909 1794 1936 αὐτὰ.
1812 1910 1860 1936 λέ-

1076 1964 1158 1990 γεται
1173 1955 1220 1982 τοῦ
1234 1955 1300 1982 Υἰοῦ
1318 1953 1400 1988 εἶναι,
1416 1955 1453 1986 ὡς
1468 1956 1500 1982 ἐκ
1517 1955 1564 1981 τοῦ
1579 1955 1646 1981 Υίοῦ
1660 1955 1700 1983 δν.

1113 2002 1186 2035 Ἔτι,
1205 2003 1229 2028 εί
1262 2001 1300 2037 μὴ
1315 2001 1346 2028 τδ
1367 2001 1481 2036 Πνεῦμά
1510 2002 1584 2028 ἐστιν
1597 2001 1626 2034 ἐξ
1656 2001 1733 2034 Υίοῦ,
1751 2001 1801 2028 οὐκ
1825 2001 1858 2028 ἂν

1082 2048 1166 2075 αὐτοῦ
1186 2047 1372 2082 προσωπικῶς
1387 2047 1561 2082 διακρίνοιτο.
1572 2047 1651 2074 Ἀλλὰ
1663 2047 1740 2073 τοῦτο
1759 2047 1858 2074 ἄτοπον

1077 2094 1167 2129 λέγειν
1180 2102 1186 2110 ·
1203 2093 1275 2120 οὕτω
1289 2094 1342 2128 γὰρ
1369 2094 1386 2128 ἡ
1406 2093 1491 2127 Τριὰς
1505 2094 1681 2128 ὁρισθήσεται
1702 2094 1741 2125 είς
1762 2093 1857 2120 δυάδα.

1078 2142 1173 2168 Ἔστιν
1189 2140 1242 2174 ἄρα
1255 2139 1284 2171 ἐξ
1302 2139 1367 2165 Υίοῦ
1381 2139 1411 2166 τὺ
1427 2139 1551 2174 Πνεῦμα,
1571 2140 1595 2165 εί
1609 2139 1704 2173 μέλλοι
1718 2147 1858 2174 προσωπι-

1077 2187 1133 2217 κῶς
1148 2184 1348 2218 διακρίνεσθαι.
1362 2184 1423 2210 Ὀτι
1438 2183 1466 2209 δὲ
1477 2184 1502 2209 εἰ
1521 2183 1558 2218 μὴ
1574 2183 1617 2217 εἴη
1632 2184 1678 2209 καὶ
1707 2182 1736 2214 ἐξ
1763 2183 1857 2215 αὐτοῦ,

1076 2232 1126 2258 οὐκ
1143 2231 1176 2258 ἂν
1190 2230 1273 2257 αὑτοῦ
1292 2229 1475 2264 προσωπικῶς
1490 2228 1670 2264 διακρίνοιτο,
1696 2228 1775 2263 δῆλον
1789 2229 1857 2254 ἐκεῖ-

1077 2276 1134 2302 θεν.
1157 2275 1275 2309 Ἐκάστη
1290 2274 1365 2301 αἰτία
1394 2273 1472 2300 τοῦδε
1491 2282 1563 2304 τινος
1591 2273 1755 2308 πράγματος
1778 2272 1858 2307 διχῶς

1075 2322 1186 2356 λέγεται
1202 2320 1272 2356 ἁρχὴ
1289 2319 1384 2351 αὑτοῦ,
1400 2319 1449 2346 καὶ
1465 2319 1539 2345 αἰτία
1552 2327 1558 2333 ·
1581 2319 1623 2346 ἐνὶ
1640 2318 1689 2353 μὲν
1703 2320 1806 2352 τρόπῳ,
1820 2318 1857 2349 ὡς

1075 2368 1107 2395 τδ
1131 2367 1161 2400 ἐξ
1185 2364 1227 2400 οὗ,
1248 2366 1264 2401 ἢ
1291 2365 1336 2400 ὑφ’
1363 2361 1405 2398 οἵ),
1427 2366 1475 2392 καὶ
1498 2365 1567 2395 ὅλως
1592 2365 1609 2400 ἡ
1643 2364 1715 2400 ἀρχὴ
1747 2363 1808 2390 ὅθεν
1829 2364 1857 2389 τὺ

1076 2415 1194 2449 πρᾶγμα
1209 2421 1216 2428 ·
1232 2412 1352 2447 δευτέρῳ
1376 2412 1417 2444 δὲ,
1437 2411 1474 2442 ὼς
1496 2411 1527 2437 τὸ
1543 2407 1574 2443 ᾧ,
1601 2407 1657 2436 οἷον
1675 2410 1706 2436 τὸ
1721 2407 1801 2440 εἶδος,
1828 2409 1857 2434 to

1076 2459 1136 2486 ὲνὸν
1153 2460 1186 2494 τῇ
1198 2458 1245 2485 ’τοῦ
1261 2457 1402 2488 ποιοῦντος
1415 2457 1500 2492 ψυχῇ,
1519 2452 1540 2489 ᾦ
1557 2456 1650 2490 ὅμοιον
1663 2456 1694 2481 τὸ
1711 2455 1856 2481 summa-

1078 2514 1159 2540 μενον
1187 2505 1261 2531 ποιεῖ
1284 2504 1314 2530 τὸ
1344 2502 1498 2530 ὁποιονοῦν.
1527 2502 1609 2528 Ὅθεν
1632 2501 1732 2527 nam.
1764 2501 1856 2527 ποιοῦν

1076 2552 1168 2587 ὅμοιον
1185 2550 1275 2585 ἑαυτῷ
1285 2551 1356 2577 ποιεῖ
1379 2549 1451 2576 κατὰ
1472 2548 1502 2574 τὸ
1515 2544 1584 2579 εἶδος
1595 2544 1616 2581 ᾧ
1637 2548 1718 2574 ποιεῖ,
1735 2546 1798 2574 Οἷον
1812 2547 1856 2573 λό-

1076 2607 1125 2632 γου
1137 2598 1227 2633 χάριν,
1252 2597 1333 2631 τῆσδε
1357 2595 1407 2630 τῆς
1424 2594 1528 2626 εἰκόνος
1544 2593 1629 2621 αἴτιον
1643 2594 1695 2620 ὅτε
1711 2593 1856 2628 ζωγράφος

1077 2644 1170 2675 αὐτὸς,
1187 2643 1224 2674 ὡς
1239 2643 1268 2669 τὸ
1279 2642 1341 2668 ὅθεν
1357 2642 1373 2676 ἡ
1393 2640 1476 2675 ἀρχὴ,
1505 2641 1553 2666 καὶ
1578 2640 1607 2665 τδ
1623 2638 1803 2666 ἀνατυπωθὲν
1825 2640 1855 2665 ὲν

1076 2691 1109 2724 τῇ
1127 2688 1174 2714 τοῦ
1193 2689 1341 2722 ζωγράφου
1362 2686 1436 2721 ψυχῇ
1454 2686 1504 2719 τῆς
1533 2684 1637 2714 εἰκόνος
1658 2681 1738 2715 εἶδος,
1765 2683 1802 2714 ὡς
1826 2684 1856 2710 τὸ

1075 2731 1097 2768 ᾦ
1112 2734 1207 2768 ὁμοίαν
1224 2733 1273 2767 τὴν
1287 2733 1381 2759 εἰκόνα
1395 2732 1407 2758 ὁ
1420 2731 1566 2766 ζωγράφος
1582 2730 1665 2755 ποιεῖ.
1679 2728 1757 2754 Οὕτω
1769 2728 1855 2754 τοίνυν

1076 2778 1124 2804 καὶ
1150 2779 1197 2804 ἐπὶ
1218 2777 1271 2803 τῶν
1289 2776 1369 2803 θείων
1387 2775 1553 2810 προσώπων,
1580 2775 1618 2805 ὡς
1648 2773 1700 2808 μὲν
1713 2773 1743 2799 τδ
1761 2773 1790 2804 ἐξ
1812 2772 1854 2807 οὗ,

1076 2825 1148 2852 εστιν
1163 2826 1176 2852 ὁ
1187 2824 1281 2858 Πατὴρ
1293 2824 1378 2856 αἰτία,
1392 2824 1477 2858 ἤγουν
1493 2823 1510 2857 ὴ
1528 2821 1610 2849 αὐτοῦ
1621 2821 1680 2847 θεία
1696 2819 1855 2852 ὑπόστασις,

1076 2872 1113 2904 ὡς
1123 2872 1150 2899 δὲ
1166 2872 1206 2906 τὸ,
1223 2867 1245 2906 ᾧ
1266 2870 1340 2899 ἔστιν
1363 2871 1380 2905 ὴ
1395 2870 1455 2897 θεία
1485 2869 1566 2896 εὖτ-,ὓ
1586 2868 1665 2895 οὖςίι.
1678 2875 1685 2883 ο
1709 2865 1788 2892 τοῦτο
1803 2867 1855 2901 γάρ
