1920 3063
74 163 124 195 37⁸1

529 164 579 194 DE
602 164 866 195 PROCESSIONE
886 164 1071 195 SPIIllTUS
1095 163 1243 195 SANCTI.

1634 164 1688 197 378

70 224 131 250 ἐστι
145 222 175 250 ἰδ
194 218 274 255 εἶδος,
289 220 311 256 ᾧ
327 221 410 257 ὅμοια
427 221 533 256 γίνεται
544 221 580 248 τὰ
595 222 624 255 ἐξ
633 222 715 248 αὑτοῦ
726 222 853 258 π’ροῑόντα

907 222 1035 256 postasis,
1055 226 1183 256 tanquam
1207 229 1274 248 vero
1290 229 1356 255 quo,
1377 226 1420 250 est
1440 222 1501 258 ejus
1523 221 1614 249 divina
1643 230 1688 250 es-

69 268 109 295 διδ
120 270 166 294 καὶ
179 269 193 294 ὁ
210 267 273 299 Υῐδς
291 268 338 294 καὶ
353 267 384 294 τὺ
405 268 519 302 Πνεῦμα
531 267 664 301 όμοούσιά
681 267 751 294 εἰσιν
766 267 854 302 αὐτῷ,

69 314 111 340 διὰ
126 314 157 340 τδ
180 314 235 340 πᾶν
254 314 303 347 μὲν
331 313 362 340 τὸ
382 314 508 347 παράγον
537 314 630 349 ὅμοιον
657 314 795 349 παράγειν
817 314 856 349 τῷ

70 359 146 391 εῖδει,
162 355 183 392 ᾧ
193 360 324 394 προάγει,
340 359 385 386 τὸν
400 359 428 386 δὲ
442 359 508 386 Θεὸν
522 360 569 385 καὶ
585 360 695 395 Πατέρα
721 351 855 395 προάγειν

70 405 134 431 Υιόν
148 413 176 430 τε
188 405 235 431 καὶ
250 404 363 439 Πνεῦμα
379 406 411 439 τῇ
429 404 528 431 ἑαυτοῦ
545 404 605 440 Θείᾳ
620 405 710 440 οὐσίᾳ,
738 405 785 430 καὶ
811 405 855 432 διὰ

68 451 149 477 τοῦτο
163 450 295 484 ὁμοούσια
308 449 398 484 ἑαυτῷ
412 450 559 485 προάγειν.
577 450 609 477 Et
624 451 715 476 τοίνυν
731 451 745 476 ὁ
760 450 855 484 Πατὴρ

71 498 150 531 μένος
165 496 315 531 προϐάλλει
329 497 359 523 τὸ
376 497 489 532 Πνεῦμα
503 496 574 523 κατὰ.
591 497 654 528 τοὺς
670 496 743 522 οὓτω
763 497 855 530 λέγον-

69 551 127 574 τας,
139 542 199 568 τότε
215 541 328 576 οὐδεμία
342 541 480 576 διάκρισις
495 540 573 568 ἔσται
585 541 651 568 Υίοῦ
669 549 699 567 τε
713 541 761 567 καὶ
771 539 856 566 Πνεύ-

71 596 166 623 ματος,
185 588 322 623 μηδεμιᾶς
337 587 421 622 οὔσης
440 587 576 622 διαφορᾶς
590 586 653 614 οὔτε
667 587 696 613 ἐν
715 586 754 621 τῷ
771 585 856 620 προά-

68 642 161 667 γοντι·
183 633 241 660 ἐστι
257 633 311 669 γὰρ
324 633 338 658 δ
354 632 437 664 αὐτὸς
462 633 570 668 Πατὴρ,
585 632 648 659 οὗτε
669 633 697 658 ὲν
711 631 750 666 τῷ
776 631 853 663 εῖδει,

66 676 88 712 ᾧ
105 679 237 713 παράγει,
252 677 310 705 ἔστι
323 678 378 713 γὰρ
391 678 408 713 ἡ
421 678 491 712 αὑτὴ
511 678 572 705 θεία
585 678 674 710 οὐσία,
689 677 752 703 οὔτε
765 678 793 703 ὲν
808 677 855 702 αὒ-

68 726 125 756 τοῖς
135 725 190 755 τοῖς
200 725 414 759 παραγομένοις,
423 725 481 752 ,εἰσὶ
494 723 603 759 γὰρτοῦ
612 723 694 749 αὐτοῦ
704 723 791 754 εἴδους
805 722 855 757 τῆς

69 771 137 804 μιᾶς
166 770 215 797 καὶ
241 770 338 804 κοινῆς
360 769 499 804 θεότητος,
517 769 580 796 οὔτε
611 770 664 804 μὴν
689 768 756 802 ὕλης
783 770 854 799 τινος

69 816 262 851 θεωρουμένης
280 816 349 848 ἐκεῖ,
360 815 390 848 ἐξ
403 813 437 852 ἧς
446 815 479 843 ἂν
491 816 508 850 ἡ
522 816 661 850 διάκρισις
672 815 789 849 γένοιτο.
802 814 856 840 Καὶ

67 862 154 894 οὕτως
168 863 238 889 κατὰ
254 863 300 889 τδν
316 863 398 898 λόγον
415 861 511 890 τοῦτον
529 862 671 894 παντελῶς
696 860 854 896 ἀναιρεθείη

906 267 1008 294 sentia.
1034 267 1097 293 Haec
1120 265 1192 293 enim
1215 271 1257 294 est
1284 267 1401 301 species,
1423 275 1478 302 qua
1498 274 1558 302 qua
1579 268 1613 295 ab
1629 268 1689 303 ipso

906 313 1097 347 producuntur
1109 312 1211 340 similia
1225 312 1305 340 ﬂunt.
1323 313 1418 348 Itaque
1431 318 1458 341 et
1471 313 1556 340 Filius
1578 317 1604 341 et
1630 314 1690 348 Spi-

907 358 977 385 ritus
1000 362 1146 392 propterea
1163 358 1412 385 consubstantiales
1427 363 1493 385 sunt
1519 358 1589 393 ipsi,
1614 359 1689 393 quod

906 411 987 431 omne
1000 404 1156 438 producens
1171 404 1260 431 simile
1278 405 1377 438 speciei
1390 404 1536 440 producat,
1553 413 1606 439 qua
1620 413 1686 440 pro-

906 449 993 476 ducit.
1009 449 1079 476 Deus
1091 455 1183 476 autcm
1197 454 1224 476 et
1236 449 1328 482 Pater,
1339 451 1465 485 producit
1478 450 1577 478 Filium
1588 455 1616 477 et
1628 451 1690 485 Spi-

906 495 990 521 ritum
1004 500 1129 522 sanctutn
1141 516 1148 528 ,
1166 503 1214 523 sua
1233 495 1326 522 divina
1338 497 1468 528 essentia,
1487 500 1515 523 et
1541 495 1603 523 ideo
1624 503 1690 523 con-

906 540 1103 568 substantiales
1115 541 1167 568 sibi
1194 541 1332 575 producit.
1359 541 1388 568 Si
1408 541 1493 576 igitur
1516 541 1591 569 solus
1609 542 1690 569 Pater

906 586 1033 620 producit
1061 586 1207 621 Spiritum,
1226 588 1308 622 juxta
1329 587 1488 622 opinionem
1513 594 1610 614 eorum
1642 587 1690 622 qui

907 631 943 657 ita
954 630 1093 657 sentiunt:
1112 635 1176 658 tunc
1191 631 1266 658 nulla
1281 631 1336 659 erit
1350 631 1494 660 distinctio
1507 631 1570 659 Filii
1584 637 1612 658 et
1625 631 1690 666 Spi-

906 675 986 706 ritus.
1001 676 1078 703 nullo
1098 677 1250 704 exsistente
1275 676 1454 710 discrimine,
1471 685 1560 712 neque
1581 678 1609 705 in
1626 685 1690 713 pro-

907 720 1035 753 ducente.
1048 725 1091 749 est
1104 722 1178 749 enim
1193 722 1264 749 idem
1282 723 1341 757 ipse
1358 723 1450 755 Pater,
1467 731 1558 757 tteque
1580 723 1608 750 in
1629 731 1691 758 spe-

906 766 959 799 cie,
974 773 1027 801 qua
1043 766 1191 801 producit,
1208 775 1269 802 quae
1284 768 1350 795 item
1367 772 1409 795 est
1424 769 1518 795 eadem
1533 768 1625 795 divina
1647 776 1691 796 es-

906 812 1014 845 sentia;
1029 819 1118 847 tteque
1141 812 1170 839 in
1187 813 1255 847 ipsis
1275 813 1430 848 productis,
1457 813 1596 848 siquidem
1625 817 1692 840 sunt

907 855 1029 891 ejusdem
1047 856 1161 891 speciei,
1179 857 1262 884 unius
1275 862 1303 884 et
1318 856 1473 884 communis
1489 856 1612 883 deitatis.
1635 856 1691 883 Ne-

69 908 86 942 ἡ
107 909 243 944 διάκρισις
256 909 355 937 αὐτῶν.
382 909 517 936 Λείπεται
532 909 595 944 δὴῆ
617 908 648 934 τὸ
673 907 786 942 Πνεῦμα
808 906 853 933 τοῦ

909 908 962 936 que
975 901 1013 928 ibi
1029 902 1122 936 aliqua
1141 902 1255 929 materia
1274 902 1447 936 intelligitur,
1463 908 1496 928 ex
1519 909 1573 935 qua
1593 901 1691 928 distin-

69 955 135 982 Υίοῦ
152 955 240 982 αἴτιον
265 953 349 988 εἶναι,
372 955 388 990 ἢ
408 954 455 982 τὸν
478 955 541 982 Υίὺν
570 954 618 981 τοῦ
634 953 802 989 Πνεὺματος,
830 952 854 978 ει

69 1001 196 1035 μέλλοιεν
223 1000 412 1034 διακρίνεσθαι
440 999 576 1035 ἀλλήλων.
595 999 676 1027 me
693 999 724 1026 τὸ
747 997 855 1033 πρῶτον

67 1046 119 1073 οὐκ
134 1046 208 1072 ἐστι’
219 1045 251 1073 τὸ
270 1045 398 1081 δεύτερον
419 1045 484 1081 ἄρα.

104 1179 165 1205 Ἔτι
180 1178 211 1204 τὸ
235 1177 392 1212 πέμπεσθαι
409 1177 455 1204 ἐπὶ
470 1177 540 1203 Θεοῦ
562 1177 593 1203 τὸ
607 1176 654 1203 ἀπ’
671 1176 761 1208 αἰτίας
777 1175 851 1204 εἶναι

66 1225 151 1259 δηλοῖ.
165 1224 219 1250 Καὶ
233 1223 336 1259 μάρτυς
348 1224 362 1249 ὀ
373 1223 442 1255 Θεῖος
453 1223 648 1257 Χρυσόστομος
660 1223 729 1257 πρὸς
746 1223 855 1257 ’Δρεια-

68 1270 131 1300 νοῦς
146 1270 328 1305 ἀποροῦντας,
347 1269 407 1301 πῶς
423 1269 474 1303 τῆς
489 1268 575 1303 αὐτῆς
591 1267 686 1298 οὐσίας
704 1269 718 1294 ὁ
736 1267 855 1302 πέμπων

68 1317 117 1342 καὶ
134 1317 148 1342 ὁ
161 1315 350 1351 πεμπόμενος,
367 1315 395 1342 ὲν
408 1315 557 1350 τριακοστῇ
575 1314 675 1349 ἑννάτῃ
692 1312 786 1348 ὁμιλίᾳ
799 1313 854 1340 τῶν

66 1362 139 1390 κατὰ
162 1361 289 1396 Ἰωάννην
305 1361 404 1394 λόγων.
419 1360 503 1387 Πάλιν
519 1360 567 1386 ἐπὶ
580 1359 615 1386 τὰ
629 1359 789 1394 ἀνθρώπινα
805 1367 855 1385 κα-

66 1408 201 1442 ταφέρεις
227 1407 272 1433 τδν
288 1406 378 1441 λόγον,
407 1407 455 1432 καὶ
480 1406 530 1432 οὑκ
560 1406 673 1438 ἐννοεῖς,
701 1405 742 1431 ὅτι
767 1404 854 1430 ταῦτα

68 1455 160 1481 πάντα
175 1453 209 1480 δι’
221 1453 298 1480 οὐδὲν
315 1453 408 1487 ἕτερον
423 1451 543 1487 εἴρηται,
559 1451 617 1478 ἀλλ’
633 1451 675 1477 ἵνα
689 1451 736 1477 καὶ
750 1450 796 1477 τὸν
813 1449 856 1477 αῑ-

66 1507 125 1525 τιον
139 1499 267 1534 εἰδῶμεν,
291 1499 338 1525 καὶ
351 1498 391 1529 εις
405 1497 455 1532 τὴν
472 1496 618 1523 magno...
638 1496 675 1531 μὴ
689 1495 854 1522 καταπέσω-

69 1552 120 1578 μεν
135 1545 206 1571 ὅσον.
227 1543 308 1569 Ἀλλὰ
324 1543 354 1570 ca
376 1542 488 1578 Πνεῦμα
504 1542 644 1577 πέμπεται
670 1542 698 1575 ἐξ
724 1541 789 1568 Υίοῦ
806 1541 854 1568 καὶ

66 1590 144 1616 ἐστιν
158 1589 212 1623 ἄρα
227 1589 257 1622 ἐξ
270 1588 364 1616 αὑτοῦ.

106 1635 178 1668 Ἔτι,
197 1635 214 1667 ὴ
240 1635 354 1670 δύναμις
370 1634 439 1670 αὕτη
455 1633 501 1661 τοῦ
526 1633 660 1669 πέμπειν,
678 1632 777 1660 ἐνοῦσα
793 1633 852 1659 Πα-

66 1681 113 1716 τρὶ
129 1681 175 1706 καὶ
190 1679 257 1714 Υίῷ,
272 1680 333 1706 καθ’
348 1680 381 1715 ἢν
396 1679 480 1715 ἄμφω
495 1679 634 1714 πέμπουσι
648 1678 679 1705 τὸ
695 1677 807 1712 Πνεῦμα
822 1677 852 1703 τὸ

67 1728 156 1761 ἅγιον,
171 1726 209 1758 ὡς
224 1727 271 1753 καὶ
283 1726 361 1760 παρὰ
375 1726 429 1752 τῶν
445 1725 589 1760 ἡμετέρων
605 1723 818 1759 ὁμολογεῖται,ἥ
834 1723 850 1758 ὴ

65 1774 139 1807 αὑτὴ
163 1773 235 1799 ἐστιν
249 1773 278 1798 ὲν
296 1771 383 1806 Πατρὶ
405 1771 454 1797 καὶ
470 1770 539 1806 Υίῷ,
554 1770 571 1805 ἢ
597 1770 679 1804 ἑτέρα
695 1769 741 1796 καὶ
757 1768 851 1802 ἑτέρα.

73 1818 145 1845 ‘AD.’
163 1820 188 1845 ει
206 1818 255 1853 μὲν
269 1817 350 1851 ἑτέρα
360 1817 408 1844 καὶ
419 1817 511 1852 ἑτέρα,
525 1815 603 1843 ἔσται
618 1815 718 1851 δηλαδὴ
731 1815 778 1842 καὶ
793 1814 853 1849 μεί-

66 1865 124 1898 ζων
151 1864 198 1891 καὶ
223 1863 352 1894 ἐλάττων,
369 1863 414 1890 καὶ
431 1862 586 1893 ἀκολούθως
608 1862 656 1888 καὶ
683 1862 711 1887 αι
733 1860 853 1894 πέμψεις

65 1913 202 1946 διάφοροι.
217 1908 321 1937 οὐκοῦν
333 1908 396 1935 οῦτε
423 1908 471 1943 μία
491 1908 617 1942 δύναμις,
634 1906 696 1933 οὔτε
715 1906 762 1940 μία
777 1905 853 1939 ἐνέρ-

66 1967 132 1993 γεια
148 1957 239 1984 αὐτῶν
254 1956 331 1983 ἔσται
345 1963 353 1970 ·
366 1955 412 1982 καὶ
425 1954 579 1985 ἀκολούθως
594 1953 732 1987 διαφόρων
747 1952 852 1977 ἔσονται

66 2003 167 2031 οὐσιῶν
180 2010 187 2018 ·
203 1999 240 2029 ὧν
264 2001 319 2037 γὰρ
337 2001 364 2027 αι
384 2000 514 2035 δυνάμεις
532 1999 630 2030 ἄνισοι,
647 1997 695 2024 καὶ
710 1997 738 2023 al
762 1996 853 2022 οὐσίαι

67 2051 171 2082 ἄνισοι,
190 2048 285 2082 ἐπειδὴ
297 2048 329 2073 ὲκ
341 2047 390 2081 τῆς
400 2046 495 2077 οὐσίας
508 2046 525 2081 ἡ
537 2045 663 2079 δύναμις.
676 2042 758 2069 Ἀλλὰ
767 2041 855 2068 ταῦτα

53 2098 116 2124 Ἶιαὶ
123 2097 211 2123 ἄτοπα
227 2094 276 2122 καὶ
291 2093 450 2128 βλάσφημα.
463 2092 520 2119 Οὐκ
531 2091 586 2126 ἄρα
598 2090 679 2125 ἑτέρα
690 2089 738 2116 καὶ
752 2087 832 2122 ἑτέρα
843 2094 850 2102 ·

66 2144 84 2178 ἠ
101 2142 171 2177 αὑτὴ
197 2141 261 2176 ἄρα.
283 2139 354 2168 Ἀλλ’
377 2140 406 2166 ὲν
425 2138 464 2172 τῷ
480 2138 568 2172 Πατρὶ
590 2137 607 2172 ἡ
621 2135 668 2163 τοῦ
686 2136 807 2170 πέμπειν
824 2133 854 2160 τὺ

67 2188 182 2223 Πνεῦμα
200 2187 316 2222 δύναμις
331 2185 438 2212 σύνεστι
450 2185 484 2219 τῇ
495 2183 609 2218 δυνάμει
623 2183 655 2217 τῇ
672 2181 718 2208 τοῦ
739 2179 855 2214 προϐάλ-

67 2235 126 2261 λειν
157 2233 224 2260 αὑτό
239 2241 246 2248 ·
273 2233 318 2259 ἀεὶ
344 2231 397 2265 γὰρ
412 2231 425 2257 ὁ
448 2229 542 2264 Πατὴρ
561 2229 622 2255 πνεῖ
638 2228 668 2254 τὸ
686 2226 799 2261 Πνεῦμα
824 2225 854 2252 τὸ

69 2282 156 2315 ἆγιον,
171 2280 219 2306 καὶ
232 2279 313 2306 πνέον
328 2277 393 2304 αὐτὸ
408 2276 525 2312 πέμπει.
541 2275 596 2301 Καὶ
617 2276 631 2301 ὁ
645 2273 710 2304 Υἱὸς
724 2273 779 2308 ἄρα
793 2272 852 2306 ἅμα

68 2329 101 2362 τῇ
115 2325 161 2352 τοῦ
180 2326 257 2352 πνεῖν
271 2324 385 2358 δυνάμει
400 2322 449 2349 καὶ
468 2320 628 2356 προϐάλλων
648 2320 715 2347 αὐτὸ
727 2318 833 2353 πέμπει
843 2325 851 2332 ⁸

69 2374 116 2400 καὶ
131 2373 145 2398 ὁ
167 2371 231 2403 Tib;
245 2370 300 2406 ἄρα
324 2370 372 2396 τοῦ
394 2368 466 2396 θείου
488 2366 647 2402 Πνεὺματός
669 2365 727 2392 ἐστι
750 2363 853 2398 προϐο-

69 2419 142 2450 λεὺς.

109 2509 160 2536 Ἦν
172 2508 200 2535 δὲ
215 2508 281 2542 φασι
296 2515 368 2538 τινες
383 2504 499 2532 ἐνταῦθα
512 2502 619 2538 πέμῲιν
634 2502 650 2538 ἢ
666 2501 779 2536 πρόοδον
793 2501 852 2528 δευ-

69 2558 152 2593 τέραν
170 2557 216 2583 καὶ
233 2555 374 2590 χρονικὴν,
389 2553 465 2579 οὐδέν
483 2551 512 2581 τέ
531 2552 601 2583 ἐστι,
619 2550 666 2576 καὶ
682 2549 797 2575 αὐτόθεν
814 2548 852 2583 τῷ

71 2603 264 2640 προειρημένῳ
278 2600 372 2626 λύεται
385 2599 469 2633 λόγῳ.

105 2693 176 2727 Πρὸς
192 2691 247 2725 γὰρ
272 2690 302 2716 τὸ
331 2689 457 2724 μηδαμοῦ
478 2689 527 2723 τῆς
542 2688 651 2723 Γραφῆς
675 2687 853 2723 εὑρίσκεσθαι

73 2737 170 2772 ταύτην
189 2736 238 2769 τὴν
259 2734 314 2760 τῶν
341 2734 462 2769 προόδων
484 2734 607 2768 διπ).όην,
626 2734 670 2759 ὅτε
688 2734 736 2759 καὶ
761 2733 852 2767 δῶμεν

71 2785 142 2818 iam;
159 2779 229 2808 εἶναι
242 2789 303 2807 τινα
316 2779 447 2814 δευτέραν
463 2780 585 2814 πρόοδον,
601 2776 634 2815 ἧς
649 2780 663 2805 ὁ
678 2779 742 2810 Υἱὸς
755 2787 854 2805 κοινω-

72 2830 109 2856 νεῖ
123 2828 162 2863 τῷ
180 2822 279 2862 Ila-cpi,
295 2827 356 2853 τότε
386 2826 494 2857 πάντως
510 2825 581 2852 κατὰ
606 2825 651 2852 τὸν
671 2826 780 2860 Πατέρα
805 2825 854 2851 καὶ

71 2875 171 2910 δμοίως
197 2875 282 2902 αὐτὴν
309 2873 375 2906 ἕξει.
402 2872 484 2899 Οὐδὲν
502 2871 555 2907 γὰρ
571 2871 696 2907 ἀνόμοιον
730 2871 786 2898 τῶν
815 2871 854 2906 τῷ

906 951 961 978 ctio
978 951 1035 977 tiat.
1060 948 1150 982 Atque
1167 948 1204 975 ita
1222 948 1375 976 secundum
1390 950 1461 975 hanc
1483 948 1617 974 rationem
1634 955 1691 974 om-

905 997 973 1024 nino
994 996 1107 1023 tolletur
1128 995 1251 1029 ipsorum
1268 994 1421 1021 distinctio.
1440 993 1574 1027 Superest
1597 993 1690 1027 itaque

904 1042 949 1070 vel
965 1041 1098 1076 Spiritum
1118 1047 1179 1067 esse
1196 1047 1306 1067 causam
1321 1039 1399 1072 Filii,
1417 1039 1461 1066 vel
1487 1039 1587 1066 Filium
1602 1038 1690 1073 Spiri-

907 1092 962 1120 tus,
979 1087 1003 1114 si
1023 1087 1157 1121 distingui
1174 1093 1246 1113 unus
1262 1086 1296 1113 ab
1311 1085 1398 1112 altero
1413 1084 1524 1112 debeat.
1551 1084 1605 1112 Sed
1633 1084 1689 1119 pri-

906 1140 980 1160 mum
999 1139 1054 1159 non
1070 1135 1123 1163 est,
1145 1132 1229 1166 igitur
1247 1131 1396 1165 posterius.
1698 1125 1702 1129 ’

941 1179 1077 1206 Praeterea
1104 1177 1176 1204 mitti
1200 1177 1228 1203 in
1246 1177 1301 1203 Deo
1321 1183 1336 1203 a
1354 1183 1435 1203 causa
1458 1183 1518 1203 esse
1543 1174 1690 1210 signiﬁcat.

905 1224 997 1251 Testis
1016 1228 1060 1250 est.
1084 1223 1164 1250 divus
1186 1222 1417 1256 Chrysostomus,
1444 1221 1556 1248 homilia
1581 1220 1690 1248 tricesi-

906 1277 949 1297 ma
964 1277 1036 1296 nona
1053 1269 1081 1296 in
1092 1268 1225 1295 Joannem
1239 1268 1374 1295 adversus
1383 1267 1510 1299 Arianos,
1521 1272 1688 1300 quaerentes.

905 1315 1046 1350 quomodo
1063 1314 1190 1350 ejusdem
1214 1313 1376 1340 substantia:
1391 1313 1428 1339 sit
1450 1313 1574 1345 mittens,
1589 1317 1617 1340 et
1639 1311 1689 1346 qui

905 1361 1037 1388 mittitur.
1052 1361 1160 1388 Rursus
1172 1380 1178 1392 ,
1195 1360 1297 1394 inquit,
1315 1359 1349 1386 ad
1373 1366 1418 1386 res
1434 1359 1568 1385 humanas
1585 1365 1690 1388 sermo-

906 1415 968 1435 nem
984 1406 1134 1439 convertis,
1153 1410 1181 1433 et
1200 1405 1341 1432 humiliter
1354 1405 1464 1440 abjicis.
1489 1411 1522 1431 ac
1537 1411 1592 1431 non
1607 1403 1691 1431 intel-

904 1453 967 1489 ligis
983 1461 1015 1480 ea
1030 1453 1122 1480 omnia
1136 1473 1143 1485 ,
1169 1452 1272 1479 nullam
1289 1451 1324 1478 ob
1349 1452 1431 1478 aliam
1453 1458 1511 1478 rem
1527 1450 1601 1478 dicta
1618 1457 1690 1482 esse,
1736 1447 1748 1457 '

905 1507 987 1535 quam
1002 1504 1032 1526 ut
1047 1506 1158 1526 causam
1177 1505 1360 1533 agnoscamus
1374 1518 1381 1529 ,
1406 1504 1497 1531 neque
1522 1498 1550 1523 in
1572 1495 1686 1523 Sabellii

906 1546 1034 1573 morbum
1045 1544 1219 1577 incidamus;
1241 1544 1287 1572 sed
1300 1543 1418 1579 Spiritus
1432 1542 1551 1570 mittitur
1566 1549 1581 1569 a
1598 1541 1688 1575 Filio;

903 1592 987 1627 igitur
1001 1591 1085 1618 etiam
1101 1595 1144 1618 est
1159 1590 1193 1617 ab
1209 1590 1281 1624 ipso.

938 1638 1086 1670 Praeterea,
1107 1637 1149 1664 vis
1177 1637 1229 1664 ista
1244 1635 1391 1669 mittendi,
1425 1644 1486 1671 quae
1515 1636 1588 1664 inest
1613 1636 1688 1664 Patri

903 1687 930 1710 et
944 1683 1023 1716 Filio,
1042 1683 1194 1711 secundum
1213 1690 1296 1717 quam
1320 1683 1402 1710 ambo
1419 1683 1532 1710 mittunt
1549 1683 1683 1718 Spiritum

902 1734 1029 1756 sanctum
1043 1747 1051 1761 ,
1074 1728 1309 1764 quemadmodum
1333 1733 1361 1756 et
1381 1733 1519 1756 nostrates
1543 1728 1690 1762 fatentur,

904 1776 946 1803 rel
969 1775 1065 1804 eadem
1082 1781 1125 1804 est
1143 1775 1170 1803 in
1195 1776 1277 1803 Patre
1304 1780 1334 1803 et
1349 1775 1429 1810 Filio,
1450 1776 1494 1803 vel
1519 1777 1572 1804 alia
1599 1781 1683 1811 atque

903 1822 972 1855 alia;
989 1821 1037 1849 sed
1053 1821 1076 1849 si
1099 1821 1151 1848 alia
1165 1826 1248 1856 atque
1264 1821 1328 1854 alia,
1349 1822 1403 1849 erit
1419 1822 1527 1850 scilicet
1544 1827 1572 1849 et
1597 1823 1686 1858 major

904 1872 931 1896 et
948 1869 1049 1899 minor,
1066 1871 1094 1896 et
1109 1875 1159 1902 per
1174 1867 1413 1902 consequentiam,
1438 1868 1521 1895 etiam
1539 1868 1688 1896 missiones

904 1918 986 1942 erunt
1002 1914 1136 1947 diversae;
1164 1913 1249 1948 igitur
1265 1921 1355 1948 neque
1371 1921 1425 1941 una
1447 1914 1488 1941 vis
1503 1920 1531 1941 et
1552 1915 1687 1948 potentia,

904 1967 995 1994 neque
1024 1967 1078 1985 una
1106 1959 1230 1993 ipsorum
1255 1960 1308 1986 erit
1338 1959 1474 1994 operatio.
1503 1960 1538 1986 Et
1559 1960 1626 1987 illud
1646 1965 1689 1988 est

905 2001 1088 2040 consequens,
1102 2009 1132 2031 ut
1142 2004 1315 2031 diversarum
1331 2004 1386 2031 sint
1398 2004 1586 2032 essentiarum
1599 2013 1605 2038 ;
1623 2013 1690 2040 quo-

905 2058 966 2078 rum
995 2049 1068 2077 enim
1092 2048 1222 2084 potentia:
1238 2053 1303 2076 sunt
1321 2048 1481 2083 inaequales.
1493 2049 1577 2076 etiam
1593 2057 1690 2077 essen-

905 2097 950 2124 tia:
978 2100 1043 2123 sunt
1068 2094 1227 2129 inaequales,
1253 2093 1480 2128 quandoquidem
1501 2094 1536 2121 ab
1566 2096 1689 2123 essentia

905 2142 966 2170 ﬂuit
990 2141 1124 2176 potentia.
1142 2140 1244 2168 Verum
1271 2140 1330 2167 haec
1355 2144 1383 2167 et
1409 2139 1529 2167 absurda
1557 2145 1632 2173 sunt.
1660 2146 1689 2168 et

906 2187 1000 2222 impia,
1013 2191 1095 2220 atque
1109 2184 1277 2213 exsecranda
1290 2194 1297 2218 ;
1312 2192 1368 2212 non
1386 2193 1453 2220 ergo
1466 2184 1519 2213 alia
1535 2190 1616 2220 atque
1635 2187 1688 2214 alia

869 2239 891 2267 ι)
905 2238 944 2261 est
960 2233 1082 2268 potentia
1096 2242 1102 2259 :
1114 2232 1198 2266 igitur
1209 2231 1316 2259 eadem.
1331 2231 1364 2258 At
1375 2239 1441 2259 vero
1452 2231 1480 2259 in
1495 2231 1576 2260 Patre
1591 2236 1689 2267 poten-

905 2280 942 2307 tia
971 2278 1099 2306 mittendi
1116 2277 1251 2312 Spiritum
1266 2295 1273 2309 ,
1299 2277 1381 2304 simul
1407 2280 1451 2304 est
1478 2284 1541 2304 cum
1563 2279 1687 2311 potentia

904 2326 993 2361 ipsum
1007 2324 1140 2359 spirandi.
1165 2323 1281 2359 Semper
1311 2324 1385 2352 enim
1405 2324 1487 2351 Pater
1511 2324 1599 2359 spirat
1621 2324 1686 2360 Spi-

903 2372 988 2399 ritum
1014 2374 1158 2402 sanctum,
1181 2373 1208 2396 et
1231 2369 1341 2404 spirans
1360 2376 1423 2396 eum
1440 2369 1537 2396 mittit.
1562 2370 1649 2404 igitur
1660 2375 1688 2398 et

903 2417 990 2444 Filius
1007 2424 1060 2443 una
1075 2423 1135 2442 cum
1161 2415 1284 2449 potentia
1308 2415 1428 2450 spirandi
1453 2423 1517 2443 eum
1532 2417 1688 2451 producens

904 2462 996 2490 mittit.
1009 2462 1081 2496 Ergo
1095 2466 1124 2488 et
1136 2460 1221 2488 Filius
1235 2464 1278 2487 est
1296 2459 1415 2495 Spiritus
1426 2461 1512 2488 sancti
1524 2461 1687 2495 productor.

938 2509 1024 2542 Quam
1039 2516 1105 2535 vero
1127 2508 1172 2535 hic
1187 2507 1309 2534 fatentur
1321 2506 1447 2534 nonnulli
1458 2507 1686 2540 missionem,vel

904 2554 1106 2590 processionetn
1119 2553 1280 2584 Secundam,
1301 2559 1329 2581 et
1346 2560 1406 2587 quat
1430 2553 1467 2582 sit
1485 2553 1513 2580 in
1539 2557 1684 2588 tempore:

904 2606 962 2628 tum
980 2607 1012 2627 ea
1030 2599 1105 2626 nulla
1133 2604 1187 2632 est,
1211 2604 1270 2626 tum
1286 2599 1390 2626 isthinc
1420 2599 1551 2634 praedicta
1569 2599 1687 2628 solvitur

904 2645 1021 2673 ratione.

939 2691 1125 2723 Praeterquam
1147 2689 1220 2716 enim
1240 2689 1314 2724 quod
1336 2696 1472 2724 nusquam
1492 2689 1519 2716 in
1545 2689 1685 2725 Scriptura

904 2736 1045 2763 invenitur
1063 2735 1121 2762 hmc
1135 2735 1235 2770 duplex
1256 2735 1407 2770 processio,
1422 2740 1453 2762 ut
1466 2735 1521 2771 jam
1541 2736 1577 2763 sit
1595 2742 1685 2763 tamen
1742 2747 1746 2751 -

903 2781 1028 2816 quaedam
1065 2780 1186 2808 secunda
1217 2780 1375 2814 processio.
1408 2787 1489 2815 quam
1518 2788 1580 2808 eum
1604 2780 1686 2808 Patre

904 2834 1079 2854 communem
1097 2827 1150 2854 sibi
1165 2827 1264 2854 habeat
1287 2826 1383 2859 Filius,
1402 2832 1467 2854 tunc
1483 2826 1595 2854 omnino
1608 2827 1686 2862 juxta

906 2873 1016 2901 Patrem
1033 2878 1115 2908 atque
1140 2872 1269 2902 similiter
1294 2880 1355 2902 cam
1375 2873 1500 2903 habebit.
1522 2871 1598 2902 Nihil
1611 2872 1686 2901 enim
