1920 3063
86 163 137 195 381

549 162 598 193 DE
620 160 882 193 PROCESSIONE
904 159 1085 189 SPIRITUS
1107 158 1254 189 SANCTL

1657 156 1710 190 38:2

81 231 127 254 τος
141 222 265 258 ὑπεροχῇ
278 222 292 249 ὁ
315 221 391 254 Θεός.
408 221 463 256 Τὴν
489 221 584 248 οὐσίαν
612 220 696 247 αὑτοῦ
711 220 766 254 ἄρα
782 219 828 246 καὶ
843 218 874 245 τδ

943 221 969 245 st
985 217 1068 244 Deus.
1087 216 1174 251 Igitur
1199 215 1348 244 essentiam
1374 222 1452 243 suam
1475 219 1504 242 et
1526 222 1587 242 esse
1607 215 1710 250 accipit

81 267 153 295 εἶναι
169 269 305 304 λαμὸάνει
321 269 353 294 ἐκ
365 267 413 294 106
426 266 505 294 Υἱοῠ.

117 314 154 340 Τὸ
171 315 237 349 γὰρ,
259 315 307 340 Ἐκ
322 314 375 340 τοῦ
401 313 474 348 ἐμοῦ
498 312 642 347 λήψεται,
667 313 716 347 οὐχ
737 312 776 344 ὥς
798 319 870 343 τινες

82 361 195 392 οἷονται,
212 362 244 387 ἐκ
259 361 306 386 τοῦ
322 360 389 394 ἐμοῦ
408 359 515 395 [ἰατρὸς
528 359 650 394 νοητέον.

119 408 232 442 Πρῶτον
252 407 312 442 μὲν,
327 407 366 433 ὅτι
383 407 433 442 οὐχ
451 406 595 441 Ἑλληνικὴ
612 407 628 442 ή
644 406 774 442 προφορὰ
789 405 871 440 αὕτη.

85 455 116 481 Εἰ
131 455 184 489 γὰρ
202 453 240 488 τῷ
266 455 298 480 ὲκ
323 453 370 480 τοῦ
394 454 462 487 ἐμοῦ
487 454 532 480 τοῦ
557 452 662 488 Πατρὺς
686 452 875 479 συνυπακούε-

86 500 149 526 σθαι
165 500 217 532 δεῖ,
238 499 314 526 ἔσται
329 499 360 526 τὸ
383 499 457 533 ἐμοῦ
484 499 642 534 ἀντωνυμία
661 498 804 533 ὰρσενιχή,
824 497 875 524 Οὑ-

84 546 141 577 5st;
155 545 183 571 δὲ
197 545 247 580 τῆς
265 545 401 580 Ἐλλήνων
416 545 617 580 πεπειραμένος
634 544 726 579 φωνῆς
738 544 754 578 ἢ
768 543 878 578 ἀρσενι-

89 591 174 625 κὴνῆ
201 591 321 626 θηλυκὴν
349 591 524 625 ἀντωνυμίαν
551 590 635 626 χωρὶς
659 589 820 624 προσθήκης
843 588 878 614 ἂν

89 636 264 671 προενέγκοι,
280 636 349 663 ἀλλὰ
365 636 434 671 μετᾶ
449 636 612 671 προσθήκης
632 635 675 662 ἀεί
688 642 694 649 ·
704 635 732 661 Ὀ
746 635 822 669 ὲμδς,
837 634 879 660 λέ-

88 690 155 715 γων,
169 682 295 715 ἀδελφὸς,
309 682 326 717 ἢ
350 681 425 716 φίλος
439 689 446 698 '
466 683 513 709 καὶ
532 681 566 708 Ἦ
582 681 636 716 ἐμὴ
662 680 745 712 οἰκία,
759 680 775 714 ἢ
789 680 878 711 πόλις.

93 723 123 751 '0
140 726 212 761 ἐμὸς
231 726 258 753 δὲ
275 726 370 758 ἅπλῶς
387 727 485 759 είπεῖν,
508 725 585 752 οὐδὲν
610 725 712 760 μᾶλλον
739 724 845 759 πατέρα
861 725 878 758 ἦ

90 771 221 805 πολέμιον
248 771 388 806 σημαίνει.
421 771 541 799 Ἔπειτα
558 772 606 798 καὶ
623 771 677 797 ἀπὸ
703 770 750 797 τοῦ
776 770 879 797 σκοποῦ

91 818 205 852 καὶτῆς
228 819 403 851 κατασκευῆς
430 816 514 845 αὐτοῦ
548 817 596 844 τοῦ
622 816 749 852 Σωτῆρος
765 817 779 842 ὁ
803 816 881 850 λόγος

91 859 169 894 0610;
194 862 335 890 δείκνυται
359 864 485 898 μάταιος.
510 863 614 890 Πάντα
636 863 701 898 γὰρ,
717 864 809 898 φησὶν,
823 862 882 905 citra

92 907 157 942 ἔχει
179 909 196 934 ό
214 908 327 943 Πατὴρ,
350 908 407 943 ἐμά
420 909 505 935 ἐστιν
518 915 525 924 ⁸
548 908 592 935 διὰ
616 897 695 934 τοῦτο
714 906 793 934 εἷπον
818 899 882 942 ὗμῖν
898 897 919 924 Β

93 953 134 978 ὅτι
156 953 204 979 Ἐκ
228 952 282 980 τοῦ
296 953 370 987 ἐμοῦ
392 952 522 987 λήψεται
547 952 598 979 καί
617 951 779 987 ἀναγγελεῖ
799 951 880 986 ὑμῖν.

99 999 144 1031 Ὣς
164 998 235 1026 εἷναι
251 998 297 1025 τὸν
312 998 391 1033 λόγον
407 998 529 1026 τοιοῦτον
543 1007 550 1014 ·
568 998 604 1024 Τὸ
620 997 733 1033 Πνεῦμα
747 997 882 1032 λαμϐάνει

94 1046 126 1071 ἐκ
141 1044 195 1071 τῶν
207 1044 255 1070 106
272 1044 380 1079 Πατρός
391 1053 399 1060 ·
416 1044 507 1072 πάντα
522 1044 556 1071 τὰ
578 1044 626 1071 τοῦ
644 1043 750 1078 Πατρδς
763 1043 818 1079 ὲμά
830 1051 837 1059 ·
852 1043 883 1070 τὸ

95 1090 208 1124 Πνεῦμα
225 1090 278 1124 ἄρα
291 1090 426 1124 λαμϐάνει
442 1091 474 1117 ἐκ
485 1091 540 1117 τῶν
562 1089 648 1125 ἐμῶν,
664 1090 681 1125 ἢ
697 1090 730 1117 ἐκ
741 1089 789 1116 τοῦ
802 1089 881 1124 ἐμοῦ.

100 1135 172 1161 Ἀλλ’
188 1135 269 1166 αὐτὸς
296 1136 343 1162 καὶ
358 1136 392 1163 τὰ
416 1135 500 1162 αὐτοῦ
514 1135 542 1161 ἐν
561 1136 614 1162 είσι
632 1136 751 1171 πρᾶγμα
774 1135 818 1162 διὰ
832 1135 882 1169 τὴν

96 1180 185 1214 ἄκραν
203 1180 342 1215 ἁπλότητα
355 1188 362 1196 ο
387 1180 524 1215 λαμὸάνει
546 1181 600 1216 ἄρα
615 1181 645 1213 ἐξ
664 1181 749 1208 αὑτοῦ
766 1180 815 1216 τὴν
838 1181 883 1207 οὑ-

97 1225 158 1251 σίαν
175 1224 270 1253 αὑτοῦ.
287 1226 395 1261 Ταύτης
411 1226 440 1252 δὲ
459 1228 509 1261 τῆς
522 1226 681 1261 ἐξηγήσεως
699 1226 746 1253 καὶ
762 1227 777 1252 ὸ
794 1227 883 1261 μέγας

96 1271 171 1296 ἐπὶν
191 1270 360 1304 ’Δθανάσιος,
378 1271 464 1305 λέγων
476 1280 482 1287 ·
501 1273 538 1299 Οὐ
553 1273 608 1307 γὰρ
622 1273 636 1299 ὁ
646 1273 732 1306 Λόγος
746 1274 821 1307 παρὰ
836 1273 882 1300 τοῦ

97 1312 254 1347 Πνεύματος
270 1314 416 1348 λαμϐάνει,
429 1316 497 1342 ἀλλὰ
510 1317 540 1342 τὸ
553 1317 666 1351 Πνεῦμα
681 1318 757 1352 παρὰ
771 1318 818 1344 τοῦ
833 1318 884 1345 Λό-

96 1366 157 1390 γου.
174 1359 206 1384 Τί
219 1359 265 1385 οὖν
281 1360 417 1394 λαμὸάνει
434 1361 511 1396 παρὰ
530 1362 579 1388 τοῦ
600 1362 665 1389 Υίοῦ
679 1371 687 1396 ;
705 1364 826 1398 δηλονότι
841 1372 885 1390 σο-

97 1403 164 1437 φίαν
180 1404 227 1431 καὶ
243 1405 355 1439 γνῶσιν.
379 1406 426 1433 Ἐκ
441 1407 495 1434 τοῦ
517 1407 590 1442 ἐμοῦ
605 1408 671 1443 γὰρ,
694 1409 770 1444 φησι,
786 1410 884 1444 ,λήψε-

98 1457 147 1476 ται
173 1450 221 1476 καὶ
237 1451 400 1486 ἀναγγελεῖ
415 1453 498 1487 ὑμῖν.
510 1454 546 1480 Τδ
564 1455 619 1489 γὰρ
634 1455 812 1490 ἀναγγέλλειν
827 1458 885 1484 ἐστὶ

98 1495 129 1520 τὸ
144 1494 250 1528 διδάξαι
276 1497 323 1522 καὶ
339 1498 455 1531 φωτίσαι
472 1499 536 1531 τοὺς
556 1501 723 1532 ἀποστόλους
736 1509 743 1516 ·
768 1502 845 1529 τοῦτο
861 1502 884 1529 δ’

98 1541 157 1566 ἐστὶ
173 1542 280 1575 σοφίας.
294 1543 393 1577 Σοφίαν
405 1544 458 1579 ἄρα
473 1545 548 1579 παρὰ
561 1545 607 1572 τοῦ
625 1546 690 1572 Υίοῦ
704 1547 842 1581 λαμϐάνει
855 1549 885 1575 τὸ

100 1586 223 1621 Πνεῦμα.
241 1587 274 1614 Τί
289 1587 335 1615 οὖν
348 1596 356 1621 ;
372 1588 406 1615 ἐκ
420 1590 467 1616 τοῦ
492 1590 597 1624 Πατρὸς
611 1591 767 1627 προϐληθὲν
783 1594 884 1628 ἄσοφον

98 1631 143 1667 ἦν,
158 1633 206 1660 καὶ
222 1634 275 1660 ἔδει
297 1635 373 1670 παρὰ
388 1636 435 1662 τοῦ
452 1636 518 1663 Υίοῦ
542 1637 640 1665 ἔπειτα
656 1640 753 1673 σοφίαν
771 1640 884 1675 λαϐεῖνς

99 1678 116 1714 ἦ
138 1679 230 1714 ἕτερον
244 1681 260 1715 ἠ
279 1681 361 1716 σοφία
379 1682 462 1709 αὐτοῦ
477 1685 525 1710 καὶ
549 1684 642 1720 ἕτερον
656 1687 672 1719 ἠ
688 1686 766 1714 οὐσία
783 1688 884 1721 αὑτοῦ;

143 1725 222 1752 Ἀλλὰ
245 1727 332 1754 ταῦτα.
357 1728 459 1756 ἄτοπον
476 1729 576 1764 λέγειν.
603 1732 690 1758 Τοῦτο
704 1733 759 1768 γάρ
781 1735 855 1760 ἐστιν
869 1735 886 1769 ἡ

102 1770 184 1802 σοφία
199 1771 295 1804 αὑτοῦ,
313 1773 360 1799 καὶ
381 1774 411 1800 τδ
426 1772 495 1801 εἴναι
512 1776 606 1810 αὐτοῦ,
630 1778 678 1804 καὶ
697 1779 762 1814 παρ’
778 1779 809 1806 οὖ
824 1780 887 1815 ἔσχε

100 1815 132 1841 τὸ
144 1813 224 1849 εἶναι,
241 1818 319 1852 παρὰ
331 1818 427 1846 τούτου
441 1820 521 1847 ἔλαϐε
538 1821 584 1848 καὶ
607 1822 655 1858 τὴν
673 1813 779 1858 σοφίαν,
795 1826 842 1852 καὶ
857 1813 888 1852 εν

101 1859 178 1894 αὐτῷ
205 1861 245 1896 τῷ
271 1862 486 1898 ἐκπορεύεσθαι,
511 1866 560 1892 καὶ
571 1866 610 1901 τῷ
640 1865 710 1894 εἶναι
727 1868 887 1903 λαμὸάνειν,

101 1906 151 1932 καὶ
165 1905 323 1940 ὑφεστάναι,
343 1909 391 1934 καὶ
406 1909 456 1944 τὴν
474 1910 576 1945 σοφίαν
591 1912 654 1947 ἔσχε
666 1913 760 1941 λαὸόν.
776 1915 833 1949 Τὴν
845 1924 890 1942 σο-

103 1950 169 1985 φίαν
182 1950 228 1977 οὖν
243 1951 290 1978 καὶ
307 1953 382 1987 παρὰ
397 1953 443 1980 τοῦ
459 1954 526 1981 Υίοῦ
537 1955 687 1989 λαμσάνον,
705 1957 751 1983 καὶ
766 1957 796 1983 τὸ
808 1956 888 1991 εἴναι,

103 1996 152 2022 καὶ
165 1995 213 2031 τὴν
226 1997 319 2024 οὐσίαν
329 1998 358 2024 ὲν
372 1998 464 2033 ταυτῷ
475 1999 540 2035 παρ’
553 2000 637 2026 αὐτοῦ
652 2001 774 2037 εῖληιρεν.
794 2002 890 2030 Ἔστιν

103 2039 151 2069 οὖν
162 2043 175 2069 ὁ
192 2043 254 2075 Υἱὸς
268 2044 322 2079 ἄρα
335 2045 420 2076 αἴτιος
434 2045 508 2081 αὐτῷ
525 2047 573 2073 τοῦ
590 2045 673 2075 εἶναι.

144 2089 217 2122 Ἔτι,
239 2091 264 2116 si
284 2091 313 2117 τὸ
328 2092 442 2127 Πνεῦμα
457 2091 590 2127 λαμϐάνει
615 2095 691 2130 παρὰ
707 2095 755 2122 τοῦ
786 2095 863 2128 Υίοῦ,
877 2097 892 2123 ὁ

105 2135 170 2168 Υἱὸς
184 2136 258 2172 οὐτῷ
282 2137 390 2164 δίδωσιν
403 2146 411 2153 ·
427 2138 496 2164 ἀλλὰ
515 2139 545 2166 τὸ
559 2139 660 2166 διδόναι
675 2140 722 2167 ἐπὶ
741 2141 795 2167 τῶν
812 2141 892 2168 θείων

105 2182 262 2218 προσώπων
277 2183 406 2218 σημαίνει
421 2183 487 2210 αὐτὸ
502 2184 531 2210 τὸ
546 2186 689 2220 προάγειν,
705 2187 753 2214 καὶ
767 2187 816 2222 οὐχ
830 2188 891 2214 ἓτε-

924 271 939 290 a
955 263 1036 290 Filio.

962 308 1030 335 illud
1059 307 1133 335 enim
1147 327 1154 340 ,
1178 307 1218 334 Dc
1233 309 1296 334 "mea
1312 308 1437 342 accipiet,
1463 314 1518 334 non
1535 311 1566 334 ut
1585 307 1712 334 nonnulli

926 354 994 382 falso
1010 354 1183 385 existimant,
1204 355 1237 380 de
1252 361 1314 380 meo
1333 354 1414 380 Patre
1430 353 1642 388 intelligendum
1659 358 1712 380 est.

962 400 1085 428 Primum
1114 399 1237 433 quidem,
1265 400 1337 433 quod
1354 399 1412 426 haec
1430 407 1486 426 non
1503 399 1539 426 sit
1552 399 1710 426 Gracorum

926 447 1064 482 prolatio;
1078 447 1101 474 si
1117 447 1190 474 enim
1206 453 1276 480 opus
1292 446 1337 478 sit,
1354 446 1388 473 de
1405 453 1466 473 meo
1484 445 1600 479 intelligi
1614 446 1712 477 Patre.

928 493 1006 526 illud,
1031 492 1117 523 Meus,
1133 492 1187 518 erit
1199 499 1351 526 pronomen
1366 491 1457 518 virile.
1475 491 1562 518 Nemo
1577 497 1669 518 autem
1687 493 1713 519 in

928 539 1020 574 lingua
1038 538 1132 566 Graeca
1154 539 1323 565 exercitatus
1346 542 1428 572 alque
1455 542 1591 570 versatus,
1612 546 1715 573 prono-

928 592 990 611 men
1014 584 1094 611 virile
1119 591 1169 611 seu
1193 583 1342 610 femineum
1366 583 1426 611 sine
1443 580 1643 616 additamento,
1669 591 1715 610 ve-

928 637 989 657 rum
1004 636 1112 664 semper
1125 637 1186 656 cum
1200 628 1383 663 appendicula
1397 629 1545 663 protulerit
1555 629 1592 664 (II)
1608 629 1712 662 :Meus,

930 676 1068 710 inquiens,
1086 676 1189 707 frater,
1208 675 1250 701 vel
1274 675 1394 708 amicus;
1413 679 1452 706 et,
1468 674 1526 702 Mea
1539 675 1654 708 domus,
1672 676 1717 702 vel

931 722 1038 749 civitas.
1066 721 1101 747 At
1119 729 1203 753 meus,
1221 720 1387 755 simpliciter
1416 721 1510 748 dicere
1522 740 1529 752 ,
1547 729 1601 748 non
1627 721 1714 756 magis

931 771 1038 801 patrem
1069 774 1151 801 quam
1184 767 1291 793 hostem
1321 766 1469 801 signiﬁcat.
1497 765 1602 793 Deinde
1626 772 1716 796 vero.

934 813 1018 840 etiam
1035 820 1049 839 a
1068 820 1163 847 scopo,
1176 817 1203 839 et
1217 817 1355 839 structura
1373 813 1519 845 sermonis,
1539 817 1568 839 et
1580 813 1712 847 composi-

936 859 1023 892 tione,
1039 858 1127 892 ipsius
1142 858 1303 891 Salvatoris,
1325 866 1395 886 vana
1420 859 1576 886 ostenditur
1602 859 1653 885 ista
1674 865 1718 885 re-

934 903 1046 937 sponsio
1066 903 1185 930 :Omm'a
1212 904 1300 935 enim,
1325 904 1425 938 inquit,
1449 911 1507 938 qua»:
1531 903 1607 930 habet
1626 903 1718 934 Pater,

934 958 993 976 mea
1008 954 1068 976 sunt
1085 957 1093 976 :
1111 954 1251 985 propterea
1269 951 1324 977 dixi
1340 951 1427 983 vobis,
1447 950 1516 984 quod
1534 950 1565 976 de
1579 957 1635 976 meo
1651 949 1720 975 acci-

934 995 998 1030 piet,
1020 999 1045 1022 et
1059 996 1229 1022 annuntiabit
1252 996 1334 1023 vobis.
1351 996 1387 1024 Ut
1401 995 1462 1023 talis
1473 997 1510 1022 sit
1523 994 1698 1023 ratiocinatio
1710 1002 1719 1021 :

935 1040 1058 1076 Spiritus
1073 1041 1173 1075 accipit
1184 1049 1218 1070 ex
1232 1042 1267 1069 iis
1282 1049 1343 1077 quae
1357 1047 1422 1069 sunt
1437 1042 1527 1069 Patris
1540 1050 1547 1074 ;
1562 1041 1654 1068 omnia
1670 1041 1720 1068 Pa-

934 1087 984 1114 tris
1010 1095 1070 1114 mea
1094 1091 1178 1120 sunt;
1205 1088 1292 1122 igitur
1312 1088 1433 1122 Spiritus
1461 1087 1563 1122 accipit
1588 1094 1621 1114 ex
1639 1087 1719 1120 meis,

934 1141 983 1160 seu
1004 1140 1038 1160 ex
1066 1133 1220 1161 meo..Sed
1248 1134 1307 1168 ipse
1335 1139 1363 1161 et
1377 1141 1427 1161 sua
1445 1141 1499 1161 una
1517 1136 1657 1161 res'sunt
1684 1133 1721 1161 ob
1772 1143 1777 1146 ’

935 1186 1071 1206 summam
1084 1179 1308 1213 simplicitatem;
1324 1186 1391 1214 ergo
1407 1179 1508 1214 accipit
1520 1180 1554 1207 ab
1565 1179 1626 1214 ipso
1641 1187 1720 1207 suam

934 1224 1092 1252 essentiam.
1111 1225 1210 1257 Porro,
1224 1225 1262 1252 ita
1277 1225 1359 1252 etiam
1374 1225 1488 1259 exponit
1501 1225 1615 1259 Magnus
1632 1225 1721 1252 Atha-

935 1271 1044 1298 nasius.
1063 1270 1122 1298 Non
1144 1271 1230 1304 enim,
1247 1271 1348 1305 inquit,
1361 1271 1483 1299 Verbum
1500 1278 1514 1298 a
1528 1270 1632 1306 Spiritu
1648 1271 1722 1298 acci-

935 1316 987 1350 pit,
1019 1316 1067 1343 sed
1089 1315 1211 1350 Spiritus
1228 1324 1243 1343 a
1268 1317 1369 1344 Verbo.
1389 1316 1459 1349 Quid
1480 1316 1564 1351 igitur
1591 1316 1722 1351 accipita

936 1361 1025 1389 Filio?
1038 1369 1139 1396 nempe
1153 1362 1315 1396 sapientiam
1332 1364 1360 1388 et
1387 1361 1574 1396 cognitionem
1589 1370 1596 1389 :
1611 1361 1650 1388 De
1665 1369 1723 1390 mea

936 1409 1021 1441 enim,
1043 1408 1150 1442 inquit,
1168 1409 1294 1443 accipiet,
1316 1413 1341 1434 et
1361 1408 1532 1434 annuntiabit
1548 1409 1631 1435 vobis.
1652 1408 1722 1436 Illud

936 1454 1011 1480 enim
1035 1453 1220 1485 annuntiure,
1242 1458 1285 1480 est
1299 1453 1413 1487 docere,
1431 1458 1460 1481 et
1478 1454 1637 1481 illuminare
1657 1461 1724 1489 apo-

937 1499 1034 1532 stolos,
1051 1499 1105 1526 hoc
1119 1503 1212 1527 autem
1230 1503 1272 1526 est
1287 1499 1438 1534 sapientiae.
1451 1499 1621 1534 Sapientiam
1638 1499 1723 1535 igitur

899 1563 921 1591 ϐ
940 1544 1043 1591 accipit
1058 1543 1155 1591 aFilio
1172 1543 1302 1579 Spiritus.
1317 1543 1388 1576 Quid
1408 1543 1517 1578 igitur?
1533 1551 1548 1570 a
1567 1544 1647 1572 Patre
1663 1551 1724 1591 pro-

938 1589 1048 1622 ductus,
1066 1589 1196 1617 indoctus
1208 1593 1278 1621 erat,
1294 1594 1321 1616 et
1337 1596 1406 1623 opus
1420 1592 1480 1615 erat
1495 1592 1591 1623 postea
1613 1588 1724 1624 sapien-

939 1634 1003 1661 tiam
1017 1634 1163 1669 accipere?
1179 1635 1222 1663 vel
1235 1635 1309 1662 aliud
1325 1639 1369 1662 est
1381 1634 1442 1670 ejus
1453 1634 1599 1669 sapientia,
1612 1638 1640 1661 et
1650 1634 1725 1661 aliud

938 1681 998 1714 ejus
1011 1681 1152 1708 essentia?
1697 1686 1701 1691 '

975 1726 1075 1754 Verum
1093 1727 1151 1754 haee
1165 1727 1315 1755 absurdum
1345 1733 1387 1756 est
1415 1728 1521 1756 dicere.
1550 1727 1625 1755 Idem
1645 1727 1721 1755 enim

938 1777 980 1800 est
995 1774 1056 1806 ejus
1068 1773 1212 1808 sapientia,
1235 1778 1262 1801 et
1286 1783 1366 1802 suum
1382 1783 1445 1803 esse
1463 1784 1470 1803 :
1485 1779 1512 1803 et
1528 1783 1543 1803 a
1558 1783 1612 1809 quo
1628 1775 1727 1802 habuit

939 1825 1011 1851 esse,
1028 1819 1062 1846 ab
1078 1826 1111 1846 eo
1127 1820 1234 1853 accepit
1251 1825 1279 1847 et
1294 1822 1477 1856 sapientiam;
1492 1825 1520 1848 et
1543 1821 1569 1849 in
1585 1821 1645 1855 ipso
1665 1828 1726 1855 pro-

939 1863 1015 1896 duci,
1040 1869 1068 1891 et
1093 1865 1219 1900 accipere
1236 1874 1316 1894 suum
1329 1874 1389 1895 esse
1400 1887 1407 1900 ,
1424 1869 1507 1895 etiam
1531 1860 1682 1895 subsistetﬁ
1698 1870 1727 1894 et

940 1909 1104 1943 sapientiam
1124 1912 1240 1945 accepit.
1258 1912 1344 1947 Igitur
1368 1913 1533 1947 sapientiam
1559 1917 1588 1940 et
1611 1920 1627 1939 a
1653 1912 1724 1939 Filio

940 1953 1089 1988 accipiens,
1106 1956 1159 1983 hoc
1173 1957 1232 1990 ipso
1243 1957 1327 1988 etiam
1345 1966 1426 1986 suum
1439 1966 1512 1989 esse,
1528 1965 1556 1985 et
1573 1958 1723 1986 essentiam

941 1999 976 2026 ab
992 2007 1025 2027 eo
1042 2002 1158 2035 accepit.
1175 2001 1223 2028 Est
1239 2009 1303 2037 ergo
1334 2011 1400 2031 sane
1415 2004 1502 2031 Filius
1521 2004 1573 2038 ipsi
1588 2011 1669 2031 causa
1697 2008 1727 2030 ut

941 2044 1066 2073 exsistat.

978 2090 1125 2124 Praeterea,
1148 2093 1172 2120 si
1189 2093 1309 2128 Spiritus
1324 2093 1426 2128 accipit
1446 2100 1462 2120 a
1487 2093 1575 2127 Filio,
1600 2093 1686 2121 Filius
1701 2093 1727 2121 ei

943 2137 1000 2168 dat,
1023 2137 1071 2164 sed
1084 2138 1151 2166 dare
1171 2139 1198 2165 in
1216 2139 1318 2166 divinis
1335 2141 1463 2174 personis
1486 2139 1623 2175 signiﬁcat
1637 2141 1726 2174 ipsum

944 2182 1112 2217 producere,
1133 2189 1160 2210 et
1178 2192 1232 2211 non
1246 2184 1333 2212 aliud.
1356 2183 1498 2219 Siquidem
1514 2184 1727 2220 Clirysostomns

108 2237 163 2264 ρον.
196 2229 225 2255 '0
252 2229 306 2263 γὰρ
331 2229 526 2265 Χρυσόστομος
549 2231 731 2267 ἐξηγούμενος
759 2233 800 2266 τὸ,
830 2233 884 2268 Τὴι

944 2230 1096 2264 explanatis
1109 2230 1176 2257 illud
1190 2239 1197 2258 :
1209 2230 1344 2258 Judicium
1359 2239 1436 2258 omne
1449 2232 1520 2258 dedit
1534 2232 1613 2265 Filio,
1625 2232 1664 2260 sic
1679 2232 1729 2259 Ita-

107 2275 208 2308 κρίσιν
222 2274 327 2302 πᾶσαν
342 2274 452 2302 δέδωκε
467 2275 507 2308 τῷ
526 2277 590 2309 Υιῷ,
614 2279 697 2312 φησιν
710 2287 718 2296 ι

143 2321 198 2346 Καὶ
214 2321 255 2347 ι’να
271 2321 360 2357 μάθῃς
371 2321 412 2348 ὅτι
427 2322 456 2348 τὺ
470 2322 583 2349 ἔδωκεν
592 2323 653 2350 ἀντὶ
666 2324 713 2350 τοῦ
726 2324 892 2360 ἐγέννησέν

107 2366 191 2399 ἐστιν,
206 2366 321 2393 ἄκουσον
339 2368 368 2400 ἐξ
393 2367 487 2402 ἑτέρου
499 2367 577 2395 τοῦτο
596 2368 769 2404 δηλούμενον.
786 2372 892 2407 Ὥσπερ

107 2413 161 2447 γὰρ
176 2414 190 2438 ὁ
208 2413 302 2448 Πατὴρ
316 2413 372 2448 ἔχει
389 2414 464 2449 ζωὴν
481 2416 509 2441 ὲν
527 2415 626 2450 ἑαυτῷ,
644 2415 730 2447 οὕτως
746 2416 830 2444 ἔδωκε
845 2418 892 2445 καὶ

107 2459 145 2494 τῷ
164 2459 219 2493 Υἱῴ
235 2459 307 2494 ζωὴν
322 2459 394 2494 ἔχειν
413 2461 440 2486 ἐν
457 2461 556 2495 ἐαυτῷ.
573 2461 605 2487 Τί
617 2460 682 2494 οὖν,
698 2463 828 2498 πρότερον
842 2464 892 2490 αὑ-

106 2506 152 2531 τὶν
167 2505 308 2541 ἐγέννησε,
326 2507 372 2532 καὶ
386 2507 446 2532 τότε
464 2506 550 2533 ἔδωκε
570 2508 619 2542 τὴν
633 2508 727 2543 ζωήν;
744 2509 841 2536 οὐκοῦν
858 2508 891 2545 ἦν

107 2550 191 2584 χωρὶς
209 2551 257 2584 τῆς
272 2551 344 2585 ζωῆς
360 2551 512 2585 γεννηθείς.
537 2552 617 2579 ’Δλλὰ
630 2553 709 2579 τοῦτο
722 2554 775 2580 οὐδ’
794 2554 825 2580 ἂν
837 2554 894 2581 δαί-

108 2604 190 2630 μονες
209 2597 324 2622 εἴποιεν.
339 2598 413 2622 Μετὰ
430 2598 483 2632 γὰρ
504 2598 552 2632 τῆς
568 2599 695 2629 ἀσεϐείας
717 2599 783 2626 πολὺ
800 2600 847 2626 καὶ
862 2600 891 2626 τὸ

108 2640 221 2675 ἀνόητον
246 2640 312 2674 ἔχει.
330 2641 434 2676 Ὥσπερ
457 2642 504 2669 οὖν
519 2643 560 2674 τὸ,
579 2643 699 2670 Ἔδωκεν
720 2645 794 2678 αὐτῷ
808 2644 891 2680 ζωὴν,

108 2687 256 2720 ἐγέννησεν
277 2687 358 2712 αὑτὸν
372 2687 444 2722 ζωήν
466 2688 551 2721 ἐστιν,
569 2689 641 2716 οὕτω
665 2691 711 2716 καὶ
726 2690 766 2722 τὸ,
787 2691 892 2717 Ἔδωκε

109 2733 210 2766 κρίσιν,
227 2732 324 2767 κριτὴν
337 2733 418 2759 αὲτᾉν
432 2735 586 2769 ἐγέννησεν.
602 2737 708 2763 Οὐκοῦν
723 2737 794 2763 κατὰ
806 2737 893 2764 ταῦτα

108 2779 156 2805 καὶ
172 2779 185 2803 ὁ
197 2778 258 2809 Tib;
270 2779 355 2810 διδοὺς
368 2779 406 2814 τῷ
419 2780 558 2814 Πνεύματι
578 2782 685 2816 copim,
698 2783 813 2818 προάγει
827 2783 893 2810 αὐτὸ

147 2868 185 2903 (ι)
206 2867 279 2895 idem
292 2875 357 2895 usus
369 2873 410 2896 cst
425 2868 523 2903 lingu.»
537 2869 652 2897 Latium.

945 2276 991 2302 bet
1007 2276 1040 2302 ad
1056 2277 1172 2303 verbum
1190 2285 1197 2302 :

981 2322 1016 2348 Et
1031 2326 1060 2348 ut
1085 2322 1185 2355 discas,
1203 2324 1276 2358 quod
1293 2323 1361 2351 illud
1375 2325 1465 2357 dedit,
1497 2325 1533 2352 sit
1555 2333 1604 2360 pro
1622 2327 1727 2360 genuit,

945 2367 1008 2393 audi
1033 2375 1067 2394 ex
1090 2367 1144 2394 alio
1173 2367 1234 2395 loco
1258 2368 1285 2396 id
1312 2369 1473 2404 signiﬁcari.
1500 2368 1728 2401 Quemadmodum

945 2413 1014 2439 enim
1038 2412 1119 2439 Pater
1140 2414 1216 2440 liabet
1240 2415 1322 2441 vitam
1344 2416 1371 2441 in
1388 2415 1537 2449 semetipso,
1556 2415 1593 2441 ita
1613 2415 1684 2441 dedit
1706 2419 1730 2440 et

946 2457 1018 2484 Filio
1035 2459 1130 2486 habere
1143 2460 1223 2486 vitam
1242 2461 1270 2486 in
1288 2461 1439 2495 semetipso.
1457 2460 1527 2493 Quid
1549 2460 1652 2494 igitur?
1665 2467 1728 2487 eum

946 2504 1021 2537 prius
1035 2505 1140 2538 genuit,
1164 2510 1193 2532 et
1210 2513 1276 2532 tunc
1289 2505 1364 2533 dedit
1380 2506 1482 2533 vitam?
1495 2506 1580 2541 igitur
1594 2510 1651 2532 erat
1667 2505 1728 2532 sine

946 2550 1001 2577 vita
1026 2551 1145 2585 genitus.
1164 2551 1266 2578 Verum
1283 2551 1335 2578 hoc
1351 2559 1385 2578 ne
1401 2552 1540 2579 daemones
1555 2550 1668 2586 quidem
1684 2551 1728 2577 di-

947 2601 1052 2623 cerent.
1082 2596 1267 2631 Praeterquam
1290 2597 1363 2624 enim
1385 2597 1457 2631 quod
1479 2597 1593 2631 impium
1615 2597 1661 2629 sit,
1688 2600 1730 2622 est

946 2642 1028 2671 etiam
1042 2643 1169 2669 stultum.
1185 2643 1262 2670 Sicut
1277 2643 1361 2677 igitur
1378 2643 1456 2674 illud.
1468 2643 1548 2670 Dedit
1561 2643 1612 2677 ipsi
1632 2642 1727 2675 vitam,

950 2693 1002 2721 est,
1016 2688 1117 2715 Genuit
1131 2696 1194 2716 eum
1211 2689 1296 2716 vitam
1318 2697 1326 2716 :
1343 2690 1384 2716 sic
1405 2695 1434 2716 et
1448 2689 1526 2720 illud,
1552 2688 1632 2716 Dedit
1649 2690 1673 2716 ei
1686 2689 1730 2723 ju-

947 2735 1065 2768 dicium,
1082 2740 1134 2767 est,
1151 2736 1275 2763 Judicem
1291 2743 1355 2763 eum
1373 2736 1478 2771 genuit.
1495 2736 1567 2770 Ergo
1579 2736 1655 2771 juxta
1672 2735 1730 2763 haec

947 2785 974 2808 et
993 2781 1079 2809 Filius
1101 2781 1170 2810 dans
1192 2781 1309 2816 Spiritui
1331 2781 1506 2817 sapientiam,
1523 2781 1652 2818 producit
1663 2787 1728 2808 eum
