1920 3063
83 171 140 203 385

549 166 598 195 DE
621 164 883 195 PllOCESSlONE
905 163 1088 194 SPIRITUS
1109 164 1256 196 SANCTI.

1648 166 1745 202 386,

82 227 164 255 τιατᾶι
172 235 179 242 ·
194 226 256 252 Υἱδν
267 225 295 251 δὲ
305 221 340 251 αὖ
352 224 401 251 καὶ
412 222 524 258 Πνεῦμα
533 223 658 257 ἀλλήλοις
673 221 865 253 κοινωνοῦντα,

928 229 966 248 ius
981 224 1008 248 et
1036 220 1179 255 Spiritum,
1206 221 1233 248 in
1252 227 1322 256 quos
1340 221 1407 247 illud
1423 220 1562 252 convenit,
1592 225 1622 248 ut
1646 221 1704 248 sint

81 274 121 308 τῷ
137 273 184 300 καὶ
203 272 286 307 ἄμφω
312 270 424 297 alata-ri
453 267 535 302 εἶναι,
567 269 701 303 διακρίνει
729 267 863 303 ἀλλήλων,

81 319 121 353 τῷ
135 319 181 345 τὸν
197 317 247 352 μὲν
264 318 296 344 ἐκ
307 316 355 342 τοῦ
375 315 480 350 Πατρδς
499 313 583 346 εἶναι,
598 315 645 340 καὶ
662 314 744 348 μέχρι
758 313 865 343 τούτου,

81 365 113 390 τὸ
128 364 156 390 δὲ
172 363 284 397 Πνεῦμα
298 364 329 388 ὲκ
344 361 391 388 τοῦ
411 360 518 395 [ἰατρὸς
535 360 582 386 καὶ
595 360 626 386 ἐκ
636 358 684 385 τοῦ
699 358 776 386 Υίοῦ.
789 359 867 385 Οὒτω

82 411 136 445 γὰρ
151 410 185 436 τὰ
204 409 257 436 τῶν
272 408 448 443 ἀντιγράφων
461 407 628 441 ἀρχαιότερα
642 405 708 440 ἔχει.
722 405 803 431 Ὥστε
820 405 867 431 καὶ

83 457 153 482 κατὰ
167 455 262 482 τοῦτον
288 455 333 481 τὸν
351 453 524 483 διδάσκαλον,
549 453 579 479 τὸ
601 452 714 487 Πνεῦμα
736 453 811 478 ἐστιν
839 452 868 483 ἐξ

83 501 160 528 Υἰιιῦ.
179 501 210 527 Εἰ
228 500 256 527 δέ
282 508 355 531 τινες
372 499 442 526 κατὰ
467 498 502 524 τὰ
522 498 577 525 τῶν
603 497 779 531 ἀντιγράφων
804 497 869 523 νεώ-

82 555 150 581 τερα
170 546 282 580 Πνεῦμα
299 544 366 571 Υῑοῦ
389 543 517 578 λέγεσθαι
545 542 659 576 εἴποιεν,
675 544 724 568 οὐκ
746 543 775 574 ἐξ
792 542 867 574 Υἰοῦ,

83 592 132 618 καὶ
154 591 239 622 οὓτως
254 592 328 626 ὅμως
350 590 427 616 οὐδὲν
444 590 536 621 αὐτοῖς
552 589 627 616 ἔσται
650 589 743 616 πλέον.
759 589 794 615 To
815 589 869 624 γὰρ

83 636 150 662 αὐτὸ
164 635 354 670 συμπέρασμα
366 636 414 662 καὶ
431 636 463 660 ἐκ
477 634 584 666 τούτου,
600 634 651 660 κᾶν
666 634 703 669 μὴ
721 634 868 668 βούλοιντο,

84 680 295 715 συναχθήσεται.
308 679 391 713 Δῆλον
406 679 459 712 γὰρ
472 677 513 704 ὅτι
523 678 568 704 τὸν
580 677 643 704 Υίὺν
654 678 701 704 καὶ
715 678 745 704 τδ
758 678 868 712 Πνεῦμα

83 725 173 760 εὑρὼν
190 724 261 752 κατὰ
272 725 302 751 τὸ
317 725 426 752 αίτιατὰ
442 722 521 756 εἷναι,
534 724 579 750 καὶ
591 723 676 758 ἄμφω
687 723 869 751 κοινωνοῦντα

84 771 221 806 ἀλλήλοις,
240 772 327 805 ζητεῖ.
346 771 399 797 τίνι
417 770 451 797 ἂν
470 769 639 804 διακριθεῐεν
662 770 784 805 ἀλλήλων
797 778 804 785 ·
821 770 869 796 καὶ

84 817 277 851 ἀποφαίνεται,
308 816 356 847 ὡς,
373 817 398 842 εί
427 817 474 843 καὶ
493 815 578 851 ἄμφω
603 815 642 850 τῷ
668 816 778 842 αῑτιατὰ
800 813 869 842 εἶναι

85 861 261 888 κοινωνοῦσιν
280 861 418 896 ἀλλήλοις,
443 862 501 888 ἀλλ’
522 863 536 888 ὸ
553 862 603 896 μὲν
617 860 681 892 Υῑδς
698 861 729 887 ἐκ
751 860 799 886 τοῦ
814 861 868 887 Πα-

88 907 152 942 τρὸς
169 907 343 941 ὀνομάζεται,
361 907 407 933 καὶ
426 907 506 942 μέχρι
518 907 615 934 τούτου
632 907 706 942 αὐτῷ
724 906 752 932 τὸ
771 906 870 942 ἰδίωμα

85 953 203 979 ἵσταται.
220 952 255 979 Τὸ
264 953 292 978 δὲ
303 952 413 986 Πνεῦμα
425 954 468 978 καὶ
481 954 513 979 ἐκ
522 951 569 979 τοῦ
581 952 685 987 Πατρδς
693 952 813 985 λέγεται,
824 952 872 979 καὶ

86 999 133 1025 τοῦ
148 998 213 1024 Υἱοῦ
229 997 299 1025 εἶναι
315 1000 578 1035 προτμαρτυρεῖται.
593 998 697 1024 Οὐκοῦν
714 999 743 1024 τὸ
760 998 871 1033 Πνεῦμα

87 1045 135 1071 καὶ
148 1044 266 1078 Χριστοῦ
286 1044 398 1078 Πνεῦμά
412 1045 496 1075 ἐστιν,
510 1045 523 1070 ὁ
538 1044 565 1070 δὲ
576 1044 639 1075 Υἱὸς
650 1043 696 1070 τοῦ
714 1044 872 1078 Πνεύματος

87 1088 150 1114 οὔτε
159 1087 244 1120 ἐστιν,
257 1087 320 1114 οὔτε
334 1088 459 1122 λέγεται·
475 1088 535 1114 οὔτε
546 1088 719 1122 ἀντιστρέφει
734 1088 871 1123 ὴσχετικὴ

89 1134 157 1168 αῦτη
186 1134 343 1166 ἀκολουθία,
373 1135 449 1168 φησί.
482 1135 534 1160 Καὶ
563 1134 643 1160 τοῦτο
669 1134 755 1160 οἴεται
776 1135 871 1168 ἀρκεῖν

89 1179 156 1214 πρὸς
173 1178 309 1214 διάκρ.σιν
324 1179 338 1205 ὁ
355 1178 523 1209 διδάσκαλος.
540 1177 568 1204 τὸ
584 1178 613 1203 τὸ
627 1177 675 1211 μὲν
697 1177 807 1211 Πνεῦμα
823 1177 869 1204 τοῦ

87 1225 158 1251 Υἱοῦ
181 1224 315 1259 λέγεσθαι,
333 1225 379 1251 τὸν
397 1225 425 1251 δὲ
440 1223 504 1250 Υίδν
519 1224 557 1258 μὴ
574 1223 701 1258 λέγεσθαι
726 1224 773 1250 τοῦ
788 1224 872 1250 Πνεῦ-

90 1280 185 1306 ματος.
201 1271 305 1298 Οὐκοῦν
320 1271 344 1297 εί
369 1271 399 1297 τὸ
415 1271 525 1306 Πνεῦμα
541 1269 588 1297 τοῦ
606 1270 671 1296 Υἱοῦ
698 1270 823 1304 λέγεσθαι
841 1270 871 1297 τὺ

90 1318 200 1352 Πνεῦμα
217 1318 246 1344 τὸ
259 1317 336 1351 ἅγιον
350 1317 484 1351 διακρίνει
504 1317 570 1344 αὐτὸ
585 1316 661 1348 Υίοῦ,
679 1317 749 1342 κατὰ
764 1315 792 1342 δὲ
809 1316 872 1347 τοὺς

89 1365 242 1400 ἡμετέρους
256 1364 332 1390 οὐδὲν
356 1363 450 1398 ἕτερον
465 1363 598 1396 διακρίνει
623 1362 688 1388 αὐτὸ
703 1361 749 1388 τοῦ
775 1361 838 1388 Υἰοῦ
854 1362 871 1396 ἢ

89 1411 103 1435 ὁ
121 1409 249 1443 διάφορος
263 1408 313 1442 τῆς
333 1408 447 1442 προόδου
470 1407 580 1441 τρόπος,
596 1407 718 1440 δηλονότι
742 1405 772 1432 τὸ
787 1406 872 1432 ἐκπο-

91 1455 217 1489 ρεύεσθαι
230 1462 238 1469 ·
254 1455 283 1481 τὸ
298 1454 326 1480 τὸ
342 1454 454 1489 Πνεῦμα
469 1453 515 1480 τοῦ
533 1453 597 1479 Tim}
622 1452 691 1478 εἶναι
709 1453 762 1487 ἄρα
775 1452 873 1479 ταυτὸν

90 1502 148 1528 ἐστι
162 1501 200 1536 τῷ
216 1500 426 1535 διαπορεύεσθαι.
442 1499 495 1527 Καὶ
514 1499 610 1531 οὕτως,
627 1496 657 1525 οῦ
679 1498 789 1531 λέγεται
802 1495 872 1524 εἶναι

92 1547 214 1581 Πνεῦμα,
231 1545 296 1580 παρ’
313 1546 417 1572 ἐκείνου
439 1545 486 1571 καὶ
505 1545 694 1577 ἐκπορεύεται.
714 1543 829 1577 Λέγεται
845 1543 874 1570 δὲ

90 1589 162 1619 εἶναι
178 1590 280 1619 καὶτοῦ
294 1590 357 1617 Υίοῦ
373 1589 493 1624 Πνεῦμα,
507 1589 545 1621 ὡς
560 1590 606 1615 καὶ
622 1588 667 1615 τοῦ
691 1589 795 1623 Πατρός
806 1595 813 1602 ⁶
826 1589 873 1614 καὶ

92 1638 168 1674 παρὰ
178 1638 224 1665 τοῦ
240 1637 305 1664 Υίοῦ
320 1638 372 1673 ἄρα
390 1637 427 1668 ὡς
443 1637 490 1663 καὶ
506 1637 581 1670 παρὰ
595 1635 641 1663 τοῦ
660 1636 766 1671 Πατρδς
786 1636 872 1662 ἐκπο-

92 1686 209 1721 ρεύεται.

128 1731 182 1758 Καὶ
205 1731 263 1765 ἅμα
281 1731 458 1764 σημειωτέον,
486 1730 526 1756 ὃτι
544 1729 726 1765 ἀνατρέπεται
753 1731 770 1765 ἡ
792 1729 874 1757 τινῶν

91 1776 219 1811 ἐξήγησις
234 1776 376 1809 λεγόντων,
391 1776 431 1801 ὅτι
446 1775 490 1801 διὰ
505 1776 534 1801 τὸ
556 1775 701 1809 ὁμοούσιον
721 1775 829 1810 εἴρηται
845 1774 875 1801 τὺ

92 1822 205 1856 Πνεῦμα
237 1820 284 1847 τοῦ
304 1820 380 1847 Υἱοῦ.
400 1821 466 1846 Ἰδοὺ
485 1821 539 1854 γὰρ
557 1822 570 1847 ὁ
589 1820 748 1851 διδάσκοι).ος
761 1820 798 1851 ὡς
815 1820 874 1846 δια-

91 1867 217 1901 κριτικὸν
227 1866 292 1892 αὐτὸ
306 1865 452 1900 λαμῦἀνει.
462 1866 501 1892 Τὰ
512 1865 539 1891 δὲ
555 1866 598 1892 διὰ
613 1865 642 1891 τὸ
656 1865 797 1899 ὁμοούσιον
807 1865 876 1899 λαμ-

92 1913 229 1946 ϐανόμενα
246 1912 302 1938 ἑνοῖ
329 1911 439 1946 μᾶλλον,
458 1911 488 1937 οῦ
511 1911 654 1945 διακρίνει.
675 1911 704 1936 Εἰ
722 1908 768 1937 οὖν
788 1910 817 1936 οὺ
833 1910 876 1936 διὰ

92 1958 123 1984 τὺ
139 1958 279 1992 ὁμοούσιον
296 1957 404 1991 λέγεται
423 1957 546 1992 Πνεῦμα,
569 1957 699 1988 σώζονται
716 1956 809 1983 ἄλυτοι
825 1957 876 1982 πᾶ-

94 2014 138 2032 σαι
153 2005 180 2031 οιί
194 2004 246 2030 τῶν
261 2004 384 2030 Λατίνων
401 2004 551 2036 ἀποδείξεις
566 2011 572 2018 ·
588 2000 632 2034 αἷς
647 2005 677 2029 ὲκ
689 2001 735 2029 τοῦ
751 2003 878 2036 λέγεσθαι

92 2052 123 2078 τὸ
140 2052 250 2086 Πνεῦμα
271 2051 381 2085 Πνεῦμα
402 2050 467 2076 Υἱοῦ
484 2050 697 2085 ἐπιχειροῦντες,
717 2050 763 2076 καὶ
788 2050 816 2082 ἐξ
832 2049 879 2075 αῦ-

93 2098 143 2124 τοῦ
163 2098 228 2124 αὐτὸ
245 2096 446 2131 ἐκπορεύεσθαι
467 2095 633 2122 δεικνύουσι.
650 2096 699 2121 Διά
714 2096 742 2121 τὸ
759 2096 812 2129 γὰρ
828 2095 879 2129 τῆς

95 2143 309 2178 παρεξηγήσεως
322 2142 424 2176 ταύτης
435 2141 508 2172 τινὲς
520 2141 590 2167 αὐτὰ
606 2141 772 2175 ἀνατρέπειν
783 2141 878 2176 ῷοντο,

94 2191 139 2216 διὰ
154 2191 184 2215 τδ
197 2189 340 2224 ὁμοούσιον
357 2187 598 2222 ὑπολαμϐάνοντες
622 2186 750 2221 λέγεσθαι
767 2187 879 2222 Πνεῦμα

884 884 908 915 Β

918 266 1000 293 ambo
1016 267 1142 298 causali,
1163 267 1281 294 alterum
1299 266 1333 293 ab
1349 266 1435 293 altero
1457 265 1608 299 discernit,
1629 267 1703 301 quod

920 319 990 338 unus
1007 311 1042 338 sit
1060 319 1074 337 a
1090 311 1188 343 Patre,
1212 315 1240 338 et
1265 319 1319 338 non
1335 310 1475 345 amplius:
1497 309 1618 344 Spiritus
1635 318 1703 337 vero

917 357 953 384 sit
969 364 1001 383 ex
1017 356 1099 384 Patre
1123 361 1151 384 et
1165 365 1197 385 ex
1212 357 1292 384 Filio.
1305 356 1350 384 Sic
1363 358 1436 383 enim
1452 357 1555 384 habent
1566 357 1704 384 vetustio-

919 411 947 430 ra
965 403 1143 437 exemplaria.
1159 402 1249 435 Quare
1265 403 1417 430 secundum
1432 403 1602 437 opinionem,
1615 405 1698 432 etiam

920 449 1000 476 istius
1016 448 1150 481 doctoris,
1163 448 1283 483 Spiritus
1297 453 1339 475 est
1353 455 1387 475 ex
1401 448 1483 476 Filio.
1499 448 1577 481 Quod
1598 449 1621 476 si
1633 456 1702 476 non-

924 494 992 522 nulli
1007 494 1138 525 dixerim.
1155 494 1232 529 juxta
1248 494 1403 521 recentiora
1425 495 1602 529 exemplaria,
1618 494 1705 529 Spiri-

921 543 978 565 Ium
992 538 1046 565 dici
1060 537 1135 570 Filii,
1151 545 1206 566 non
1222 543 1312 566 autem
1329 547 1362 566 ex
1379 539 1468 566 Filio:
1486 541 1568 567 etiam
1583 544 1640 566 tum
1658 543 1703 566 ni-

920 583 957 610 hil
974 583 1046 611 istud
1066 584 1131 618 ipsis
1163 584 1305 619 proderit;
1330 585 1425 612 eadem
1449 585 1523 612 enim
1547 585 1702 618 conclusio,
1722 616 1724 618 η

920 637 953 656 ex
970 630 1022 657 hoc
1038 637 1161 664 quoque,
1177 631 1263 657 velint
1275 650 1282 661 ,
1308 631 1413 663 nolint,
1432 630 1597 658 deducetur.
1618 631 1704 658 Mani-

919 675 1021 702 festum
1047 675 1121 702 enim
1135 680 1190 707 est,
1209 675 1294 710 quod,
1312 683 1374 702 cum
1391 675 1461 703 Filio
1479 681 1507 703 et
1528 676 1655 711 Spiritui,
1678 679 1704 704 in

920 728 954 748 eo
969 721 1042 756 quod
1058 721 1115 749 sint
1131 721 1247 752 causati,
1266 721 1415 749 convenire
1434 722 1615 756 invenissent,
1631 731 1708 758 qum»

921 765 958 792 rit
974 766 1208 801 quemadmodum
1237 767 1355 794 invicem
1381 767 1594 801 discernantur,
1624 760 1706 804 atque

921 810 1047 843 aﬂirmat,
1067 813 1176 839 etiarnsi
1205 813 1231 840 in
1249 814 1345 841 ambos
1362 814 1388 842 id
1414 815 1577 846 conveniat,
1600 821 1630 842 ut
1646 816 1704 842 sint

921 857 1036 890 causali,
1053 863 1243 886 verumtamen
1264 859 1365 886 Filium
1380 860 1492 894 quidem
1506 868 1540 888 cx
1559 862 1638 888 Patre
1655 869 1703 888 n0-

923 902 1032 936 minari,
1050 908 1077 931 et
1094 903 1121 930 in
1135 911 1169 931 eo
1182 909 1289 932 tantum
1307 906 1506 939 proprietatem
1521 907 1582 941 ejus
1596 913 1705 942 persta-

922 956 952 975 re
971 957 978 975 :
996 947 1128 983 Spiritum
1147 954 1238 976 autem
1253 954 1281 977 et
1301 957 1333 976 ex
1352 950 1432 977 Patre
1453 950 1507 978 dici
1524 952 1661 984 enuntiat,
1678 957 1707 980 et

922 993 984 1021 Filii
999 1002 1060 1023 esse
1078 996 1252 1023 testificatur.
1277 996 1363 1031 igitur
1384 996 1503 1030 Spiritus
1524 997 1607 1024 etiam
1626 998 1706 1025 Chri-

922 1041 956 1067 sti
974 1041 1096 1075 Spiritus
1109 1046 1150 1068 est
1165 1050 1172 1074 ;
1189 1041 1274 1068 Filius
1297 1047 1387 1068 autem
1413 1049 1502 1076 neque
1527 1047 1568 1069 est
1588 1042 1707 1077 Spiritus

921 1087 1019 1119 sancti,
1037 1094 1125 1121 neque
1141 1087 1254 1115 dicitur.
1271 1087 1377 1122 Neque,
1390 1087 1491 1123 inquit,
1516 1089 1722 1124 reciprocatur-

923 1132 979 1159 liatc
1012 1132 1156 1160 relationis
1184 1134 1396 1167 consequentia.
1429 1133 1461 1160 Et
1483 1134 1536 1162 hoc
1567 1136 1708 1163 existimat

922 1177 1019 1205 doctor
1037 1178 1164 1206 sulIicere
1179 1179 1212 1206 ad
1237 1179 1443 1206 disﬂuctionem
1457 1199 1464 1212 ,
1488 1181 1560 1215 quod
1584 1181 1704 1216 Spiritus

922 1222 983 1250 Filii
997 1223 1118 1255 dicatur,
1135 1223 1220 1252 Filius
1243 1230 1334 1251 autem
1352 1223 1472 1260 Spiritus
1491 1226 1578 1253 sancti
1594 1228 1706 1254 minimo

923 1268 1043 1296 dicatur.
1060 1268 1088 1296 Si
1108 1269 1195 1303 igitur
1211 1269 1263 1297 hoc
1279 1271 1350 1304 quod
1367 1276 1408 1298 est
1420 1271 1552 1306 Spiritum
1567 1278 1705 1306 sanctum,

923 1313 977 1341 dici
1005 1314 1140 1349 Spiritum
1165 1315 1245 1348 Filii,
1267 1317 1387 1343 secernit
1404 1324 1466 1344 eum
1483 1325 1498 1344 a
1515 1318 1603 1351 Filio;
1628 1319 1708 1354 juxta

923 1367 988 1387 vero
1010 1365 1148 1388 nostrates
1173 1360 1240 1388 nihil
1267 1361 1342 1388 aliud
1366 1363 1486 1390 secernit
1511 1371 1575 1391 eum
1597 1373 1611 1391 a
1627 1365 1709 1398 Filio,

924 1405 977 1433 nisi
991 1405 1083 1433 varius
1095 1406 1192 1434 modus
1204 1406 1404 1441 productionis,
1417 1408 1523 1436 scilicet
1537 1410 1708 1443 producere;

925 1451 1009 1485 igitur
1028 1459 1088 1478 esse
1104 1451 1238 1486 Spiritum
1271 1452 1333 1479 Filii
1350 1453 1422 1480 idem
1445 1458 1505 1486 est,
1521 1456 1594 1489 quod
1610 1463 1710 1490 proce-

925 1497 1001 1525 dere.
1021 1497 1110 1532 Atque
1127 1498 1164 1525 ita
1182 1499 1260 1534 cujus
1277 1498 1380 1526 dicitur
1395 1507 1456 1527 esse
1472 1500 1603 1535 Spiritus,
1621 1502 1656 1529 ab
1675 1510 1710 1530 eo

925 1548 951 1570 et
968 1544 1101 1577 proeedit.
1115 1544 1221 1571 Dicitur
1234 1549 1327 1572 autem
1345 1553 1405 1573 esse
1423 1546 1484 1573 Filii
1500 1546 1632 1581 Spiritus,
1648 1548 1707 1576 sic-

927 1594 956 1616 ut
970 1594 997 1616 et
1011 1588 1114 1621 Patris;
1142 1598 1208 1626 ergo
1223 1595 1250 1618 et
1266 1599 1280 1618 a
1296 1590 1374 1625 Filio,
1396 1592 1467 1619 sicut
1480 1598 1508 1620 et
1521 1601 1535 1620 a
1552 1593 1631 1621 Patre
1645 1602 1708 1629 pro-

925 1635 1010 1663 cedit.

963 1728 995 1756 Et
1012 1730 1093 1757 simul
1119 1730 1269 1758 notandum
1301 1736 1343 1758 est
1370 1732 1626 1767 interpretationem
1643 1742 1712 1769 quu-

927 1775 1051 1802 rumdam
1069 1777 1168 1809 everti,
1185 1777 1336 1804 dicentium
1366 1777 1500 1812 Spiritum
1515 1785 1627 1813 propter
1643 1787 1713 1807 con-

927 1822 1187 1850 substantialitatcm
1224 1823 1328 1850 dictum
1366 1831 1427 1851 esse
1467 1824 1602 1858 Spiritum
1636 1826 1711 1855 Filii.

929 1868 998 1894 licce
1015 1865 1088 1894 cnim
1103 1867 1210 1898 doctor,
1227 1873 1355 1903 tanquam
1379 1869 1453 1903 quod
1476 1870 1537 1897 illos
1553 1870 1712 1904 discernat,

929 1913 995 1939 illud
1025 1913 1149 1940 assumit.
1169 1913 1234 1946 Qua}
1261 1922 1326 1941 vero
1352 1920 1463 1949 propter
1487 1917 1711 1945 consubstantia-

927 1960 1032 1986 litatem
1049 1964 1238 1992 assumuntur,
1261 1960 1352 1993 potius
1375 1961 1557 1995 conjnngunt,
1575 1971 1630 1990 non
1656 1964 1712 1991 dis-

930 2010 1057 2032 cernunt.
1075 2005 1107 2034 S't
1127 2005 1219 2040 itaque
1244 2014 1298 2033 non
1325 2011 1439 2041 propter
1461 2008 1712 2036 consubstantiali-

932 2055 1014 2077 tatcm
1047 2051 1149 2078 dicitur
1169 2050 1287 2085 Spiritus
1304 2051 1377 2083 Filii,
1401 2058 1515 2080 manent
1532 2054 1716 2083 indissolubi-

931 2096 971 2123 les
1001 2103 1096 2123 omnes
1121 2096 1280 2123 Latinorum
1311 2097 1588 2127 demonstrationes:
1614 2101 1716 2135 quibus

932 2150 964 2168 ex
981 2142 1110 2177 eo,quod
1129 2141 1250 2176 Spiritus
1274 2142 1385 2170 dicatur
1400 2143 1519 2179 Spiritus
1544 2145 1617 2178 Filii,
1634 2154 1715 2181 argu-

933 2188 1090 2220 mentando,
1110 2189 1192 2215 etiam
1214 2196 1247 2215 ex
1271 2188 1331 2223 ipso
1346 2196 1408 2216 eum
1426 2191 1577 2224 procedere
1596 2194 1715 2220 convin-

96 2236 173 2262 Υίοῦ.
189 2235 282 2270 Ταύτῃ
304 2235 332 2261 δὲ
348 2235 400 2270 ἤδη
425 2235 458 2268 τῇ
479 2233 568 2269 ἐννοίᾳ
590 2233 714 2268 φανερῶς
733 2235 747 2259 ὁ
768 2233 873 2269 Νύσσης

931 2236 1008 2260 cunt.
1030 2232 1145 2265 Quidam
1159 2234 1231 2260 enim
1248 2234 1299 2261 ista
1318 2242 1397 2268 prava
1412 2235 1641 2270 interpretatione
1665 2246 1716 2273 pu-

97 2282 246 2318 Γρηγόριος
272 2282 398 2315 μάχεται,
415 2281 451 2312 ὼς
473 2281 642 2316 διακριτικὸν
664 2281 730 2307 αὐτὸ
748 2280 875 2315 εἰληφώς.

933 2279 1027 2306 labant
1044 2287 1076 2306 ea
1091 2287 1152 2313 quae
1168 2287 1182 2306 a
1199 2279 1305 2307 Latinis
1329 2281 1495 2314 alieruutur,
1514 2288 1638 2311 evertere
1653 2293 1716 2319 pos-

96 2337 136 2358 se.
155 2334 266 2364 propter
282 2321 593 2355 consubstantialitatem
608 2328 799 2354 existimantes
816 2327 869 2355 dici
889 2327 1021 2362 Spiritum
1054 2325 1126 2354 Filii.
1160 2327 1220 2354 iam
1251 2335 1316 2354 vero
1332 2327 1396 2355 huic
1412 2329 1599 2363 intelligentia
1626 2333 1716 2359 mani-

96 2376 166 2403 feste
191 2374 320 2401 reclamat
345 2373 494 2409 Gregorius
512 2375 670 2409 Nyssenus,
698 2381 760 2400 cum
789 2374 855 2401 illud
877 2379 1006 2408 tanquam
1021 2373 1095 2408 quod
1109 2373 1249 2401 discernat
1261 2375 1455 2409 assumpserit.

138 2424 218 2450 Ἀλλὰ
233 2423 301 2458 πρὸς
319 2423 369 2458 μὲν
385 2423 414 2451 τὸ
427 2423 513 2455 δεῖξαι
533 2422 582 2457 τὴν
599 2422 731 2457 ἀλήθειαν
746 2422 792 2448 τοῦ
811 2431 878 2457 συμ-

96 2471 274 2505 περάσματος
286 2469 393 2502 τούτου,
408 2470 456 2496 καὶ
471 2471 501 2494 τὸ
515 2469 627 2504 Πνεῦμα
641 2469 670 2494 τὸ
687 2469 764 2502 ἅγιον
779 2470 810 2495 εκ
826 2470 879 2495 Πα-

96 2517 161 2552 τρὲσς
180 2517 226 2543 καὶ
255 2515 320 2542 Υῑοῦ
340 2507 538 2550 ἐκπορεύεσθαι
562 2516 746 2550 συμπερᾶνειι,
773 2515 879 2541 πολλῶν

95 2563 191 2595 ὅντων,
209 2559 249 2593 οἷς
263 2562 296 2588 ἄν
320 2570 361 2592 τις
378 2561 522 2596 χρήσαιτο,
541 2561 588 2586 καὶ
610 2560 671 2587 ὅθεν
692 2560 725 2587 ἂν
740 2561 881 2596 ἐπιχειρή-

97 2617 179 2642 σειεν,
196 2609 315 2643 ἀρκείτω
329 2608 357 2633 ἒν
373 2606 410 2641 τῷ
430 2607 542 2642 παρόντι
558 2607 604 2633 καὶ
623 2607 720 2633 ταῦτα.

141 2655 218 2680 Ἐπεὶ
232 2653 260 2680 δὲ
271 2653 319 2679 καί
330 2661 392 2680 τινα
402 2652 490 2680 ἄτοπα
502 2653 578 2687 παρὰ
589 2653 642 2679 τῶν
655 2652 693 2687 μὴ
707 2653 880 2687 ὲιριστώντων

96 2701 248 2734 ιπάγονται
261 2700 317 2730 τοῖς
338 2698 388 2734 τὴν
406 2698 535 2733 ἀλήθειαν
549 2698 652 2733 ταύτην
667 2698 879 2734 πρεσσεύουσιν,

97 2746 117 2773 ἃ
131 2746 181 2780 μὲν
194 2746 266 2771 κατᾶ
287 2744 341 2770 τῶν
367 2744 591 2778 ἐπιχειρημάτων
615 2743 670 2770 τῶν
685 2744 716 2770 τὸ
732 2742 880 2777 πρόϐλημα

97 2792 260 2819 δεικνύντων
278 2791 371 2825 φασιν,
384 2791 412 2816 ὲν
430 2791 521 2820 αὐτοῖς
538 2791 594 2821 τοῖς
614 2790 830 2825 ἐπιχειρήμασιν
843 2789 880 2820 ὡς

97 2839 156 2865 ὲνδν
179 2837 404 2872 ἑπιτετμημένως
428 2836 598 2871 διελυσάμην
611 2844 618 2851 ’
636 2836 653 2863 ἃ
669 2837 696 2862 δὲ
713 2837 771 2862 κατ’
797 2836 879 2863 αὑτοῦ

98 2883 145 2910 τοῦ
164 2883 396 2917 συμπεράσματος
418 2881 588 2916 ἐπιφέροντι,
606 2881 707 2907 τούτων
727 2881 774 2913 τὶς
799 2881 880 2916 μάλι-

253 2932 396 2961 l’AruoL.
418 2929 477 2961 (iu.
502 2929 606 2960 CLXI.

807 2958 873 2979 ημϊ

971 2422 1071 2449 Verum
1085 2422 1118 2449 ad
1133 2423 1331 2450 ostendendam
1350 2423 1494 2451 veritatem
1509 2425 1591 2459 hujus
1604 2427 1717 2454 conclu—

933 2469 1032 2501 sionis,
1052 2474 1080 2495 et
1095 2468 1128 2494 ad
1141 2469 1363 2497 concludendum
1382 2470 1518 2504 Spiritum
1539 2477 1666 2499 sanctum
1684 2481 1717 2500 ex

934 2515 1014 2541 l’atre
1031 2512 1157 2549 Filioque
1172 2516 1331 2549 procedere,
1346 2523 1407 2542 cum
1424 2517 1561 2550 permulta
1577 2517 1644 2548 sitit,
1656 2520 1719 2550 qui-

932 2559 984 2587 bus
999 2560 1099 2595 aliquis
1113 2560 1162 2592 uti,
1179 2565 1207 2588 et
1222 2567 1255 2588 ex
1280 2561 1381 2594 quibus
1404 2563 1591 2596 argumentari
1619 2565 1715 2598 possit,

933 2606 991 2632 licet:
1010 2611 1102 2633 tamen
1120 2607 1148 2633 in
1164 2607 1309 2639 praesentia
1326 2606 1472 2635 snﬂiciaut.

968 2651 1102 2685 Quoniam
1121 2660 1185 2679 vero
1202 2653 1333 2680 nonnulla
1348 2653 1468 2680 absurda
1487 2654 1610 2681 veritatis
1626 2655 1716 2682 culto—

938 2699 1014 2726 ribus
1027 2707 1041 2725 a
1059 2707 1112 2726 non
1127 2700 1320 2727 adhibentibus
1337 2701 1459 2727 animum
1476 2701 1642 2734 inferuntur,
1657 2709 1718 2736 quae

935 2745 986 2779 ipsi
1008 2745 1119 2780 quidem
1143 2746 1277 2780 objiciunt
1292 2747 1472 2782 argumentis,
1495 2748 1548 2775 hoc
1572 2747 1716 2782 quaesitum

934 2791 1126 2825 probantibus,
1144 2792 1171 2817 in
1199 2792 1269 2826 ipsis
1291 2794 1475 2828 argumentis,
1500 2799 1633 2828 quantum
1659 2794 1718 2821 ﬁeri

934 2837 1032 2871 potuit,
1054 2838 1167 2871 przccise
1184 2839 1263 2865 dilui.
1277 2839 1315 2865 Ex
1335 2839 1376 2866 his
1394 2845 1496 2872 autem,
1510 2847 1570 2874 qua:
1586 2839 1636 2872 ipsi
1652 2847 1718 2866 con-

933 2883 1049 2910 clusioni
1066 2882 1197 2919 inferunt,
1217 2892 1249 2912 ea
1273 2892 1335 2920 quae
1351 2886 1467 2914 numine
1487 2890 1585 2918 urgent
1609 2890 1637 2913 et
1660 2893 1719 2914 ina-

1504 2931 1539 2964 13
