1920 3063
86 178 139 210 389

549 177 597 207 DE
620 175 883 206 PROCESSIONE
902 176 1084 206 Sl’illl'l‘US
1107 175 1254 205 SANCTI.

1658 175 1712 207 390

88 233 126 269 μὴ
140 233 330 268 δεικνυμένου,
344 233 404 260 οὐδὲ
426 233 576 268 συναλοιφή
593 233 690 260 ἕπεται
721 233 791 259 κατὰ
814 231 870 262 τοίιΊ

929 232 982 259 hoc
1007 232 1082 263 dicit,
1113 231 1185 266 quod
1211 230 1311 266 quaerit
1325 230 1497 265 assequitur;
1510 230 1562 257 hoc
1577 234 1643 257 v‘cro
1659 236 1713 258 non

86 280 172 312 οὕτως
188 281 340 315 οἰομένους.

121 370 236 405 Εἴρηται
249 370 277 396 δὲ
295 370 343 397 καὶ
369 371 398 397 ὲν
415 370 487 405 ἀρχῇ
512 369 558 397 τοῦ
578 369 736 404 ζητήματος
765 370 873 402 τούτου,

85 415 145 444 τίνα
161 417 215 443 τῶν
231 416 277 442 ἐπὶ
294 416 362 443 Θεοῦ
380 417 537 451 λεγομένων
557 416 647 448 κοινὰ,
662 416 708 441 καὶ
732 415 791 442 τίνα
809 416 873 444 ἴδια.

86 463 141 489 Καὶ
156 462 209 489 τῶν
227 463 301 489 ἰδίων
326 462 389 489 τίνα
416 462 465 496 μὲν
492 462 567 489 δυοῖν
598 462 665 493 ῖδια.
697 462 759 488 τίνα
776 462 797 487 δ’
815 462 875 492 ἑνὸς

85 508 185 543 μόνου..
199 509 253 535 Καὶ
270 509 326 535 τῶν
353 509 412 541 ἐνὸς
438 508 521 543 μόνου
543 508 617 535 ἰδίων
643 508 703 534 τίνα
730 509 764 534 ἂν
787 508 873 539 οὕτως

85 554 150 586 ῖδια,
166 554 203 586 ὡς
219 555 266 581 χαὶ
284 555 455 581 ὑποστατικὰ
480 551 563 586 εἶναι,
577 552 639 579 τίνα
664 552 795 592 δὲ-οὗτως
813 552 873 590 ῖδια

81 599 120 631 ὦς
135 600 317 634 γνωριστικὰ,
335 600 374 635 μὴ
390 601 482 635 μέντοι
499 599 680 626 ὑποστατικά.
702 599 811 626 Ὀποῖον
828 599 873 625 καὶ

82 645 113 671 τὸ
128 645 292 677 προὸἁλλειν
307 645 368 672 τότε
394 645 503 680 εἰρηται
521 642 693 677 εἴναι,»ὦστε
716 643 748 669 ἐκ
771 652 800 670 τε
818 643 871 669 τῶν

82 690 132 717 νῦν
145 691 311 726 εἰρημένων,
329 691 361 718 ἐκ
388 700 417 718 τε
436 691 492 718 τῶν
509 692 567 718 ἐκεῖ
590 690 830 725 προειλημμένων,
855 690 871 723 ὴ

81 736 181 765 τούτου
196 737 243 763 τοῦ
254 738 358 764 ἀτόπου
370 738 448 769 λύσις
463 738 522 764 ἐστὶ
537 739 654 771 φανερά.
670 737 722 775 Kal
736 736 786 763 οὐκ
797 736 872 762 ἐστιν

82 782 210 816 ἐγκαλεῖν
226 783 336 814 δικαίως
350 784 477 814 Λατίνοις
499 783 537 814 ὡς
563 782 728 817 συναλοιφὴν
746 781 885 816 ποιουμέπ

82 837 138 860 νοις
154 829 208 856 τῶν
223 829 304 856 Θείων
319 829 488 868 προσώπων.

926 284 1048 309 ostenso,
1079 286 1168 313 neque
1196 279 1338 313 permistio
1367 277 1493 312 sequitur
1511 276 1587 311 juxta
1601 283 1650 304 eos
1666 276 1715 311 qui

925 326 965 352 sic
979 326 1136 361 opinantur.

963 371 1068 398 Dictum
1096 375 1137 398 est
1155 375 1247 398 autem
1267 375 1295 398 et
1325 371 1350 396 in
1371 370 1508 405 principio
1538 369 1621 404 hujus
1641 377 1716 403 qum-

925 417 1040 448 stionis,
1064 424 1161 444 eorum
1190 425 1250 451 qua:
1280 417 1307 443 in
1342 415 1396 444 Deo
1421 416 1570 447 dicuntur,
1589 423 1712 450 quaenam

925 463 980 490 sint
996 465 1163 493 communia.
1180 472 1276 498 quinte
1304 464 1426 498 propria.
1450 463 1629 498 Propriorum
1648 472 1715 490 Vero

925 516 1050 543 quaenam
1075 508 1192 536 duarum
1212 517 1394 544 personarum
1410 511 1538 544 propria,
1553 517 1615 545 quae
1631 510 1714 536 unius

925 559 1042 582 tantum.
1076 556 1108 582 Et
1135 562 1232 582 eorum
1259 563 1321 590 quae
1335 556 1381 583 uni
1401 557 1580 588 conveniunt,
1595 564 1655 590 quin
1675 557 1712 582 ita

924 600 1045 635 propria.
1068 605 1098 627 ut
1113 601 1195 628 etiam
1211 601 1266 628 sint
1281 601 1449 636 hypostatica
1479 606 1506 628 et
1521 601 1712 631 (‘0nStitutiva.

924 654 984 681 qua:
1009 655 1073 674 vero
1098 647 1153 674 sint
1171 648 1207 675 ita
1226 648 1348 683 propria,
1375 653 1405 675 ut
1422 647 1583 679 notionalia,
1602 655 1655 674 non
1674 652 1713 674 Ia-

925 696 988 718 men
1012 692 1183 727 hypostatica
1203 701 1209 719 τ
1226 692 1279 719 hoc
1306 696 1348 719 est
1378 699 1438 726 quae
1455 695 1549 718 nolam
1575 695 1603 717 et
1621 690 1711 716 mani-

925 737 1022 764 festam
1054 737 1156 764 faciant
1185 744 1342 772 personam,
1371 745 1426 764 non
1456 741 1546 764 tamen
1566 741 1594 762 ct
1608 736 1714 762 consti-

925 786 1005 808 tuant
1021 790 1028 809 :
1045 783 1200 818 eujusmodi
1227 788 1255 810 et
1282 783 1436 817 producere
1463 788 1530 809 tunc
1557 782 1659 810 dictum
1671 787 1714 808 est

924 835 997 855 esse.
1029 827 1120 861 Quare
1150 833 1208 856 tum
1226 837 1259 856 ex
1275 829 1367 862 dictis,
1395 833 1452 856 tum
1469 829 1551 856 exibi
1573 829 1650 864 prius
1667 836 1711 854 as-

82 876 201 910 sumptis
227 876 310 911 hujus
337 876 450 904 absurdi
481 877 628 904 dissolutio
651 882 694 904 est
732 876 888 904 manifesta.
909 875 1003 910 Neque
1030 883 1177 910 possumus
1207 878 1304 904 merito
1331 878 1461 904 accuSare
1478 876 1602 910 Latinos,
1634 877 1712 911 quasi

82 924 293 959 permistionem
306 932 490 959 personarum
504 926 617 952 faciant.

138 997 234 1031 Λύσις
252 996 304 1024 τοῦ
321 997 380 1024 ἀπὸ
396 996 449 1032 τῆς
463 997 611 1044 διαρχῐας.
621 998 821 1034 ἐγκλήματος.

119 1065 188 1099 Περὶ
203 1065 233 1091 δὴ
249 1064 298 1099 τῆς
311 1065 446 1099 διαρχίας,
465 1066 513 1092 καὶ
530 1064 579 1091 τοῦ
593 1066 640 1092 δύο
661 1067 736 1093 αῐτια
751 1067 797 1093 ἐπὶ
814 1067 872 1093 θεό-

82 1119 167 1143 τητος
187 1110 367 1144 συνάγεσθαι,
380 1110 394 1136 δ
411 1110 521 1137 καὶτῶν
542 1112 625 1138 σκιῶν
641 1112 743 1146 μᾶλλον
757 1112 871 1139 ἔπεσθαι

81 1157 140 1187 τοῖς
156 1156 280 1188 Λατίνοις
305 1157 427 1191 νομίζειν
449 1158 580 1184 εἰώθασιν
604 1159 629 1184 οἰ
646 1158 788 1193 ἡμέτεροι,
801 1159 826 1185 τί
839 1159 871 1185 ἄν

82 1210 126 1234 τις
145 1203 237 1236 εἴποις
256 1203 288 1229 Τί
300 1204 322 1230 δ’
340 1204 405 1230 ἄλλο
418 1212 449 1238 γε
463 1205 480 1240 ἢ
494 1205 612 1240 μάλιστα
630 1205 679 1240 μὲν
697 1205 791 1236 ἁπλῶς
807 1206 871 1232 αὐτὸ

82 1249 113 1274 τὸ
124 1248 179 1275 τῶν
193 1249 279 1282 ἁγίων
293 1249 531 1285 προϐαλλομένους
544 1251 653 1285 ἀξίωμα
669 1251 724 1277 τῶν
738 1251 818 1278 τοῦτο
834 1252 870 1286 μὴ

81 1294 216 1327 ὶεγόντων
231 1295 375 1329 ἀρκεῖσθαι
386 1305 394 1327 ς

45 1366 51 1374 ,
124 1340 155 1367 Ὀ
178 1341 232 1375 γὰρ
247 1341 343 1376 Πατὴρ
358 1342 405 1369 καὶ
421 1343 497 1373 Υἰὶς,
515 1343 598 1376 φησὶν
622 1343 817 1377 Αὐγουστῖνος,
840 1344 869 1370 οὐ

81 1385 129 1412 δύο
148 1385 231 1419 ἀρχαὶ
260 1386 306 1412 τοῦ
333 1387 413 1419 ἁγίου
440 1387 610 1421 Πνεύματος,
635 1388 703 1415 ἀλλὰ
724 1388 773 1423 μία
798 1389 870 1423 ἀρχὴ

81 1430 164 1457 αὐτοῦ
189 1431 234 1457 καὶ
249 1431 415 1465 ἀμφότεροι·
444 1431 537 1466 ὥσπερ
561 1433 608 1458 καὶ
633 1433 681 1467 τῆς
705 1433 820 1463 κτίσεως
839 1433 869 1458 οὺ

80 1476 157 1508 τρεῖς
171 1476 256 1510 ἀρχαὶ
274 1476 288 1501 ὀ
308 1475 412 1510 Πατὴρ,
429 1477 443 1502 ό
460 1476 521 1507 Υἱὸς
539 1476 630 1502 καὶτὸ
650 1477 728 1509 ἅγιον
747 1476 868 1510 Πνεῦμα,

81 1521 153 1548 ἀλλὰ
167 1521 216 1556 μία
229 1522 315 1557 αὐτῆς
329 1523 401 1557 ἀρχὴ
417 1523 434 1557 ἡ
448 1521 469 1548 Τ
472 1522 533 1556 ριὰς
545 1523 558 1548 ὁ
572 1522 649 1554 Θεός.

117 1614 185 1640 Τίνα
198 1613 231 1641 ἄν
245 1621 286 1644 τις
311 1611 482 1647 σαφεστέραν
506 1611 634 1646 ζητήσειε
659 1611 736 1638 λύσιν
753 1613 769 1647 ἢ
791 1613 825 1647 ἣν
839 1613 869 1639 τὸ

82 1659 195 1692 Πνεῦμα
205 1660 236 1684 τὸ
246 1658 322 1692 ἅγιον
331 1658 375 1685 διὰ
387 1658 434 1684 τοῦ
448 1658 552 1692 Πατρὺς
562 1658 609 1684 καὶ
620 1657 780 1684 διδασκάλου
792 1658 868 1685 τοῦδε
880 1675 904 1707 C

82 1705 147 1740 φησί
159 1713 165 1737 ;
182 1705 226 1739 Μὴ
243 1704 397 1730 λανθανέτω
409 1704 462 1738 γὰρ
473 1704 514 1730 ὅτι
523 1703 606 1730 ταυτὺ
619 1703 698 1730 τοῦτο
710 1704 822 1735 ἄτοπον,
838 1704 868 1731 τδ

81 1752 132 1784 τῆς
147 1751 315 1785 πολυαρχίας
332 1749 434 1784 δηλαδὴ
461 1749 508 1775 καὶ
525 1749 682 1781 πολυθεΐας,
698 1749 746 1775 καὶ
763 1749 809 1775 ἐπὶ
822 1750 869 1783 τῆς

81 1798 197 1826 κτίσεως
210 1795 380 1829 παραγωγῆς
395 1795 503 1829 ἕψεται,
520 1794 546 1820 εί
561 1802 602 1824 τις
626 1794 663 1829 μὴ
681 1795 809 1829 προσέχοι
825 1795 870 1828 τὸν

81 1844 158 1870 νοῦν.
169 1843 258 1876 Ὂπιρ
272 1842 346 1867 ἐστὶν
361 1843 411 1876 τῆς
425 1841 621 1874 Χριστιανικῆς
636 1841 784 1875 θρησκείας
794 1841 870 1867 ἁλλό-

81 1897 169 1924 τριον,
193 1887 240 1914 καὶ
268 1887 413 1921 σύμφωνον
443 1885 582 1919 Ἕλλησιν.
613 1886 645 1912 "U
671 1886 725 1920 γὰρ
753 1886 870 1920 μάλιστα

82 1935 164 1969 ἡμεῖς
178 1933 309 1968 Ἕλλησιν
337 1931 516 1966 ἐγκαλοῦμεν,
534 1931 614 1958 τοῦτό
637 1933 722 1963 ἐστιν,
740 1932 781 1957 ὅτι
806 1933 871 1958 πο).-

82 1980 145 2012 ἳοὺς
161 1979 209 2014 τῆς
227 1979 342 2008 κτίσεως
356 1977 540 2012 δημιουργοὺς
555 1977 602 2003 καὶ
618 1977 732 2008 πολλοὺς
760 1977 870 2011 εἰσῆγον

82 2026 171 2056 θεούς.
187 2025 218 2051 Ei.
242 2021 289 2051 οὖν
302 2024 351 2051 καὶ
365 2023 445 2058 ἡμεῖς
470 2024 545 2056 τρεῖς
561 2023 725 2053 ὑποστάσεις
743 2022 792 2057 τῆς
813 2022 869 2048 κτί-

84 2080 153 2101 σεως
169 2071 258 2102 αίτῐας
278 2068 349 2096 εἷναί
375 2077 477 2104 φαμεν,
502 2069 549 2096 καὶ
572 2069 637 2103 ἡμῖν
657 2069 738 2094 τοῦτο
759 2068 872 2094 ἀκολου-

84 2118 162 2152 θῆσει
174 2118 204 2143 τὸ
216 2118 326 2148 ἄτοπον,
342 2117 388 2142 καὶ
405 2115 512 2142 ἔσονται
527 2114 624 2141 πολλαὶ
640 2115 723 2149 ἀρχαὶ
738 2115 786 2141 καὶ
811 2114 871 2141 θεό-

83 2172 175 2199 τητες.

127 2209 199 2236 Ἀλλ’
212 2209 327 2236 ἄκουσον
353 2209 429 2239 ὅπως
447 2208 470 2234 οἱ
493 2207 651 2234 διδάσκαλοι
677 2206 755 2233 τοῦτο
783 2208 872 2241 coeti);

84 2257 204 2283 λύουσιν.
221 2256 252 2282 Εἰ
266 2257 321 2290 γὰρ
334 2255 381 2281 καὶ
393 2254 439 2280 τὸν
452 2255 564 2289 Πατέρα
578 2254 626 2280 καὶ
641 2254 686 2280 τὸν
701 2254 765 2280 Υἰὸν
780 2255 827 2280 καὶ
842 2254 872 2281 τὸ

86 2302 198 2336 Πνεῦμα
212 2301 243 2327 τὸ
261 2301 338 2334 ἅγιον
355 2299 453 2334 ἐπίσης
468 2299 517 2333 τῆς
540 2299 657 2330 κτίσεως
674 2299 776 2329 αἰτίους
800 2298 870 2324 εῖναί

1041 997 1143 1024 Salutio
1164 997 1273 1023 absurdi
1292 997 1324 1022 de
1341 996 1440 1030 duplici
1458 995 1598 1030 principio.

959 1064 996 1091 De
1018 1062 1121 1096 duplici
1145 1069 1211 1089 vero
1242 1061 1390 1097 principio,
1408 1065 1437 1088 et
1456 1060 1530 1095 quod
1543 1061 1605 1087 dum
1621 1066 1712 1086 causa

923 1110 949 1137 in
978 1110 1081 1137 deitate
1115 1109 1337 1139 concludantur,
1363 1106 1437 1142 quod
1466 1111 1494 1134 et
1517 1106 1604 1139 magis
1629 1113 1710 1140 quam

924 1157 1034 1183 umbras
1055 1155 1132 1190 sequi
1145 1155 1258 1183 Latinos
1272 1158 1410 1182 nostrates
1429 1152 1613 1185 arbitrantur,
1628 1151 1710 1187 quid-

923 1210 985 1229 nam
1011 1201 1112 1236 aliquis
1137 1200 1234 1228 dicet?
1265 1200 1336 1234 Quid
1371 1208 1439 1228 vero
1463 1199 1549 1231 aliud,
1571 1206 1652 1233 quam
1682 1204 1712 1225 nt

924 1249 983 1282 ipsa
1009 1248 1173 1283 simpliciter
1200 1250 1366 1274 anctoritate
1382 1250 1554 1277 sanctorum,
1568 1245 1594 1273 id
1609 1252 1710 1280 negan-

922 1295 991 1321 tium
1009 1294 1162 1329 proposita.
1176 1300 1242 1321 sane
1259 1292 1372 1327 quidem
1389 1292 1515 1320 contenti
1532 1292 1618 1319 simus
1629 1292 1642 1317 ?

958 1341 1039 1368 Pater
1063 1340 1136 1368 enim
1161 1344 1189 1367 et
1212 1340 1312 1372 Filius,
1342 1339 1431 1374 inquit
1457 1339 1638 1373 Augustinus,
1657 1346 1711 1365 non

922 1388 976 1416 duo
1005 1387 1139 1423 principia
1166 1387 1285 1422 Spiritus
1313 1387 1412 1418 salicti,
1438 1386 1485 1413 sed
1508 1393 1591 1412 unum
1608 1386 1713 1420 princi—

922 1434 996 1469 pium
1031 1434 1118 1468 ipsius
1144 1438 1168 1460 el
1201 1433 1284 1460 ambo
1310 1437 1385 1459 sunt.
1416 1431 1494 1459 Sicut
1515 1439 1541 1459 et
1561 1431 1712 1459 creationis

921 1487 976 1507 non
1004 1479 1055 1506 tria
1081 1478 1218 1513 principia
1240 1478 1333 1510 Pater,
1355 1478 1441 1505 Filius
1457 1482 1484 1504 et
1507 1477 1627 1512 Spiritus
1647 1485 1710 1504 san-

921 1528 994 1560 ctus,
1019 1526 1066 1554 sed
1100 1533 1187 1552 unum
1215 1530 1254 1552 est
1281 1525 1369 1560 ipsius
1400 1524 1567 1559 principium
1590 1523 1712 1551 Trinitas

922 1572 1006 1598 Deus;

955 1616 1108 1650 Quamnam
1140 1615 1287 1643 clariorem
1317 1622 1349 1642 ea
1376 1619 1481 1649 quaeret
1511 1615 1612 1649 aliquis
1636 1615 1712 1642 solu-

922 1664 1037 1695 tionem,
1061 1670 1143 1697 quam
1170 1662 1290 1697 Spiritus
1315 1665 1427 1688 sanctus
1443 1669 1490 1695 per
1503 1661 1584 1688 ismm
1603 1661 1710 1689 Patrem

922 1715 1003 1743 atque
1032 1709 1175 1736 doctorem
1204 1708 1351 1735 enuntiat?
1382 1708 1440 1735 Non
1456 1709 1529 1735 enim
1545 1716 1595 1735 nos
1612 1708 1709 1744 fugiat.

922 1756 974 1783 hoc
1000 1756 1072 1783 idem
1095 1755 1260 1787 absurdum,
1291 1754 1399 1782 scilicet
1427 1756 1544 1781 duorum
1562 1754 1711 1790 principio—

922 1810 995 1834 rum,
1029 1802 1272 1836 multitudinisquc
1301 1801 1416 1829 deorum
1444 1802 1527 1828 etiam
1559 1802 1586 1828 in
1615 1801 1709 1829 mundi

921 1848 1103 1883 productione
1122 1849 1220 1882 sequi;
1247 1848 1268 1874 si
1298 1848 1361 1882 quis
1392 1856 1446 1875 non
1478 1849 1612 1876 attcndat.
1629 1848 1709 1882 Quod

921 1893 1032 1927 quidem
1049 1901 1063 1919 a
1080 1893 1237 1920 Chrittiaua
1259 1893 1393 1928 religione
1413 1899 1455 1920 est
1475 1894 1608 1925 alienum.
1641 1901 1708 1922 con-

921 1946 1023 1973 gruens
1036 1947 1102 1966 vero
1119 1940 1279 1974 gentilibus.
1307 1939 1335 1966 lu
1358 1947 1414 1974 quo
1427 1940 1501 1967 enim
1522 1947 1572 1967 nos
1587 1949 1709 1969 summo-

922 1992 987 2018 pere
1014 1985 1131 2019 gentiles
1156 1985 1398 2019 reprehendimus,
1416 1986 1468 2013 hoc
1490 1986 1558 2012 illud
1570 1991 1623 2019 est,
1637 1983 1717 2021 quod‘

923 2030 1024 2057 multos
1039 2030 1134 2057 mundi
1149 2030 1262 2065 opiﬁces
1291 2035 1318 2057 et
1342 2031 1444 2058 multos
1465 2031 1532 2059 deos
1551 2033 1711 2060 introduce-

922 2080 994 2102 rcnt.
1023 2075 1051 2102 Si
1078 2075 1161 2110 igitur
1195 2080 1252 2103 tres
1275 2075 1437 2110 hypostases
1450 2077 1602 2104 crcationis‘
1615 2085 1711 2105 causas

921 2129 982 2149 esse
995 2121 1123 2154 dicimus,
1137 2122 1189 2149 hoc
1202 2122 1354 2149 absurdum
1380 2129 1431 2150 nos
1446 2127 1578 2158 sequetur
1590 2143 1597 2157 ,
1613 2129 1711 2150 erunt-

922 2174 976 2201 que
1004 2166 1088 2194 multa
1112 2168 1252 2203 principia
1279 2173 1308 2195 ct
1335 2169 1463 2196 deitates.

961 2213 1059 2239 Verum
1085 2215 1162 2245 audi,
1190 2215 1426 2249 quemadmodum
1456 2216 1583 2244 doctores
1617 2217 1644 2244 id
1668 2225 1712 2245 sa-

923 2259 1031 2294 pienter
1047 2260 1209 2288 dissolvaut.
1231 2261 1287 2288 Etsi
1317 2262 1390 2288 enim
1411 2261 1531 2294 Patrem,
1558 2267 1586 2290 et
1597 2263 1710 2296 Filium,

923 2311 949 2332 et
964 2305 1097 2340 Spiritum
1114 2313 1191 2341 mque
1203 2315 1300 2335 causas
1322 2315 1383 2335 esse
1401 2308 1551 2336 creationis
1563 2309 1682 2337 dicimus
1701 2320 1709 2337 :

85 2356 186 2383 φαμεν,
201 2347 257 2374 ἀλλ’
272 2347 345 2382 ὅμως
358 2346 402 2372 διὰ
424 2345 454 2371 τὸ
471 2344 520 2379 τὴν
537 2345 625 2380 ἀρχὴν
642 2345 695 2371 τῶν
710 2345 870 2380 δεδημιουρ-

927 2356 1045 2378 attamen
1063 2372 1070 2384 ,
1100 2353 1228 2386 quoniam
1261 2354 1427 2389 principium
1452 2361 1641 2382 creaturarum
1676 2357 1710 2383 ad

84 2394 212 2428 γημὲνων
228 2394 274 2419 ἐπὶ
297 2394 342 2419 τὸν
359 2391 467 2426 Πατέρα
482 2391 679 2426 ἀναφέρεσθαι,
701 2391 749 2417 καὶ
768 2392 872 2417 ἐκεῖθεν

84 2439 129 2467 τόν
142 2449 173 2467 τε
196 2438 262 2466 Υἱὺν
276 2438 305 2466 τό
321 2447 351 2464 τε
376 2438 500 2473 Πνεῦμα,
519 2438 566 2464 καὶ
589 2437 656 2463 αὐτὸ
674 2438 706 2464 τὸ
726 2437 807 2469 εἶναι,
825 2438 873 2464 καὶ

83 2488 135 2522 τὴν
149 2487 196 2513 τοῦ
209 2486 387 2521 δημιουργεῖν
400 2484 518 2520 δύναμιν
534 2484 606 2519 ἔχειν
617 2492 624 2499 ·
641 2484 688 2510 τοῦ
701 2485 755 2519 γὰρ
767 2484 872 2520 Πατρὸς

87 2533 124 2570 μὴ
141 2534 230 2567 ὄντος,
248 2534 262 2560 ὅ
277 2541 307 2559 τι
323 2533 386 2565 Υἱὸς
413 2533 462 2560 καὶ
480 2532 511 2559 τὸ
534 2532 646 2566 Πνεῦμα
659 2530 714 2558 οὔτ’
732 2532 766 2558 ἂν
789 2529 871 2567 ἦσαν,

85 2580 149 2607 οὔτε
161 2582 211 2614 τὴν
224 2579 271 2605 τοῦ
283 2580 461 2614 δημιουργεῖν
479 2579 596 2612 δύναμιν
615 2577 688 2613 εἶχον
699 2587 706 2594 ·
723 2577 764 2604 ἔτι
782 2587 810 2605 τε
825 2579 872 2605 καὶ

85 2628 129 2654 διὰ
142 2626 172 2653 τὸ
189 2626 240 2661 μιᾷ
252 2626 298 2652 καὶ
312 2627 344 2660 τῇ
359 2625 428 2660 αὐτῇ
440 2624 551 2660 ἀριθμῷ
559 2625 676 2659 δυνάμει
689 2625 871 2660 δημιουργεῖν

85 2672 195 2704 αὐτοὺς,
222 2671 254 2697 ἐκ
273 2670 322 2704 τῆς
346 2669 431 2703 αὐτῆς
457 2669 506 2694 καὶ
531 2669 595 2703 μιᾶς
627 2668 719 2703 κοινῆς
745 2668 871 2704 θεότητος

85 2717 220 2754 προῖούσῃ
230 2724 237 2730 ·
252 2716 296 2742 διὰ
308 2715 388 2742 τοῦτο
404 2714 516 2746 εἰκότως
534 2712 573 2745 εἷς
585 2714 663 2748 θεὸς,
679 2715 726 2741 καὶ
740 2714 871 2749 δημιουρ-

83 2765 131 2799 γὸς
146 2763 255 2797 λέγεται
273 2759 324 2792 εἷς.
346 2760 431 2787 Τοῦτο
447 2761 495 2788 οὖν
519 2761 566 2787 καὶ
580 2761 627 2787 ἐπὶ
647 2761 698 2796 τῆς
714 2762 746 2788 ὲκ
763 2761 870 2796 Πατρὸς

85 2811 132 2838 καὶ
152 2809 216 2836 Tia-3
234 2808 282 2836 τοῦ
303 2807 462 2842 Πνεῦματος
478 2806 672 2841 ὲκπορεύσεως
696 2807 788 2833 licatva
802 2807 870 2841 πρὸς

83 2859 146 2889 τοὺς
160 2856 338 2891 ἀποροῦντας.

120 2904 182 2930 ὐτι
195 2903 249 2938 γὰρ
265 2903 314 2938 μιᾷ
326 2903 373 2930 καὶ
384 2903 417 2938 τῇ
440 2902 509 2937 αὑτῇ
525 2902 639 2937 δυνάμει
664 2903 678 2929 ὁ
699 2902 792 2938 Πατὴρ
809 2902 869 2937 ἄμα

923 2396 1031 2423 Patrem
1061 2397 1191 2429 refertur,
1217 2399 1337 2433 indeque
1352 2407 1415 2426 cum
1443 2400 1530 2427 Filius
1551 2405 1607 2427 tum
1623 2401 1711 2435 Spiri-

921 2446 966 2469 tus
988 2447 1100 2470 sanctus
1120 2448 1147 2471 et
1170 2444 1260 2478 ipsum
1284 2453 1345 2472 esse
1370 2450 1398 2472 et
1418 2446 1529 2473 creandi
1560 2446 1709 2480 potentiam

923 2487 1026 2515 habent
1040 2496 1047 2514 :
1064 2488 1144 2516 Patre
1167 2490 1241 2517 enim
1271 2498 1325 2518 non
1345 2492 1507 2521 e‘xsistcnte.
1521 2499 1610 2527 neque
1625 2491 1711 2519 Filius

922 2537 1007 2565 esset,
1042 2541 1133 2567 neque
1167 2534 1289 2569 Spiritus
1318 2541 1444 2568 sanctus,
1477 2544 1566 2571 neque
1596 2536 1710 2565 creandi

922 2580 1070 2614 patentiarn
1096 2580 1251 2614 haberent;
1271 2586 1414 2616 prmterea,
1438 2583 1503 2617 quia
1526 2591 1578 2610 una
1601 2583 1712 2611 eadem—

926 2633 979 2660 que
992 2630 1108 2653 uumero
1123 2627 1259 2661 potentia,
1276 2627 1311 2655 ab
1333 2631 1387 2655 una
1400 2628 1554 2663 eademque
1567 2630 1709 2657 communi

925 2672 1027 2700 deitate
1051 2673 1234 2706 provenietite'
1251 2679 1365 2708 creant,
1400 2675 1436 2702 ob
1467 2675 1495 2702 id
1519 2675 1619 2703 merito
1639 2683 1713 2704 unus

925 2719 1002 2750 deus,
1026 2723 1054 2746 et
1082 2727 1152 2746 unus
1181 2720 1275 2747 mundi
1292 2720 1538 2755 eﬂ'ectorldicituri
1554 2720 1612 2750 Hoc
1627 2719 1712 2756 igitur

925 2770 953 2792 et
967 2765 1133 2799 in‘Spiritus
1146 2774 1179 2794 ex
1196 2767 1278 2794 Patre
1297 2767 1423 2802 Filioque
1449 2767 1628 2803 processione
1642 2769 1712 2797 satis

925 2815 1022 2849 aptum
1048 2816 1092 2839 est
1118 2811 1151 2839 ad
1176 2811 1336 2839 dubitantes
1368 2814 1403 2843 et.
1416 2815 1571 2847 quaerentes
1598 2819 1713 2848 respon-

924 2864 997 2884 sum.

959 2904 1037 2937 Quod
1064 2905 1138 2933 enim
1164 2909 1309 2940 propterea
1334 2912 1399 2935 vero
1420 2914 1452 2934 ac
1473 2905 1584 2940 proprie
1600 2907 1637 2935 sit
1657 2904 1710 2935 una
