1920 3063
175 123 223 155 1,91
669 120 919 152 BESSARIONIS
934 121 964 150 S.

1042 121 1070 150 Ε.
1085 121 1320 151 CAltDlNALlS

1771 122 1841 154 392

176 189 270 215 causa,
298 188 419 208 unumvc
444 180 611 215 principium
639 180 825 215 processionis
846 179 966 215 Spiritus

1042 180 1067 205 1i.
1083 180 1097 205 ὀ
1114 179 1176 210 Υἱὸς
1201 179 1231 205 τὸ
1250 179 1363 213 [Ινεῦμα
1382 179 1577 213 προϐάλλουσι,
1592 180 1641 207 καὶ
1655 181 1698 208 ὄτι
1715 181 1751 207 ἑκ
1774 181 1838 208 τοῦ

176 227 277 258 sancti,
307 227 371 262 quia
401 234 452 253 una
469 226 621 260 cadentque
639 226 777 260 polentia,
791 225 873 252 Pater
885 224 967 251 simul

177 281 208 300 ac
237 273 334 305 Filius,
353 272 489 307 Spiritum
514 272 694 306 producunt;
717 275 744 298 et
757 271 821 306 quia
836 279 869 297 ex
881 271 965 297 Patre

177 319 249 346 lianc
267 318 439 354 producendi
465 318 617 353 potentiam
639 318 722 344 habet
748 317 847 348 Filius,
865 316 897 343 ad
915 317 968 343 hoc

178 364 352 399 probandum
378 363 496 391 maxime
520 363 642 398 quidem,
676 367 706 389 ut
733 362 838 389 dictum
865 365 921 393 est,
942 366 970 388 et

180 410 238 438 haec
271 409 339 437 satis
358 413 469 442 essent;
498 408 656 435 ostenditur
671 414 761 435 tamen
780 408 831 434 hoc
845 406 928 438 idem,
943 410 971 433 et

179 455 302 483 ratione.
332 454 441 483 Etenim
467 454 522 482 duo
537 462 600 482 cum
617 453 685 487 sint,
699 459 729 480 ut
742 452 846 480 dictum
865 458 920 483 est,
936 451 970 478 ad

181 511 242 536 qua.
265 509 347 530 omne
368 502 442 536 quod
476 500 662 536 producitur,
692 499 831 531 refertur,
863 498 971 533 species

180 548 298 582 scilicet,
316 547 469 575 secundum
486 555 569 582 quam
601 545 779 581 producitur,
796 548 824 571 et
840 543 971 578 supposi-

183 600 253 626 tum,
285 601 333 621 seu
360 601 490 628 persona,
522 600 555 620 ex
588 599 642 626 qua
657 590 821 626 producitur
835 599 840 616 :
854 590 876 617 si
892 589 972 616 Pater

181 637 295 672 quidem
320 642 349 664 et
370 637 465 669 Filius,
485 635 716 671 quemadmodum
738 635 793 662 duo
821 639 887 661 sunt
913 641 973 669 per—

182 684 268 715 sonis,
297 684 333 711 ita
363 690 473 718 quoque
501 683 607 717 specie,
633 681 786 709 secundum
804 689 888 716 quam
909 688 972 716 pro-

181 730 288 757 ducunt
305 729 448 763 Spiritum,
471 728 527 755 duo
549 732 654 759 essent,
675 732 703 755 et
719 727 834 755 omnino
853 727 880 754 in
902 726 973 754 duas

169 781 275 811 partes
298 779 459 803 seearcntur
478 782 510 802 ac
524 774 732 806 dividerentur;
753 778 818 801 tunc
832 781 897 801 sane
921 781 975 800 non

181 823 377 855 essetmirnm,
416 822 470 848 imo
494 829 561 848 vero
590 825 618 848 et
646 821 833 848 necessarium
880 819 975 847 dicere

1021 225 1126 259 [ἰατρὸς
1145 226 1202 260 ἔχει
1215 225 1307 252 λαὸὼν
1325 226 1337 251 ἐ
1359 225 1424 256 Υἱὺς
1442 226 1491 259 τὴν
1515 227 1716 261 ἑκπορευτικὴν
1737 226 1840 253 δῦνα-

1023 280 1068 305 μιν
1095 271 1210 306 ταύτην,
1235 272 1279 299 διὰ
1303 272 1382 298 τοῦτο
1408 273 1512 307 κυρέως
1536 275 1584 298 καὶ
1610 273 1718 308 ἀληθῶς
1744 271 1794 304 εἷς
1817 274 1837 299 ὁ

1022 317 1108 349 αἴτιος
1126 318 1173 344 καὶ
1193 317 1244 352 μία
1260 318 1331 352 ἁρχὴ
1354 318 1405 353 τῆς
1424 318 1472 344 τοῦ
1494 319 1654 352 Πνεὺματος
1682 319 1838 353 ἐκπορεύ-

1023 372 1103 396 σεως,
1117 364 1235 398 μάλιστα
1250 364 1301 398 μὲν
1313 362 1370 397 οὖν,
1386 365 1423 396 ὡς
1435 366 1543 400 εἴρηται
1560 366 1640 392 ἰκανὰ
1652 367 1699 392 καὶ
1711 365 1812 392 ταῦτα.
1825 373 1834 380 ·

1021 410 1164 437 δείκνυται
1181 410 1210 437 δὲ
1229 411 1303 446 ὅμως
1321 413 1350 438 τὸ
1363 411 1430 438 αὐτὸ
1447 411 1528 438 τοῦτο
1545 412 1592 438 καὶ
1608 412 1640 438 ἐκ
1658 412 1706 438 τοῦ
1722 412 1833 445 λόγου.

1023 456 1100 482 Δυοῖν
1117 456 1170 491 γὰρ
1182 456 1280 489 δντοιν,
1294 456 1332 487 ὡς
1342 456 1462 491 εἴρηται,
1475 457 1514 488 εἰς
1527 456 1545 483 ἃ
1561 457 1615 484 πᾶν
1625 457 1834 492 προαγόμενον

1023 501 1202 536 ἀναφέρεται,
1228 501 1275 528 τοῦ
1299 510 1329 528 τε
1353 503 1454 535 εἴδους,
1472 503 1534 528 καθ’
1550 503 1565 529 ὃ
1586 504 1752 537 προάγεται,
1773 503 1834 529 καὶ

1023 547 1071 575 τοῦ
1089 548 1271 582 ὑποκειμένου
1289 548 1305 583 ἢ
1323 548 1474 583 προσώπου
1489 548 1518 581 ἐξ
1530 545 1572 581 οὗ,
1589 549 1615 574 εἰ
1630 549 1680 583 μὲν
1696 550 1710 574 ὁ
1723 548 1832 582 Πατὴρ

1025 595 1072 620 καὶ
1087 595 1101 620 ὀ
1115 594 1188 626 Υἱὸς,
1199 593 1298 630 ὥσπερ
1315 594 1362 621 δύο
1380 595 1440 625 ταῖς
1461 594 1657 626 ὕποστάσεσιν,
1669 594 1761 625 οὕτως
1776 595 1832 622 καὶ

1025 639 1064 675 τῷ
1077 639 1143 666 εῐδει
1155 639 1217 666 καθ’
1233 639 1248 666 ὃ
1262 640 1292 666 τὸ
1309 640 1422 674 Πνεῦμα
1439 639 1593 674 προάγουσι
1605 639 1651 666 δύο
1667 637 1754 675 ἦσαν.
1775 639 1831 666 καὶ

1027 685 1166 717 παντελῶς
1179 685 1394 720 ὲδιχοτομοῦντο,
1416 685 1471 712 τότ*
1487 685 1521 712 ἂν
1536 683 1593 720 εἷχε
1611 685 1701 719 λόγον,
1716 685 1832 721 μᾶλλον

1026 731 1048 758 δ’
1063 729 1098 766 ἦν
1120 732 1272 765 ἀναγκαῖον
1293 731 1340 757 δύο
1354 731 1444 766 ἀρχὰς
1469 731 1560 764 λέγειν
1576 731 1623 758 rei
1641 732 1808 766 Πνεῦματος
1820 740 1829 748 ο

1028 777 1089 803 ἐπεὶ
1114 777 1141 804 δὲ
1162 777 1186 803 εί
1212 777 1261 803 καὶ
1277 776 1310 803 τὰ
1339 776 1461 811 μάλιστα
1476 777 1523 803 δύο
1547 778 1607 810 ταῖς
1633 778 1830 804 omo-ninam

1029 824 1238 859 όμολογοῡνται,
1263 823 1302 858 τῷ
1317 831 1350 858 γε
1371 824 1425 858 μὴν
1448 823 1524 854 εῖδει,
1544 820 1567 857 ᾧ
1588 823 1768 857 προάγουσιν,
1794 823 1829 849 ἓν

180 867 238 896 duo
254 867 390 903 principia
399 867 519 902 Spiritus
533 867 631 899 sancti;
644 874 719 893 nunc
730 873 807 898 vero,
820 873 977 900 quanquam

1042 870 1085 895 tot
1101 869 1140 903 τῷ
1155 868 1266 903 ἀριθμῷ
1282 869 1328 895 καὶ
1350 866 1491 899 παντελῶς
1505 866 1750 902 ἁδιαίρετοι.Ἐστι
1767 866 1830 900 γὰρ

184 915 357 949 potissimum
371 915 425 941 duo
442 921 503 941 esse
516 912 709 948 liypostasibus
723 912 794 939 inter
806 919 902 939 omnes
911 919 977 939 con-

183 965 247 992 stat,
262 959 326 994 quia
343 964 435 986 tamen
447 959 549 993 specie,
563 966 617 993 qua
630 959 797 993 producunt,
811 965 896 985 unum
912 964 978 986 sunt

184 1013 311 1037 ntttnero,
328 1009 356 1032 et
372 1005 485 1032 omnino
507 1004 714 1036 indivisibiles;
734 1011 776 1031 est
791 1004 865 1031 enim
884 1003 978 1030 divina

183 1052 314 1084 essentia,
329 1050 482 1079 secundum
495 1058 578 1085 quam
594 1050 677 1077 ambo
691 1049 827 1084 Spiritum
845 1053 976 1076 sanctum

184 1098 351 1133 producunt,
380 1105 433 1124 una
473 1096 628 1131 eademque
666 1102 784 1123 numero
820 1095 977 1122 communis

184 1145 319 1172 ambobus
349 1143 506 1175 exsislens;
537 1151 592 1170 non
616 1147 659 1170 cst
674 1142 876 1175 necessarium,
893 1146 977 1177 atque

184 1192 254 1219 adeo
279 1191 354 1218 nullo
384 1191 465 1218 modo
500 1190 560 1217 ﬁeri
586 1194 688 1224 potest,
718 1193 749 1216 ut
773 1188 830 1216 duo
845 1188 976 1216 dicantur

133 1247 137 1252 '
187 1238 334 1274 principia.
352 1238 400 1265 Est
414 1238 488 1264 enim
506 1243 559 1263 una
591 1235 761 1267 essentialis,
780 1239 807 1262 et
821 1234 979 1262 communis

186 1286 253 1321 ipsis
279 1284 445 1320 productiva
462 1285 504 1310 vis
525 1288 552 1310 et
566 1283 700 1318 potentia.
720 1281 787 1315 Quae
808 1282 935 1316 quidem,
950 1287 978 1309 et

185 1332 207 1359 si
234 1331 389 1359 essentialis
423 1329 496 1357 haud
528 1329 613 1357 dubie
644 1328 808 1356 conceditur
822 1335 896 1362 esse,
922 1336 978 1356 non

187 1383 279 1413 potest
291 1383 382 1405 tamen
399 1377 554 1404 communis
566 1384 628 1404 esse
643 1376 698 1403 illis
713 1383 777 1403 cum
793 1375 900 1410 Spiritu
915 1382 979 1402 san—

186 1431 251 1457 cto,
279 1424 364 1459 quod,
388 1427 418 1450 ut
445 1430 515 1458 szepe
541 1422 645 1450 dictum
675 1427 728 1454 est,
741 1420 904 1456 proprietati
919 1421 980 1455 ejus

188 1474 343 1506 repugnet;
377 1469 469 1496 omnia
494 1467 570 1495 enim
609 1472 675 1494 sunt
702 1467 772 1494 Filio
804 1475 836 1494 ac
863 1465 979 1501 Spiritui

189 1521 284 1544 sancto
311 1523 373 1543 cum
398 1515 479 1541 Patre
494 1514 651 1540 communia
665 1534 671 1546 ,
686 1519 715 1541 ut
732 1517 760 1540 et
777 1513 831 1540 hoc
845 1521 901 1540 non
917 1520 980 1539 raro

186 1563 293 1590 dictum
321 1565 373 1591 est.
395 1559 512 1587 servatis
539 1559 597 1585 suis
627 1557 860 1592 proprietatibus;
888 1557 980 1584 omnia

189 1608 263 1634 enim
296 1610 338 1633 est
364 1604 449 1631 Filius
479 1610 651 1638 quzecunque
669 1607 697 1629 et
715 1602 806 1633 Pater,
823 1601 978 1629 secundum

189 1661 322 1688 magnum
353 1651 496 1681 Basilium,
513 1653 694 1683 caeterosquuc
708 1647 839 1674 doctores
851 1667 857 1679 ,
872 1654 981 1681 perma-

189 1706 258 1727 nens
285 1698 312 1724 in
324 1705 357 1725 eo
373 1696 447 1731 quod
459 1696 494 1723 sit
513 1695 609 1726 Filius,
632 1695 686 1721 hoc
701 1699 744 1721 est
757 1701 834 1721 suam
853 1692 980 1727 proprie-

177 1750 274 1773 ,tatem
302 1744 435 1770 retinens.
477 1741 598 1768 Tametsi
635 1740 710 1768 enim
741 1747 823 1774 quam
859 1738 980 1765 maxime

188 1789 302 1825 aequalis
324 1793 353 1816 et
380 1788 479 1815 similis
505 1791 547 1814 est
563 1786 647 1818 Patri,
665 1786 722 1820 ipse
740 1789 830 1811 tamen
846 1791 980 1819 generare

189 1839 311 1873 seipsum
338 1836 450 1864 minime
477 1840 590 1870 potest;
619 1834 692 1869 quod
711 1833 798 1868 ipsius
816 1833 980 1868 proprietati

190 1889 334 1920 repugnet.
358 1883 442 1918 igitur
475 1886 503 1909 et
529 1880 649 1916 Spiritus
677 1884 790 1907 sanctus
813 1879 905 1906 omnia
926 1879 980 1906 sibi

191 1931 275 1959 habet
297 1937 359 1958 cum
380 1928 462 1955 Patre
478 1927 604 1961 FiliOque
630 1926 788 1953 communia
801 1945 808 1959 ,
821 1933 937 1954 manens
952 1926 980 1954 in

1029 917 1046 950 ἡ
1063 915 1122 942 θεία
1137 915 1226 948 οὐσία,
1243 915 1306 942 καθ’
1322 915 1356 951 ἢν
1369 915 1455 949 ἄμφω
1471 914 1501 941 τὸ
1518 914 1598 948 ἅγιον
1622 914 1733 948 Πνεῦμα
1753 922 1830 948 προ-

1029 963 1136 996 άγουσι,
1156 962 1204 996 μία
1217 961 1264 988 καὶ
1278 960 1376 996 mox),
1393 960 1504 996 ἀριθμῷ
1521 960 1597 995 κοινὴ
1611 959 1680 986 οὖσα
1696 960 1807 994 ἀμφοῖν
1820 967 1828 974 ·

1028 1009 1079 1034 οὐκ
1095 1008 1257 1042 ἀναγκαῖον,
1282 1007 1384 1041 μᾶλλον
1410 1006 1439 1032 δὲ
1461 1006 1592 1033 ἀδύνατον
1609 1006 1656 1032 δύο
1673 1005 1762 1040 ἀρχὰς
1780 1005 1830 1030 λέ-

1029 1061 1097 1087 γειν.
1116 1053 1194 1079 Ἔστι
1212 1052 1267 1087 γὰρ
1286 1052 1334 1087 μία
1355 1053 1372 1087 ή
1391 1052 1525 1086 οὐσιώδηε
1557 1052 1604 1079 καὶ
1627 1053 1702 1086 κοινὴ
1727 1051 1828 1078 αὐτῶν

1029 1098 1201 1134 προσλητικὴ
1215 1098 1330 1134 δύναμις
1347 1107 1353 1114 ·
1374 1099 1435 1134 ἥτις
1452 1100 1476 1125 εί
1497 1099 1545 1126 καὶ
1569 1098 1702 1132 οὺσιὼδης
1721 1098 1830 1133 ὁμολο-

1028 1146 1129 1178 γεῖται,
1152 1146 1184 1171 οὺ
1207 1145 1321 1172 δύναται
1346 1146 1421 1179 ὅμως
1437 1144 1506 1172 εἶναι
1521 1145 1599 1180 κοινὴ
1622 1145 1662 1180 τῷ
1679 1145 1827 1179 Πνεύματι

1028 1191 1068 1226 τῷ
1081 1191 1161 1225 ἁγιῳ,
1180 1191 1225 1217 διὰ
1241 1191 1282 1223 τὸ,
1305 1191 1342 1222 ὼς
1360 1190 1491 1222 πολλάκις
1512 1190 1631 1226 εἴρηται,
1648 1189 1827 1217 ἀντικεῖσθαι

1029 1239 1063 1273 τῇ
1078 1237 1159 1264 αὑτοῦ
1177 1237 1300 1271 ίδιότητι.
1318 1237 1431 1264 Πάντων
1445 1237 1499 1271 γὰρ
1515 1237 1552 1272 τῷ
1573 1237 1661 1272 Πατρὶ
1675 1237 1828 1262 κοινωνοῦ-

1032 1291 1072 1309 σιν
1087 1283 1100 1309 ό
1115 1282 1178 1314 Υἱὸς
1193 1282 1241 1309 καὶ
1258 1283 1288 1308 τὸ
1313 1282 1426 1316 Πνεῦμα
1449 1284 1480 1309 τὸ
1506 1283 1596 1316 ἅγιον,
1620 1282 1658 1313 ὡς
1674 1282 1721 1308 καὶ
1741 1281 1827 1308 τοῦτο

1030 1328 1079 1354 οὑκ
1095 1328 1220 1361 ὀλιγάκις
1235 1327 1353 1362 εἴρηται,
1373 1327 1557 1362 φυλάττοντες
1574 1328 1684 1363 πρῶτον
1696 1327 1745 1359 τὰς
1759 1328 1827 1354 ἑαυ-

1030 1373 1084 1402 τῶν
1102 1374 1249 1409 ἰδιότητας.
1270 1374 1364 1401 [Ιάντα
1391 1375 1447 1408 γάρ
1473 1375 1546 1401 ἐστιν
1564 1375 1578 1400 ό
1599 1375 1661 1405 Υἱὸς
1673 1374 1722 1400 ὅσα
1745 1374 1794 1400 καὶ
1810 1375 1826 1401 ό

1032 1421 1140 1457 Πατὴρ,
1156 1421 1227 1447 κατὰ
1243 1422 1289 1448 τὸν
1310 1421 1397 1455 μέγαν
1416 1421 1559 1448 Βασίλειον
1577 1421 1623 1447 καὶ
1644 1422 1707 1452 τοὺς
1724 1420 1826 1452 ἄλλους

1032 1465 1221 1497 διδασκάλους,
1239 1466 1330 1500 μένων
1345 1466 1373 1491 ἐν
1387 1465 1426 1499 τῷ
1438 1463 1507 1492 εἷναι
1524 1466 1597 1499 Υιὸς,
1614 1466 1674 1501 ἦτοι
1692 1465 1740 1500 τὴν
1756 1466 1824 1492 ἐαυ-

993 1527 1015 1558 C
1032 1511 1079 1538 τοῦ
1102 1512 1195 1546 τηρῶν
1221 1511 1351 1546 ἰδιότητα.
1372 1512 1403 1538 ΕΞ
1419 1512 1473 1546 γὰρ
1489 1513 1538 1538 καὶ
1560 1513 1594 1539 τὰ
1620 1512 1739 1548 μάλιστα
1765 1512 1826 1544 [σος

1032 1557 1080 1584 καὶ
1097 1557 1190 1592 ὅμοιός
1219 1558 1278 1583 ἐστι
1302 1557 1341 1592 τῷ
1372 1558 1470 1591 lla-cpt,
1500 1559 1598 1593 γεννᾷν
1627 1559 1722 1592 μέντοι
1740 1559 1824 1585 αὑτὸν

1031 1602 1127 1628 ἑαυτὸν
1147 1601 1177 1627 οὺ
1196 1600 1319 1633 δύναται,
1339 1601 1382 1627 διὰ
1399 1602 1429 1627 τὸ
1446 1602 1581 1636 μάχεσθαι
1595 1602 1634 1636 τῷ
1652 1603 1736 1629 αὑτοῦ
1754 1603 1826 1629 ἰδιώ-

1034 1655 1111 1682 ματι.
1121 1647 1225 1673 Οὐκοῦν
1240 1647 1332 1673 καὶτὸ
1350 1647 1462 1682 Πνεῦμα
1484 1649 1514 1674 τὸ
1532 1649 1610 1678 ἅγιον
1632 1649 1744 1675 πάντων
1763 1657 1825 1676 κοιο

1030 1694 1112 1719 νωνεῖ
1135 1692 1174 1728 τῷ
1200 1693 1290 1728 Πατρὶ
1305 1693 1353 1720 καὶ
1375 1693 1416 1728 τῷ
1443 1694 1511 1729 Υίῷ,
1543 1696 1623 1728 μένον
1646 1695 1676 1722 ὲν
1696 1695 1736 1730 τῷ
1751 1694 1823 1723 εῖναι

1037 1739 1162 1775 Πνεῦμα,
1180 1740 1240 1774 ἢτοι
1257 1739 1345 1772 σῶζον
1365 1740 1415 1776 τὴν
1434 1741 1529 1767 ἑαυτοῦ
1552 1741 1683 1776 ἰδιότητα.
1696 1743 1776 1769 Ὅθεν
1789 1745 1822 1769 οὐ

1036 1787 1147 1813 δύναται
1171 1787 1335 1822 προϐάλλειν
1353 1787 1444 1819 ἑαυτὸ,
1465 1787 1557 1814 καίτοι
1583 1789 1696 1816 πάντων
1719 1790 1826 1822 ἑαυτοῖς

1037 1833 1196 1867 κοινωνοῦν,
1218 1833 1262 1860 διὰ
1290 1835 1321 1860 τὸ
1350 1834 1487 1869 μάχεσθαι
1513 1834 1593 1861 τοῦτο
1618 1837 1652 1870 τῇ
1678 1836 1824 1864 ὑποστάσει

1038 1880 1130 1907 αὑτοῦ.
1150 1880 1232 1907 Ὥστε
1249 1880 1400 1915 οὐδαμόθεν
1422 1880 1535 1915 εὔλογος
1551 1883 1563 1908 ὁ
1578 1881 1657 1916 λόγος
1676 1884 1733 1914 τοῖς
1749 1883 1824 1918 διαρ-

1038 1927 1099 1962 χιαν
1120 1927 1265 1962 ἐγκαλοῦσι
1278 1928 1417 1959 Λατίνοις.

189 1989 223 2008 eo
254 1974 328 2016 quod
357 1979 392 2006 sit
419 1976 551 2012 Spiritus,
567 1976 620 2005 boc
634 1981 677 2003 est
692 1982 807 2003 servans
843 1982 921 2002 suam
955 1976 1167 2011 proprietatem.
1196 1977 1275 2005 Unde
1305 1985 1360 2004 non
1389 1982 1479 2012 potest
1512 1980 1633 2014 seipsum
1664 1981 1821 2015 producere,

190 2030 255 2058 licet
270 2027 395 2056 omnium
422 2026 560 2061 particeps
584 2024 640 2056 ﬁat,
661 2024 735 2058 quod
769 2025 858 2059 ipsum
892 2031 1016 2057 persona;
1036 2025 1124 2059 ipsius
1156 2030 1303 2060 repugnet.
1331 2026 1424 2059 Quare
1453 2026 1528 2053 nulla
1558 2035 1592 2054 ex
1619 2033 1697 2062 parte
1714 2028 1782 2063 justa
1796 2036 1823 2059 οι

191 2076 332 2112 rationalis
361 2079 404 2102 cst
432 2080 530 2101 eorum
557 2071 770 2107 argumentatio,
803 2072 849 2106 qui
879 2071 981 2105 duplex
1004 2072 1172 2107 principium
1189 2072 1297 2099 Latinis
1312 2072 1459 2108 objiciunt.

285 2142 396 2170 Salutio
411 2140 521 2168 αὔξεινάί
533 2139 607 2166 ducti
621 2140 653 2166 ab
670 2139 880 2174 imperfectione.

228 2213 330 2240 Verum
346 2211 434 2243 aiunt,
453 2210 500 2237 Vel
513 2209 636 2245 perfecta
651 2213 694 2236 est
724 2208 869 2243 productio
882 2208 985 2240 Patris,
1005 2200 1024 2227 ί)

193 2267 220 2287 et
242 2267 312 2286 vana
343 2258 398 2285 erit
427 2265 460 2284 ex
478 2256 547 2283 Filio
566 2255 628 2283 :vel
644 2255 667 2282 si
687 2255 844 2282 necessaria
856 2259 900 2282 est
917 2262 981 2289 pro-

195 2307 289 2334 ductio
304 2304 378 2337 Filii,
395 2303 554 2338 imperfecta
588 2306 630 2329 est
645 2302 745 2329 Patris.
760 2301 816 2328 Hoc
827 2307 920 2328 autem
937 2301 985 2327 ab-

195 2353 310 2381 surdum
331 2356 384 2384 cst,
401 2349 588 2384 imperfectam
616 2349 710 2375 dicere
730 2348 919 2382 operationem
932 2346 986 2374 Pa-

197 2401 258 2431 tris,
272 2404 299 2427 et
315 2397 348 2425 ad
365 2396 561 2432 perfectionem
575 2394 698 2429 indigere
717 2394 797 2421 Filio.

234 2446 289 2474 Nos
316 2452 381 2472 vero
396 2444 428 2471 ad
442 2442 500 2469 haec
528 2441 656 2473 dicimus,
670 2440 743 2475 quod
760 2440 808 2475 qui
825 2440 904 2468 aiunt
921 2440 986 2473 ista,

199 2494 329 2522 videntur
354 2492 381 2518 in
412 2489 541 2518 omnibus
565 2487 689 2519 Patrem,
709 2495 740 2514 ac
750 2487 852 2514 Filium
879 2494 989 2514 eorum-

199 2547 255 2576 que
278 2537 453 2573 operationes
477 2541 573 2562 secare
602 2541 634 2560 ac
666 2533 799 2565 dividere,
814 2533 843 2560 in
859 2532 989 2560 humanis

199 2584 332 2619 exemplis
361 2583 474 2611 omnino
500 2580 597 2607 innixi.
615 2579 649 2606 Et
659 2579 787 2614 quoniam
815 2579 908 2607 vident
922 2579 990 2606 duo-

200 2640 262 2660 runt
277 2630 422 2658 hominum
436 2626 625 2662 operationes.
650 2625 719 2653 duas
731 2633 792 2653 esse
811 2633 944 2658 numero,
961 2632 990 2654 et

201 2679 317 2706 alteram
342 2675 377 2703 ab
399 2675 485 2702 altera
509 2673 674 2707 seiunctam,
689 2672 754 2699 licet
773 2673 805 2699 ad
823 2681 908 2700 unum
924 2672 991 2700 επε-

201 2729 276 2752 ctum
305 2720 431 2753 tendant,
454 2719 604 2754 opinantur
627 2718 711 2745 etiam
725 2718 753 2744 in
769 2717 825 2745 Deo
837 2718 910 2745 idem
926 2725 989 2745 curn

203 2770 305 2797 divinis
320 2766 447 2803 personis
466 2773 631 2801 congruere.
651 2764 772 2799 Indeque
797 2765 866 2791 tales
881 2764 991 2791 dubita-

204 2817 296 2843 tiones
310 2815 337 2842 in
356 2813 476 2841 medium
498 2813 626 2840 alierum.
656 2812 757 2840 Verum
779 2811 852 2838 istud
869 2810 992 2845 cogitare

206 2861 358 2892 absurdum
373 2865 423 2890 est.
440 2859 521 2888 Pater
533 2858 606 2887 enim
633 2863 661 2886 ct
675 2857 772 2891 Filius,
790 2857 916 2891 personis
932 2861 992 2883 tan-

1101 2141 1196 2174 Λύσις
1209 2141 1260 2168 τοῦ
1273 2142 1332 2169 ἀπὸ
1347 2141 1402 2176 τῆς
1419 2143 1561 2176 ἀτελείας
1576 2143 1772 2179 ἐγκλήματος.

1083 2210 1164 2237 ’Λλλὰ
1184 2219 1277 2245 φασιν,
1303 2211 1338 2237 ’Ἡ
1360 2211 1450 2238 τελεία
1475 2213 1490 2246 ὴ
1509 2212 1673 2246 ὲκπόρευσις
1694 2214 1756 2249 ἠὲκ
1771 2214 1822 2239 Πλ-

1040 2255 1114 2289 τρδς,
1135 2256 1181 2282 καὶ
1199 2255 1303 2290 ματαία
1324 2257 1340 2290 ή
1366 2256 1396 2289 ὲξ
1421 2257 1486 2283 Υιοῦ
1505 2265 1512 2272 ·
1535 2257 1551 2293 ἢ
1574 2259 1598 2284 εί
1616 2258 1752 2291 ἀναγκαία
1766 2260 1779 2293 ἡ
1795 2259 1822 2293 ἐξ

1041 2301 1118 2333 Υἱοῦ,
1136 2302 1236 2336 ἀτελὴς
1253 2303 1270 2337 ὴ
1285 2303 1317 2329 ὲκ
1341 2303 1388 2329 ’τοῦ
1415 2304 1533 2340 Πατρός.
1551 2304 1638 2330 Τοῦτο
1664 2305 1692 2330 δὲ
1714 2305 1821 2336 ἄτοποι,

1041 2348 1122 2382 ἀτελῆ
1134 2347 1182 2383 τὴν
1196 2349 1340 2384 ἐνέργειαν
1353 2349 1401 2376 τοῦ
1416 2350 1523 2385 Πατρὺς
1539 2351 1640 2384 λέγειν,
1659 2352 1706 2378 καὶ
1723 2351 1820 2379 δεῖσθαι

1041 2393 1109 2426 πρὸς
1125 2393 1267 2420 τελείωσιν
1282 2393 1329 2420 τοῦ
1350 2393 1425 2420 Υίοῦ.
1762 2404 1765 2406 λ

1085 2439 1180 2473 Ἡμεῖς
1190 2439 1217 2466 δὲ
1228 2440 1295 2474 πρὸς
1307 2440 1392 2466 ταῦτα
1404 2448 1506 2474 φαμεν,
1516 2439 1554 2471 ὡς
1567 2440 1592 2466 ol
1606 2439 1693 2467 ταῦτα
1707 2441 1822 2475 λέγοντες

1043 2489 1164 2516 ἐοίκασιν
1179 2489 1207 2515 ὲν
1225 2490 1292 2515 πᾶσι
1307 2489 1462 2524 διχοτομεῖν
1475 2489 1587 2523 Πατέρα
1604 2497 1633 2515 τε
1651 2490 1697 2515 καὶ
1710 2489 1769 2515 Υἰδν
1782 2491 1821 2514 καὶ

1043 2536 1092 2567 τὰς
1106 2535 1197 2562 αὐτῶν
1212 2535 1364 2570 ἐνεργείας,
1387 2535 1419 2562 ἐκ
1441 2535 1494 2561 τῶν
1522 2534 1702 2570 ἀνθρωπίνων
1727 2540 1821 2568 παντως

1044 2580 1275 2616 παραδειγμάτων
1283 2580 1450 2616 ὁρμώμενοι·
1466 2581 1513 2608 καὶ
1522 2581 1562 2608 ὅτι
1576 2580 1659 2616 ὁρῶσι
1672 2581 1717 2608 δύο
1730 2581 1821 2616 ἀνθρὼ-

1045 2637 1104 2654 πων
1116 2627 1268 2661 ἐνεργείας,
1284 2626 1331 2652 δύο
1345 2627 1384 2661 τῷ
1403 2625 1515 2662 ἀριθμῷ
1529 2626 1626 2659 οὔσας,
1652 2628 1704 2653 κᾶν
1722 2627 1782 2662 πρὸς
1796 2628 1822 2654 ἓν

1046 2673 1223 2708 ἀποτέλεσμα
1237 2673 1375 2708 φέρωνται
1388 2694 1395 2704 ,
1411 2675 1457 2700 καὶ
1471 2674 1682 2708 κεχιιιρισμέιας
1700 2674 1822 2708 ἀλλήλων,

1046 2721 1148 2746 οἴονται
1173 2719 1241 2746 κάπὶ
1263 2718 1330 2745 Θεοῦ
1357 2719 1440 2745 ταυτὸ
1455 2719 1649 2754 ⁴ἐικιρμόζειν.
1681 2719 1822 2746 Κάντ.ὖῦςν

1046 2764 1173 2794 τοιαύτας
1182 2763 1299 2799 ἀπορίας
1312 2764 1481 2798 εἰσάγουσιν.
1496 2764 1578 2791 Ἀλλὰ
1589 2765 1669 2791 τοῦτο
1685 2765 1797 2791 ἄτοπονέ
1814 2781 1822 2786 -

1047 2809 1154 2844 νοῆσαι.
1175 2809 1270 2844 Πατὴρ
1285 2809 1341 2843 γὰρ
1356 2810 1404 2836 καὶ
1420 2811 1434 2835 ὀ
1449 2810 1512 2841 Υἱὸς
1529 2811 1590 2841 ταῖς
1606 2810 1767 2836 ὑποστάσεσι
1782 2813 1822 2844 μῦ-

1048 2864 1108 2888 νιις
1125 2856 1338 2890 διακρινόμενοι,
1352 2855 1435 2884 τᾶλλα
1451 2857 1538 2885 πάντα
1550 2856 1579 2886 ’ἐν
1595 2858 1648 2884 εἰσι
1665 2856 1711 2883 καὶ
1728 2858 1821 2884 tau-.61.
