1920 3063
84 191 136 220 ut;

544 190 593 219 DF.
617 191 877 221 PllOCESStONE
900 192 1077 222 SPlRI‘l'US
1096 191 1239 222 SANCTI.

1650 189 1704 222 382

89 245 144 271 Καὶ
168 243 211 269 διὰ
227 243 304 270 τοῦτο
321 245 366 270 zz".
389 245 457 272 κατὰ
479 246 528 280 τὴν
554 247 743 283 προϐλητικὴν
758 248 873 283 δύναμιν

942 256 985 275 um
1010 256 1072 276 cum
1092 248 1310 284 distinguuntur,
1346 248 1372 275 in
1403 247 1532 275 omnibus
1546 247 1608 274 aliis
1623 256 1706 274 unum

86 290 191 324 τιύτην
202 290 252 316 οὐκ
269 290 322 325 ἰδίᾳ
348 291 489 326 ἑκάτερος,
508 293 524 328 ἢ
550 293 563 319 ὀ
586 293 635 327 μὲν
653 294 797 328 πρότερον,
811 294 825 320 ὁ
845 294 873 320 δὲ

89 334 239 370 ὓστερον,ἢ
258 336 331 370 ὁμὲν
341 337 432 371 ἑτέρᾳ,
451 338 464 363 ὁ
482 338 510 363 δὲ
529 338 612 373 ἑτέρᾳ
634 339 797 373 ἐκπορεύσει
807 347 874 374 προ-

93 380 187 407 ὃάλλει
199 381 227 406 τὸ
241 381 363 415 Πνεῦμα,
380 382 416 413 ὡς
432 383 464 409 ἄν
478 391 518 414 τις
536 383 590 410 τῶν
605 385 693 410 πάντα
711 383 874 418 σωματικῶν

88 426 207 460 οἰηθείη,
217 427 274 454 ἀλλ’
284 428 341 462 ἃμα
352 437 379 454 τε
393 429 440 455 καὶ
452 429 571 464 ἁχρὸνως
586 430 694 465 καὶμιᾲ
708 430 754 456 καὶ
763 431 795 464 τῇ
806 430 874 464 αὐτῇ

89 472 202 507 δυνάμει
214 473 412 507 προϐάλλοντες
422 475 505 509 ἄμφω
515 475 626 507 τελείως
637 476 684 502 καὶ
694 475 875 510 ὑπερτελεὶως

88 519 144 548 tot;
157 519 280 552 ματαίοις
295 519 401 551 τούτοις
415 520 504 554 λόγοις
518 522 611 556 χώραν
625 521 659 547 οὗ
669 522 821 548 λείπουσιν.

89 569 161 592 taret
180 573 186 591 :
202 572 296 592 verum
313 567 406 599 simttl,
422 572 449 593 et
467 573 530 594 ante
565 572 700 601 tempora,

927 300 1010 329 atque
1040 294 1112 320 idem
1145 300 1220 322 sunt.
1247 295 1280 321 Et
1297 299 1443 329 propterea
1461 294 1542 321 etiam
1559 294 1709 321 secundum

928 340 1007 367 istam
1020 340 1169 374 potentiam
1181 339 1371 375 productiram
1384 347 1438 366 non
1451 339 1551 372 minus,
1565 346 1621 366 non
1636 346 1713 366 seor‘

931 393 991 413 sutn
1019 390 1144 420 uterque,
1178 385 1221 412 vel
1249 392 1318 412 unus
1340 385 1450 420 quidem
1464 384 1551 419 prius,
1564 384 1634 411 alter
1647 391 1712 410 vero

930 430 1079 464 posterius,
1109 430 1150 456 vel
1177 438 1248 457 unus
1279 430 1332 457 alia
1356 429 1547 464 productione,
1577 431 1646 456 alter
1660 429 1712 456 alia

930 475 1059 509 producit
1076 474 1230 508 Spiritum;
1257 475 1488 509 quemadmodum
1504 474 1604 509 aliquis
1616 481 1712 501 eorum

930 522 977 555 qui
997 521 1024 547 in
1041 520 1171 547 omnibus
1188 521 1274 548 crassi
1302 526 1330 548 et
1357 521 1482 554 corporei
1499 525 1652 551 exsrstunt,
1664 527 1714 554 pu-

736 576 788 595 una
816 567 967 602 eademque
993 567 1127 602 potentia,
1154 575 1215 595 cum
1246 567 1326 594 ambo
1354 567 1484 602 perferte,
1507 572 1533 595 et
1567 567 1712 602 plusquam

89 612 210 647 perfecte
225 613 393 647 producant,
414 615 473 642 istis
497 615 575 642 vanis
596 616 753 644 rationibus
766 616 880 643 minime
899 616 1059 650 relinquunt
1074 616 1174 642 locum.

117 658 158 697 lii
185 659 212 685 δὲ
231 662 279 694 μὴ,
298 661 552 694 ἁντερωτείτοωταν
574 663 598 689 οι
625 664 712 691 ταῦτα
738 665 875 698 λέγοντες,

91 705 116 729 εἰ
135 705 224 730 τελεία
251 706 267 740 ἡ
294 707 326 732 ἐκ
339 707 445 741 Πατρὶς
460 708 508 734 τοῦ
534 709 637 743 κόσμοι
658 710 835 745 δημιουργία,
862 711 879 746 ἢ

91 749 133 776 οὗ.
153 751 183 777 Εἰ
203 751 253 785 μὲν
269 752 322 786 γὰρ
339 753 440 786 τελεία,
457 753 502 780 διὰ
512 755 539 781 τί
558 756 604 781 καὶ
621 757 634 782 ὸ
646 756 708 787 Tit;
725 757 812 788 αἴτιος
833 757 881 783 καὶ

92 797 121 822 τὸ
146 797 277 833 Πνεῦμα;
296 799 326 824 El
345 799 367 824 δ’
380 799 490 834 ἀτελὴς,
514 801 560 827 καὶ
577 802 621 828 διὰ
646 802 724 828 τοῦτο
737 803 883 838 παραλαμ-

92 841 203 869 ϐάνεται
235 845 249 869 ὀ
281 843 344 875 Tib;
372 845 418 871 καὶ
445 846 474 871 τὸ
507 846 644 881 Πνεῦμα,
681 847 882 882 σκεψάσθωσαν

91 887 105 913 ὃ
125 896 150 913 τι
167 888 258 921 φασιν.

969 663 1016 691 Sin
1044 663 1146 695 minus,
1180 664 1388 699 interrogentur
1416 664 1558 694 vicissim,
1583 663 1629 697 qui
1659 664 1716 690 hare

932 710 1021 741 aiunt,
1046 709 1204 744 periectane
1233 711 1270 737 sit
1284 718 1317 737 ex
1341 710 1419 737 Patre
1434 709 1528 736 mundi
1549 709 1663 741 crcatio,
1680 716 1713 735 an

934 755 1112 790 imperfecta?
1125 756 1152 783 Si
1170 756 1242 782 enim
1257 756 1396 790 perfecta,
1412 763 1462 782 cur
1474 760 1501 782 et
1521 755 1616 787 Filius,
1635 759 1717 789 atque

934 802 1017 828 etiam
1045 801 1165 836 Spiritus
1196 806 1260 829 sunt
1289 802 1395 829 causae?
1423 801 1470 829 Sin
1498 801 1666 836 imperfecta,
1692 807 1718 827 et

937 853 1084 882 propterea
1111 847 1196 874 Filius
1228 852 1256 874 t-t
1281 847 1400 882 Spiritus
1426 847 1508 874 veluti
1537 846 1605 874 socii
1621 847 1719 882 alljun~

936 897 1049 928 gunlur,
1064 893 1284 920 animadvertant
1297 893 1359 927 ipsi,
1375 892 1440 927 quid
1457 892 1561 920 dicant.

135 932 205 958 ’Λλλ“
221 930 309 968 οἶμαι,
328 934 419 962 τελεία
437 935 487 970 μὲν
511 937 527 971 ἡ
543 937 574 963 ὲκ
593 937 699 972 Πατρὶς
717 939 770 965 τῶν
799 939 884 966 ὄντων

972 939 1072 966 Verum
1094 944 1171 965 certo
1187 938 1244 966 scio
1257 938 1405 973 perfectam
1420 933 1531 972 quidem
1547 937 1652 964 entiutn
1661 944 1720 964 esse

95 979 259 1013 παραγωγὴ,
279 979 328 1014 μία
343 980 371 1006 δὲ
388 982 434 1007 καὶ
450 982 465 1016 ή
486 981 555 1017 αὐτὴ
576 983 686 1018 ἀριθμῷ
702 983 767 1010 Υῐοῦ
790 992 819 1010 τε
835 985 882 1011 καὶ

95 1024 302 1059 Πνεύματοςέίς
311 1026 358 1062 τὴν
370 1027 454 1062 αὐτὴν
470 1028 582 1062 πρόοδον
594 1030 610 1064 ἡ
623 1029 758 1064 ἐνέργεια,
772 1031 818 1056 καὶ
833 1031 883 1056 οὑκ

95 1071 164 1105 ἄλλη
191 1072 240 1106 μὲν
261 1073 379 1105 ἐκείνου,
400 1074 467 1108 ἄλλη
494 1074 522 1101 δὲ
541 1075 653 1103 τούτων.
670 1075 737 1102 Τότε
770 1077 824 1111 γὰρ
851 1077 882 1103 ἂν

96 1114 156 1151 εἶχε
180 1118 271 1153 χώραν
296 1119 383 1146 ταῦτα
409 1120 444 1147 τὰ
461 1121 629 1157 παιδαριώδη
655 1122 810 1158 ζητήματα.
831 1122 884 1150 Οὖ-

94 1171 150 1194 τως
165 1162 212 1190 οὖν
229 1164 296 1191 κάπὶ
311 1165 357 1191 τοῦ
374 1167 556 1201 προκειμένου
572 1168 664 1194 τελεία
679 1169 728 1201 μὲν
742 1169 789 1195 καὶ
801 1169 885 1204 ὑπερ-

96 1208 178 1243 τελὴς
202 1209 218 1244 ἡ
236 1210 267 1236 ἐκ
285 1211 393 1246 Πατρὺς
412 1213 576 1247 ἑκπόρευσις
593 1213 640 1239 τοῦ
655 1213 814 1248 Πνεύματος
837 1215 882 1240 τοῦ

98 1254 222 1290 ἁγίου-ἡ
238 1256 308 1292 αὑτὴ
323 1256 352 1282 δὲ
369 1257 416 1284 καὶ
435 1258 485 1292 μία
499 1257 538 1293 τῷ
555 1259 664 1293 ἀριθμῴ
679 1259 726 1285 καὶ
741 1260 757 1293 ἡ
773 1259 801 1291 ἐξ
817 1260 883 1286 Υἱοῦ

97 1300 144 1326 τοῦ
157 1301 239 1328 αὐτοῦ
249 1303 324 1329 ἐστιν
334 1303 508 1338 ἑκπόρευσις,
526 1305 576 1331 οὐκ
590 1305 658 1339 ἄλλη
678 1306 724 1332 καὶ
735 1306 814 1340 ἄλλη,
828 1307 883 1333 οὐδ’

97 1345 184 1379 ἄλλως
200 1348 248 1374 καὶ
270 1348 367 1381 ἄλλως,
384 1350 430 1376 οὐδ
446 1350 541 1377 ἄλλοτε
555 1351 572 1384 ἡ
587 1351 619 1377 ὲκ
630 1351 746 1386 Πατρὸς,
765 1352 810 1378 καὶ
838 1352 884 1379 ἄλ-

97 1391 158 1418 λοτε
171 1393 187 1427 ἠ
201 1393 230 1426 ἐξ
247 1394 322 1427 Υίοῦ,
333 1395 390 1420 ἀλλ’
403 1396 461 1430 ἅμα
471 1397 518 1422 καὶ
532 1397 548 1430 ἡ
564 1396 644 1431 αὑτὴ,
662 1398 709 1423 καὶ
721 1398 819 1432 ὁμοίως
837 1399 886 1433 μιᾷ

98 1438 146 1464 καὶ
173 1439 206 1473 τῇ
225 1439 294 1474 αὐτῇ
314 1440 428 1475 δυνάμει
444 1441 652 1476 προὸαλλόντων
673 1443 785 1476 ἀμφοῖν.

136 1524 190 1550 Καὶ
220 1525 315 1560 μηδεὶς
345 1525 461 1553 ἐνταῦθα
494 1527 692 1562 βλασφημείτω
722 1529 767 1555 τὸν
797 1528 886 1563 λόγον,

100 1569 208 1598 ἀκούων
216 1571 288 1606 ἡμᾶς
300 1572 353 1599 ἀπὸ
365 1573 414 1607 τῆς
425 1573 539 1605 κτίσεως
552 1575 767 1610 ἐπιχειροῦντας,
782 1575 886 1603 Οὐκοῦν

101 1616 214 1651 κτίσμα,
242 1619 367 1652 φάσκων.
380 1620 499 1647 -Δατϊνοι
526 1621 558 1648 τδ
585 1622 698 1657 Πνεῦμα
710 1623 738 1648 τὸ
755 1622 832 1656 ἅγιον
847 1623 886 1649 οί-
899 1613 921 1642 c

100 1671 186 1690 ονται.
213 1664 272 1690 Εἰσὶ
287 1665 340 1699 γὰρ
355 1665 379 1692 οἳ
395 1667 442 1693 καὶ
463 1668 502 1699 είς
516 1667 595 1694 τοῦτο
618 1668 770 1703 παρανοίας
790 1669 886 1703 ἦκασι,

103 1708 152 1734 καὶ
175 1708 254 1736 τοῦτο
270 1707 476 1746 ’τετολμηκότες
493 1711 659 1739 ἀντιτιθέναι
681 1713 818 1745 Λατίνοις.

140 1754 232 1782 Ταῦτα
244 1756 298 1790 γὰρ
313 1756 328 1791 ἢ
344 1756 498 1788 παιζόντων
511 1758 590 1791 είσὶν,
608 1758 624 1793 ἢ
637 1759 808 1793 ἀγνοούντων
824 1761 886 1792 τοὺς

104 1801 204 1834 ἁγίους
219 1801 348 1836 Ila-ripa;
377 1802 624 1844 xei.\6t8aaxd).oug,
644 1805 676 1831 ὲκ
688 1805 742 1832 τῶν
754 1795 888 1840 ἀνθρωπί-

105 1854 159 1872 νων
177 1846 307 1878 πολλάκις
323 1847 351 1873 tv
363 1848 418 1879 τοῖς
435 1848 520 1879 θείοις
536 1849 744 1884 ἐπιχειροῦντας
769 1850 817 1876 καὶ
835 1850 890 1876 ἀπὸ

107 1894 163 1922 τῶν
184 1895 256 1930 ἴχνος
274 1903 300 1921 τι
315 1895 366 1922 κᾶν
393 1895 514 1930 ἀμυδρὸν
529 1896 686 1931 ὁμοιώσεως
711 1896 786 1927 Θείας
813 1897 889 1931 ἐχόν-

106 1950 161 1968 των
171 1942 367 1976 πιστουμένους
383 1943 486 1970 ὶκεῖνα.
496 1942 600 1969 Αὐτίκα
616 1942 646 1968 τὸ
661 1942 752 1977 τρίτον
763 1943 816 1970 τῶν
825 1943 891 1968 ὑπο-

111 1988 246 2020 στάσεων,
260 1987 298 2023 νῷ
309 1988 356 2014 καὶ
372 1988 444 2023 λόγῳ
459 1989 505 2015 καὶ
519 1988 667 2023 πνεύματι,
684 1989 724 2014 ἔτι
741 1997 770 2015 τε
785 1988 890 2022 ὀφθαλ-

109 2034 152 2069 μῷ
172 2035 219 2061 καὶ
248 2036 327 2070 πηγῇ
353 2035 401 2061 καὶ
422 2035 547 2069 ποταμῷ.
569 2034 668 2066 ἱκανῶς
690 2035 791 2061 οἴονται
804 2043 891 2070 παρα-

109 2078 217 2112 στῆσαι,
237 2080 284 2106 καὶ
298 2080 380 2106 πάλιν
399 2079 467 2114 ἡλίῳ
481 2079 571 2106 ἀκτῖνι
596 2088 625 2106 τε
654 2080 701 2106 καὶ
726 2080 796 2114 φωτί
808 2088 814 2095 ·
833 2079 893 2106 καί·

109 2133 150 2151 τοι
162 2124 263 2151 τούτων
274 2126 328 2152 τῶν
344 2126 574 2160 παραδειγμάτων
588 2126 714 2159 ἑκάστου,
731 2126 755 2152 εί
771 2127 817 2153 καὶ
828 2126 891 2161 τρία

109 2172 143 2206 τῇ
166 2171 272 2206 ἐπινοίᾳ
294 2172 352 2197 ἐστὶ
375 2173 422 2198 καὶ
440 2172 564 2206 ὀνόματι.
586 2172 649 2207 μιᾶς
669 2172 760 2205 μέντοι
775 2172 893 2198 ὑποστά-

111 2227 180 2251 σεως
191 2219 285 2246 ὄντων.
297 2219 367 2246 Ἀλλ’
377 2220 451 2254 ὅμως
462 2220 512 2246 οὐκ
524 2220 606 2255 ᾤοντο
614 2221 638 2246 o!
648 2220 768 2254 Πατέρες
777 2219 821 2245 διὰ
831 2219 893 2246 τού-

933 991 966 1011 ex
983 985 1062 1011 Patre
1079 983 1300 1019 productionem,
1328 992 1409 1011 unam
1437 991 1502 1011 vero
1526 990 1642 1010 numero
1658 982 1731 1011 Filii.

934 1034 962 1057 et
989 1029 1109 1064 Spiritus
1130 1030 1157 1056 in
1173 1030 1297 1057 eamdem
1318 1029 1528 1064 productionem
1544 1037 1606 1056 esse
1622 1037 1720 1064 opera-

936 1075 1048 1107 tionem,
1078 1079 1105 1101 ct
1131 1083 1187 1102 non
1211 1075 1291 1102 aliam
1309 1074 1420 1108 quidem
1440 1075 1524 1107 illius,
1541 1075 1638 1102 horum
1655 1082 1721 1101 vero

935 1120 1028 1148 aliam.
1060 1121 1138 1148 Tunc
1164 1120 1237 1148 enim
1267 1120 1402 1148 haberent
1423 1121 1513 1147 locum
1542 1120 1592 1147 ista
1605 1120 1721 1155 puerilia

935 1165 1059 1199 quaesita.
1077 1166 1122 1194 Sic
1137 1166 1220 1200 igitur
1235 1170 1263 1193 et
1292 1167 1318 1192 in
1339 1173 1367 1193 re
1381 1165 1534 1200 proposita,
1550 1174 1611 1200 quae
1629 1170 1672 1192 est
1687 1173 1729 1192 ex-
1748 1168 1754 1171 “

935 1210 1016 1237 Patre
1046 1211 1188 1245 processio
1216 1210 1335 1246 Spiritus
1369 1213 1457 1239 sancti
1475 1212 1596 1245 perfecta
1610 1211 1720 1246 quidem

936 1262 987 1290 est,
1015 1262 1043 1284 et
1068 1257 1213 1292 plusquam
1241 1257 1374 1292 perfecta,
1400 1258 1497 1285 cadent
1513 1265 1593 1289 vero,
1610 1265 1722 1291 unaque

936 1310 1068 1335 numero;
1083 1308 1110 1330 et
1123 1311 1154 1330 ca
1168 1311 1230 1337 quae
1249 1308 1290 1331 est
1302 1312 1334 1330 ex
1361 1304 1441 1336 Filio,
1462 1304 1583 1339 ejusdem
1601 1308 1642 1331 est
1659 1311 1722 1338 pro-

936 1349 1036 1382 cessio,
1068 1357 1122 1376 non
1149 1350 1202 1376 alia
1238 1355 1320 1384 atque
1349 1349 1413 1382 alia,
1444 1349 1624 1384 nequealitcr
1640 1354 1722 1383 atquo

936 1395 1027 1428 aliter,
1044 1402 1132 1429 nequc
1146 1395 1213 1422 alias
1231 1403 1291 1430 quae
1318 1403 1351 1422 ex
1380 1396 1472 1428 Patre,
1489 1400 1517 1423 et
1530 1396 1598 1423 alias
1612 1403 1672 1431 qua:
1688 1405 1720 1423 ex

936 1439 1017 1472 Filio,
1047 1440 1095 1467 sed
1121 1441 1215 1473 simul,
1241 1446 1268 1468 ct
1294 1442 1389 1469 eadem
1415 1446 1467 1474 est,
1481 1446 1507 1468 et
1520 1441 1647 1468 similiter
1668 1449 1721 1468 una

937 1485 1087 1520 eademque
1103 1486 1225 1521 potentia
1239 1487 1395 1521 producunt
1415 1487 1506 1514 ambo.

975 1531 1008 1558 Et
1027 1539 1108 1558 nemo
1120 1532 1164 1559 hic
1180 1532 1314 1559 rationem
1335 1532 1468 1560 conviciis
1482 1532 1642 1561 insectetur,
1659 1539 1720 1558 eum

939 1585 989 1605 nos
1010 1578 1096 1611 audit,
1121 1578 1169 1613 qui
1196 1586 1209 1605 a
1239 1583 1363 1605 creatura
1388 1582 1622 1613 argumentantur,
1641 1578 1722 1611 Ergo.

938 1624 1076 1659 inquiens,
1107 1628 1261 1652 creaturam
1294 1624 1429 1659 Spiritum
1466 1629 1591 1651 sanctum
1629 1623 1720 1650 Latini

937 1670 1108 1698 existimant.
1141 1670 1211 1698 Sunt
1235 1669 1322 1703 enim,
1337 1670 1383 1705 qui
1401 1674 1429 1698 et
1448 1669 1475 1696 in
1489 1669 1562 1697 istud
1578 1669 1723 1704 impuden-

938 1716 982 1743 tiae
998 1717 1134 1749 venerint,
1150 1721 1178 1744 et
1192 1717 1246 1744 hoc
1263 1716 1368 1744 Latinis
1383 1723 1524 1751 opponere
1541 1715 1677 1743 sintausi.

974 1762 1036 1790 Haec
1049 1763 1120 1790 enirn
1137 1763 1178 1789 vel
1194 1763 1347 1790 ludentium
1369 1766 1445 1794 sunt,
1462 1762 1504 1789 vel
1525 1762 1721 1797 ignorantium.

940 1811 1050 1835 sanctos
1103 1807 1197 1834 Patres
1237 1812 1319 1842 atque
1364 1807 1507 1838 doctores,
1561 1806 1607 1840 qui
1658 1813 1725 1833 sane

939 1861 973 1880 ex
1011 1854 1139 1881 humanis
1162 1861 1245 1888 saepe,
1285 1854 1350 1888 quid
1385 1854 1412 1880 in
1450 1852 1552 1880 divinis
1586 1859 1647 1879 esse
1681 1859 1725 1878 so-

940 1900 1004 1931 leat,
1028 1900 1236 1932 ratiocinantur,
1265 1905 1293 1927 et
1305 1907 1337 1927 ex
1362 1900 1395 1926 iis
1409 1905 1469 1934 quae
1482 1897 1524 1926 vel
1539 1897 1666 1932 exiguum
1682 1896 1726 1924 di-

941 1945 1011 1972 vinae
1038 1946 1228 1973 similitudinis
1250 1946 1394 1981 vestigium
1410 1945 1521 1975 habent.
1541 1944 1586 1971 illa
1600 1947 1726 1971 astruunt

943 1995 1027 2025 atque
1065 1991 1242 2018 conﬁrmant.
1272 1991 1344 2018 Sane
1374 1996 1431 2018 tres
1459 1997 1594 2025 personas
1620 1994 1726 2020 mente,

941 2037 1027 2064 verbo
1041 2042 1069 2065 et
1084 2037 1196 2072 spiritu,
1216 2037 1308 2064 adhuc
1331 2037 1414 2064 etiam
1435 2036 1527 2066 oculo,
1543 2035 1618 2062 fonte
1633 2041 1664 2061 ac
1678 2033 1728 2061 ﬂu-

942 2083 1027 2117 mine,
1047 2088 1074 2111 et
1099 2091 1196 2110 rursus
1224 2083 1294 2116 sole,
1323 2082 1402 2109 radio
1436 2086 1518 2116 atque
1538 2081 1643 2108 lumine
1659 2080 1726 2107 satis

943 2130 1085 2157 commode
1116 2129 1247 2163 consequi
1275 2133 1304 2156 et
1332 2127 1497 2162 exprimere
1521 2131 1630 2162 putant.
1644 2126 1725 2160 Atqui

944 2174 1161 2209 unumquodque
1182 2173 1280 2201 horum
1300 2172 1500 2207 exemplorum,
1517 2172 1581 2199 licet
1608 2172 1659 2198 tria
1672 2172 1727 2199 sint

942 2220 1108 2256 cogitatione
1125 2220 1152 2247 in
1167 2220 1260 2247 animo
1281 2224 1366 2254 atque
1397 2218 1519 2250 nomine,
1536 2218 1619 2246 unius
1637 2223 1726 2246 tamen

110 2275 163 2292 των
179 2266 359 2301 λυμανεῖσθαι
369 2267 417 2301 τὴν
429 2267 612 2301 προκειμένην
626 2266 719 2297 αὐτοῖς
741 2265 885 2300 ἀλήθειαν·

943 2271 1009 2294 sunt
1028 2266 1208 2301 hypostaseos
1226 2269 1255 2292 et
1277 2263 1425 2299 suppositi.
1443 2264 1544 2291 Verum
1559 2269 1652 2291 tamen
1669 2272 1724 2292 nou
1740 2283 1743 2286 .

111 2312 170 2339 ἀλλ’
181 2313 244 2339 ὅσον
259 2312 350 2339 αὐτῶν
363 2311 403 2347 τῷ
418 2312 512 2346 σκοπῷ
525 2311 680 2347 ἑφαρμόξον
695 2312 890 2345 λαμὸάνοντες,

111 2360 141 2386 τὸ
156 2360 248 2386 λοιπόν
264 2368 292 2396 τε
309 2360 358 2385 καὶ
371 2359 544 2393 ἀπεμφαῖνον
557 2357 733 2385 ἀπεωθοῦντο
745 2366 752 2374 ·
780 2358 828 2384 καὶ
849 2358 895 2384 οὐ-

111 2405 166 2436 δεὶς
184 2405 276 2436 αὐτοῖς
295 2403 351 2430 οὒτ’
378 2404 558 2438 ἐγκέκληκεν,
585 2403 642 2430 οὐτ’
661 2403 846 2437 ἐγκαλέσειεν,
863 2403 893 2429 οὗ

112 2451 207 2486 κύριος
221 2450 259 2477 ὣν
275 2450 393 2486 φρενῶν,
407 2449 457 2484 τῆς
474 2450 576 2476 τούτων
593 2449 648 2476 τῶν
661 2449 894 2485 παραδειγμάτων

112 2498 236 2533 χρήσεως
251 2497 341 2524 ἕνεκα.

150 2588 210 2619 Πῶς
228 2587 275 2615 οὖν
292 2585 381 2619 αὖτις
405 2587 518 2619 δικαίως
535 2587 694 2622 ἐγκαλέσειε
715 2588 841 2620 Λατίνοις
855 2589 896 2620 εἰς

112 2635 143 2662 τὸ
156 2634 241 2667 δείξαι
258 2634 321 2669 μίαν
336 2635 384 2661 καὶ
391 2634 439 2668 τὴν
455 2633 540 2669 αὐτὴν
554 2633 663 2669 αριθμῷ
680 2634 728 2668 τὴν
743 2634 775 2660 ἐκ
789 2634 895 2669 Πατρὸς

114 2683 161 2709 καὶ
175 2681 240 2708 Υῐοῦ
252 2681 298 2707 τοῦ
311 2680 466 2714 Πνεῦμα-τος
478 2680 600 2715 πρόοδον,
615 2680 767 2716 χρωμένοις
781 2681 814 2715 τῇ
828 2680 895 2715 πρὸς

113 2729 165 2762 τῆς
178 2727 292 2761 Τριάδος
305 2726 355 2761 μιᾷ
365 2726 411 2752 καὶ
421 2726 454 2761 τῇ
466 2726 533 2761 αὐτῇ
544 2727 598 2752 τῶν
611 2726 696 2752 ὅντων
708 2726 874 2762 δημιουργίᾳ
887 2736 893 2759 ;

115 2775 151 2801 Ἣ
166 2774 224 2806 πῶς
242 2773 274 2800 ἄν
289 2781 329 2804 τις
347 2772 391 2799 διὰ
404 2772 491 2799 ταῦτα
513 2772 674 2808 τολμήσειεν
690 2773 787 2804 αὐτοὺς
803 2773 895 2807 λέγειν

116 2819 185 2855 μετὰ
198 2820 246 2853 τῆς
263 2820 377 2850 κτίσεως
393 2818 424 2844 et
444 2818 557 2852 [Ῑνεῦμα
573 2810 731 2845 συντάττειν
754 2819 783 2845 τὸ
795 2819 893 2854 ἅγιονς

115 2869 163 2892 καὶ
179 2860 264 2892 ταῦτα
284 2865 391 2896 οὐδενδς
410 2864 464 2890 τῶν
484 2865 531 2891 νῦν
560 2865 645 2891 ὄντων
673 2866 805 2896 Λατίνων,
835 2865 895 2891 οὐδὲ

115 2911 170 2939 τῶν
186 2911 253 2946 μετὰ
268 2911 316 2945 τὴν
331 2911 343 2936 δ
358 2912 473 2946 αἰρεσιν,
495 2912 543 2937 καὶ
563 2911 593 2937 τὸ
606 2910 789 2946 ἀποτρόπαιον
803 2912 893 2937 ἐκεῖνο

945 2312 1072 2340 arbitrati
1100 2316 1165 2338 sunt
1191 2311 1285 2338 Patres
1321 2311 1397 2338 hisce
1423 2309 1557 2344 exemplis
1580 2310 1727 2338 veritatem

946 2354 998 2386 Sibi
1023 2357 1192 2392 propositam
1221 2356 1381 2384 labefactari
1398 2365 1404 2382 :
1420 2355 1468 2383 sed
1485 2360 1619 2390 quantum
1633 2363 1727 2383 eorum

945 2410 1028 2438 scopo
1043 2410 1198 2438 congruens
1209 2407 1266 2429 erat
1290 2407 1447 2433 sutncntes,
1464 2400 1613 2437 reliquum,
1631 2406 1658 2429 et
1674 2410 1727 2428 non

947 2449 1098 2480 eoltzerens.
1135 2448 1310 2484 rejiciebaut.
1341 2447 1374 2475 Et
1405 2455 1485 2475 nemo
1508 2447 1535 2475 id
1557 2447 1634 2482 ipsis,
1656 2449 1728 2482 quod

947 2494 1005 2521 istis
1014 2493 1148 2529 exemplis
1164 2494 1205 2521 usi
1224 2493 1337 2526 fuerint,
1365 2493 1432 2520 vitio
1449 2493 1542 2525 vertit,
1559 2501 1648 2528 neque
1664 2501 1745 2521 ver-V

948 2543 1027 2571 teret,
1044 2548 1098 2567 non
1112 2540 1235 2575 profecto
1255 2540 1277 2566 si
1297 2546 1363 2566 sana
1376 2543 1466 2566 mente
1482 2539 1529 2566 sit.

981 2586 1040 2618 Quo
1064 2594 1129 2621 ergo
1158 2590 1237 2620 pacto
1268 2585 1368 2612 merito
1382 2585 1483 2620 aliquis
1499 2585 1640 2613 accusabit
1656 2585 1745 2614 Lati-_

947 2639 1008 2664 nos,
1042 2633 1087 2666 qui
1116 2631 1149 2658 ad
1173 2639 1254 2658 unam
1271 2636 1299 2658 et
1321 2630 1448 2658 eamdem
1465 2638 1583 2659 ttumero
1600 2633 1729 2660 ett-Patro

947 2678 1071 2712 Filioque
1083 2677 1203 2712 Spiritus
1217 2677 1421 2711 processionem
1436 2677 1648 2709 ostendendam,
1676 2686 1729 2706 una

947 2724 1091 2756 eteadem,
1107 2731 1167 2758 qua:
1183 2731 1198 2750 a
1213 2723 1351 2750 Trinitate
1371 2723 1509 2757 provenit.
1530 2723 1634 2750 entium
1651 2731 1730 2751 ειμι),

948 2771 1022 2798 tione
1033 2769 1168 2797 utuntur?
1190 2769 1243 2796 Aut
1253 2775 1306 2803 qua
1322 2769 1428 2795 ratione
1444 2769 1578 2804 quispiam
1596 2775 1729 2805 propter-

948 2826 978 2845 ea
1003 2817 1093 2845 dicere
1116 2815 1216 2843 audeat
1241 2822 1289 2842 eos
1319 2814 1452 2848 Spiritum
1480 2819 1605 2842 sanetum
1621 2816 1648 2843 in
1669 2818 1731 2845 luco

948 2869 1135 2892 creaturarum
1153 2861 1310 2890 collocare?
1332 2861 1482 2895 praesertim
1503 2867 1566 2888 eum
1582 2869 1662 2888 nemo
1676 2861 1728 2889 La-

950 2912 1081 2943 tinorum,
1110 2911 1155 2946 qui
1190 2916 1262 2936 nunc
1287 2912 1361 2940 suul,
1382 2914 1468 2942 neque
1489 2907 1533 2942 qui
1549 2913 1610 2942 post
1624 2907 1730 2942 disiuu.
