1920 3063
138 160 188 193 401

596 163 645 193 DE
666 162 924 194 PROCESSIONE
949 162 1127 195 SPIRITUS
1148 164 1295 196 SANCTI.

1698 163 1751 196 402

141 221 234 252 αἴτιος
246 221 294 255 τῆς
311 219 359 247 τοῦ
393 219 551 255 Πνεῦματος
575 222 751 254 ὑποστάσεως
778 223 926 255 δείκνυται,

993 231 1052 250 mue
1068 223 1189 258 Spiritus
1206 224 1378 255 ostendatur,
1394 222 1459 250 satis
1474 222 1501 250 in
1516 229 1547 249 ca
1559 228 1640 257 quam
1652 221 1687 248 de
1697 229 1760 248 con-

141 266 242 296 ἱκανῶς
263 267 290 293 ἐν
314 266 351 301 τῷ
370 267 439 300 Περὶ
460 267 596 301 ἑνώσεως
616 269 853 304 συγγεγραμμένῳ
881 277 924 304 μοι

139 313 278 340 δείκνυται
305 313 397 348 λόγῳ,
429 314 477 340 καὶ
505 316 624 349 μάλιστα
652 316 699 342 τοῦ
728 317 926 351 ἐκπορεύεσθαι

143 358 266 394 ῥήματος
280 360 491 394 προσκειμένου.
510 361 541 386 Ὃ
554 361 599 387 καὶ
615 362 686 388 κατὰ
697 362 759 394 τοὺς
775 363 926 399 ἡμετέρους

142 403 219 429 οὐδὲν
231 403 324 442 ἕτερον
343 404 358 439 ἢ
373 404 423 437 τὴν
439 405 485 431 τοῦ
511 407 671 440 Πνεύματος
686 407 803 442 ὕπαρξιν
828 408 928 443 σημαί-

143 457 195 474 νει.
212 448 304 475 Ταῦτα
323 450 373 483 μὲν
387 449 434 476 οὖν
457 450 524 485 πρὸς
548 451 579 478 τὸ
608 453 640 478 ὲκ
668 452 722 478 τῶν
747 452 927 488 Δαμασκηνοῦ

144 495 365 529 προτεινόμενον.

216 563 312 594 Λύσις
331 563 407 597 πρὸς
429 563 463 591 τὸ
478 564 531 591 τοῦ
551 566 637 600 ἁγίου
655 567 824 596 Διονυσίου.

182 631 252 665 Πρὸς
267 631 294 657 δέ
307 640 337 664 γε
353 632 383 658 τὸ
404 632 453 658 τοῦ
469 634 548 666 ἁγίου
575 635 725 668 Διονυσίου,
755 637 797 663 ἵνα
829 638 930 672 μᾶλλον

145 676 338 711 καθαρώτερον
356 678 448 713 δειχθῇ
468 679 505 713 μὴ
525 680 619 707 τοῦτον
647 681 719 716 ἔχειν
734 683 780 709 τὸν
810 683 883 718 νοῦν,
902 684 931 711 ὃν

145 723 169 748 οἱ
197 723 325 757 ἡμέτεροι
354 724 468 756 οἴονται,
495 727 641 754 ἀκουστέον
670 729 778 763 πρῶτον
805 730 859 757 τῶν
884 731 931 757 καὶ

145 768 192 795 τὸν
226 769 290 796 Υίδν
325 770 528 805 ὁμολογούντων
562 773 731 801 διδασκάλων
761 776 852 809 πηγὴν
882 777 932 803 τοῦ

149 815 307 849 Πνεύματος
323 816 371 842 τοῦ
389 817 478 850 ἁγίου,
495 818 524 843 οὐ
541 819 719 853 χαρισμάτων
735 821 817 847 τινῶν
832 822 932 848 ἀνυπο-

148 859 255 886 στάτων
265 860 362 896 (τούτῳ
391 862 443 896 γὰρ
471 863 561 897 πολλῷ
587 864 655 898 πρὸς
677 866 731 892 πὶν
754 867 836 901 ῥητόν
860 876 931 898 τινες

146 906 266 940 χρῆσθαι
281 907 432 942 είὼθασιν),
450 909 508 934 ἀλλ’
526 910 612 944 αὐτῆς
627 911 677 945 τῆς
701 911 747 938 τοῦ
775 913 932 948 Πνεύματος

147 951 333 983 ὑποστάσεως.
345 953 443 988 Πρῶτα
460 955 510 987 μὲν
524 952 570 981 οὖν
594 955 751 987 Ἀϐανάσιος
767 958 797 984 ἐν
809 958 846 993 τῷ
861 959 932 985 κατὰ

153 997 301 1032 Ἀρειανῶν
324 999 397 1034 λόγῳ
421 999 452 1025 τὸ
476 1000 612 1034 ψαλμικὸν
640 1003 738 1034 ὲκεϊνο,
756 1003 821 1031 Ὅτι
854 1005 933 1038 παρὰ

146 1044 197 1071 σοι
217 1044 298 1078 πηγὴ
319 1044 402 1080 (huic,
433 1045 625 1081 ἐξηγούμενος,
653 1048 730 1084 ᾝδξι
752 1049 817 1084 γὰρ,
840 1051 931 1086 φησὶν,

148 1090 162 1116 δ
178 1091 271 1126 Πατὴρ
285 1091 416 1126 δηλονότι,
433 1093 498 1128 παρ’
513 1094 609 1120 ἑαυτὸν
631 1093 700 1129 ἔχων
726 1095 771 1122 τὸν
793 1096 856 1123 Υὶὸν
883 1097 933 1131 τὴν

149 1136 242 1170 πηγὴν
259 1136 305 1162 τοῦ
331 1136 409 1171 ἁγίου
429 1139 598 1172 Πνεύμσιτος.

184 1182 297 1214 Πάντως
312 1183 358 1210 οὖν
386 1184 436 1219 τὴν
467 1185 618 1212 ὑπόστασιν
650 1186 768 1214 ἐνταῦθα
795 1187 879 1222 δηλοῖ,
902 1189 933 1216 οὐ

148 1228 273 1264 χάρισμα
285 1230 482 1259 ἀνυπόστατον.
501 1233 621 1268 ’Ἐχομεν
634 1234 687 1268 γὰρ
701 1234 753 1261 ὑπὸ
770 1235 816 1261 τοῦ
849 1235 934 1270 μεγά-

148 1274 196 1301 λου
234 1276 376 1304 Βασιλείου
413 1279 634 1313 παραδεδομένον
667 1281 782 1313 κανόνα,
812 1282 849 1313 ὼς
871 1283 934 1308 ὅταν

150 1321 313 1356 ἀκούσωμεν
329 1323 440 1358 Πνεῦμα
452 1310 529 1358 ἅγιον
544 1310 613 1359 μετὰ
639 1310 863 1361 τῆςλπροσθήκης
887 1326 934 1353 τοῦ

150 1367 246 1402 ἅγιον,
259 1369 333 1395 οὐδὲν
345 1369 439 1403 ἕτερον
457 1370 474 1404 ἦ
487 1370 536 1404 τὴν
548 1370 593 1396 τοῦ
612 1371 770 1404 Πνεῦματος
787 1372 937 1399 ὑπόστασιν

152 1412 299 1448 ὀφείλομεν
311 1415 424 1442 ἐννοεῖν.
454 1415 588 1442 Ἐνταῦθα
610 1416 656 1442 οὗν
670 1417 683 1441 ὁ
701 1417 765 1448 Υἱὸς
793 1418 866 1452 πηγὴ
889 1417 936 1444 τοῦ

150 1459 230 1493 ἁγίου
248 1459 405 1495 Πνεύματος
428 1461 496 1494 μετὰ
517 1461 566 1495 τῆς
592 1462 753 1497 προσθήκης
779 1462 827 1489 τοῦ
854 1463 937 1498 ἅγιος

151 1504 308 1539 είρημένος,
336 1505 387 1540 τῆς
414 1506 590 1538 ὑποστάσεως
616 1507 699 1533 αὐτοῦ
729 1507 829 1544 δηλαδὴ
862 1509 937 1544 πηγὴ

152 1550 271 1584 εῐρηται.

191 1596 307 1623 Ἔπειτα
324 1597 352 1624 δὲ
361 1597 409 1624 καὶ
423 1597 504 1630 αὐτὸς
517 1599 529 1625 δ
542 1598 628 1633 μέγας
644 1599 796 1632 Βασίλειος,
814 1601 827 1627 ὁ
841 1600 936 1628 τοῦτον

153 1642 220 1676 ἡμῖν
244 1643 444 1678 παραδεδωκὼς
471 1645 516 1671 τὸν
542 1645 652 1676 κανόνα.
668 1645 761 1680 πηγὴν
785 1646 831 1673 τοῦ
858 1647 936 1680 ἁγίου

155 1687 314 1722 Πνεύματος
328 1689 373 1715 τὴν
387 1689 450 1715 Υὶὸν
465 1689 605 1724 ὀνομάζει,
622 1690 711 1724 λέγων
735 1690 821 1722 οὕτως
834 1699 841 1705 ·
858 1691 937 1725 Πηγὴ

154 1732 226 1767 ζωῆς
241 1734 254 1759 ὁ
272 1734 344 1763 Υἱός.
358 1735 427 1768 Φησὶ
442 1736 495 1769 γὰρ
510 1736 523 1761 ὁ
539 1735 622 1762 Δασὶδ
649 1735 717 1770 πρὸς
744 1735 789 1762 τὸν
815 1736 935 1772 Πατέρα,

155 1777 222 1805 ὀτι
235 1779 315 1812 παρὰ
323 1779 373 1806 σοὶ
392 1780 472 1814 πηγὴ
487 1780 561 1814 ζωῆς
579 1788 585 1795 ’
603 1782 649 1808 καὶ
664 1781 747 1807 πάλιν
760 1781 852 1814 ἕτερος
872 1790 938 1815 προ-

156 1824 242 1859 φήτης
255 1825 328 1858 λέγει
349 1826 413 1858 περὶ
425 1826 479 1851 τῶν
512 1825 646 1851 Ἰουδαίων
661 1834 668 1841 ·
698 1826 768 1859 Ἐμὲ
788 1826 938 1860 ἐγκατέλι-

156 1878 216 1896 πον
230 1869 331 1904 πηγὴν
339 1870 447 1902 ὕδατος
464 1869 580 1902 ζῶντος.
601 1869 693 1904 ’Υδωρ
710 1870 738 1896 δὲ
755 1870 809 1902 ζῶν
840 1871 937 1906 ὀνομά-

156 1915 233 1946 ζεται
254 1916 284 1942 τὸ
314 1915 425 1950 Πνεῦμα
441 1915 473 1942 τὸ
500 1915 589 1950 ἅγιον.

195 1961 250 1987 Καὶ
264 1961 416 1995 σημείωσαι
428 1961 468 1987 ὅτι
483 1961 513 1986 τὸ
530 1960 641 1996 Πνεῦμα
664 1961 694 1988 τὺ
707 1961 785 1996 ἅγιον
799 1963 867 1996 φησὶ
894 1963 940 1998 δη-

158 2007 212 2034 λῶν
229 2007 278 2042 τὴν
292 2007 450 2034 ὑπόστασιν.
468 2007 501 2033 Ἦ
516 2007 538 2033 δ’
565 2007 714 2039 ὑπόστασις
740 2008 786 2033 τοῦ
815 2008 941 2042 Πνεύμα-

157 2061 202 2084 τος
222 2053 268 2079 τοῦ
288 2052 367 2086 ἁγίου
384 2052 460 2084 Θεός.
481 2053 510 2078 ’0
522 2052 567 2080 οὖν
585 2053 648 2083 Tib;
664 2054 739 2089 πηγὴ
754 2054 800 2080 τοῦ
815 2055 940 2085 "vstitu-

158 2107 202 2130 τος
223 2098 260 2124 ὣν
275 2098 321 2125 τοῦ
336 2098 426 2131 ἁγίου,
449 2099 524 2133 πηγὴ
549 2098 674 2130 θεότητος
699 2100 774 2126 ἐστιν
795 2100 940 2135 ἀριδήλως.

160 2146 241 2171 ’Ὥστε
251 2145 332 2171 τὸτοῦ
345 2145 418 2171 Θείου
433 2145 585 2178 Διονυσίου,
600 2146 675 2180 Μόνη
688 2146 764 2181 πηγὴ
771 2147 819 2180 τῆς
827 2146 942 2182 ὑπερθυ-

160 2189 217 2216 σίου
236 2189 362 2224 θεότητος
377 2190 391 2215 ὁ
404 2189 508 2224 Πατὴρ,
525 2190 661 2224 λέγοντος,
677 2191 739 2218 ἐπεὶ
754 2193 809 2224 τοῖς
830 2193 942 2228 εἰρημέ-

978 270 1070 297 cordia
1092 270 1253 304 conscripsi,
1279 270 1402 297 oratione
1422 268 1564 303 probatur,
1588 268 1761 301 maximeque

977 315 1061 342 verbo
1077 315 1278 350 ἐκπορεύεσθαι
1291 315 1414 342 adhibito
1425 319 1452 341 et
1467 314 1584 348 adjecto,
1596 312 1668 346 quod
1678 312 1760 339 etiam

977 361 1129 387 secundum
1147 366 1293 393 nostrates,
1308 361 1376 387 nihil
1393 361 1467 387 aliud
1481 367 1560 394 quam
1574 358 1760 385 exsistcntiatu

979 405 1098 439 Spiritus
1113 406 1260 440 signiﬁcat.
1279 406 1341 432 llaec
1354 406 1437 440 igitur
1451 405 1484 431 ad
1497 404 1576 437 illud,
1594 403 1666 439 quod
1684 403 1763 430 nobis

978 459 1010 478 ex
1032 453 1140 486 scriptis
1154 452 1313 480 Damasceni
1331 452 1473 486 objiciunt.

1133 565 1235 593 Salutio
1260 565 1323 592 dicti
1339 565 1424 592 sancti
1436 563 1574 598 Dionysii.

1015 635 1054 661 Ad
1071 635 1137 661 illud
1152 641 1218 661 vero
1231 633 1318 661 sancti
1335 632 1468 668 Dionysii,
1483 636 1513 659 ut
1530 631 1616 666 magis
1625 635 1652 658 ct
1666 630 1765 657 clarius

981 684 1123 714 appareat,
1141 687 1194 706 non
1220 679 1294 706 hunc
1319 678 1421 705 habere
1438 685 1559 708 sensum,
1574 684 1654 711 quem
1678 675 1764 702 nostri

981 726 1169 756 arbitrantur,
1196 725 1326 753 audiendi
1353 730 1418 751 sunt
1443 724 1519 758 prius
1546 723 1689 753 doctores,
1717 721 1764 756 qui

982 772 1139 799 concedunt
1154 771 1252 798 Filium
1264 777 1324 797 esse
1342 770 1444 797 fontem
1459 769 1579 802 Spiritus
1595 767 1682 795 sancti
1695 774 1764 798 ;non

983 819 1117 845 donorum
1132 817 1314 852 quorumdam
1328 824 1383 843 non
1399 815 1608 843 subsistentium
1620 814 1682 848 (hoc
1694 812 1765 839 enim

983 864 1142 898 frequenter
1170 863 1197 889 in
1225 869 1307 889 omne
1342 862 1445 888 dictum
1473 860 1597 888 nonnulli
1634 865 1767 892 usurpare

983 916 1064 945 atque
1078 911 1116 937 uti
1137 909 1209 936 soliti
1230 908 1315 943 sunt).
1341 908 1388 935 sed
1406 908 1492 941 ipsius
1510 906 1687 940 hypostaseos
1703 903 1766 938 Spi-

983 958 1061 985 ritus.
1076 956 1196 984 Primum
1212 955 1295 988 igitur
1307 953 1484 981 Athanasius.
1496 952 1522 978 in
1536 951 1659 978 oratione
1672 949 1768 976 adver-

983 1012 1030 1032 sus
1041 1003 1168 1033 Arianos,
1179 1001 1244 1028 illud
1261 1000 1356 1035 psalmi
1373 1009 1379 1026 :
1394 999 1525 1030 Quoniam
1541 997 1611 1031 apud
1626 1001 1649 1022 le
1659 999 1697 1022 est
1710 996 1768 1029 [om

982 1051 1053 1081 vita,
1077 1049 1226 1081 explanans
1243 1055 1250 1074 ε
1269 1046 1380 1073 Sciebat
1400 1044 1484 1076 cnim,
1505 1043 1603 1077 inquit,
1621 1041 1700 1068 l’ater
1715 1041 1768 1068 sci-

983 1096 1049 1124 licet
1079 1095 1182 1121 habere
1210 1092 1280 1127 apud
1309 1099 1338 1119 se
1367 1090 1487 1123 Filium,
1517 1090 1619 1116 fontem
1650 1086 1768 1122 Spiritus

985 1142 1084 1170 sancti.

1022 1189 1094 1215 Sane
1106 1186 1216 1222 quidem
1234 1183 1403 1220 hypostasim
1425 1181 1470 1208 hic
1484 1180 1631 1216 signiﬁcat,
1650 1187 1704 1206 non
1722 1177 1771 1204 do—

987 1240 1050 1258 num
1072 1230 1195 1265 aliquod,
1221 1227 1426 1256 subsistentiam
1446 1234 1499 1253 non
1527 1225 1639 1252 habens.
1662 1223 1769 1250 Etenim

986 1278 1119 1305 habemus
1135 1284 1149 1303 a
1168 1276 1268 1303 Basilio
1287 1275 1383 1309 Magno
1399 1274 1525 1300 traditam
1543 1271 1624 1298 nobis
1637 1269 1769 1304 regulam,

986 1332 1048 1351 cum
1068 1323 1195 1350 audimus
1210 1322 1343 1356 Spiritum
1365 1323 1502 1351 sanctum,
1524 1324 1585 1344 cum
1601 1316 1646 1343 illa
1668 1322 1771 1350 appen-

986 1370 1076 1397 dicnla
1095 1374 1228 1400 sanctum,
1251 1367 1320 1394 nihil
1335 1365 1410 1393 aliud
1426 1372 1506 1399 quant
1523 1361 1693 1397 hypostasim
1710 1360 1771 1394 Spi-

987 1417 1057 1443 ritus
1076 1415 1227 1450 intclligere
1246 1412 1390 1440 debemus.
1414 1411 1464 1437 llic
1484 1409 1566 1444 igitur
1589 1407 1685 1440 Filius,
1708 1406 1770 1433 l'ons
1804 1446 1807 1447 ν

988 1462 1109 1496 Spiritus
1129 1459 1228 1491 sancti,
1249 1467 1310 1486 cutn
1322 1457 1485 1484 accessione
1504 1455 1591 1482 sancti
1612 1453 1713 1485 dictus,
1732 1452 1774 1479 nic

989 1508 1089 1536 mirum
1106 1508 1294 1543 bypostaseos,
1311 1503 1397 1539 ipsius
1408 1502 1470 1530 l'ons
1480 1508 1539 1529 esse
1549 1500 1641 1532 dictus
1650 1504 1701 1526 est.

1024 1598 1128 1627 Deinde
1144 1604 1220 1629 vero,
1236 1596 1307 1624 idem
1322 1595 1379 1629 ipse
1393 1599 1504 1628 quaque
1517 1597 1629 1625 magnus
1645 1582 1773 1619 B'asilius,

988 1646 1035 1680 qui
1051 1648 1128 1679 hanc
1144 1643 1225 1670 nobis
1247 1641 1362 1669 tradidit
1380 1639 1515 1674 regulam,
1536 1636 1636 1663 Filium
1658 1632 1775 1680 appellat

989 1679 1091 1719 fontem
1108 1689 1229 1725 Spiritus
1253 1688 1352 1718 sancti,
1368 1686 1408 1714 sic
1429 1684 1525 1712 dicens
1543 1691 1549 1708 :
1565 1681 1638 1708 Fons
1655 1679 1717 1706 vita
1733 1682 1775 1725 est

989 1738 1092 1769 Filius;
1107 1723 1145 1763 ait
1161 1735 1234 1762 enim
1250 1730 1336 1760 David
1353 1732 1387 1759 ad
1405 1731 1512 1758 Patrem
1530 1737 1537 1755 :
1556 1727 1687 1760 Quoniam
1704 1723 1775 1760 apud

990 1788 1014 1809 te
1028 1786 1065 1808 est
1088 1781 1144 1816 fons
1162 1781 1232 1806 vitat.
1254 1778 1288 1805 Et
1305 1784 1400 1804 rursus
1422 1776 1492 1802 alius
1507 1773 1640 1809 propheta
1657 1771 1723 1799 dicit
1741 1770 1776 1797 de

988 1827 1089 1855 Judmis
1103 1835 1109 1852 :
1126 1825 1326 1860 Dereliquerunt
1349 1831 1390 1850 me
1413 1823 1510 1857 fontem
1525 1829 1600 1856 aqua:
1613 1820 1676 1846 vim
1686 1826 1695 1850 ,'
1706 1824 1776 1852 aqua

990 1882 1058 1901 vero
1074 1874 1134 1900 viva
1149 1871 1308 1899 nominatur
1320 1869 1437 1904 Spiritus
1449 1872 1567 1895 sanctus.

1027 1961 1058 1986 Et
1075 1963 1149 1991 nota,
1164 1957 1235 1993 quod
1249 1956 1382 1992 Spiritum
1396 1961 1519 1983 sanctum
1529 1955 1612 1987 dicat,
1622 1954 1778 1988 significans

993 2003 1161 2039 hypostasim
1175 2007 1202 2029 ct
1211 2009 1356 2037 personam
1367 2010 1373 2027 :
1385 1999 1539 2035 hypostasis
1554 2004 1643 2025 autem
1660 1997 1780 2031 Spiritus

992 2049 1077 2077 sancti
1091 2054 1133 2076 cst
1147 2048 1238 2080 Deus;
1255 2046 1341 2074 Filius
1361 2047 1452 2080 igitur,
1479 2052 1540 2072 cum
1558 2044 1593 2071 sit
1614 2043 1675 2070 l‘ons
1690 2041 1779 2077 Spiri-

993 2100 1038 2123 ιιιι
1056 2095 1152 2127 sancti,
1168 2098 1209 2121 est
1230 2093 1291 2120 fons
1310 2091 1466 2119 claris~imaz
1488 2089 1606 2117 dcitalis.
1624 2088 1713 2122 Quare
1737 2088 1779 2115 di~

992 2147 1064 2169 clum
1080 2140 1168 2168 sancti
1187 2138 1317 2173 Dionysii,
1333 2136 1493 2163 amt-mantis
1501 2135 1587 2163 solum
1602 2134 1707 2161 Patrem
1718 2141 1779 2161 esse

994 2188 1096 2215 fontem
1119 2183 1395 2220 supersubstantialis
1419 2182 1542 2212 deitatis.
1561 2181 1691 2215 quoniam
1709 2188 1779 2214 prm-

159 2244 214 2266 νοις
233 2222 321 2267 ἁγίοις
334 2235 384 2261 οὐκ
399 2222 568 2267 ἀντίκειται,
599 2237 628 2261 οὐ
660 2236 713 2270 γὰρ
740 2222 818 2270 θέμις
845 2222 937 2264 ἐννοείη

998 2233 1079 2261 dictis
1106 2230 1208 2259 sanctis
1228 2237 1283 2257 non
1305 2229 1466 2256 adversatur
1489 2228 1554 2261 (non
1574 2227 1646 2254 enim
1674 2227 1715 2254 ias
1738 2231 1780 2253 est

160 2281 314 2314 ἀντιλέγειν
328 2280 457 2316 ἀλλήλοις
479 2281 543 2312 τοὺς
568 2281 754 2313 διδασκάλους,
784 2282 863 2308 ἄλλον
883 2283 945 2309 τινὰ

164 2326 227 2354 νοῦν
245 2327 321 2362 παρὰ
336 2327 382 2353 τδν
396 2327 452 2357 τοῖς
478 2326 586 2357 πολλοῖς
608 2327 770 2361 φαινόμενον
795 2328 851 2362 ἔχει
864 2337 872 2344 ο
899 2330 946 2354 καὶ
974 2322 981 2327 ‘

161 2374 212 2400 οὐκ
222 2373 387 2408 ἀρνούμενος
400 2373 454 2400 ἀπδ
477 2372 523 2399 τοῦ
550 2372 614 2399 Υἱοῦ
644 2373 692 2407 τὴν
718 2374 764 2399 τοῦ
788 2374 946 2409 Πνεύματος

163 2419 264 2454 πηγὴν,
284 2419 371 2446 ταῦτά
388 2427 471 2454 φησιν
483 2427 490 2435 ·
505 2419 573 2445 ἀλλὰ
590 2419 636 2444 καὶ
649 2419 728 2450 αὐτὸς
743 2420 777 2445 ἂν
789 2420 856 2454 φαίη
877 2421 946 2454 μετὰ

162 2467 265 2492 τούτων
277 2466 332 2491 τῶν
349 2465 518 2492 διδασκάλων
535 2464 627 2500 πηγὴν
653 2465 699 2491 τοῦ
719 2465 875 2500 Πνεύματος
900 2465 946 2492 τὸν

164 2512 239 2543 ’1⁵ἰὺν,
256 2512 316 2546 ἦτοι
332 2513 381 2547 τῆς
398 2511 481 2538 αὐτοῦ
498 2508 684 2542 δποᾶτάσεως.

200 2557 307 2583 Τούτων
336 2554 382 2583 οὖν
412 2556 519 2591 πρῶτον
546 2556 807 2590 σεσαφηνισμένων,
831 2556 946 2591 λέγομεν

169 2604 238 2636 μετὰ
253 2603 350 2635 ταῦτα,
365 2603 402 2634 ὡς
415 2604 445 2629 οὐ
459 2602 577 2638 παντελῆ
605 2601 722 2629 ἐνταῦθα
739 2602 876 2637 διάκρισιν
892 2602 946 2629 τῶν

165 2650 245 2676 θεῐων
259 2650 307 2683 τῆς
319 2649 434 2684 Τριάδος
454 2649 609 2683 προσώπων
637 2647 676 2683 τῷ
700 2648 853 2683 διδασκάλῳ
879 2649 947 2683 πρό-

165 2703 252 2722 κειται
266 2693 443 2729 παραδοῦναι.
467 2693 522 2720 Καὶ
547 2693 625 2728 δῆλον
650 2693 691 2719 ὅτι
724 2693 854 2726 οὐδεμίαν
880 2691 946 2718 Υἱοῦ

165 2741 212 2766 καὶ
227 2739 386 2774 Πνεύματος
405 2739 541 2772 διάκρισιν
556 2738 623 2773 πρὶς
638 2738 740 2772 ἄλληλα
757 2737 947 2772 παραδέδωκεν

165 2787 194 2813 ὲν
209 2785 295 2820 τούτῳ
312 2785 350 2820 τῷ
361 2785 442 2820 λόγῳ.
461 2785 498 2811 Οὐ
523 2784 632 2811 πάντων
655 2784 701 2810 οὖν
717 2783 772 2810 τῶν
792 2776 947 2819 προσώπων

166 2831 215 2857 ἀπ’
226 2830 349 2866 ἀλλήλων
360 2831 508 2866 διάκρισιν,
524 2830 591 2858 ἀλλὰ
603 2830 648 2856 τοῦ
664 2831 770 2865 Πιτρὸς
785 2831 851 2864 πρὸς
869 2830 903 2856 τὰ
917 2830 947 2861 ἐξ

168 2876 249 2904 αὐτοῦ
268 2877 433 2912 παραδίδωσι
453 2877 542 2912 μόνον.
560 2877 610 2903 Τὶν
626 2877 713 2903 τοίνυν
743 2875 849 2910 Πατέρα
880 2875 946 2910 πρὸς

996 2279 1116 2313 cogitare
1138 2278 1266 2304 doctores
1294 2275 1366 2302 inter
1386 2283 1414 2301 se
1430 2274 1586 2302 contrarios
1599 2273 1680 2307 esse),
1695 2273 1778 2299 alium

997 2325 1152 2360 quempiam
1169 2323 1252 2349 habet
1271 2329 1394 2353 sensum,
1412 2326 1510 2355 [ιι-ωιοΓ
1532 2328 1593 2347 eum
1616 2320 1663 2355 qui
1687 2319 1779 2346 multis

997 2374 1125 2406 apparet;
1141 2373 1168 2396 et
1183 2376 1237 2395 non
1253 2375 1399 2395 removens
1413 2375 1426 2393 a
1443 2366 1513 2394 Filio
1528 2367 1631 2393 fontem
1645 2373 1705 2393 esse
1720 2365 1781 2400 Spi-

997 2417 1076 2448 ritus,
1090 2416 1148 2442 haec
1165 2414 1202 2440 ait
1221 2421 1228 2439 :
1245 2420 1342 2439 verum
1355 2417 1382 2439 et
1398 2413 1456 2447 ipse
1471 2420 1522 2438 una
1536 2419 1597 2439 cum
1614 2412 1674 2438 istis
1687 2411 1781 2438 docto~

997 2462 1074 2489 ribus
1092 2461 1198 2488 diceret
1221 2459 1319 2486 Filium
1335 2458 1436 2485 l'ontcm
1455 2458 1582 2493 Spiritus,
1601 2450 1708 2485 hoc-est
1722 2457 1781 2492 ejus

997 2509 1184 2544 hypostaseos.

1034 2553 1082 2581 His
1108 2555 1192 2589 igitur
1222 2555 1297 2588 prius
1325 2551 1478 2582 illustratis,
1497 2549 1627 2582 deinceps
1653 2547 1780 2577 dicimus,

997 2609 1051 2628 non
1063 2609 1122 2628 esse
1132 2602 1302 2636 propositum
1315 2600 1378 2627 huic
1387 2597 1493 2626 doctori
1509 2595 1627 2627 tradere,
1642 2594 1688 2621 hic
1704 2593 1780 2620 omni

997 2655 1029 2673 ex
1051 2651 1128 2681 parte
1149 2647 1295 2681 perfectam
1313 2651 1340 2673 ct
1355 2645 1462 2680 plenam
1479 2642 1632 2669 divinarum
1649 2646 1781 2675 persona-

997 2701 1058 2720 rum
1073 2692 1216 2720 Trinitatis
1232 2692 1448 2719 distinctionem.
1467 2689 1587 2722 lndcque
1604 2686 1780 2721 perspicuum

997 2743 1040 2766 est
1056 2738 1127 2773 quod
1155 2738 1257 2765 nullam
1280 2736 1486 2764 distinctionem
1512 2733 1574 2760 Filii
1598 2740 1629 2759 ac
1651 2730 1780 2766 Spiritus,

999 2783 1071 2810 inter
1085 2791 1114 2809 se
1131 2783 1158 2808 in
1173 2783 1224 2809 hac
1238 2783 1362 2809 oratione
1381 2779 1534 2807 tradiderit.
1551 2779 1608 2806 Non
1625 2777 1707 2812 igitur
1722 2783 1782 2803 om-

998 2830 1072 2856 nium
1085 2836 1262 2864 personarum
1276 2827 1480 2855 distinctionem
1497 2826 1568 2852 inter
1578 2832 1608 2851 se
1621 2823 1713 2854 tradit,
1729 2821 1778 2848 sed

999 2876 1104 2903 Patrem
1130 2880 1232 2902 tantum
1257 2874 1289 2902 ab
1312 2874 1346 2901 iis
1365 2873 1410 2908 qui
1436 2873 1470 2900 ab
1498 2872 1556 2906 ipso
1583 2870 1687 2898 habent
1705 2874 1780 2899 esse,
