  <div class='ocr_page' id='page_1' title='image "/cluster/home/n/w/nwhite01/storage/ocr_20150623/161/njp.32101077773255/323.png"; bbox 0 0 1920 3063; ppageno 0'>
   <div class='ocr_carea' id='block_1_1' title="bbox 160 117 215 149">
    <p class='ocr_par' dir='ltr' id='par_1_1' title="bbox 160 117 215 149">
     <span class='ocr_line' id='line_1_1' title="bbox 160 117 215 149; baseline 0 0"><span class='ocrx_word' id='word_1_1' title='bbox 160 117 215 149; x_wconf 69' lang='grc' dir='ltr'><strong>ιθθ</strong></span> 
     </span>
    </p>
   </div>
   <div class='ocr_carea' id='block_1_2' title="bbox 644 113 1316 146">
    <p class='ocr_par' dir='ltr' id='par_1_2' title="bbox 644 113 1316 146">
     <span class='ocr_line' id='line_1_2' title="bbox 644 113 1316 146; baseline 0.001 -2"><span class='ocrx_word' id='word_1_2' title='bbox 644 113 898 145; x_wconf 70' lang='lat' dir='ltr'><strong>BESSAltIONiS</strong></span> <span class='ocrx_word' id='word_1_3' title='bbox 917 115 946 146; x_wconf 89' lang='lat' dir='ltr'><strong>S.</strong></span> <span class='ocrx_word' id='word_1_4' title='bbox 970 115 1006 145; x_wconf 71' lang='lat' dir='ltr'><strong>Il.</strong></span> <span class='ocrx_word' id='word_1_5' title='bbox 1027 114 1060 145; x_wconf 84' lang='lat' dir='ltr'><strong>E.</strong></span> <span class='ocrx_word' id='word_1_6' title='bbox 1079 114 1316 146; x_wconf 76' lang='lat' dir='ltr'><strong>CARDINALIS</strong></span> 
     </span>
    </p>
   </div>
   <div class='ocr_carea' id='block_1_3' title="bbox 1749 119 1818 150">
    <p class='ocr_par' dir='ltr' id='par_1_3' title="bbox 1749 119 1818 150">
     <span class='ocr_line' id='line_1_3' title="bbox 1749 119 1818 150; baseline 0 0"><span class='ocrx_word' id='word_1_7' title='bbox 1749 119 1818 150; x_wconf 64' lang='grc'><strong>404</strong></span> 
     </span>
    </p>
   </div>
   <div class='ocr_carea' id='block_1_4' title="bbox 155 175 963 213">
    <p class='ocr_par' dir='ltr' id='par_1_4' title="bbox 155 175 956 213">
     <span class='ocr_line' id='line_1_4' title="bbox 155 175 956 213; baseline -0.005 -9"><span class='ocrx_word' id='word_1_8' title='bbox 155 177 317 213; x_wconf 55' lang='grc' dir='ltr'>Αιίσιίιιιςυῑι.</span> <span class='ocrx_word' id='word_1_9' title='bbox 332 176 440 204; x_wconf 77' lang='lat' dir='ltr'><strong>Patrem</strong></span> <span class='ocrx_word' id='word_1_10' title='bbox 455 175 539 211; x_wconf 75' lang='lat' dir='ltr'><strong>igitur</strong></span> <span class='ocrx_word' id='word_1_11' title='bbox 553 175 586 203; x_wconf 77' lang='lat' dir='ltr'><strong>ad</strong></span> <span class='ocrx_word' id='word_1_12' title='bbox 603 175 664 202; x_wconf 83' lang='lat' dir='ltr'><strong>Filii</strong></span> <span class='ocrx_word' id='word_1_13' title='bbox 683 175 815 204; x_wconf 79' lang='lat' dir='ltr'><strong>lationem</strong></span> <span class='ocrx_word' id='word_1_14' title='bbox 832 179 956 202; x_wconf 79' lang='lat' dir='ltr'><strong>conteru-</strong></span> 
     </span>
    </p>
   </div>
   <div class='ocr_carea' id='block_1_5' title="bbox 1026 175 1818 213">
    <p class='ocr_par' dir='ltr' id='par_1_5' title="bbox 1029 175 1818 213">
     <span class='ocr_line' id='line_1_5' title="bbox 1029 175 1818 213; baseline 0.003 -10"><span class='ocrx_word' id='word_1_15' title='bbox 1029 175 1058 203; x_wconf 66' lang='grc' dir='ltr'><strong>ὒν</strong></span> <span class='ocrx_word' id='word_1_16' title='bbox 1079 175 1143 202; x_wconf 70' lang='grc' dir='ltr'>Υίὸν</span> <span class='ocrx_word' id='word_1_17' title='bbox 1161 176 1271 210; x_wconf 83' lang='grc' dir='ltr'>θεωρῶν</span> <span class='ocrx_word' id='word_1_18' title='bbox 1289 177 1317 202; x_wconf 83' lang='grc' dir='ltr'>ἐν</span> <span class='ocrx_word' id='word_1_19' title='bbox 1331 176 1419 211; x_wconf 80' lang='grc' dir='ltr'>τούτῳ</span> <span class='ocrx_word' id='word_1_20' title='bbox 1432 176 1471 211; x_wconf 77' lang='grc' dir='ltr'>τῷ</span> <span class='ocrx_word' id='word_1_21' title='bbox 1485 175 1574 211; x_wconf 78' lang='grc' dir='ltr'>μέρει,</span> <span class='ocrx_word' id='word_1_22' title='bbox 1590 177 1639 204; x_wconf 73' lang='grc' dir='ltr'>καὶ</span> <span class='ocrx_word' id='word_1_23' title='bbox 1662 177 1711 213; x_wconf 80' lang='grc' dir='ltr'>τὴν</span> <span class='ocrx_word' id='word_1_24' title='bbox 1743 179 1800 205; x_wconf 77' lang='grc' dir='ltr'>τοῦ</span> <span class='ocrx_word' id='word_1_25' title='bbox 1815 194 1818 196; x_wconf 75' lang='lat'><strong><em>~</em></strong></span> 
     </span>
    </p>
   </div>
   <div class='ocr_carea' id='block_1_6' title="bbox 163 221 956 260">
    <p class='ocr_par' dir='ltr' id='par_1_6' title="bbox 163 221 956 260">
     <span class='ocr_line' id='line_1_6' title="bbox 163 221 956 260; baseline -0.006 -8"><span class='ocrx_word' id='word_1_26' title='bbox 163 227 252 260; x_wconf 81' lang='lat' dir='ltr'><strong>pinus,</strong></span> <span class='ocrx_word' id='word_1_27' title='bbox 272 225 324 252; x_wconf 85' lang='lat' dir='ltr'><strong>bac</strong></span> <span class='ocrx_word' id='word_1_28' title='bbox 344 231 375 251; x_wconf 77' lang='lat' dir='ltr'><strong>ex</strong></span> <span class='ocrx_word' id='word_1_29' title='bbox 397 227 478 258; x_wconf 83' lang='lat' dir='ltr'><strong>parte</strong></span> <span class='ocrx_word' id='word_1_30' title='bbox 495 228 612 255; x_wconf 83' lang='lat' dir='ltr'><strong>tantum,</strong></span> <span class='ocrx_word' id='word_1_31' title='bbox 627 227 654 250; x_wconf 83' lang='lat' dir='ltr'><strong>et</strong></span> <span class='ocrx_word' id='word_1_32' title='bbox 671 222 770 249; x_wconf 88' lang='lat' dir='ltr'><strong>horum</strong></span> <span class='ocrx_word' id='word_1_33' title='bbox 793 229 855 248; x_wconf 90' lang='lat' dir='ltr'><strong>cum</strong></span> <span class='ocrx_word' id='word_1_34' title='bbox 873 221 956 248; x_wconf 86' lang='lat' dir='ltr'><strong>tradi-</strong></span> 
     </span>
    </p>
   </div>
   <div class='ocr_carea' id='block_1_7' title="bbox 162 268 955 303">
    <p class='ocr_par' dir='ltr' id='par_1_7' title="bbox 162 268 955 303">
     <span class='ocr_line' id='line_1_7' title="bbox 162 268 955 303; baseline -0.009 -3"><span class='ocrx_word' id='word_1_35' title='bbox 162 273 250 300; x_wconf 77' lang='lat' dir='ltr'><strong>disset</strong></span> <span class='ocrx_word' id='word_1_36' title='bbox 268 272 341 299; x_wconf 83' lang='lat' dir='ltr'><strong>inter</strong></span> <span class='ocrx_word' id='word_1_37' title='bbox 366 279 395 298; x_wconf 73' lang='lat' dir='ltr'><strong>se</strong></span> <span class='ocrx_word' id='word_1_38' title='bbox 418 270 580 303; x_wconf 81' lang='lat' dir='ltr'><strong>discrimen,</strong></span> <span class='ocrx_word' id='word_1_39' title='bbox 607 270 697 297; x_wconf 83' lang='lat' dir='ltr'><strong>solum</strong></span> <span class='ocrx_word' id='word_1_40' title='bbox 722 269 830 296; x_wconf 80' lang='lat' dir='ltr'><strong>Patrem</strong></span> <span class='ocrx_word' id='word_1_41' title='bbox 854 268 955 294; x_wconf 77' lang='lat' dir='ltr'><strong>fontem</strong></span> 
     </span>
    </p>
   </div>
   <div class='ocr_carea' id='block_1_8' title="bbox 163 313 957 352">
    <p class='ocr_par' dir='ltr' id='par_1_8' title="bbox 163 313 957 352">
     <span class='ocr_line' id='line_1_8' title="bbox 163 313 957 352; baseline -0.006 -8"><span class='ocrx_word' id='word_1_42' title='bbox 163 318 300 352; x_wconf 76' lang='lat' dir='ltr'><strong>appellal;</strong></span> <span class='ocrx_word' id='word_1_43' title='bbox 321 322 415 351; x_wconf 79' lang='lat' dir='ltr'><strong>utpote</strong></span> <span class='ocrx_word' id='word_1_44' title='bbox 443 315 490 350; x_wconf 88' lang='lat' dir='ltr'><strong>qui</strong></span> <span class='ocrx_word' id='word_1_45' title='bbox 506 316 543 343; x_wconf 90' lang='lat' dir='ltr'><strong>sit</strong></span> <span class='ocrx_word' id='word_1_46' title='bbox 556 315 617 343; x_wconf 83' lang='lat' dir='ltr'><strong>fons</strong></span> <span class='ocrx_word' id='word_1_47' title='bbox 632 315 704 347; x_wconf 85' lang='lat' dir='ltr'><strong>Filii,</strong></span> <span class='ocrx_word' id='word_1_48' title='bbox 718 315 805 342; x_wconf 85' lang='lat' dir='ltr'><strong>Filius</strong></span> <span class='ocrx_word' id='word_1_49' title='bbox 818 321 884 341; x_wconf 86' lang='lat' dir='ltr'><strong>vero</strong></span> <span class='ocrx_word' id='word_1_50' title='bbox 904 313 957 340; x_wconf 77' lang='lat' dir='ltr'><strong>nii-</strong></span> 
     </span>
    </p>
   </div>
   <div class='ocr_carea' id='block_1_9' title="bbox 164 361 956 395">
    <p class='ocr_par' dir='ltr' id='par_1_9' title="bbox 164 361 956 395">
     <span class='ocr_line' id='line_1_9' title="bbox 164 361 956 395; baseline -0.008 -4"><span class='ocrx_word' id='word_1_51' title='bbox 164 365 237 391; x_wconf 87' lang='lat' dir='ltr'><strong>nime</strong></span> <span class='ocrx_word' id='word_1_52' title='bbox 251 363 289 391; x_wconf 84' lang='lat' dir='ltr'><strong>sit</strong></span> <span class='ocrx_word' id='word_1_53' title='bbox 302 363 363 390; x_wconf 80' lang='lat' dir='ltr'><strong>fons</strong></span> <span class='ocrx_word' id='word_1_54' title='bbox 381 363 478 390; x_wconf 82' lang='lat' dir='ltr'><strong>Patris.</strong></span> <span class='ocrx_word' id='word_1_55' title='bbox 496 361 575 395; x_wconf 83' lang='lat' dir='ltr'><strong>Quod</strong></span> <span class='ocrx_word' id='word_1_56' title='bbox 592 366 685 389; x_wconf 80' lang='lat' dir='ltr'><strong>autem</strong></span> <span class='ocrx_word' id='word_1_57' title='bbox 703 361 736 388; x_wconf 83' lang='lat' dir='ltr'><strong>de</strong></span> <span class='ocrx_word' id='word_1_58' title='bbox 754 361 834 388; x_wconf 79' lang='lat' dir='ltr'><strong>Patre</strong></span> <span class='ocrx_word' id='word_1_59' title='bbox 850 363 956 386; x_wconf 86' lang='lat' dir='ltr'><strong>tantum</strong></span> 
     </span>
    </p>
   </div>
   <div class='ocr_carea' id='block_1_10' title="bbox 165 406 957 443">
    <p class='ocr_par' dir='ltr' id='par_1_10' title="bbox 165 406 957 443">
     <span class='ocr_line' id='line_1_10' title="bbox 165 406 957 443; baseline -0.006 -7"><span class='ocrx_word' id='word_1_60' title='bbox 165 418 197 438; x_wconf 85' lang='lat' dir='ltr'><strong>ac</strong></span> <span class='ocrx_word' id='word_1_61' title='bbox 211 409 281 437; x_wconf 87' lang='lat' dir='ltr'><strong>Filio</strong></span> <span class='ocrx_word' id='word_1_62' title='bbox 293 409 376 440; x_wconf 82' lang='lat' dir='ltr'><strong>dicat,</strong></span> <span class='ocrx_word' id='word_1_63' title='bbox 389 410 471 436; x_wconf 85' lang='lat' dir='ltr'><strong>ctiam</strong></span> <span class='ocrx_word' id='word_1_64' title='bbox 485 417 516 435; x_wconf 80' lang='lat' dir='ltr'><strong>ex</strong></span> <span class='ocrx_word' id='word_1_65' title='bbox 530 408 766 443; x_wconf 77' lang='lat' dir='ltr'><strong>consequentibus</strong></span> <span class='ocrx_word' id='word_1_66' title='bbox 781 406 957 434; x_wconf 73' lang='lat' dir='ltr'><strong>manifestum</strong></span> 
     </span>
    </p>
   </div>
   <div class='ocr_carea' id='block_1_11' title="bbox 164 451 957 488">
    <p class='ocr_par' dir='ltr' id='par_1_11' title="bbox 164 451 957 488">
     <span class='ocr_line' id='line_1_11' title="bbox 164 451 957 488; baseline -0.005 -7"><span class='ocrx_word' id='word_1_67' title='bbox 164 460 218 481; x_wconf 73' lang='lat' dir='ltr'><strong>cst.</strong></span> <span class='ocrx_word' id='word_1_68' title='bbox 244 455 371 481; x_wconf 75' lang='lat' dir='ltr'><strong>Persona:</strong></span> <span class='ocrx_word' id='word_1_69' title='bbox 395 455 482 486; x_wconf 89' lang='lat' dir='ltr'><strong>enim,</strong></span> <span class='ocrx_word' id='word_1_70' title='bbox 499 453 600 488; x_wconf 82' lang='lat' dir='ltr'><strong>inquit,</strong></span> <span class='ocrx_word' id='word_1_71' title='bbox 618 451 894 488; x_wconf 78' lang='lat' dir='ltr'><strong>supersubstantialis</strong></span> <span class='ocrx_word' id='word_1_72' title='bbox 915 451 957 477; x_wconf 92' lang='lat' dir='ltr'><strong>di-</strong></span> 
     </span>
    </p>
   </div>
   <div class='ocr_carea' id='block_1_12' title="bbox 167 497 957 536">
    <p class='ocr_par' dir='ltr' id='par_1_12' title="bbox 167 497 957 536">
     <span class='ocr_line' id='line_1_12' title="bbox 167 497 957 536; baseline -0.005 -9"><span class='ocrx_word' id='word_1_73' title='bbox 167 502 238 528; x_wconf 58' lang='lat' dir='ltr'><strong>vinus</strong></span> <span class='ocrx_word' id='word_1_74' title='bbox 248 501 436 536; x_wconf 78' lang='lat' dir='ltr'><strong>generationis</strong></span> <span class='ocrx_word' id='word_1_75' title='bbox 454 509 507 528; x_wconf 91' lang='lat' dir='ltr'><strong>non</strong></span> <span class='ocrx_word' id='word_1_76' title='bbox 528 501 748 534; x_wconf 71' lang='lat' dir='ltr'><strong>reciprocantur.</strong></span> <span class='ocrx_word' id='word_1_77' title='bbox 764 499 870 526; x_wconf 87' lang='lat' dir='ltr'><strong>Nomen</strong></span> <span class='ocrx_word' id='word_1_78' title='bbox 883 497 957 525; x_wconf 91' lang='lat' dir='ltr'><strong>enim</strong></span> 
     </span>
    </p>
   </div>
   <div class='ocr_carea' id='block_1_13' title="bbox 167 540 959 581">
    <p class='ocr_par' dir='ltr' id='par_1_13' title="bbox 167 540 959 581">
     <span class='ocr_line' id='line_1_13' title="bbox 167 540 959 581; baseline -0.005 -7"><span class='ocrx_word' id='word_1_79' title='bbox 167 548 246 580; x_wconf 74' lang='lat' dir='ltr'><strong>illud,</strong></span> <span class='ocrx_word' id='word_1_80' title='bbox 264 549 435 581; x_wconf 81' lang='lat' dir='ltr'><strong>theogonias,</strong></span> <span class='ocrx_word' id='word_1_81' title='bbox 455 540 507 574; x_wconf 76' lang='lat' dir='ltr'><strong>hoc</strong></span> <span class='ocrx_word' id='word_1_82' title='bbox 522 551 565 574; x_wconf 85' lang='lat' dir='ltr'><strong>est</strong></span> <span class='ocrx_word' id='word_1_83' title='bbox 581 547 667 574; x_wconf 73' lang='lat' dir='ltr'><strong>divini</strong></span> <span class='ocrx_word' id='word_1_84' title='bbox 684 551 772 575; x_wconf 85' lang='lat' dir='ltr'><strong>ortus.</strong></span> <span class='ocrx_word' id='word_1_85' title='bbox 792 553 806 572; x_wconf 88' lang='lat' dir='ltr'><strong>a</strong></span> <span class='ocrx_word' id='word_1_86' title='bbox 821 544 959 579; x_wconf 75' lang='lat' dir='ltr'><strong>gignendo</strong></span> 
     </span>
    </p>
   </div>
   <div class='ocr_carea' id='block_1_14' title="bbox 166 589 959 627">
    <p class='ocr_par' dir='ltr' id='par_1_14' title="bbox 166 589 959 627">
     <span class='ocr_line' id='line_1_14' title="bbox 166 589 959 627; baseline -0.005 -8"><span class='ocrx_word' id='word_1_87' title='bbox 166 598 194 619; x_wconf 79' lang='lat' dir='ltr'><strong>et</strong></span> <span class='ocrx_word' id='word_1_88' title='bbox 213 593 390 627; x_wconf 74' lang='lat' dir='ltr'><strong>generatione</strong></span> <span class='ocrx_word' id='word_1_89' title='bbox 407 593 585 626; x_wconf 81' lang='lat' dir='ltr'><strong>desumptum</strong></span> <span class='ocrx_word' id='word_1_90' title='bbox 611 596 662 618; x_wconf 80' lang='lat' dir='ltr'><strong>est.</strong></span> <span class='ocrx_word' id='word_1_91' title='bbox 680 591 745 624; x_wconf 72' lang='lat' dir='ltr'><strong>Qua.-</strong></span> <span class='ocrx_word' id='word_1_92' title='bbox 770 598 835 617; x_wconf 79' lang='lat' dir='ltr'><strong>sanc</strong></span> <span class='ocrx_word' id='word_1_93' title='bbox 862 589 959 616; x_wconf 84' lang='lat' dir='ltr'><strong>relatio</strong></span> 
     </span>
    </p>
   </div>
   <div class='ocr_carea' id='block_1_15' title="bbox 168 637 958 671">
    <p class='ocr_par' dir='ltr' id='par_1_15' title="bbox 168 637 958 671">
     <span class='ocr_line' id='line_1_15' title="bbox 168 637 958 671; baseline -0.003 -7"><span class='ocrx_word' id='word_1_94' title='bbox 168 643 275 666; x_wconf 80' lang='lat' dir='ltr'><strong>tantum</strong></span> <span class='ocrx_word' id='word_1_95' title='bbox 292 639 363 666; x_wconf 82' lang='lat' dir='ltr'><strong>Patri</strong></span> <span class='ocrx_word' id='word_1_96' title='bbox 380 639 512 666; x_wconf 78' lang='lat' dir='ltr'><strong>convenit</strong></span> <span class='ocrx_word' id='word_1_97' title='bbox 528 643 555 665; x_wconf 82' lang='lat' dir='ltr'><strong>et</strong></span> <span class='ocrx_word' id='word_1_98' title='bbox 573 638 654 666; x_wconf 80' lang='lat' dir='ltr'><strong>Filio.</strong></span> <span class='ocrx_word' id='word_1_99' title='bbox 670 645 732 664; x_wconf 87' lang='lat' dir='ltr'><strong>cum</strong></span> <span class='ocrx_word' id='word_1_100' title='bbox 747 637 819 664; x_wconf 83' lang='lat' dir='ltr'><strong>alter</strong></span> <span class='ocrx_word' id='word_1_101' title='bbox 834 640 958 671; x_wconf 67' lang='lat' dir='ltr'><strong>generet,</strong></span> 
     </span>
    </p>
   </div>
   <div class='ocr_carea' id='block_1_16' title="bbox 167 683 959 719">
    <p class='ocr_par' dir='ltr' id='par_1_16' title="bbox 167 683 959 719">
     <span class='ocr_line' id='line_1_16' title="bbox 167 683 959 719; baseline -0.003 -8"><span class='ocrx_word' id='word_1_102' title='bbox 167 686 237 712; x_wconf 82' lang='lat' dir='ltr'><strong>alter</strong></span> <span class='ocrx_word' id='word_1_103' title='bbox 254 685 393 719; x_wconf 75' lang='lat' dir='ltr'><strong>gignatur.</strong></span> <span class='ocrx_word' id='word_1_104' title='bbox 415 684 473 712; x_wconf 83' lang='lat' dir='ltr'><strong>Hoc</strong></span> <span class='ocrx_word' id='word_1_105' title='bbox 495 692 559 711; x_wconf 84' lang='lat' dir='ltr'><strong>vero</strong></span> <span class='ocrx_word' id='word_1_106' title='bbox 579 690 607 711; x_wconf 90' lang='lat' dir='ltr'><strong>et</strong></span> <span class='ocrx_word' id='word_1_107' title='bbox 623 685 694 711; x_wconf 87' lang='lat' dir='ltr'><strong>ultra</strong></span> <span class='ocrx_word' id='word_1_108' title='bbox 711 683 893 718; x_wconf 80' lang='lat' dir='ltr'><strong>progrediens</strong></span> <span class='ocrx_word' id='word_1_109' title='bbox 909 683 959 709; x_wconf 91' lang='lat' dir='ltr'><strong>do-</strong></span> 
     </span>
    </p>
   </div>
   <div class='ocr_carea' id='block_1_17' title="bbox 168 729 962 764">
    <p class='ocr_par' dir='ltr' id='par_1_17' title="bbox 168 729 962 764">
     <span class='ocr_line' id='line_1_17' title="bbox 168 729 962 764; baseline -0.001 -9"><span class='ocrx_word' id='word_1_110' title='bbox 168 734 229 756; x_wconf 80' lang='lat' dir='ltr'><strong>ctor</strong></span> <span class='ocrx_word' id='word_1_111' title='bbox 255 730 342 764; x_wconf 73' lang='lat' dir='ltr'><strong>magis</strong></span> <span class='ocrx_word' id='word_1_112' title='bbox 358 730 470 763; x_wconf 76' lang='lat' dir='ltr'><strong>planum</strong></span> <span class='ocrx_word' id='word_1_113' title='bbox 484 734 512 756; x_wconf 76' lang='lat' dir='ltr'><strong>et</strong></span> <span class='ocrx_word' id='word_1_114' title='bbox 523 730 701 757; x_wconf 75' lang='lat' dir='ltr'><strong>manifestum</strong></span> <span class='ocrx_word' id='word_1_115' title='bbox 716 730 802 756; x_wconf 80' lang='lat' dir='ltr'><strong>facit:</strong></span> <span class='ocrx_word' id='word_1_116' title='bbox 818 729 877 756; x_wconf 85' lang='lat' dir='ltr'><strong>Non</strong></span> <span class='ocrx_word' id='word_1_117' title='bbox 890 729 962 755; x_wconf 80' lang='lat' dir='ltr'><strong>exsi-</strong></span> 
     </span>
    </p>
   </div>
   <div class='ocr_carea' id='block_1_18' title="bbox 170 775 958 810">
    <p class='ocr_par' dir='ltr' id='par_1_18' title="bbox 170 775 958 810">
     <span class='ocr_line' id='line_1_18' title="bbox 170 775 958 810; baseline -0.001 -8"><span class='ocrx_word' id='word_1_118' title='bbox 170 780 271 809; x_wconf 78' lang='lat' dir='ltr'><strong>stente,</strong></span> <span class='ocrx_word' id='word_1_119' title='bbox 293 776 432 810; x_wconf 76' lang='lat' dir='ltr'><strong>inquiens,</strong></span> <span class='ocrx_word' id='word_1_120' title='bbox 459 776 540 803; x_wconf 80' lang='lat' dir='ltr'><strong>Patre</strong></span> <span class='ocrx_word' id='word_1_121' title='bbox 563 776 645 807; x_wconf 82' lang='lat' dir='ltr'><strong>Filio,</strong></span> <span class='ocrx_word' id='word_1_122' title='bbox 670 784 760 810; x_wconf 86' lang='lat' dir='ltr'><strong>neque</strong></span> <span class='ocrx_word' id='word_1_123' title='bbox 779 775 850 802; x_wconf 80' lang='lat' dir='ltr'><strong>Filio</strong></span> <span class='ocrx_word' id='word_1_124' title='bbox 867 775 958 802; x_wconf 79' lang='lat' dir='ltr'><strong>Patre.</strong></span> 
     </span>
    </p>
   </div>
   <div class='ocr_carea' id='block_1_19' title="bbox 169 819 959 857">
    <p class='ocr_par' dir='ltr' id='par_1_19' title="bbox 169 819 959 857">
     <span class='ocr_line' id='line_1_19' title="bbox 169 819 959 857; baseline -0.003 -10"><span class='ocrx_word' id='word_1_125' title='bbox 169 821 262 854; x_wconf 81' lang='lat' dir='ltr'><strong>Quare</strong></span> <span class='ocrx_word' id='word_1_126' title='bbox 279 829 341 848; x_wconf 87' lang='lat' dir='ltr'><strong>cum</strong></span> <span class='ocrx_word' id='word_1_127' title='bbox 365 822 481 857; x_wconf 72' lang='lat' dir='ltr'><strong>gignere</strong></span> <span class='ocrx_word' id='word_1_128' title='bbox 501 829 532 848; x_wconf 83' lang='lat' dir='ltr'><strong>ac</strong></span> <span class='ocrx_word' id='word_1_129' title='bbox 548 822 742 856; x_wconf 81' lang='lat' dir='ltr'><strong>paternitatem</strong></span> <span class='ocrx_word' id='word_1_130' title='bbox 763 826 869 847; x_wconf 83' lang='lat' dir='ltr'><strong>tantum</strong></span> <span class='ocrx_word' id='word_1_131' title='bbox 888 819 959 846; x_wconf 80' lang='lat' dir='ltr'><strong>Patri</strong></span> 
     </span>
    </p>
   </div>
   <div class='ocr_carea' id='block_1_20' title="bbox 167 867 960 899">
    <p class='ocr_par' dir='ltr' id='par_1_20' title="bbox 167 867 960 899">
     <span class='ocr_line' id='line_1_20' title="bbox 167 867 960 899; baseline -0.001 -5"><span class='ocrx_word' id='word_1_132' title='bbox 167 868 350 898; x_wconf 77' lang='lat' dir='ltr'><strong>attribuisset,</strong></span> <span class='ocrx_word' id='word_1_133' title='bbox 364 877 427 894; x_wconf 85' lang='lat' dir='ltr'><strong>cum</strong></span> <span class='ocrx_word' id='word_1_134' title='bbox 445 869 533 895; x_wconf 90' lang='lat' dir='ltr'><strong>solum</strong></span> <span class='ocrx_word' id='word_1_135' title='bbox 545 869 611 895; x_wconf 85' lang='lat' dir='ltr'><strong>dicit</strong></span> <span class='ocrx_word' id='word_1_136' title='bbox 626 876 687 895; x_wconf 85' lang='lat' dir='ltr'><strong>esse</strong></span> <span class='ocrx_word' id='word_1_137' title='bbox 713 867 815 894; x_wconf 81' lang='lat' dir='ltr'><strong>fontem</strong></span> <span class='ocrx_word' id='word_1_138' title='bbox 831 867 960 899; x_wconf 86' lang='lat' dir='ltr'><strong>deitatis;</strong></span> 
     </span>
    </p>
   </div>
   <div class='ocr_carea' id='block_1_21' title="bbox 168 913 958 948">
    <p class='ocr_par' dir='ltr' id='par_1_21' title="bbox 168 913 958 948">
     <span class='ocr_line' id='line_1_21' title="bbox 168 913 958 948; baseline 0 -9"><span class='ocrx_word' id='word_1_139' title='bbox 168 913 245 947; x_wconf 83' lang='lat' dir='ltr'><strong>quasi</strong></span> <span class='ocrx_word' id='word_1_140' title='bbox 258 913 374 946; x_wconf 79' lang='lat' dir='ltr'><strong>diceret,</strong></span> <span class='ocrx_word' id='word_1_141' title='bbox 391 915 473 941; x_wconf 88' lang='lat' dir='ltr'><strong>Solus</strong></span> <span class='ocrx_word' id='word_1_142' title='bbox 486 914 543 948; x_wconf 85' lang='lat' dir='ltr'><strong>ipse</strong></span> <span class='ocrx_word' id='word_1_143' title='bbox 558 918 599 940; x_wconf 81' lang='lat' dir='ltr'><strong>est</strong></span> <span class='ocrx_word' id='word_1_144' title='bbox 610 914 690 941; x_wconf 79' lang='lat' dir='ltr'><strong>Pater</strong></span> <span class='ocrx_word' id='word_1_145' title='bbox 700 919 727 940; x_wconf 89' lang='lat' dir='ltr'><strong>et</strong></span> <span class='ocrx_word' id='word_1_146' title='bbox 741 913 815 940; x_wconf 88' lang='lat' dir='ltr'><strong>solus</strong></span> <span class='ocrx_word' id='word_1_147' title='bbox 826 917 939 947; x_wconf 78' lang='lat' dir='ltr'><strong>generat</strong></span> <span class='ocrx_word' id='word_1_148' title='bbox 953 922 958 939; x_wconf 91' lang='lat'>:</span> 
     </span>
    </p>
   </div>
   <div class='ocr_carea' id='block_1_22' title="bbox 170 959 962 994">
    <p class='ocr_par' dir='ltr' id='par_1_22' title="bbox 170 959 962 994">
     <span class='ocr_line' id='line_1_22' title="bbox 170 959 962 994; baseline 0 -8"><span class='ocrx_word' id='word_1_149' title='bbox 170 968 234 986; x_wconf 81' lang='lat' dir='ltr'><strong>eum</strong></span> <span class='ocrx_word' id='word_1_150' title='bbox 252 968 341 994; x_wconf 82' lang='lat' dir='ltr'><strong>neque</strong></span> <span class='ocrx_word' id='word_1_151' title='bbox 357 961 415 994; x_wconf 84' lang='lat' dir='ltr'><strong>ipse</strong></span> <span class='ocrx_word' id='word_1_152' title='bbox 430 961 583 988; x_wconf 86' lang='lat' dir='ltr'><strong>obtinuerit</strong></span> <span class='ocrx_word' id='word_1_153' title='bbox 606 961 695 986; x_wconf 82' lang='lat' dir='ltr'><strong>locum</strong></span> <span class='ocrx_word' id='word_1_154' title='bbox 714 965 743 986; x_wconf 92' lang='lat' dir='ltr'><strong>ut</strong></span> <span class='ocrx_word' id='word_1_155' title='bbox 758 959 897 994; x_wconf 74' lang='lat' dir='ltr'><strong>gignatur,</strong></span> <span class='ocrx_word' id='word_1_156' title='bbox 915 966 962 986; x_wconf 86' lang='lat' dir='ltr'><strong>ne-</strong></span> 
     </span>
    </p>
   </div>
   <div class='ocr_carea' id='block_1_23' title="bbox 171 1006 962 1041">
    <p class='ocr_par' dir='ltr' id='par_1_23' title="bbox 171 1006 962 1041">
     <span class='ocr_line' id='line_1_23' title="bbox 171 1006 962 1041; baseline -0.001 -8"><span class='ocrx_word' id='word_1_157' title='bbox 171 1014 224 1041; x_wconf 76' lang='lat' dir='ltr'><strong>que</strong></span> <span class='ocrx_word' id='word_1_158' title='bbox 239 1006 325 1033; x_wconf 88' lang='lat' dir='ltr'><strong>Filius</strong></span> <span class='ocrx_word' id='word_1_159' title='bbox 341 1007 462 1033; x_wconf 72' lang='lat' dir='ltr'><strong>viciSsim</strong></span> <span class='ocrx_word' id='word_1_160' title='bbox 478 1007 616 1041; x_wconf 84' lang='lat' dir='ltr'><strong>acceperit</strong></span> <span class='ocrx_word' id='word_1_161' title='bbox 630 1007 721 1033; x_wconf 83' lang='lat' dir='ltr'><strong>locum</strong></span> <span class='ocrx_word' id='word_1_162' title='bbox 736 1012 765 1032; x_wconf 91' lang='lat' dir='ltr'><strong>ut</strong></span> <span class='ocrx_word' id='word_1_163' title='bbox 781 1010 894 1040; x_wconf 79' lang='lat' dir='ltr'><strong>generet</strong></span> <span class='ocrx_word' id='word_1_164' title='bbox 909 1013 916 1032; x_wconf 76' lang='grc' dir='ltr'><strong>τ</strong></span> <span class='ocrx_word' id='word_1_165' title='bbox 934 1008 962 1032; x_wconf 81' lang='lat' dir='ltr'><strong>et</strong></span> 
     </span>
    </p>
   </div>
   <div class='ocr_carea' id='block_1_24' title="bbox 173 1051 964 1086">
    <p class='ocr_par' dir='ltr' id='par_1_24' title="bbox 173 1051 964 1086">
     <span class='ocr_line' id='line_1_24' title="bbox 173 1051 964 1086; baseline -0.001 -8"><span class='ocrx_word' id='word_1_166' title='bbox 173 1057 329 1086; x_wconf 60' lang='lat' dir='ltr'><strong>propterea,</strong></span> <span class='ocrx_word' id='word_1_167' title='bbox 352 1060 476 1084; x_wconf 66' lang='lat' dir='ltr'><strong>personae</strong></span> <span class='ocrx_word' id='word_1_168' title='bbox 502 1051 780 1086; x_wconf 71' lang='lat' dir='ltr'><strong>super-substantialis</strong></span> <span class='ocrx_word' id='word_1_169' title='bbox 795 1051 895 1078; x_wconf 70' lang='lat' dir='ltr'><strong>divina:</strong></span> <span class='ocrx_word' id='word_1_170' title='bbox 917 1059 964 1085; x_wconf 78' lang='lat' dir='ltr'><strong>ge-</strong></span> 
     </span>
    </p>
   </div>
   <div class='ocr_carea' id='block_1_25' title="bbox 171 1098 694 1132">
    <p class='ocr_par' dir='ltr' id='par_1_25' title="bbox 171 1098 694 1132">
     <span class='ocr_line' id='line_1_25' title="bbox 171 1098 694 1132; baseline 0.002 -8"><span class='ocrx_word' id='word_1_171' title='bbox 171 1098 326 1124; x_wconf 80' lang='lat' dir='ltr'><strong>nerationis</strong></span> <span class='ocrx_word' id='word_1_172' title='bbox 342 1098 456 1124; x_wconf 87' lang='lat' dir='ltr'><strong>minime</strong></span> <span class='ocrx_word' id='word_1_173' title='bbox 474 1098 694 1132; x_wconf 80' lang='lat' dir='ltr'><strong>reciprocantur.</strong></span> 
     </span>
    </p>
   </div>
   <div class='ocr_carea' id='block_1_26' title="bbox 206 1144 961 1184">
    <p class='ocr_par' dir='ltr' id='par_1_26' title="bbox 206 1144 961 1184">
     <span class='ocr_line' id='line_1_26' title="bbox 206 1144 961 1184; baseline 0 -12"><span class='ocrx_word' id='word_1_174' title='bbox 206 1144 308 1172; x_wconf 81' lang='lat' dir='ltr'><strong>Verum</strong></span> <span class='ocrx_word' id='word_1_175' title='bbox 332 1144 486 1184; x_wconf 80' lang='lat' dir='ltr'><strong>enimvero,</strong></span> <span class='ocrx_word' id='word_1_176' title='bbox 499 1145 549 1171; x_wconf 81' lang='lat' dir='ltr'><strong>etsi</strong></span> <span class='ocrx_word' id='word_1_177' title='bbox 562 1146 625 1179; x_wconf 89' lang='lat' dir='ltr'><strong>quis</strong></span> <span class='ocrx_word' id='word_1_178' title='bbox 637 1145 838 1172; x_wconf 86' lang='lat' dir='ltr'><strong>diceretsolum</strong></span> <span class='ocrx_word' id='word_1_179' title='bbox 853 1145 961 1172; x_wconf 85' lang='lat' dir='ltr'><strong>Patrem</strong></span> 
     </span>
    </p>
   </div>
   <div class='ocr_carea' id='block_1_27' title="bbox 171 1190 962 1227">
    <p class='ocr_par' dir='ltr' id='par_1_27' title="bbox 171 1190 962 1227">
     <span class='ocr_line' id='line_1_27' title="bbox 171 1190 962 1227; baseline 0.001 -9"><span class='ocrx_word' id='word_1_180' title='bbox 171 1199 232 1218; x_wconf 78' lang='lat' dir='ltr'><strong>esse</strong></span> <span class='ocrx_word' id='word_1_181' title='bbox 248 1190 352 1218; x_wconf 72' lang='lat' dir='ltr'><strong>fontem</strong></span> <span class='ocrx_word' id='word_1_182' title='bbox 366 1192 637 1226; x_wconf 77' lang='lat' dir='ltr'><strong>supersubstantialis</strong></span> <span class='ocrx_word' id='word_1_183' title='bbox 662 1192 786 1224; x_wconf 82' lang='lat' dir='ltr'><strong>deitatis,</strong></span> <span class='ocrx_word' id='word_1_184' title='bbox 802 1192 904 1227; x_wconf 87' lang='lat' dir='ltr'><strong>quippe</strong></span> <span class='ocrx_word' id='word_1_185' title='bbox 919 1200 962 1219; x_wconf 90' lang='lat' dir='ltr'><strong>so-</strong></span> 
     </span>
    </p>
   </div>
   <div class='ocr_carea' id='block_1_28' title="bbox 173 1238 962 1273">
    <p class='ocr_par' dir='ltr' id='par_1_28' title="bbox 173 1238 962 1273">
     <span class='ocr_line' id='line_1_28' title="bbox 173 1238 962 1273; baseline 0.003 -9"><span class='ocrx_word' id='word_1_186' title='bbox 173 1238 216 1264; x_wconf 83' lang='lat' dir='ltr'><strong>ius</strong></span> <span class='ocrx_word' id='word_1_187' title='bbox 231 1238 290 1272; x_wconf 81' lang='lat' dir='ltr'><strong>ipse</strong></span> <span class='ocrx_word' id='word_1_188' title='bbox 309 1239 343 1264; x_wconf 84' lang='lat' dir='ltr'><strong>sit</strong></span> <span class='ocrx_word' id='word_1_189' title='bbox 356 1246 438 1266; x_wconf 80' lang='lat' dir='ltr'><strong>causa</strong></span> <span class='ocrx_word' id='word_1_190' title='bbox 455 1242 482 1265; x_wconf 87' lang='lat' dir='ltr'><strong>et</strong></span> <span class='ocrx_word' id='word_1_191' title='bbox 498 1238 559 1266; x_wconf 83' lang='lat' dir='ltr'><strong>Filii</strong></span> <span class='ocrx_word' id='word_1_192' title='bbox 572 1243 601 1265; x_wconf 84' lang='lat' dir='ltr'><strong>et</strong></span> <span class='ocrx_word' id='word_1_193' title='bbox 617 1238 737 1273; x_wconf 82' lang='lat' dir='ltr'><strong>Spiritus</strong></span> <span class='ocrx_word' id='word_1_194' title='bbox 750 1239 848 1270; x_wconf 80' lang='lat' dir='ltr'><strong>sancti,</strong></span> <span class='ocrx_word' id='word_1_195' title='bbox 864 1246 879 1266; x_wconf 86' lang='lat' dir='ltr'><strong>a</strong></span> <span class='ocrx_word' id='word_1_196' title='bbox 895 1246 962 1266; x_wconf 84' lang='lat' dir='ltr'><strong>vero</strong></span> 
     </span>
    </p>
   </div>
   <div class='ocr_carea' id='block_1_29' title="bbox 174 1285 964 1314">
    <p class='ocr_par' dir='ltr' id='par_1_29' title="bbox 174 1285 964 1314">
     <span class='ocr_line' id='line_1_29' title="bbox 174 1285 964 1314; baseline 0.003 -2"><span class='ocrx_word' id='word_1_197' title='bbox 174 1294 228 1312; x_wconf 87' lang='lat' dir='ltr'><strong>non</strong></span> <span class='ocrx_word' id='word_1_198' title='bbox 247 1286 401 1313; x_wconf 83' lang='lat' dir='ltr'><strong>aberraret.</strong></span> <span class='ocrx_word' id='word_1_199' title='bbox 419 1285 501 1313; x_wconf 85' lang='lat' dir='ltr'><strong>Solus</strong></span> <span class='ocrx_word' id='word_1_200' title='bbox 516 1287 589 1313; x_wconf 88' lang='lat' dir='ltr'><strong>enim</strong></span> <span class='ocrx_word' id='word_1_201' title='bbox 607 1286 652 1313; x_wconf 85' lang='lat' dir='ltr'><strong>ille</strong></span> <span class='ocrx_word' id='word_1_202' title='bbox 667 1292 710 1314; x_wconf 86' lang='lat' dir='ltr'><strong>est</strong></span> <span class='ocrx_word' id='word_1_203' title='bbox 727 1294 808 1314; x_wconf 86' lang='lat' dir='ltr'><strong>causa</strong></span> <span class='ocrx_word' id='word_1_204' title='bbox 824 1290 852 1314; x_wconf 89' lang='lat' dir='ltr'><strong>et</strong></span> <span class='ocrx_word' id='word_1_205' title='bbox 866 1287 964 1314; x_wconf 89' lang='lat' dir='ltr'><strong>ambo-</strong></span> 
     </span>
    </p>
   </div>
   <div class='ocr_carea' id='block_1_30' title="bbox 173 1333 963 1367">
    <p class='ocr_par' dir='ltr' id='par_1_30' title="bbox 173 1333 963 1367">
     <span class='ocr_line' id='line_1_30' title="bbox 173 1333 963 1367; baseline 0.005 -9"><span class='ocrx_word' id='word_1_206' title='bbox 173 1341 233 1360; x_wconf 88' lang='lat' dir='ltr'><strong>rum</strong></span> <span class='ocrx_word' id='word_1_207' title='bbox 245 1354 252 1366; x_wconf 86' lang='lat'><strong>,</strong></span> <span class='ocrx_word' id='word_1_208' title='bbox 273 1338 301 1360; x_wconf 92' lang='lat' dir='ltr'><strong>et</strong></span> <span class='ocrx_word' id='word_1_209' title='bbox 318 1334 392 1360; x_wconf 73' lang='lat' dir='ltr'><strong>solus</strong></span> <span class='ocrx_word' id='word_1_210' title='bbox 410 1337 453 1360; x_wconf 88' lang='lat' dir='ltr'><strong>est</strong></span> <span class='ocrx_word' id='word_1_211' title='bbox 476 1335 539 1361; x_wconf 84' lang='lat' dir='ltr'><strong>l‘ons</strong></span> <span class='ocrx_word' id='word_1_212' title='bbox 555 1341 610 1360; x_wconf 90' lang='lat' dir='ltr'><strong>non</strong></span> <span class='ocrx_word' id='word_1_213' title='bbox 626 1341 660 1360; x_wconf 83' lang='lat' dir='ltr'><strong>ex</strong></span> <span class='ocrx_word' id='word_1_214' title='bbox 677 1333 772 1367; x_wconf 74' lang='lat' dir='ltr'><strong>fonte;</strong></span> <span class='ocrx_word' id='word_1_215' title='bbox 794 1341 858 1361; x_wconf 91' lang='lat' dir='ltr'><strong>cum</strong></span> <span class='ocrx_word' id='word_1_216' title='bbox 876 1334 963 1362; x_wconf 89' lang='lat' dir='ltr'><strong>Filius</strong></span> 
     </span>
    </p>
   </div>
   <div class='ocr_carea' id='block_1_31' title="bbox 172 1379 961 1414">
    <p class='ocr_par' dir='ltr' id='par_1_31' title="bbox 172 1379 961 1414">
     <span class='ocr_line' id='line_1_31' title="bbox 172 1379 961 1414; baseline 0.004 -9"><span class='ocrx_word' id='word_1_217' title='bbox 172 1379 207 1406; x_wconf 70' lang='lat' dir='ltr'><strong>sit</strong></span> <span class='ocrx_word' id='word_1_218' title='bbox 227 1380 288 1405; x_wconf 81' lang='lat' dir='ltr'><strong>l‘ens</strong></span> <span class='ocrx_word' id='word_1_219' title='bbox 309 1380 433 1414; x_wconf 61' lang='lat' dir='ltr'><strong>quidam,</strong></span> <span class='ocrx_word' id='word_1_220' title='bbox 458 1385 487 1406; x_wconf 86' lang='lat' dir='ltr'><strong>ut</strong></span> <span class='ocrx_word' id='word_1_221' title='bbox 506 1380 595 1407; x_wconf 75' lang='lat' dir='ltr'><strong>sancti</strong></span> <span class='ocrx_word' id='word_1_222' title='bbox 615 1384 760 1414; x_wconf 81' lang='lat' dir='ltr'><strong>asserunt,</strong></span> <span class='ocrx_word' id='word_1_223' title='bbox 779 1380 827 1408; x_wconf 84' lang='lat' dir='ltr'><strong>sed</strong></span> <span class='ocrx_word' id='word_1_224' title='bbox 852 1380 914 1408; x_wconf 79' lang='lat' dir='ltr'><strong>fons</strong></span> <span class='ocrx_word' id='word_1_225' title='bbox 928 1389 961 1408; x_wconf 85' lang='lat' dir='ltr'><strong>ex</strong></span> 
     </span>
    </p>
   </div>
   <div class='ocr_carea' id='block_1_32' title="bbox 153 1427 257 1453">
    <p class='ocr_par' dir='ltr' id='par_1_32' title="bbox 153 1427 257 1453">
     <span class='ocr_line' id='line_1_32' title="bbox 153 1427 257 1453; baseline 0.01 -1"><span class='ocrx_word' id='word_1_226' title='bbox 153 1433 158 1436; x_wconf 95' lang='lat'>&#39;</span> <span class='ocrx_word' id='word_1_227' title='bbox 171 1427 257 1453; x_wconf 80' lang='lat' dir='ltr'><strong>fonte.</strong></span> 
     </span>
    </p>
   </div>
   <div class='ocr_carea' id='block_1_33' title="bbox 482 1507 653 1541">
    <p class='ocr_par' dir='ltr' id='par_1_33' title="bbox 482 1507 653 1541">
     <span class='ocr_line' id='line_1_33' title="bbox 482 1507 653 1541; baseline 0.012 -9"><span class='ocrx_word' id='word_1_228' title='bbox 482 1507 653 1541; x_wconf 76' lang='lat' dir='ltr'><strong>Augustinus.</strong></span> 
     </span>
    </p>
   </div>
   <div class='ocr_carea' id='block_1_34' title="bbox 212 1563 963 1600">
    <p class='ocr_par' dir='ltr' id='par_1_34' title="bbox 212 1563 963 1600">
     <span class='ocr_line' id='line_1_34' title="bbox 212 1563 963 1600; baseline 0.004 -11"><span class='ocrx_word' id='word_1_229' title='bbox 212 1563 297 1598; x_wconf 76' lang='lat' dir='ltr'><strong>lli-jus</strong></span> <span class='ocrx_word' id='word_1_230' title='bbox 315 1571 399 1598; x_wconf 81' lang='lat' dir='ltr'><strong>porro</strong></span> <span class='ocrx_word' id='word_1_231' title='bbox 413 1571 512 1591; x_wconf 83' lang='lat' dir='ltr'><strong>sensus</strong></span> <span class='ocrx_word' id='word_1_232' title='bbox 531 1569 559 1590; x_wconf 91' lang='lat' dir='ltr'><strong>et</strong></span> <span class='ocrx_word' id='word_1_233' title='bbox 582 1563 772 1600; x_wconf 67' lang='lat' dir='ltr'><strong>intelligentia</strong></span> <span class='ocrx_word' id='word_1_234' title='bbox 798 1564 881 1592; x_wconf 82' lang='lat' dir='ltr'><strong>etiam</strong></span> <span class='ocrx_word' id='word_1_235' title='bbox 898 1572 963 1592; x_wconf 85' lang='lat' dir='ltr'><strong>oea-</strong></span> 
     </span>
    </p>
   </div>
   <div class='ocr_carea' id='block_1_35' title="bbox 174 1610 964 1645">
    <p class='ocr_par' dir='ltr' id='par_1_35' title="bbox 174 1610 964 1645">
     <span class='ocr_line' id='line_1_35' title="bbox 174 1610 964 1645; baseline 0.001 -10"><span class='ocrx_word' id='word_1_236' title='bbox 174 1614 232 1636; x_wconf 81' lang='lat' dir='ltr'><strong>tnni</strong></span> <span class='ocrx_word' id='word_1_237' title='bbox 265 1610 450 1644; x_wconf 67' lang='lat' dir='ltr'><strong>Augustinum</strong></span> <span class='ocrx_word' id='word_1_238' title='bbox 473 1610 579 1637; x_wconf 79' lang='lat' dir='ltr'><strong>socium</strong></span> <span class='ocrx_word' id='word_1_239' title='bbox 605 1611 684 1638; x_wconf 84' lang='lat' dir='ltr'><strong>nobis</strong></span> <span class='ocrx_word' id='word_1_240' title='bbox 706 1611 843 1638; x_wconf 83' lang='lat' dir='ltr'><strong>adducere</strong></span> <span class='ocrx_word' id='word_1_241' title='bbox 866 1618 964 1645; x_wconf 89' lang='lat' dir='ltr'><strong>possu-</strong></span> 
     </span>
    </p>
   </div>
   <div class='ocr_carea' id='block_1_36' title="bbox 176 1655 961 1690">
    <p class='ocr_par' dir='ltr' id='par_1_36' title="bbox 176 1655 961 1690">
     <span class='ocr_line' id='line_1_36' title="bbox 176 1655 961 1690; baseline 0.001 -9"><span class='ocrx_word' id='word_1_242' title='bbox 176 1663 263 1687; x_wconf 75' lang='lat' dir='ltr'><strong>mus;</strong></span> <span class='ocrx_word' id='word_1_243' title='bbox 290 1655 316 1682; x_wconf 92' lang='lat' dir='ltr'><strong>in</strong></span> <span class='ocrx_word' id='word_1_244' title='bbox 348 1660 446 1690; x_wconf 83' lang='lat' dir='ltr'><strong>quarto</strong></span> <span class='ocrx_word' id='word_1_245' title='bbox 474 1658 546 1683; x_wconf 88' lang='lat' dir='ltr'><strong>enim</strong></span> <span class='ocrx_word' id='word_1_246' title='bbox 576 1656 649 1683; x_wconf 84' lang='lat' dir='ltr'><strong>libro</strong></span> <span class='ocrx_word' id='word_1_247' title='bbox 679 1656 715 1682; x_wconf 85' lang='lat' dir='ltr'><strong>De</strong></span> <span class='ocrx_word' id='word_1_248' title='bbox 746 1655 876 1682; x_wconf 75' lang='lat' dir='ltr'><strong>Trinitate</strong></span> <span class='ocrx_word' id='word_1_249' title='bbox 900 1656 961 1682; x_wconf 78' lang='lat' dir='ltr'><strong>ait:</strong></span> 
     </span>
    </p>
   </div>
   <div class='ocr_carea' id='block_1_37' title="bbox 175 1701 964 1736">
    <p class='ocr_par' dir='ltr' id='par_1_37' title="bbox 175 1701 964 1736">
     <span class='ocr_line' id='line_1_37' title="bbox 175 1701 964 1736; baseline 0 -10"><span class='ocrx_word' id='word_1_250' title='bbox 175 1701 252 1734; x_wconf 79' lang='lat' dir='ltr'><strong>Quod</strong></span> <span class='ocrx_word' id='word_1_251' title='bbox 283 1706 374 1728; x_wconf 64' lang='lat' dir='ltr'><strong>autem</strong></span> <span class='ocrx_word' id='word_1_252' title='bbox 398 1701 464 1728; x_wconf 86' lang='lat' dir='ltr'><strong>dicit</strong></span> <span class='ocrx_word' id='word_1_253' title='bbox 497 1702 651 1729; x_wconf 83' lang='lat' dir='ltr'><strong>Dominus:</strong></span> <span class='ocrx_word' id='word_1_254' title='bbox 674 1701 755 1734; x_wconf 84' lang='lat' dir='ltr'><strong>Quem</strong></span> <span class='ocrx_word' id='word_1_255' title='bbox 784 1710 830 1736; x_wconf 75' lang='lat' dir='ltr'><strong>ego</strong></span> <span class='ocrx_word' id='word_1_256' title='bbox 861 1701 964 1727; x_wconf 77' lang='lat' dir='ltr'><strong>mittam</strong></span> 
     </span>
    </p>
   </div>
   <div class='ocr_carea' id='block_1_38' title="bbox 175 1747 965 1783">
    <p class='ocr_par' dir='ltr' id='par_1_38' title="bbox 175 1747 965 1783">
     <span class='ocr_line' id='line_1_38' title="bbox 175 1747 965 1783; baseline 0.001 -9"><span class='ocrx_word' id='word_1_257' title='bbox 175 1747 247 1774; x_wconf 68' lang='lat' dir='ltr'><strong>vobis</strong></span> <span class='ocrx_word' id='word_1_258' title='bbox 258 1755 274 1773; x_wconf 81' lang='grc' dir='ltr'><strong>(ι</strong></span> <span class='ocrx_word' id='word_1_259' title='bbox 288 1747 379 1781; x_wconf 81' lang='lat' dir='ltr'><strong>Putre,</strong></span> <span class='ocrx_word' id='word_1_260' title='bbox 404 1747 528 1775; x_wconf 85' lang='lat' dir='ltr'><strong>ostendit</strong></span> <span class='ocrx_word' id='word_1_261' title='bbox 545 1747 677 1783; x_wconf 84' lang='lat' dir='ltr'><strong>Spiritum</strong></span> <span class='ocrx_word' id='word_1_262' title='bbox 693 1753 818 1774; x_wconf 85' lang='lat' dir='ltr'><strong>sanctum</strong></span> <span class='ocrx_word' id='word_1_263' title='bbox 834 1751 862 1774; x_wconf 86' lang='lat' dir='ltr'><strong>et</strong></span> <span class='ocrx_word' id='word_1_264' title='bbox 877 1747 965 1775; x_wconf 77' lang='lat' dir='ltr'><strong>Patris</strong></span> 
     </span>
    </p>
   </div>
   <div class='ocr_carea' id='block_1_39' title="bbox 175 1791 965 1826">
    <p class='ocr_par' dir='ltr' id='par_1_39' title="bbox 175 1791 965 1826">
     <span class='ocr_line' id='line_1_39' title="bbox 175 1791 965 1826; baseline 0.003 -7"><span class='ocrx_word' id='word_1_265' title='bbox 175 1800 236 1819; x_wconf 59' lang='lat' dir='ltr'><strong>esse</strong></span> <span class='ocrx_word' id='word_1_266' title='bbox 249 1797 275 1819; x_wconf 85' lang='lat' dir='ltr'><strong>et</strong></span> <span class='ocrx_word' id='word_1_267' title='bbox 291 1791 363 1820; x_wconf 84' lang='lat' dir='ltr'><strong>Filii.</strong></span> <span class='ocrx_word' id='word_1_268' title='bbox 376 1793 444 1820; x_wconf 89' lang='lat' dir='ltr'><strong>Cum</strong></span> <span class='ocrx_word' id='word_1_269' title='bbox 460 1794 532 1820; x_wconf 86' lang='lat' dir='ltr'><strong>enim</strong></span> <span class='ocrx_word' id='word_1_270' title='bbox 557 1793 640 1820; x_wconf 85' lang='lat' dir='ltr'><strong>etiam</strong></span> <span class='ocrx_word' id='word_1_271' title='bbox 662 1793 776 1820; x_wconf 81' lang='lat' dir='ltr'><strong>dixisset</strong></span> <span class='ocrx_word' id='word_1_272' title='bbox 791 1802 798 1820; x_wconf 75' lang='grc' dir='ltr'><strong>ι</strong></span> <span class='ocrx_word' id='word_1_273' title='bbox 811 1792 892 1826; x_wconf 82' lang='lat' dir='ltr'><strong>Quem</strong></span> <span class='ocrx_word' id='word_1_274' title='bbox 905 1795 965 1821; x_wconf 83' lang='lat' dir='ltr'><strong>mit-</strong></span> 
     </span>
    </p>
   </div>
   <div class='ocr_carea' id='block_1_40' title="bbox 176 1838 964 1871">
    <p class='ocr_par' dir='ltr' id='par_1_40' title="bbox 176 1838 964 1871">
     <span class='ocr_line' id='line_1_40' title="bbox 176 1838 964 1871; baseline 0.001 -7"><span class='ocrx_word' id='word_1_275' title='bbox 176 1843 212 1865; x_wconf 70' lang='grc' dir='ltr'>ι-ιι</span> <span class='ocrx_word' id='word_1_276' title='bbox 228 1838 318 1868; x_wconf 79' lang='lat' dir='ltr'><strong>Pater.</strong></span> <span class='ocrx_word' id='word_1_277' title='bbox 333 1839 359 1865; x_wconf 84' lang='lat' dir='ltr'><strong>in</strong></span> <span class='ocrx_word' id='word_1_278' title='bbox 376 1839 482 1866; x_wconf 79' lang='lat' dir='ltr'><strong>nomine</strong></span> <span class='ocrx_word' id='word_1_279' title='bbox 495 1847 561 1871; x_wconf 76' lang='lat' dir='ltr'><strong>meo.</strong></span> <span class='ocrx_word' id='word_1_280' title='bbox 576 1839 691 1866; x_wconf 79' lang='lat' dir='ltr'><strong>addidit.</strong></span> <span class='ocrx_word' id='word_1_281' title='bbox 704 1839 764 1866; x_wconf 56' lang='grc' dir='ltr'>δοκι</span> <span class='ocrx_word' id='word_1_282' title='bbox 779 1843 871 1866; x_wconf 83' lang='lat' dir='ltr'><strong>tamen</strong></span> <span class='ocrx_word' id='word_1_283' title='bbox 884 1839 964 1871; x_wconf 78' lang='lat' dir='ltr'><strong>dixit,</strong></span> 
     </span>
    </p>
   </div>
   <div class='ocr_carea' id='block_1_41' title="bbox 175 1885 962 1920">
    <p class='ocr_par' dir='ltr' id='par_1_41' title="bbox 175 1885 962 1920">
     <span class='ocr_line' id='line_1_41' title="bbox 175 1885 962 1920; baseline 0.004 -11"><span class='ocrx_word' id='word_1_284' title='bbox 175 1890 262 1916; x_wconf 71' lang='lat' dir='ltr'><strong>Quem</strong></span> <span class='ocrx_word' id='word_1_285' title='bbox 286 1885 376 1912; x_wconf 88' lang='lat' dir='ltr'><strong>mittet</strong></span> <span class='ocrx_word' id='word_1_286' title='bbox 400 1885 479 1912; x_wconf 79' lang='lat' dir='ltr'><strong>Pater</strong></span> <span class='ocrx_word' id='word_1_287' title='bbox 501 1893 515 1912; x_wconf 89' lang='lat' dir='ltr'><strong>a</strong></span> <span class='ocrx_word' id='word_1_288' title='bbox 541 1893 594 1917; x_wconf 86' lang='lat' dir='ltr'><strong>me,</strong></span> <span class='ocrx_word' id='word_1_289' title='bbox 613 1885 847 1920; x_wconf 80' lang='lat' dir='ltr'><strong>quemadmodum</strong></span> <span class='ocrx_word' id='word_1_290' title='bbox 871 1886 962 1913; x_wconf 75' lang='lat' dir='ltr'><strong>dixit:</strong></span> 
     </span>
    </p>
   </div>
   <div class='ocr_carea' id='block_1_42' title="bbox 176 1930 966 1963">
    <p class='ocr_par' dir='ltr' id='par_1_42' title="bbox 176 1930 966 1963">
     <span class='ocr_line' id='line_1_42' title="bbox 176 1930 966 1963; baseline 0.004 -8"><span class='ocrx_word' id='word_1_291' title='bbox 176 1931 260 1961; x_wconf 66' lang='lat' dir='ltr'><strong>Quem</strong></span> <span class='ocrx_word' id='word_1_292' title='bbox 274 1939 320 1961; x_wconf 80' lang='lat' dir='ltr'><strong>eqo</strong></span> <span class='ocrx_word' id='word_1_293' title='bbox 339 1932 441 1958; x_wconf 80' lang='lat' dir='ltr'><strong>mittam</strong></span> <span class='ocrx_word' id='word_1_294' title='bbox 454 1931 523 1958; x_wconf 74' lang='lat' dir='ltr'><strong>vobis</strong></span> <span class='ocrx_word' id='word_1_295' title='bbox 544 1940 558 1958; x_wconf 88' lang='lat' dir='ltr'><strong>a</strong></span> <span class='ocrx_word' id='word_1_296' title='bbox 574 1930 674 1963; x_wconf 70' lang='lat' dir='ltr'><strong>Patre,-</strong></span> <span class='ocrx_word' id='word_1_297' title='bbox 690 1931 842 1958; x_wconf 79' lang='lat' dir='ltr'><strong>ostendens</strong></span> <span class='ocrx_word' id='word_1_298' title='bbox 859 1932 966 1959; x_wconf 85' lang='lat' dir='ltr'><strong>scilicet</strong></span> 
     </span>
    </p>
   </div>
   <div class='ocr_carea' id='block_1_43' title="bbox 176 1977 965 2011">
    <p class='ocr_par' dir='ltr' id='par_1_43' title="bbox 176 1977 965 2011">
     <span class='ocr_line' id='line_1_43' title="bbox 176 1977 965 2011; baseline 0.006 -10"><span class='ocrx_word' id='word_1_299' title='bbox 176 1978 261 2003; x_wconf 76' lang='lat' dir='ltr'><strong>totius</strong></span> <span class='ocrx_word' id='word_1_300' title='bbox 279 1977 445 2007; x_wconf 68' lang='lat' dir='ltr'><strong>divinitatis.</strong></span> <span class='ocrx_word' id='word_1_301' title='bbox 460 1977 513 2008; x_wconf 86' lang='lat' dir='ltr'><strong>vel,</strong></span> <span class='ocrx_word' id='word_1_302' title='bbox 531 1978 552 2004; x_wconf 87' lang='lat' dir='ltr'><strong>si</strong></span> <span class='ocrx_word' id='word_1_303' title='bbox 565 1978 665 2004; x_wconf 85' lang='lat' dir='ltr'><strong>melius</strong></span> <span class='ocrx_word' id='word_1_304' title='bbox 679 1977 827 2005; x_wconf 82' lang='lat' dir='ltr'><strong>dicendum</strong></span> <span class='ocrx_word' id='word_1_305' title='bbox 842 1983 893 2011; x_wconf 85' lang='lat' dir='ltr'><strong>est,</strong></span> <span class='ocrx_word' id='word_1_306' title='bbox 908 1978 965 2006; x_wconf 84' lang='lat' dir='ltr'><strong>(lei-</strong></span> 
     </span>
    </p>
   </div>
   <div class='ocr_carea' id='block_1_44' title="bbox 176 2022 639 2059">
    <p class='ocr_par' dir='ltr' id='par_1_44' title="bbox 176 2022 639 2059">
     <span class='ocr_line' id='line_1_44' title="bbox 176 2022 639 2059; baseline 0.009 -12"><span class='ocrx_word' id='word_1_307' title='bbox 176 2022 242 2049; x_wconf 79' lang='lat' dir='ltr'><strong>iatis</strong></span> <span class='ocrx_word' id='word_1_308' title='bbox 259 2022 367 2049; x_wconf 78' lang='lat' dir='ltr'><strong>Patrem</strong></span> <span class='ocrx_word' id='word_1_309' title='bbox 381 2031 442 2051; x_wconf 82' lang='lat' dir='ltr'><strong>esse</strong></span> <span class='ocrx_word' id='word_1_310' title='bbox 461 2024 639 2059; x_wconf 81' lang='lat' dir='ltr'><strong>principium.</strong></span> 
     </span>
    </p>
   </div>
   <div class='ocr_carea' id='block_1_45' title="bbox 211 2115 965 2150">
    <p class='ocr_par' dir='ltr' id='par_1_45' title="bbox 211 2115 965 2150">
     <span class='ocr_line' id='line_1_45' title="bbox 211 2115 965 2150; baseline 0.003 -9"><span class='ocrx_word' id='word_1_311' title='bbox 211 2115 297 2148; x_wconf 85' lang='lat' dir='ltr'><strong>Quem</strong></span> <span class='ocrx_word' id='word_1_312' title='bbox 318 2116 412 2145; x_wconf 89' lang='lat' dir='ltr'><strong>alium.</strong></span> <span class='ocrx_word' id='word_1_313' title='bbox 430 2123 510 2150; x_wconf 83' lang='lat' dir='ltr'><strong>quam</strong></span> <span class='ocrx_word' id='word_1_314' title='bbox 527 2115 623 2149; x_wconf 86' lang='lat' dir='ltr'><strong>istum,</strong></span> <span class='ocrx_word' id='word_1_315' title='bbox 640 2116 683 2142; x_wconf 89' lang='lat' dir='ltr'><strong>cui</strong></span> <span class='ocrx_word' id='word_1_316' title='bbox 706 2116 793 2150; x_wconf 71' lang='lat' dir='ltr'><strong>magis</strong></span> <span class='ocrx_word' id='word_1_317' title='bbox 810 2116 965 2148; x_wconf 84' lang='lat' dir='ltr'><strong>credamus,</strong></span> 
     </span>
    </p>
   </div>
   <div class='ocr_carea' id='block_1_46' title="bbox 176 2155 967 2197">
    <p class='ocr_par' dir='ltr' id='par_1_46' title="bbox 176 2155 967 2197">
     <span class='ocr_line' id='line_1_46' title="bbox 176 2155 967 2197; baseline 0.003 -10"><span class='ocrx_word' id='word_1_318' title='bbox 176 2162 277 2188; x_wconf 80' lang='lat' dir='ltr'><strong>mentis</strong></span> <span class='ocrx_word' id='word_1_319' title='bbox 304 2161 424 2197; x_wconf 88' lang='lat' dir='ltr'><strong>Dionysii</strong></span> <span class='ocrx_word' id='word_1_320' title='bbox 453 2155 608 2196; x_wconf 61' lang='lat' dir='ltr'><strong>quaeremus</strong></span> <span class='ocrx_word' id='word_1_321' title='bbox 635 2161 842 2197; x_wconf 80' lang='lat' dir='ltr'><strong>interpretem?</strong></span> <span class='ocrx_word' id='word_1_322' title='bbox 859 2169 922 2188; x_wconf 91' lang='lat' dir='ltr'><strong>cum</strong></span> <span class='ocrx_word' id='word_1_323' title='bbox 939 2167 967 2189; x_wconf 84' lang='lat' dir='ltr'><strong>et</strong></span> 
     </span>
    </p>
   </div>
   <div class='ocr_carea' id='block_1_47' title="bbox 1008 222 1818 260">
    <p class='ocr_par' dir='ltr' id='par_1_47' title="bbox 1008 222 1818 260">
     <span class='ocr_line' id='line_1_47' title="bbox 1008 222 1818 260; baseline 0.004 -12"><span class='ocrx_word' id='word_1_324' title='bbox 1008 230 1063 248; x_wconf 82' lang='grc' dir='ltr'>των</span> <span class='ocrx_word' id='word_1_325' title='bbox 1078 222 1245 256; x_wconf 78' lang='grc' dir='ltr'>παραδιδοὺς</span> <span class='ocrx_word' id='word_1_326' title='bbox 1261 222 1309 248; x_wconf 79' lang='grc' dir='ltr'><strong>ἀπ’</strong></span> <span class='ocrx_word' id='word_1_327' title='bbox 1326 222 1450 256; x_wconf 75' lang='grc' dir='ltr'>ἀλλήλων</span> <span class='ocrx_word' id='word_1_328' title='bbox 1470 223 1620 257; x_wconf 72' lang='grc' dir='ltr'><strong>διάκρισιν,</strong></span> <span class='ocrx_word' id='word_1_329' title='bbox 1645 224 1729 260; x_wconf 85' lang='grc' dir='ltr'>μόνην</span> <span class='ocrx_word' id='word_1_330' title='bbox 1753 233 1818 260; x_wconf 82' lang='grc' dir='ltr'>πη-</span> 
     </span>
    </p>
   </div>
   <div class='ocr_carea' id='block_1_48' title="bbox 1009 267 1818 306">
    <p class='ocr_par' dir='ltr' id='par_1_48' title="bbox 1009 267 1818 306">
     <span class='ocr_line' id='line_1_48' title="bbox 1009 267 1818 306; baseline 0.004 -12"><span class='ocrx_word' id='word_1_331' title='bbox 1009 267 1119 302; x_wconf 76' lang='grc' dir='ltr'>γὴντὸν</span> <span class='ocrx_word' id='word_1_332' title='bbox 1135 268 1245 303; x_wconf 80' lang='grc' dir='ltr'>Πατέρα</span> <span class='ocrx_word' id='word_1_333' title='bbox 1262 269 1357 302; x_wconf 80' lang='grc' dir='ltr'>φησὶν,</span> <span class='ocrx_word' id='word_1_334' title='bbox 1376 269 1415 300; x_wconf 77' lang='grc' dir='ltr'>ὡς</span> <span class='ocrx_word' id='word_1_335' title='bbox 1445 269 1492 296; x_wconf 82' lang='grc' dir='ltr'>τοῦ</span> <span class='ocrx_word' id='word_1_336' title='bbox 1513 270 1562 303; x_wconf 83' lang='grc' dir='ltr'>μὲν</span> <span class='ocrx_word' id='word_1_337' title='bbox 1583 271 1691 304; x_wconf 60' lang='lat' dir='ltr'><strong>Harpe:</strong></span> <span class='ocrx_word' id='word_1_338' title='bbox 1714 272 1818 306; x_wconf 84' lang='grc' dir='ltr'>πηγῆς</span> 
     </span>
    </p>
   </div>
   <div class='ocr_carea' id='block_1_49' title="bbox 1008 315 1819 352">
    <p class='ocr_par' dir='ltr' id='par_1_49' title="bbox 1008 315 1819 352">
     <span class='ocr_line' id='line_1_49' title="bbox 1008 315 1819 352; baseline 0.004 -11"><span class='ocrx_word' id='word_1_339' title='bbox 1008 315 1056 342; x_wconf 82' lang='grc' dir='ltr'>τοῦ</span> <span class='ocrx_word' id='word_1_340' title='bbox 1070 315 1135 342; x_wconf 80' lang='grc' dir='ltr'>Υίοῦ</span> <span class='ocrx_word' id='word_1_341' title='bbox 1149 315 1235 345; x_wconf 72' lang='grc' dir='ltr'>ὄντος,</span> <span class='ocrx_word' id='word_1_342' title='bbox 1251 315 1299 342; x_wconf 81' lang='grc' dir='ltr'><strong>τοῦ</strong></span> <span class='ocrx_word' id='word_1_343' title='bbox 1322 316 1344 342; x_wconf 80' lang='grc' dir='ltr'><strong>δ’</strong></span> <span class='ocrx_word' id='word_1_344' title='bbox 1356 316 1420 342; x_wconf 86' lang='grc' dir='ltr'>Υῑοῦ</span> <span class='ocrx_word' id='word_1_345' title='bbox 1446 317 1539 350; x_wconf 75' lang='grc' dir='ltr'>πηγῆς</span> <span class='ocrx_word' id='word_1_346' title='bbox 1562 317 1610 343; x_wconf 81' lang='grc' dir='ltr'>τοῦ</span> <span class='ocrx_word' id='word_1_347' title='bbox 1626 317 1733 352; x_wconf 74' lang='grc' dir='ltr'>Πατρδς</span> <span class='ocrx_word' id='word_1_348' title='bbox 1762 319 1819 344; x_wconf 87' lang='grc' dir='ltr'><strong>οὐ-</strong></span> 
     </span>
    </p>
   </div>
   <div class='ocr_carea' id='block_1_50' title="bbox 1009 361 1815 398">
    <p class='ocr_par' dir='ltr' id='par_1_50' title="bbox 1009 361 1815 398">
     <span class='ocr_line' id='line_1_50' title="bbox 1009 361 1815 398; baseline 0.002 -10"><span class='ocrx_word' id='word_1_349' title='bbox 1009 361 1113 394; x_wconf 83' lang='grc' dir='ltr'>δαμῶς.</span> <span class='ocrx_word' id='word_1_350' title='bbox 1131 361 1186 388; x_wconf 82' lang='grc' dir='ltr'><strong>Καὶ</strong></span> <span class='ocrx_word' id='word_1_351' title='bbox 1198 362 1238 388; x_wconf 84' lang='grc' dir='ltr'>ὃτι</span> <span class='ocrx_word' id='word_1_352' title='bbox 1254 362 1319 396; x_wconf 71' lang='grc' dir='ltr'>περὶ</span> <span class='ocrx_word' id='word_1_353' title='bbox 1329 362 1437 397; x_wconf 76' lang='grc' dir='ltr'>Πατρδς</span> <span class='ocrx_word' id='word_1_354' title='bbox 1446 363 1492 389; x_wconf 78' lang='grc' dir='ltr'><strong>καὶ</strong></span> <span class='ocrx_word' id='word_1_355' title='bbox 1512 362 1578 389; x_wconf 85' lang='grc' dir='ltr'><strong>Υἱοῠ</strong></span> <span class='ocrx_word' id='word_1_356' title='bbox 1613 372 1681 398; x_wconf 79' lang='grc' dir='ltr'>φησι</span> <span class='ocrx_word' id='word_1_357' title='bbox 1708 364 1815 398; x_wconf 85' lang='grc' dir='ltr'>μόνου,</span> 
     </span>
    </p>
   </div>
   <div class='ocr_carea' id='block_1_51' title="bbox 1010 407 1815 444">
    <p class='ocr_par' dir='ltr' id='par_1_51' title="bbox 1010 407 1815 444">
     <span class='ocr_line' id='line_1_51' title="bbox 1010 407 1815 444; baseline 0.004 -11"><span class='ocrx_word' id='word_1_358' title='bbox 1010 407 1058 434; x_wconf 70' lang='grc' dir='ltr'><strong>καὶ</strong></span> <span class='ocrx_word' id='word_1_359' title='bbox 1073 407 1126 433; x_wconf 73' lang='grc' dir='ltr'><strong>ἀπὸ</strong></span> <span class='ocrx_word' id='word_1_360' title='bbox 1145 407 1195 433; x_wconf 78' lang='grc' dir='ltr'>τοῦ</span> <span class='ocrx_word' id='word_1_361' title='bbox 1205 408 1377 442; x_wconf 75' lang='grc' dir='ltr'><strong>ἐπαγομένου</strong></span> <span class='ocrx_word' id='word_1_362' title='bbox 1394 408 1486 442; x_wconf 71' lang='grc' dir='ltr'>δῆλον.</span> <span class='ocrx_word' id='word_1_363' title='bbox 1503 409 1544 435; x_wconf 79' lang='grc' dir='ltr'><strong>Τὰ</strong></span> <span class='ocrx_word' id='word_1_364' title='bbox 1563 408 1619 444; x_wconf 84' lang='grc' dir='ltr'><strong>γὰρ</strong></span> <span class='ocrx_word' id='word_1_365' title='bbox 1644 409 1695 441; x_wconf 84' lang='grc' dir='ltr'>τῆς</span> <span class='ocrx_word' id='word_1_366' title='bbox 1720 409 1815 444; x_wconf 81' lang='grc' dir='ltr'>ὑπερ-</span> 
     </span>
    </p>
   </div>
   <div class='ocr_carea' id='block_1_52' title="bbox 1011 452 1814 490">
    <p class='ocr_par' dir='ltr' id='par_1_52' title="bbox 1011 452 1814 490">
     <span class='ocr_line' id='line_1_52' title="bbox 1011 452 1814 490; baseline 0.004 -12"><span class='ocrx_word' id='word_1_367' title='bbox 1011 452 1104 479; x_wconf 78' lang='grc' dir='ltr'>ουσίου</span> <span class='ocrx_word' id='word_1_368' title='bbox 1120 453 1268 487; x_wconf 80' lang='grc' dir='ltr'>θεογονίας,</span> <span class='ocrx_word' id='word_1_369' title='bbox 1279 455 1372 488; x_wconf 67' lang='grc' dir='ltr'>φησιν,</span> <span class='ocrx_word' id='word_1_370' title='bbox 1385 455 1435 481; x_wconf 84' lang='grc' dir='ltr'><strong>οὐκ</strong></span> <span class='ocrx_word' id='word_1_371' title='bbox 1449 455 1624 489; x_wconf 83' lang='grc' dir='ltr'><strong>ἀντιστρέφει</strong></span> <span class='ocrx_word' id='word_1_372' title='bbox 1639 455 1707 489; x_wconf 71' lang='grc' dir='ltr'>πρὸς</span> <span class='ocrx_word' id='word_1_373' title='bbox 1721 455 1814 490; x_wconf 76' lang='grc' dir='ltr'>ἄλλη-</span> 
     </span>
    </p>
   </div>
   <div class='ocr_carea' id='block_1_53' title="bbox 1010 498 1813 537">
    <p class='ocr_par' dir='ltr' id='par_1_53' title="bbox 1010 498 1813 537">
     <span class='ocr_line' id='line_1_53' title="bbox 1010 498 1813 537; baseline 0.004 -12"><span class='ocrx_word' id='word_1_374' title='bbox 1010 498 1054 525; x_wconf 82' lang='grc' dir='ltr'>λα.</span> <span class='ocrx_word' id='word_1_375' title='bbox 1066 500 1102 526; x_wconf 84' lang='grc' dir='ltr'>Τὸ</span> <span class='ocrx_word' id='word_1_376' title='bbox 1115 500 1169 533; x_wconf 79' lang='grc' dir='ltr'><strong>γὰρ</strong></span> <span class='ocrx_word' id='word_1_377' title='bbox 1182 499 1233 534; x_wconf 83' lang='grc' dir='ltr'>τῆς</span> <span class='ocrx_word' id='word_1_378' title='bbox 1250 501 1388 534; x_wconf 71' lang='grc' dir='ltr'>θεογονίας</span> <span class='ocrx_word' id='word_1_379' title='bbox 1398 501 1483 534; x_wconf 72' lang='grc' dir='ltr'>ὄνομα</span> <span class='ocrx_word' id='word_1_380' title='bbox 1495 501 1604 528; x_wconf 75' lang='grc' dir='ltr'>ἀπὸτοῦ</span> <span class='ocrx_word' id='word_1_381' title='bbox 1614 503 1712 537; x_wconf 80' lang='grc' dir='ltr'>γεννᾷν</span> <span class='ocrx_word' id='word_1_382' title='bbox 1727 510 1813 537; x_wconf 78' lang='grc' dir='ltr'>παρ-</span> 
     </span>
    </p>
   </div>
   <div class='ocr_carea' id='block_1_54' title="bbox 1011 546 1815 583">
    <p class='ocr_par' dir='ltr' id='par_1_54' title="bbox 1011 546 1815 583">
     <span class='ocr_line' id='line_1_54' title="bbox 1011 546 1815 583; baseline 0.002 -11"><span class='ocrx_word' id='word_1_383' title='bbox 1011 546 1139 580; x_wconf 84' lang='grc' dir='ltr'>είληπται</span> <span class='ocrx_word' id='word_1_384' title='bbox 1171 547 1217 573; x_wconf 84' lang='grc' dir='ltr'><strong>καὶ</strong></span> <span class='ocrx_word' id='word_1_385' title='bbox 1244 547 1294 580; x_wconf 84' lang='grc' dir='ltr'>τῆς</span> <span class='ocrx_word' id='word_1_386' title='bbox 1314 549 1479 582; x_wconf 83' lang='grc' dir='ltr'>γεννήσεως.</span> <span class='ocrx_word' id='word_1_387' title='bbox 1495 549 1574 577; x_wconf 78' lang='grc' dir='ltr'>Ἥτις</span> <span class='ocrx_word' id='word_1_388' title='bbox 1586 549 1688 583; x_wconf 78' lang='grc' dir='ltr'>δηλαδὴ</span> <span class='ocrx_word' id='word_1_389' title='bbox 1711 549 1815 582; x_wconf 75' lang='grc' dir='ltr'>σχέσις</span> 
     </span>
    </p>
   </div>
   <div class='ocr_carea' id='block_1_55' title="bbox 1013 592 1815 628">
    <p class='ocr_par' dir='ltr' id='par_1_55' title="bbox 1013 592 1815 628">
     <span class='ocr_line' id='line_1_55' title="bbox 1013 592 1815 628; baseline 0.001 -10"><span class='ocrx_word' id='word_1_390' title='bbox 1013 592 1116 626; x_wconf 82' lang='grc' dir='ltr'>μεταξὺ</span> <span class='ocrx_word' id='word_1_391' title='bbox 1135 593 1241 626; x_wconf 75' lang='grc' dir='ltr'>[ἰατρὸς</span> <span class='ocrx_word' id='word_1_392' title='bbox 1253 593 1369 628; x_wconf 76' lang='grc' dir='ltr'><strong>ἁρμόζει</strong></span> <span class='ocrx_word' id='word_1_393' title='bbox 1384 595 1431 621; x_wconf 80' lang='grc' dir='ltr'><strong>καὶ</strong></span> <span class='ocrx_word' id='word_1_394' title='bbox 1449 594 1527 625; x_wconf 72' lang='lat' dir='ltr'><strong>Tia-3,</strong></span> <span class='ocrx_word' id='word_1_395' title='bbox 1544 594 1592 621; x_wconf 83' lang='grc' dir='ltr'><strong>τοῦ</strong></span> <span class='ocrx_word' id='word_1_396' title='bbox 1620 595 1669 628; x_wconf 81' lang='grc' dir='ltr'>μὲν</span> <span class='ocrx_word' id='word_1_397' title='bbox 1688 595 1815 627; x_wconf 83' lang='grc' dir='ltr'>γεννῶν-</span> 
     </span>
    </p>
   </div>
   <div class='ocr_carea' id='block_1_56' title="bbox 1013 637 1815 674">
    <p class='ocr_par' dir='ltr' id='par_1_56' title="bbox 1013 637 1815 674">
     <span class='ocr_line' id='line_1_56' title="bbox 1013 637 1815 674; baseline 0.004 -11"><span class='ocrx_word' id='word_1_398' title='bbox 1013 646 1070 669; x_wconf 80' lang='grc' dir='ltr'>τος,</span> <span class='ocrx_word' id='word_1_399' title='bbox 1087 637 1135 664; x_wconf 74' lang='grc' dir='ltr'>τοῦ</span> <span class='ocrx_word' id='word_1_400' title='bbox 1152 638 1180 664; x_wconf 72' lang='grc' dir='ltr'><strong>δὲ</strong></span> <span class='ocrx_word' id='word_1_401' title='bbox 1194 639 1379 674; x_wconf 67' lang='grc' dir='ltr'>γεννωμένου.</span> <span class='ocrx_word' id='word_1_402' title='bbox 1411 640 1497 666; x_wconf 81' lang='grc' dir='ltr'><strong>Τοῦῑο</strong></span> <span class='ocrx_word' id='word_1_403' title='bbox 1515 640 1543 666; x_wconf 81' lang='grc' dir='ltr'><strong>δὲ</strong></span> <span class='ocrx_word' id='word_1_404' title='bbox 1571 640 1617 666; x_wconf 68' lang='grc' dir='ltr'>χαλ.</span> <span class='ocrx_word' id='word_1_405' title='bbox 1646 639 1686 665; x_wconf 75' lang='grc' dir='ltr'>ἔτι</span> <span class='ocrx_word' id='word_1_406' title='bbox 1700 639 1815 673; x_wconf 69' lang='grc' dir='ltr'>προῖὼν</span> 
     </span>
    </p>
   </div>
   <div class='ocr_carea' id='block_1_57' title="bbox 1013 684 1813 720">
    <p class='ocr_par' dir='ltr' id='par_1_57' title="bbox 1013 684 1813 720">
     <span class='ocr_line' id='line_1_57' title="bbox 1013 684 1813 720; baseline 0.005 -11"><span class='ocrx_word' id='word_1_407' title='bbox 1013 684 1181 718; x_wconf 77' lang='grc' dir='ltr'>σαφέστερον</span> <span class='ocrx_word' id='word_1_408' title='bbox 1212 686 1308 712; x_wconf 79' lang='grc' dir='ltr'>ποιεῖό</span> <span class='ocrx_word' id='word_1_409' title='bbox 1325 685 1495 718; x_wconf 81' lang='grc' dir='ltr'>διδάσκαλος,</span> <span class='ocrx_word' id='word_1_410' title='bbox 1513 687 1571 713; x_wconf 61' lang='grc' dir='ltr'><strong>οὐκ</strong></span> <span class='ocrx_word' id='word_1_411' title='bbox 1593 686 1680 719; x_wconf 73' lang='grc' dir='ltr'>ὄντος,</span> <span class='ocrx_word' id='word_1_412' title='bbox 1707 686 1813 720; x_wconf 78' lang='grc' dir='ltr'>λέγων,</span> 
     </span>
    </p>
   </div>
   <div class='ocr_carea' id='block_1_58' title="bbox 1018 730 1814 766">
    <p class='ocr_par' dir='ltr' id='par_1_58' title="bbox 1018 730 1814 766">
     <span class='ocr_line' id='line_1_58' title="bbox 1018 730 1814 766; baseline 0.004 -10"><span class='ocrx_word' id='word_1_413' title='bbox 1018 730 1084 756; x_wconf 81' lang='grc' dir='ltr'><strong>Υἱοῦ</strong></span> <span class='ocrx_word' id='word_1_414' title='bbox 1098 730 1146 757; x_wconf 82' lang='grc' dir='ltr'>τοῦ</span> <span class='ocrx_word' id='word_1_415' title='bbox 1160 731 1278 766; x_wconf 81' lang='grc' dir='ltr'>Πατρδς,</span> <span class='ocrx_word' id='word_1_416' title='bbox 1304 731 1364 758; x_wconf 76' lang='grc' dir='ltr'><strong>οὐδὲ</strong></span> <span class='ocrx_word' id='word_1_417' title='bbox 1385 732 1491 766; x_wconf 82' lang='grc' dir='ltr'>Πατρδς</span> <span class='ocrx_word' id='word_1_418' title='bbox 1518 733 1565 758; x_wconf 66' lang='grc' dir='ltr'>τοῖν</span> <span class='ocrx_word' id='word_1_419' title='bbox 1584 732 1661 759; x_wconf 82' lang='grc' dir='ltr'><strong>Υἱοῦ.</strong></span> <span class='ocrx_word' id='word_1_420' title='bbox 1681 732 1766 759; x_wconf 80' lang='grc' dir='ltr'>Ὥστε</span> <span class='ocrx_word' id='word_1_421' title='bbox 1781 733 1814 759; x_wconf 71' lang='grc' dir='ltr'><strong>τὸ</strong></span> 
     </span>
    </p>
   </div>
   <div class='ocr_carea' id='block_1_59' title="bbox 1013 776 1814 813">
    <p class='ocr_par' dir='ltr' id='par_1_59' title="bbox 1013 776 1814 813">
     <span class='ocr_line' id='line_1_59' title="bbox 1013 776 1814 813; baseline 0.006 -13"><span class='ocrx_word' id='word_1_422' title='bbox 1013 776 1111 810; x_wconf 75' lang='grc' dir='ltr'>γεννᾷν</span> <span class='ocrx_word' id='word_1_423' title='bbox 1126 777 1174 802; x_wconf 72' lang='grc' dir='ltr'><strong>καὶ</strong></span> <span class='ocrx_word' id='word_1_424' title='bbox 1187 777 1237 809; x_wconf 82' lang='grc' dir='ltr'>τὴν</span> <span class='ocrx_word' id='word_1_425' title='bbox 1254 779 1413 812; x_wconf 77' lang='grc' dir='ltr'>πατρότητα</span> <span class='ocrx_word' id='word_1_426' title='bbox 1435 778 1474 812; x_wconf 80' lang='grc' dir='ltr'><strong>τῷ</strong></span> <span class='ocrx_word' id='word_1_427' title='bbox 1502 779 1589 812; x_wconf 69' lang='lat' dir='ltr'><strong>[latth</strong></span> <span class='ocrx_word' id='word_1_428' title='bbox 1613 779 1693 813; x_wconf 78' lang='grc' dir='ltr'>μόνον</span> <span class='ocrx_word' id='word_1_429' title='bbox 1713 779 1814 805; x_wconf 80' lang='grc' dir='ltr'>ἀποδι-</span> 
     </span>
    </p>
   </div>
   <div class='ocr_carea' id='block_1_60' title="bbox 1013 819 1811 858">
    <p class='ocr_par' dir='ltr' id='par_1_60' title="bbox 1013 819 1811 858">
     <span class='ocr_line' id='line_1_60' title="bbox 1013 819 1811 858; baseline 0.005 -13"><span class='ocrx_word' id='word_1_430' title='bbox 1013 819 1086 850; x_wconf 75' lang='grc' dir='ltr'>δοὺς,</span> <span class='ocrx_word' id='word_1_431' title='bbox 1107 820 1192 854; x_wconf 82' lang='grc' dir='ltr'>μόνην</span> <span class='ocrx_word' id='word_1_432' title='bbox 1207 821 1291 847; x_wconf 68' lang='grc' dir='ltr'>αὐτὸν</span> <span class='ocrx_word' id='word_1_433' title='bbox 1303 821 1395 856; x_wconf 82' lang='grc' dir='ltr'>πηγὴν</span> <span class='ocrx_word' id='word_1_434' title='bbox 1413 822 1516 856; x_wconf 75' lang='grc' dir='ltr'>φάσκει</span> <span class='ocrx_word' id='word_1_435' title='bbox 1544 823 1674 858; x_wconf 68' lang='grc' dir='ltr'>θεότητος</span> <span class='ocrx_word' id='word_1_436' title='bbox 1687 831 1696 839; x_wconf 57' lang='grc' dir='ltr'>δ</span> <span class='ocrx_word' id='word_1_437' title='bbox 1713 823 1752 854; x_wconf 83' lang='grc' dir='ltr'>ὡς</span> <span class='ocrx_word' id='word_1_438' title='bbox 1774 822 1811 849; x_wconf 80' lang='grc' dir='ltr'>ἂν</span> 
     </span>
    </p>
   </div>
   <div class='ocr_carea' id='block_1_61' title="bbox 1015 867 1812 905">
    <p class='ocr_par' dir='ltr' id='par_1_61' title="bbox 1015 867 1812 905">
     <span class='ocr_line' id='line_1_61' title="bbox 1015 867 1812 905; baseline 0.003 -11"><span class='ocrx_word' id='word_1_439' title='bbox 1015 869 1039 894; x_wconf 69' lang='grc' dir='ltr'>εξ</span> <span class='ocrx_word' id='word_1_440' title='bbox 1053 868 1141 901; x_wconf 78' lang='grc' dir='ltr'>ἔλεγε,</span> <span class='ocrx_word' id='word_1_441' title='bbox 1164 867 1250 899; x_wconf 83' lang='grc' dir='ltr'>Μόνος</span> <span class='ocrx_word' id='word_1_442' title='bbox 1263 868 1357 903; x_wconf 76' lang='grc' dir='ltr'>Πατὴρ</span> <span class='ocrx_word' id='word_1_443' title='bbox 1372 869 1420 894; x_wconf 73' lang='grc' dir='ltr'><strong>καὶ</strong></span> <span class='ocrx_word' id='word_1_444' title='bbox 1435 869 1514 903; x_wconf 82' lang='grc' dir='ltr'>μόνος</span> <span class='ocrx_word' id='word_1_445' title='bbox 1536 870 1650 903; x_wconf 86' lang='grc' dir='ltr'>γεννῶν,</span> <span class='ocrx_word' id='word_1_446' title='bbox 1667 870 1736 905; x_wconf 82' lang='grc' dir='ltr'>μήτε</span> <span class='ocrx_word' id='word_1_447' title='bbox 1757 870 1812 896; x_wconf 82' lang='grc' dir='ltr'><strong>αὺ-</strong></span> 
     </span>
    </p>
   </div>
   <div class='ocr_carea' id='block_1_62' title="bbox 1014 912 1812 950">
    <p class='ocr_par' dir='ltr' id='par_1_62' title="bbox 1014 912 1812 950">
     <span class='ocr_line' id='line_1_62' title="bbox 1014 912 1812 950; baseline 0.004 -10"><span class='ocrx_word' id='word_1_448' title='bbox 1014 913 1062 940; x_wconf 75' lang='grc' dir='ltr'>τοῦ</span> <span class='ocrx_word' id='word_1_449' title='bbox 1075 914 1124 948; x_wconf 79' lang='grc' dir='ltr'>τήν</span> <span class='ocrx_word' id='word_1_450' title='bbox 1140 912 1218 945; x_wconf 78' lang='grc' dir='ltr'>τάξιν</span> <span class='ocrx_word' id='word_1_451' title='bbox 1231 913 1280 949; x_wconf 86' lang='grc' dir='ltr'><strong>τὴν</strong></span> <span class='ocrx_word' id='word_1_452' title='bbox 1292 913 1339 940; x_wconf 77' lang='grc' dir='ltr'>τοῦ</span> <span class='ocrx_word' id='word_1_453' title='bbox 1352 914 1510 948; x_wconf 77' lang='grc' dir='ltr'>γεννᾶσθαι,</span> <span class='ocrx_word' id='word_1_454' title='bbox 1521 915 1590 950; x_wconf 87' lang='grc' dir='ltr'>μήτε</span> <span class='ocrx_word' id='word_1_455' title='bbox 1603 915 1650 942; x_wconf 77' lang='grc' dir='ltr'><strong>τοῦ</strong></span> <span class='ocrx_word' id='word_1_456' title='bbox 1665 916 1728 942; x_wconf 78' lang='grc' dir='ltr'><strong>Υἱοῦ</strong></span> <span class='ocrx_word' id='word_1_457' title='bbox 1744 917 1812 943; x_wconf 83' lang='grc' dir='ltr'>ἀντ-</span> 
     </span>
    </p>
   </div>
   <div class='ocr_carea' id='block_1_63' title="bbox 1014 959 1811 997">
    <p class='ocr_par' dir='ltr' id='par_1_63' title="bbox 1014 959 1811 997">
     <span class='ocr_line' id='line_1_63' title="bbox 1014 959 1811 997; baseline 0.005 -12"><span class='ocrx_word' id='word_1_458' title='bbox 1014 959 1158 994; x_wconf 67' lang='grc' dir='ltr'>ειληφότος</span> <span class='ocrx_word' id='word_1_459' title='bbox 1182 959 1231 994; x_wconf 75' lang='grc' dir='ltr'><strong>τὴν</strong></span> <span class='ocrx_word' id='word_1_460' title='bbox 1252 959 1300 986; x_wconf 77' lang='grc' dir='ltr'>τοῦ</span> <span class='ocrx_word' id='word_1_461' title='bbox 1314 961 1423 995; x_wconf 81' lang='grc' dir='ltr'>γεννᾷν,</span> <span class='ocrx_word' id='word_1_462' title='bbox 1437 962 1485 987; x_wconf 77' lang='grc' dir='ltr'><strong>καὶ</strong></span> <span class='ocrx_word' id='word_1_463' title='bbox 1496 961 1540 987; x_wconf 83' lang='grc' dir='ltr'><strong>διὰ</strong></span> <span class='ocrx_word' id='word_1_464' title='bbox 1562 962 1641 988; x_wconf 85' lang='grc' dir='ltr'>τοῦτο</span> <span class='ocrx_word' id='word_1_465' title='bbox 1665 964 1703 997; x_wconf 81' lang='grc' dir='ltr'>μὴ</span> <span class='ocrx_word' id='word_1_466' title='bbox 1731 962 1811 989; x_wconf 82' lang='grc' dir='ltr'>ἀντι-</span> 
     </span>
    </p>
   </div>
   <div class='ocr_carea' id='block_1_64' title="bbox 1017 1006 1812 1045">
    <p class='ocr_par' dir='ltr' id='par_1_64' title="bbox 1017 1006 1812 1045">
     <span class='ocr_line' id='line_1_64' title="bbox 1017 1006 1812 1045; baseline 0.005 -13"><span class='ocrx_word' id='word_1_467' title='bbox 1017 1006 1190 1040; x_wconf 82' lang='grc' dir='ltr'><strong>στρεφόντων</strong></span> <span class='ocrx_word' id='word_1_468' title='bbox 1204 1006 1259 1034; x_wconf 77' lang='grc' dir='ltr'>τῶν</span> <span class='ocrx_word' id='word_1_469' title='bbox 1289 1007 1339 1041; x_wconf 79' lang='grc' dir='ltr'>τῆς</span> <span class='ocrx_word' id='word_1_470' title='bbox 1373 1007 1540 1042; x_wconf 82' lang='grc' dir='ltr'>ὑπερουσίου</span> <span class='ocrx_word' id='word_1_471' title='bbox 1573 1008 1713 1043; x_wconf 75' lang='grc' dir='ltr'>θεογονίας</span> <span class='ocrx_word' id='word_1_472' title='bbox 1739 1009 1812 1045; x_wconf 72' lang='grc' dir='ltr'>πρὸς</span> 
     </span>
    </p>
   </div>
   <div class='ocr_carea' id='block_1_65' title="bbox 1015 1052 1132 1086">
    <p class='ocr_par' dir='ltr' id='par_1_65' title="bbox 1015 1052 1132 1086">
     <span class='ocr_line' id='line_1_65' title="bbox 1015 1052 1132 1086; baseline -0.009 -7"><span class='ocrx_word' id='word_1_473' title='bbox 1015 1052 1132 1086; x_wconf 74' lang='grc' dir='ltr'>ἄλληλα.</span> 
     </span>
    </p>
   </div>
   <div class='ocr_carea' id='block_1_66' title="bbox 1050 1151 1809 1190">
    <p class='ocr_par' dir='ltr' id='par_1_66' title="bbox 1050 1151 1809 1190">
     <span class='ocr_line' id='line_1_66' title="bbox 1050 1151 1809 1190; baseline 0.004 -11"><span class='ocrx_word' id='word_1_474' title='bbox 1050 1151 1088 1179; x_wconf 81' lang='grc' dir='ltr'><strong>Οὐ</strong></span> <span class='ocrx_word' id='word_1_475' title='bbox 1109 1151 1162 1187; x_wconf 84' lang='grc' dir='ltr'><strong>μὴν</strong></span> <span class='ocrx_word' id='word_1_476' title='bbox 1177 1151 1245 1178; x_wconf 76' lang='grc' dir='ltr'>ἀλλὰ</span> <span class='ocrx_word' id='word_1_477' title='bbox 1259 1152 1305 1178; x_wconf 82' lang='grc' dir='ltr'><strong>καὶ</strong></span> <span class='ocrx_word' id='word_1_478' title='bbox 1325 1153 1351 1179; x_wconf 81' lang='lat' dir='ltr'><strong>ai.’</strong></span> <span class='ocrx_word' id='word_1_479' title='bbox 1363 1161 1405 1184; x_wconf 84' lang='grc' dir='ltr'><strong>τις</strong></span> <span class='ocrx_word' id='word_1_480' title='bbox 1425 1153 1510 1188; x_wconf 88' lang='grc' dir='ltr'>μόνην</span> <span class='ocrx_word' id='word_1_481' title='bbox 1530 1153 1623 1188; x_wconf 81' lang='grc' dir='ltr'>πηγὴν</span> <span class='ocrx_word' id='word_1_482' title='bbox 1639 1154 1689 1189; x_wconf 83' lang='grc' dir='ltr'>τῆς</span> <span class='ocrx_word' id='word_1_483' title='bbox 1720 1155 1809 1190; x_wconf 81' lang='grc' dir='ltr'>ὓπερ-</span> 
     </span>
    </p>
   </div>
   <div class='ocr_carea' id='block_1_67' title="bbox 1013 1198 1813 1234">
    <p class='ocr_par' dir='ltr' id='par_1_67' title="bbox 1013 1198 1813 1234">
     <span class='ocr_line' id='line_1_67' title="bbox 1013 1198 1813 1234; baseline 0.004 -10"><span class='ocrx_word' id='word_1_484' title='bbox 1013 1199 1104 1225; x_wconf 84' lang='grc' dir='ltr'>ουσίου</span> <span class='ocrx_word' id='word_1_485' title='bbox 1121 1198 1250 1232; x_wconf 74' lang='grc' dir='ltr'><strong>θεότητος</strong></span> <span class='ocrx_word' id='word_1_486' title='bbox 1262 1198 1308 1225; x_wconf 81' lang='grc' dir='ltr'>τδν</span> <span class='ocrx_word' id='word_1_487' title='bbox 1326 1199 1435 1233; x_wconf 85' lang='grc' dir='ltr'>Πατέρα</span> <span class='ocrx_word' id='word_1_488' title='bbox 1459 1199 1570 1233; x_wconf 77' lang='grc' dir='ltr'><strong>φάσκει,</strong></span> <span class='ocrx_word' id='word_1_489' title='bbox 1585 1200 1622 1232; x_wconf 87' lang='grc' dir='ltr'><strong>ὡς</strong></span> <span class='ocrx_word' id='word_1_490' title='bbox 1646 1200 1728 1234; x_wconf 85' lang='grc' dir='ltr'>μόνον</span> <span class='ocrx_word' id='word_1_491' title='bbox 1759 1201 1813 1227; x_wconf 72' lang='grc' dir='ltr'><strong>αὖ-</strong></span> 
     </span>
    </p>
   </div>
   <div class='ocr_carea' id='block_1_68' title="bbox 1013 1243 1810 1282">
    <p class='ocr_par' dir='ltr' id='par_1_68' title="bbox 1013 1243 1810 1282">
     <span class='ocr_line' id='line_1_68' title="bbox 1013 1243 1810 1282; baseline -0.001 -11"><span class='ocrx_word' id='word_1_492' title='bbox 1013 1246 1059 1271; x_wconf 86' lang='grc' dir='ltr'>τδν</span> <span class='ocrx_word' id='word_1_493' title='bbox 1075 1244 1123 1270; x_wconf 76' lang='grc' dir='ltr'>καὶ</span> <span class='ocrx_word' id='word_1_494' title='bbox 1140 1243 1204 1270; x_wconf 86' lang='grc' dir='ltr'><strong>Υἱοῦ</strong></span> <span class='ocrx_word' id='word_1_495' title='bbox 1222 1244 1269 1282; x_wconf 53' lang='grc' dir='ltr'><strong>καὶ</strong></span> <span class='ocrx_word' id='word_1_496' title='bbox 1282 1243 1444 1277; x_wconf 80' lang='grc' dir='ltr'>Πνεύματος</span> <span class='ocrx_word' id='word_1_497' title='bbox 1460 1243 1558 1273; x_wconf 68' lang='grc' dir='ltr'>αἴτιον.</span> <span class='ocrx_word' id='word_1_498' title='bbox 1571 1244 1622 1270; x_wconf 84' lang='grc' dir='ltr'>οὐκ</span> <span class='ocrx_word' id='word_1_499' title='bbox 1638 1243 1672 1270; x_wconf 86' lang='grc' dir='ltr'>ἂν</span> <span class='ocrx_word' id='word_1_500' title='bbox 1688 1245 1810 1278; x_wconf 72' lang='grc' dir='ltr'>ἁμάρτοι.</span> 
     </span>
    </p>
   </div>
   <div class='ocr_carea' id='block_1_69' title="bbox 1014 1289 1807 1324">
    <p class='ocr_par' dir='ltr' id='par_1_69' title="bbox 1014 1289 1807 1324">
     <span class='ocr_line' id='line_1_69' title="bbox 1014 1289 1807 1324; baseline -0.001 -8"><span class='ocrx_word' id='word_1_501' title='bbox 1014 1290 1063 1324; x_wconf 83' lang='grc' dir='ltr'><strong>τῆς</strong></span> <span class='ocrx_word' id='word_1_502' title='bbox 1076 1289 1214 1323; x_wconf 79' lang='grc' dir='ltr'>ἀληθείας.</span> <span class='ocrx_word' id='word_1_503' title='bbox 1227 1289 1317 1321; x_wconf 85' lang='grc' dir='ltr'>Μόνος</span> <span class='ocrx_word' id='word_1_504' title='bbox 1330 1290 1384 1323; x_wconf 74' lang='grc' dir='ltr'><strong>γὰρ</strong></span> <span class='ocrx_word' id='word_1_505' title='bbox 1400 1289 1504 1321; x_wconf 74' lang='grc' dir='ltr'>ἐκεῖνος</span> <span class='ocrx_word' id='word_1_506' title='bbox 1516 1289 1604 1321; x_wconf 76' lang='grc' dir='ltr'>αἴτιος</span> <span class='ocrx_word' id='word_1_507' title='bbox 1620 1290 1667 1316; x_wconf 73' lang='grc' dir='ltr'><strong>καὶ</strong></span> <span class='ocrx_word' id='word_1_508' title='bbox 1692 1291 1807 1324; x_wconf 75' lang='grc' dir='ltr'>ἀμφοῖν,</span> 
     </span>
    </p>
   </div>
   <div class='ocr_carea' id='block_1_70' title="bbox 1015 1334 1810 1371">
    <p class='ocr_par' dir='ltr' id='par_1_70' title="bbox 1015 1334 1810 1371">
     <span class='ocr_line' id='line_1_70' title="bbox 1015 1334 1810 1371; baseline 0.001 -10"><span class='ocrx_word' id='word_1_509' title='bbox 1015 1335 1063 1361; x_wconf 68' lang='grc' dir='ltr'>καὶ</span> <span class='ocrx_word' id='word_1_510' title='bbox 1081 1335 1162 1369; x_wconf 82' lang='grc' dir='ltr'>μόνος</span> <span class='ocrx_word' id='word_1_511' title='bbox 1179 1334 1255 1369; x_wconf 83' lang='grc' dir='ltr'>πηγὴ</span> <span class='ocrx_word' id='word_1_512' title='bbox 1288 1335 1338 1360; x_wconf 70' lang='grc' dir='ltr'>οὐκ</span> <span class='ocrx_word' id='word_1_513' title='bbox 1362 1335 1394 1361; x_wconf 83' lang='grc' dir='ltr'><strong>ὲκ</strong></span> <span class='ocrx_word' id='word_1_514' title='bbox 1417 1335 1510 1370; x_wconf 82' lang='grc' dir='ltr'>πηγῆς</span> <span class='ocrx_word' id='word_1_515' title='bbox 1524 1342 1532 1350; x_wconf 90' lang='grc'><strong>·</strong></span> <span class='ocrx_word' id='word_1_516' title='bbox 1550 1335 1598 1362; x_wconf 81' lang='grc' dir='ltr'>τοῦ</span> <span class='ocrx_word' id='word_1_517' title='bbox 1625 1335 1686 1361; x_wconf 67' lang='grc' dir='ltr'><strong>ι’ζοῦ</strong></span> <span class='ocrx_word' id='word_1_518' title='bbox 1713 1335 1810 1371; x_wconf 81' lang='grc' dir='ltr'>πηγῆς</span> 
     </span>
    </p>
   </div>
   <div class='ocr_carea' id='block_1_71' title="bbox 1016 1380 1810 1416">
    <p class='ocr_par' dir='ltr' id='par_1_71' title="bbox 1016 1380 1810 1416">
     <span class='ocr_line' id='line_1_71' title="bbox 1016 1380 1810 1416; baseline 0 -8"><span class='ocrx_word' id='word_1_519' title='bbox 1016 1382 1067 1416; x_wconf 77' lang='grc' dir='ltr'>μὲν</span> <span class='ocrx_word' id='word_1_520' title='bbox 1082 1381 1171 1414; x_wconf 75' lang='grc' dir='ltr'>ὄντος,</span> <span class='ocrx_word' id='word_1_521' title='bbox 1191 1380 1228 1412; x_wconf 83' lang='grc' dir='ltr'><strong>ὡς</strong></span> <span class='ocrx_word' id='word_1_522' title='bbox 1244 1381 1352 1416; x_wconf 68' lang='grc' dir='ltr'>εἴρηται</span> <span class='ocrx_word' id='word_1_523' title='bbox 1368 1382 1425 1413; x_wconf 81' lang='grc' dir='ltr'>τοῖς</span> <span class='ocrx_word' id='word_1_524' title='bbox 1457 1381 1555 1416; x_wconf 84' lang='grc' dir='ltr'>ἁγίοις,</span> <span class='ocrx_word' id='word_1_525' title='bbox 1573 1382 1639 1408; x_wconf 81' lang='grc' dir='ltr'>ἀλλὰ</span> <span class='ocrx_word' id='word_1_526' title='bbox 1653 1382 1745 1416; x_wconf 67' lang='grc' dir='ltr'>πηγηῖπς</span> <span class='ocrx_word' id='word_1_527' title='bbox 1776 1382 1810 1408; x_wconf 74' lang='grc' dir='ltr'><strong>ὲκ</strong></span> 
     </span>
    </p>
   </div>
   <div class='ocr_carea' id='block_1_72' title="bbox 1014 1436 1116 1462">
    <p class='ocr_par' dir='ltr' id='par_1_72' title="bbox 1014 1436 1116 1462">
     <span class='ocr_line' id='line_1_72' title="bbox 1014 1436 1116 1462; baseline -0.029 0"><span class='ocrx_word' id='word_1_528' title='bbox 1014 1436 1116 1462; x_wconf 79' lang='grc' dir='ltr'>πηγης.</span> 
     </span>
    </p>
   </div>
   <div class='ocr_carea' id='block_1_73' title="bbox 947 1507 1516 1550">
    <p class='ocr_par' dir='ltr' id='par_1_73' title="bbox 947 1507 1516 1550">
     <span class='ocr_line' id='line_1_73' title="bbox 947 1507 1516 1550; baseline 0.004 -18"><span class='ocrx_word' id='word_1_529' title='bbox 947 1525 952 1529; x_wconf 82' lang='lat'><strong>.</strong></span> <span class='ocrx_word' id='word_1_530' title='bbox 976 1523 998 1550; x_wconf 63' lang='grc' dir='ltr'>ο</span> <span class='ocrx_word' id='word_1_531' title='bbox 1303 1507 1516 1541; x_wconf 77' lang='grc' dir='ltr'>Αὺγουστῖνος.</span> 
     </span>
    </p>
   </div>
   <div class='ocr_carea' id='block_1_74' title="bbox 1053 1559 1810 1597">
    <p class='ocr_par' dir='ltr' id='par_1_74' title="bbox 1053 1559 1810 1597">
     <span class='ocr_line' id='line_1_74' title="bbox 1053 1559 1810 1597; baseline 0.001 -9"><span class='ocrx_word' id='word_1_532' title='bbox 1053 1559 1163 1596; x_wconf 81' lang='grc' dir='ltr'><strong>Ταύτης</strong></span> <span class='ocrx_word' id='word_1_533' title='bbox 1174 1561 1202 1588; x_wconf 69' lang='grc' dir='ltr'><strong>δὲ</strong></span> <span class='ocrx_word' id='word_1_534' title='bbox 1215 1562 1265 1595; x_wconf 74' lang='grc' dir='ltr'>τῆς</span> <span class='ocrx_word' id='word_1_535' title='bbox 1280 1561 1386 1593; x_wconf 79' lang='grc' dir='ltr'>ἑννοίας</span> <span class='ocrx_word' id='word_1_536' title='bbox 1401 1562 1449 1588; x_wconf 74' lang='grc' dir='ltr'><strong>καὶ</strong></span> <span class='ocrx_word' id='word_1_537' title='bbox 1463 1562 1509 1588; x_wconf 78' lang='grc' dir='ltr'>τὸν</span> <span class='ocrx_word' id='word_1_538' title='bbox 1539 1563 1678 1597; x_wconf 73' lang='grc' dir='ltr'>μακάριον</span> <span class='ocrx_word' id='word_1_539' title='bbox 1705 1563 1810 1597; x_wconf 72' lang='grc' dir='ltr'>Αὐγου-</span> 
     </span>
    </p>
   </div>
   <div class='ocr_carea' id='block_1_75' title="bbox 1018 1607 1810 1643">
    <p class='ocr_par' dir='ltr' id='par_1_75' title="bbox 1018 1607 1810 1643">
     <span class='ocr_line' id='line_1_75' title="bbox 1018 1607 1810 1643; baseline 0.003 -9"><span class='ocrx_word' id='word_1_540' title='bbox 1018 1609 1110 1634; x_wconf 84' lang='grc' dir='ltr'>στῖνον</span> <span class='ocrx_word' id='word_1_541' title='bbox 1139 1608 1316 1642; x_wconf 71' lang='grc' dir='ltr'><strong>παραγαγεῖν</strong></span> <span class='ocrx_word' id='word_1_542' title='bbox 1339 1607 1438 1642; x_wconf 79' lang='grc' dir='ltr'>ἔχομεν</span> <span class='ocrx_word' id='word_1_543' title='bbox 1457 1608 1523 1643; x_wconf 72' lang='grc' dir='ltr'>ἡμῖν</span> <span class='ocrx_word' id='word_1_544' title='bbox 1547 1609 1738 1637; x_wconf 78' lang='grc' dir='ltr'>κοινωνοῦντα.</span> <span class='ocrx_word' id='word_1_545' title='bbox 1767 1609 1810 1636; x_wconf 82' lang='grc' dir='ltr'><strong>Ἐν</strong></span> 
     </span>
    </p>
   </div>
   <div class='ocr_carea' id='block_1_76' title="bbox 1017 1652 1810 1690">
    <p class='ocr_par' dir='ltr' id='par_1_76' title="bbox 1017 1652 1810 1690">
     <span class='ocr_line' id='line_1_76' title="bbox 1017 1652 1810 1690; baseline 0.005 -11"><span class='ocrx_word' id='word_1_546' title='bbox 1017 1654 1071 1688; x_wconf 81' lang='grc' dir='ltr'><strong>γὰρ</strong></span> <span class='ocrx_word' id='word_1_547' title='bbox 1087 1653 1127 1687; x_wconf 85' lang='grc' dir='ltr'>τῷ</span> <span class='ocrx_word' id='word_1_548' title='bbox 1142 1653 1210 1686; x_wconf 80' lang='grc' dir='ltr'>Περὶ</span> <span class='ocrx_word' id='word_1_549' title='bbox 1234 1652 1359 1687; x_wconf 81' lang='grc' dir='ltr'>Τριάδος</span> <span class='ocrx_word' id='word_1_550' title='bbox 1368 1652 1390 1680; x_wconf 77' lang='grc' dir='ltr'><strong>δ’</strong></span> <span class='ocrx_word' id='word_1_551' title='bbox 1402 1654 1470 1689; x_wconf 71' lang='grc' dir='ltr'>φησι</span> <span class='ocrx_word' id='word_1_552' title='bbox 1487 1663 1493 1670; x_wconf 93' lang='grc'>·</span> <span class='ocrx_word' id='word_1_553' title='bbox 1514 1655 1570 1682; x_wconf 68' lang='grc' dir='ltr'><strong>Καὶ</strong></span> <span class='ocrx_word' id='word_1_554' title='bbox 1585 1655 1652 1690; x_wconf 78' lang='grc' dir='ltr'>ὅπερ</span> <span class='ocrx_word' id='word_1_555' title='bbox 1680 1656 1708 1682; x_wconf 81' lang='grc' dir='ltr'><strong>δὲ</strong></span> <span class='ocrx_word' id='word_1_556' title='bbox 1736 1656 1810 1690; x_wconf 82' lang='grc' dir='ltr'>λέγει</span> 
     </span>
    </p>
   </div>
   <div class='ocr_carea' id='block_1_77' title="bbox 1017 1699 1810 1735">
    <p class='ocr_par' dir='ltr' id='par_1_77' title="bbox 1017 1699 1810 1735">
     <span class='ocr_line' id='line_1_77' title="bbox 1017 1699 1810 1735; baseline 0.005 -9"><span class='ocrx_word' id='word_1_557' title='bbox 1017 1701 1032 1726; x_wconf 86' lang='grc' dir='ltr'>ὀ</span> <span class='ocrx_word' id='word_1_558' title='bbox 1045 1699 1147 1734; x_wconf 82' lang='grc' dir='ltr'>Κύριος</span> <span class='ocrx_word' id='word_1_559' title='bbox 1159 1720 1165 1732; x_wconf 87' lang='grc'><strong>,</strong></span> <span class='ocrx_word' id='word_1_560' title='bbox 1187 1701 1238 1726; x_wconf 83' lang='grc' dir='ltr'>Ὃν</span> <span class='ocrx_word' id='word_1_561' title='bbox 1256 1699 1314 1734; x_wconf 73' lang='grc' dir='ltr'><strong>ἐγὼ</strong></span> <span class='ocrx_word' id='word_1_562' title='bbox 1333 1699 1443 1734; x_wconf 76' lang='grc' dir='ltr'><em>πέμψω</em></span> <span class='ocrx_word' id='word_1_563' title='bbox 1466 1700 1538 1734; x_wconf 79' lang='grc' dir='ltr'>ὑμῖν</span> <span class='ocrx_word' id='word_1_564' title='bbox 1555 1701 1633 1735; x_wconf 71' lang='grc' dir='ltr'>παρὰ</span> <span class='ocrx_word' id='word_1_565' title='bbox 1664 1701 1718 1728; x_wconf 80' lang='grc' dir='ltr'>τοῦ</span> <span class='ocrx_word' id='word_1_566' title='bbox 1753 1704 1810 1730; x_wconf 84' lang='grc' dir='ltr'><strong>Πα-</strong></span> 
     </span>
    </p>
   </div>
   <div class='ocr_carea' id='block_1_78' title="bbox 1017 1745 1810 1782">
    <p class='ocr_par' dir='ltr' id='par_1_78' title="bbox 1017 1745 1810 1782">
     <span class='ocr_line' id='line_1_78' title="bbox 1017 1745 1810 1782; baseline 0.005 -11"><span class='ocrx_word' id='word_1_567' title='bbox 1017 1746 1097 1780; x_wconf 71' lang='grc' dir='ltr'>τρός.</span> <span class='ocrx_word' id='word_1_568' title='bbox 1114 1745 1236 1772; x_wconf 82' lang='grc' dir='ltr'>δείκνυσι</span> <span class='ocrx_word' id='word_1_569' title='bbox 1250 1746 1280 1772; x_wconf 85' lang='grc' dir='ltr'>τδ</span> <span class='ocrx_word' id='word_1_570' title='bbox 1305 1745 1418 1780; x_wconf 80' lang='grc' dir='ltr'>Πνεῦμα</span> <span class='ocrx_word' id='word_1_571' title='bbox 1433 1747 1463 1773; x_wconf 76' lang='grc' dir='ltr'><strong>τὺ</strong></span> <span class='ocrx_word' id='word_1_572' title='bbox 1479 1746 1558 1780; x_wconf 72' lang='grc' dir='ltr'>ἅγιον</span> <span class='ocrx_word' id='word_1_573' title='bbox 1574 1748 1621 1774; x_wconf 72' lang='grc' dir='ltr'><strong>καὶ</strong></span> <span class='ocrx_word' id='word_1_574' title='bbox 1639 1747 1686 1774; x_wconf 83' lang='grc' dir='ltr'>τοῦ</span> <span class='ocrx_word' id='word_1_575' title='bbox 1703 1749 1810 1782; x_wconf 81' lang='grc' dir='ltr'>Πατρὸς</span> 
     </span>
    </p>
   </div>
   <div class='ocr_carea' id='block_1_79' title="bbox 1018 1791 1809 1830">
    <p class='ocr_par' dir='ltr' id='par_1_79' title="bbox 1018 1791 1809 1830">
     <span class='ocr_line' id='line_1_79' title="bbox 1018 1791 1809 1830; baseline 0.004 -11"><span class='ocrx_word' id='word_1_576' title='bbox 1018 1792 1047 1819; x_wconf 79' lang='grc' dir='ltr'>ὃν</span> <span class='ocrx_word' id='word_1_577' title='bbox 1060 1792 1106 1818; x_wconf 77' lang='grc' dir='ltr'><strong>καὶ</strong></span> <span class='ocrx_word' id='word_1_578' title='bbox 1125 1791 1173 1819; x_wconf 82' lang='grc' dir='ltr'>τοῦ</span> <span class='ocrx_word' id='word_1_579' title='bbox 1189 1792 1265 1819; x_wconf 79' lang='grc' dir='ltr'><strong>Υἱοῦ.</strong></span> <span class='ocrx_word' id='word_1_580' title='bbox 1282 1792 1337 1819; x_wconf 77' lang='grc' dir='ltr'><strong>Καὶ</strong></span> <span class='ocrx_word' id='word_1_581' title='bbox 1353 1793 1405 1828; x_wconf 79' lang='grc' dir='ltr'><strong>γὰρ</strong></span> <span class='ocrx_word' id='word_1_582' title='bbox 1431 1793 1478 1820; x_wconf 71' lang='grc' dir='ltr'>καὶ</span> <span class='ocrx_word' id='word_1_583' title='bbox 1498 1793 1595 1825; x_wconf 74' lang='grc' dir='ltr'>εἰπὼν,</span> <span class='ocrx_word' id='word_1_584' title='bbox 1628 1794 1679 1821; x_wconf 89' lang='grc' dir='ltr'>Ὃν</span> <span class='ocrx_word' id='word_1_585' title='bbox 1701 1795 1809 1830; x_wconf 77' lang='grc' dir='ltr'>πέμψει</span> 
     </span>
    </p>
   </div>
   <div class='ocr_carea' id='block_1_80' title="bbox 1020 1839 1804 1875">
    <p class='ocr_par' dir='ltr' id='par_1_80' title="bbox 1020 1839 1804 1875">
     <span class='ocr_line' id='line_1_80' title="bbox 1020 1839 1804 1875; baseline 0.004 -10"><span class='ocrx_word' id='word_1_586' title='bbox 1020 1839 1212 1872; x_wconf 77' lang='grc' dir='ltr'>δΠατὴρ,ὲν</span> <span class='ocrx_word' id='word_1_587' title='bbox 1233 1839 1273 1871; x_wconf 81' lang='grc' dir='ltr'>τῷ</span> <span class='ocrx_word' id='word_1_588' title='bbox 1306 1839 1430 1873; x_wconf 81' lang='grc' dir='ltr'>ὀνόματί</span> <span class='ocrx_word' id='word_1_589' title='bbox 1456 1848 1528 1874; x_wconf 82' lang='grc' dir='ltr'>μου,</span> <span class='ocrx_word' id='word_1_590' title='bbox 1563 1841 1744 1875; x_wconf 78' lang='grc' dir='ltr'>προσέθηκεν.</span> <span class='ocrx_word' id='word_1_591' title='bbox 1768 1842 1804 1868; x_wconf 84' lang='grc' dir='ltr'><strong>Οὐ</strong></span> 
     </span>
    </p>
   </div>
   <div class='ocr_carea' id='block_1_81' title="bbox 1021 1882 1809 1921">
    <p class='ocr_par' dir='ltr' id='par_1_81' title="bbox 1021 1882 1809 1921">
     <span class='ocr_line' id='line_1_81' title="bbox 1021 1882 1809 1921; baseline 0.005 -11"><span class='ocrx_word' id='word_1_592' title='bbox 1021 1884 1113 1919; x_wconf 84' lang='grc' dir='ltr'>μέντοι</span> <span class='ocrx_word' id='word_1_593' title='bbox 1128 1882 1217 1917; x_wconf 81' lang='grc' dir='ltr'>εἶπεν,</span> <span class='ocrx_word' id='word_1_594' title='bbox 1239 1885 1288 1911; x_wconf 87' lang='grc' dir='ltr'>Ὃν</span> <span class='ocrx_word' id='word_1_595' title='bbox 1305 1885 1409 1920; x_wconf 76' lang='grc' dir='ltr'>πέμψει</span> <span class='ocrx_word' id='word_1_596' title='bbox 1423 1885 1436 1912; x_wconf 85' lang='grc' dir='ltr'><strong>ό</strong></span> <span class='ocrx_word' id='word_1_597' title='bbox 1455 1886 1552 1920; x_wconf 82' lang='grc' dir='ltr'>Πατὴρ</span> <span class='ocrx_word' id='word_1_598' title='bbox 1577 1887 1646 1921; x_wconf 78' lang='grc' dir='ltr'>παρ’</span> <span class='ocrx_word' id='word_1_599' title='bbox 1676 1887 1753 1921; x_wconf 79' lang='grc' dir='ltr'>ἐμοῦ,</span> <span class='ocrx_word' id='word_1_600' title='bbox 1780 1888 1809 1914; x_wconf 83' lang='grc' dir='ltr'>ὃν</span> 
     </span>
    </p>
   </div>
   <div class='ocr_carea' id='block_1_82' title="bbox 1018 1928 1808 1967">
    <p class='ocr_par' dir='ltr' id='par_1_82' title="bbox 1018 1928 1808 1967">
     <span class='ocr_line' id='line_1_82' title="bbox 1018 1928 1808 1967; baseline 0.005 -11"><span class='ocrx_word' id='word_1_601' title='bbox 1018 1931 1122 1965; x_wconf 81' lang='grc' dir='ltr'>τρόπον</span> <span class='ocrx_word' id='word_1_602' title='bbox 1137 1928 1224 1961; x_wconf 75' lang='grc' dir='ltr'>εἶπεν.</span> <span class='ocrx_word' id='word_1_603' title='bbox 1248 1931 1304 1957; x_wconf 85' lang='grc' dir='ltr'>Ὃν</span> <span class='ocrx_word' id='word_1_604' title='bbox 1325 1930 1383 1965; x_wconf 77' lang='grc' dir='ltr'><strong>ἐγὼ</strong></span> <span class='ocrx_word' id='word_1_605' title='bbox 1415 1931 1524 1966; x_wconf 74' lang='grc' dir='ltr'><em>πέμψω</em></span> <span class='ocrx_word' id='word_1_606' title='bbox 1548 1932 1620 1967; x_wconf 77' lang='grc' dir='ltr'>ὑμῖν</span> <span class='ocrx_word' id='word_1_607' title='bbox 1652 1933 1730 1967; x_wconf 81' lang='grc' dir='ltr'>παρὰ</span> <span class='ocrx_word' id='word_1_608' title='bbox 1757 1933 1808 1960; x_wconf 78' lang='grc' dir='ltr'>τοῦ</span> 
     </span>
    </p>
   </div>
   <div class='ocr_carea' id='block_1_83' title="bbox 1020 1968 1806 2016">
    <p class='ocr_par' dir='ltr' id='par_1_83' title="bbox 1020 1968 1806 2016">
     <span class='ocr_line' id='line_1_83' title="bbox 1020 1968 1806 2016; baseline 0.003 -11"><span class='ocrx_word' id='word_1_609' title='bbox 1020 1978 1146 2011; x_wconf 70' lang='grc' dir='ltr'>Πατρός.</span> <span class='ocrx_word' id='word_1_610' title='bbox 1171 1978 1278 2009; x_wconf 82' lang='grc' dir='ltr'>δεικνὺς</span> <span class='ocrx_word' id='word_1_611' title='bbox 1299 1978 1410 2013; x_wconf 83' lang='grc' dir='ltr'>δηλαδὴ,</span> <span class='ocrx_word' id='word_1_612' title='bbox 1438 1968 1484 2010; x_wconf 31' lang='grc' dir='ltr'>ὼςί</span> <span class='ocrx_word' id='word_1_613' title='bbox 1504 1979 1568 2014; x_wconf 84' lang='grc' dir='ltr'><strong>ὅλης</strong></span> <span class='ocrx_word' id='word_1_614' title='bbox 1586 1980 1636 2013; x_wconf 79' lang='grc' dir='ltr'>τῆς</span> <span class='ocrx_word' id='word_1_615' title='bbox 1660 1980 1806 2016; x_wconf 77' lang='grc' dir='ltr'>θειότητος,</span> 
     </span>
    </p>
   </div>
   <div class='ocr_carea' id='block_1_84' title="bbox 1020 2022 1809 2061">
    <p class='ocr_par' dir='ltr' id='par_1_84' title="bbox 1020 2022 1809 2061">
     <span class='ocr_line' id='line_1_84' title="bbox 1020 2022 1809 2061; baseline 0.006 -13"><span class='ocrx_word' id='word_1_616' title='bbox 1020 2023 1036 2058; x_wconf 82' lang='grc' dir='ltr'>ἢ</span> <span class='ocrx_word' id='word_1_617' title='bbox 1060 2024 1084 2049; x_wconf 77' lang='grc' dir='ltr'>εἰ</span> <span class='ocrx_word' id='word_1_618' title='bbox 1110 2023 1214 2058; x_wconf 75' lang='grc' dir='ltr'>βέλτιον</span> <span class='ocrx_word' id='word_1_619' title='bbox 1241 2022 1342 2057; x_wconf 84' lang='grc' dir='ltr'>λέγειν,</span> <span class='ocrx_word' id='word_1_620' title='bbox 1365 2025 1415 2055; x_wconf 78' lang='grc' dir='ltr'>τῆς</span> <span class='ocrx_word' id='word_1_621' title='bbox 1444 2024 1598 2059; x_wconf 85' lang='grc' dir='ltr'>θεότητοςό</span> <span class='ocrx_word' id='word_1_622' title='bbox 1625 2025 1720 2061; x_wconf 82' lang='grc' dir='ltr'>Πατήρ</span> <span class='ocrx_word' id='word_1_623' title='bbox 1738 2026 1809 2053; x_wconf 75' lang='grc' dir='ltr'>ἐστιν</span> 
     </span>
    </p>
   </div>
   <div class='ocr_carea' id='block_1_85' title="bbox 1021 2070 1105 2105">
    <p class='ocr_par' dir='ltr' id='par_1_85' title="bbox 1021 2070 1105 2105">
     <span class='ocr_line' id='line_1_85' title="bbox 1021 2070 1105 2105; baseline 0 0"><span class='ocrx_word' id='word_1_624' title='bbox 1021 2070 1105 2105; x_wconf 77' lang='grc' dir='ltr'><strong>ἀρχή-</strong></span> 
     </span>
    </p>
   </div>
   <div class='ocr_carea' id='block_1_86' title="bbox 1057 2114 1807 2151">
    <p class='ocr_par' dir='ltr' id='par_1_86' title="bbox 1057 2114 1807 2151">
     <span class='ocr_line' id='line_1_86' title="bbox 1057 2114 1807 2151; baseline 0.005 -11"><span class='ocrx_word' id='word_1_625' title='bbox 1057 2115 1162 2141; x_wconf 79' lang='grc' dir='ltr'>Τούτου</span> <span class='ocrx_word' id='word_1_626' title='bbox 1182 2115 1243 2141; x_wconf 83' lang='grc' dir='ltr'>τίνα</span> <span class='ocrx_word' id='word_1_627' title='bbox 1259 2114 1482 2151; x_wconf 78' lang='grc' dir='ltr'>ἀξιοπιστότερον</span> <span class='ocrx_word' id='word_1_628' title='bbox 1512 2117 1562 2151; x_wconf 75' lang='grc' dir='ltr'>τῆς</span> <span class='ocrx_word' id='word_1_629' title='bbox 1590 2117 1731 2144; x_wconf 77' lang='grc' dir='ltr'>Διονυσίου</span> <span class='ocrx_word' id='word_1_630' title='bbox 1755 2118 1807 2145; x_wconf 82' lang='grc' dir='ltr'>δια-</span> 
     </span>
    </p>
   </div>
   <div class='ocr_carea' id='block_1_87' title="bbox 1021 2160 1807 2198">
    <p class='ocr_par' dir='ltr' id='par_1_87' title="bbox 1021 2160 1807 2198">
     <span class='ocr_line' id='line_1_87' title="bbox 1021 2160 1807 2198; baseline 0.005 -12"><span class='ocrx_word' id='word_1_631' title='bbox 1021 2160 1095 2192; x_wconf 71' lang='grc' dir='ltr'>νοίας</span> <span class='ocrx_word' id='word_1_632' title='bbox 1112 2160 1267 2195; x_wconf 77' lang='grc' dir='ltr'>ζητήσομεν</span> <span class='ocrx_word' id='word_1_633' title='bbox 1282 2161 1420 2197; x_wconf 76' lang='grc' dir='ltr'>ὲξηγητήν</span> <span class='ocrx_word' id='word_1_634' title='bbox 1433 2171 1441 2195; x_wconf 88' lang='lat'>;</span> <span class='ocrx_word' id='word_1_635' title='bbox 1453 2161 1556 2189; x_wconf 85' lang='grc' dir='ltr'>Τούτου</span> <span class='ocrx_word' id='word_1_636' title='bbox 1572 2163 1614 2194; x_wconf 78' lang='grc' dir='ltr'><strong>τίς</strong></span> <span class='ocrx_word' id='word_1_637' title='bbox 1640 2163 1741 2198; x_wconf 79' lang='grc' dir='ltr'>μᾶλλον</span> <span class='ocrx_word' id='word_1_638' title='bbox 1764 2163 1807 2190; x_wconf 63' lang='grc' dir='ltr'><strong>τόν</strong></span> 
     </span>
    </p>
   </div>
   <div class='ocr_carea' id='block_1_88' title="bbox 178 2197 963 2243">
    <p class='ocr_par' dir='ltr' id='par_1_88' title="bbox 178 2207 963 2243">
     <span class='ocr_line' id='line_1_88' title="bbox 178 2207 963 2243; baseline -0.001 -8"><span class='ocrx_word' id='word_1_639' title='bbox 178 2208 275 2235; x_wconf 89' lang='lat' dir='ltr'><strong>iisdem</strong></span> <span class='ocrx_word' id='word_1_640' title='bbox 288 2208 433 2243; x_wconf 67' lang='lat' dir='ltr'><strong>tlicologim</strong></span> <span class='ocrx_word' id='word_1_641' title='bbox 448 2208 602 2243; x_wconf 79' lang='lat' dir='ltr'><strong>insignibus</strong></span> <span class='ocrx_word' id='word_1_642' title='bbox 616 2214 732 2236; x_wconf 83' lang='lat' dir='ltr'><strong>ornatus</strong></span> <span class='ocrx_word' id='word_1_643' title='bbox 743 2212 828 2242; x_wconf 80' lang='lat' dir='ltr'><strong>esset,</strong></span> <span class='ocrx_word' id='word_1_644' title='bbox 840 2213 868 2236; x_wconf 90' lang='lat' dir='ltr'><strong>et</strong></span> <span class='ocrx_word' id='word_1_645' title='bbox 884 2207 963 2235; x_wconf 76' lang='lat' dir='ltr'><strong>Deum</strong></span> 
     </span>
    </p>
   </div>
   <div class='ocr_carea' id='block_1_89' title="bbox 1026 2197 1808 2243">
    <p class='ocr_par' dir='ltr' id='par_1_89' title="bbox 1026 2206 1808 2243">
     <span class='ocr_line' id='line_1_89' title="bbox 1026 2206 1808 2243; baseline 0.004 -11"><span class='ocrx_word' id='word_1_646' title='bbox 1026 2206 1129 2233; x_wconf 71' lang='grc' dir='ltr'>ἐκείνου</span> <span class='ocrx_word' id='word_1_647' title='bbox 1148 2207 1250 2240; x_wconf 81' lang='grc' dir='ltr'>συνῆκε</span> <span class='ocrx_word' id='word_1_648' title='bbox 1273 2207 1336 2234; x_wconf 83' lang='grc' dir='ltr'>νοῦν</span> <span class='ocrx_word' id='word_1_649' title='bbox 1361 2208 1411 2242; x_wconf 74' lang='grc' dir='ltr'>τῆς</span> <span class='ocrx_word' id='word_1_650' title='bbox 1435 2208 1521 2243; x_wconf 80' lang='grc' dir='ltr'>αὐτῆς</span> <span class='ocrx_word' id='word_1_651' title='bbox 1552 2208 1626 2243; x_wconf 85' lang='grc' dir='ltr'>αὐτῷ</span> <span class='ocrx_word' id='word_1_652' title='bbox 1654 2209 1808 2243; x_wconf 78' lang='grc' dir='ltr'>θεολογικῆς</span> 
     </span>
    </p>
   </div>
   <div class='ocr_carea' id='block_1_90' title="bbox 178 2255 968 2291">
    <p class='ocr_par' dir='ltr' id='par_1_90' title="bbox 178 2255 968 2291">
     <span class='ocr_line' id='line_1_90' title="bbox 178 2255 968 2291; baseline 0.001 -9"><span class='ocrx_word' id='word_1_653' title='bbox 178 2257 204 2282; x_wconf 93' lang='lat' dir='ltr'><strong>in</strong></span> <span class='ocrx_word' id='word_1_654' title='bbox 225 2263 254 2282; x_wconf 87' lang='lat' dir='ltr'><strong>se</strong></span> <span class='ocrx_word' id='word_1_655' title='bbox 278 2255 438 2290; x_wconf 83' lang='lat' dir='ltr'><strong>loquentem</strong></span> <span class='ocrx_word' id='word_1_656' title='bbox 462 2257 605 2290; x_wconf 79' lang='lat' dir='ltr'><strong>gestaret?</strong></span> <span class='ocrx_word' id='word_1_657' title='bbox 627 2256 696 2284; x_wconf 87' lang='lat' dir='ltr'><strong>Ecce</strong></span> <span class='ocrx_word' id='word_1_658' title='bbox 720 2257 806 2288; x_wconf 84' lang='lat' dir='ltr'><strong>enim,</strong></span> <span class='ocrx_word' id='word_1_659' title='bbox 831 2256 904 2291; x_wconf 89' lang='lat' dir='ltr'><strong>quod</strong></span> <span class='ocrx_word' id='word_1_660' title='bbox 923 2256 968 2284; x_wconf 92' lang='lat' dir='ltr'><strong>ille</strong></span> 
     </span>
    </p>
   </div>
   <div class='ocr_carea' id='block_1_91' title="bbox 177 2301 967 2337">
    <p class='ocr_par' dir='ltr' id='par_1_91' title="bbox 177 2301 967 2337">
     <span class='ocr_line' id='line_1_91' title="bbox 177 2301 967 2337; baseline 0.001 -8"><span class='ocrx_word' id='word_1_661' title='bbox 177 2302 266 2329; x_wconf 83' lang='lat' dir='ltr'><strong>solum</strong></span> <span class='ocrx_word' id='word_1_662' title='bbox 282 2301 383 2329; x_wconf 78' lang='lat' dir='ltr'><strong>fontem</strong></span> <span class='ocrx_word' id='word_1_663' title='bbox 403 2303 678 2337; x_wconf 86' lang='lat' dir='ltr'><strong>supersubstantialis</strong></span> <span class='ocrx_word' id='word_1_664' title='bbox 697 2304 810 2331; x_wconf 83' lang='lat' dir='ltr'><strong>deitatis</strong></span> <span class='ocrx_word' id='word_1_665' title='bbox 839 2304 967 2337; x_wconf 77' lang='lat' dir='ltr'><strong>dixerat;</strong></span> 
     </span>
    </p>
   </div>
   <div class='ocr_carea' id='block_1_92' title="bbox 177 2348 968 2384">
    <p class='ocr_par' dir='ltr' id='par_1_92' title="bbox 177 2348 968 2384">
     <span class='ocr_line' id='line_1_92' title="bbox 177 2348 968 2384; baseline 0.001 -9"><span class='ocrx_word' id='word_1_666' title='bbox 177 2349 230 2376; x_wconf 87' lang='lat' dir='ltr'><strong>iste</strong></span> <span class='ocrx_word' id='word_1_667' title='bbox 247 2348 416 2382; x_wconf 88' lang='lat' dir='ltr'><strong>principium</strong></span> <span class='ocrx_word' id='word_1_668' title='bbox 434 2348 518 2375; x_wconf 88' lang='lat' dir='ltr'><strong>totius</strong></span> <span class='ocrx_word' id='word_1_669' title='bbox 538 2348 650 2376; x_wconf 84' lang='lat' dir='ltr'><strong>deitatis</strong></span> <span class='ocrx_word' id='word_1_670' title='bbox 663 2349 752 2382; x_wconf 79' lang='lat' dir='ltr'><strong>dixit;</strong></span> <span class='ocrx_word' id='word_1_671' title='bbox 771 2355 901 2384; x_wconf 76' lang='lat' dir='ltr'><strong>tanquam</strong></span> <span class='ocrx_word' id='word_1_672' title='bbox 919 2349 968 2377; x_wconf 88' lang='lat' dir='ltr'><strong>Pa-</strong></span> 
     </span>
    </p>
   </div>
   <div class='ocr_carea' id='block_1_93' title="bbox 178 2394 968 2430">
    <p class='ocr_par' dir='ltr' id='par_1_93' title="bbox 178 2394 968 2430">
     <span class='ocr_line' id='line_1_93' title="bbox 178 2394 968 2430; baseline 0.004 -10"><span class='ocrx_word' id='word_1_673' title='bbox 178 2399 220 2421; x_wconf 88' lang='lat' dir='ltr'><strong>ter</strong></span> <span class='ocrx_word' id='word_1_674' title='bbox 248 2394 354 2421; x_wconf 85' lang='lat' dir='ltr'><strong>scilicet</strong></span> <span class='ocrx_word' id='word_1_675' title='bbox 377 2395 419 2421; x_wconf 89' lang='lat' dir='ltr'><strong>stti</strong></span> <span class='ocrx_word' id='word_1_676' title='bbox 445 2395 533 2430; x_wconf 87' lang='lat' dir='ltr'><strong>ipsius</strong></span> <span class='ocrx_word' id='word_1_677' title='bbox 560 2395 698 2423; x_wconf 88' lang='lat' dir='ltr'><strong>neminem</strong></span> <span class='ocrx_word' id='word_1_678' title='bbox 725 2403 834 2422; x_wconf 85' lang='lat' dir='ltr'><strong>causam</strong></span> <span class='ocrx_word' id='word_1_679' title='bbox 859 2396 968 2430; x_wconf 82' lang='lat' dir='ltr'><strong>habeat,</strong></span> 
     </span>
    </p>
   </div>
   <div class='ocr_carea' id='block_1_94' title="bbox 176 2440 970 2475">
    <p class='ocr_par' dir='ltr' id='par_1_94' title="bbox 176 2440 970 2475">
     <span class='ocr_line' id='line_1_94' title="bbox 176 2440 970 2475; baseline 0.001 -8"><span class='ocrx_word' id='word_1_680' title='bbox 176 2441 237 2475; x_wconf 83' lang='lat' dir='ltr'><strong>ipse</strong></span> <span class='ocrx_word' id='word_1_681' title='bbox 254 2448 319 2468; x_wconf 86' lang='lat' dir='ltr'><strong>vero</strong></span> <span class='ocrx_word' id='word_1_682' title='bbox 338 2445 365 2468; x_wconf 90' lang='lat' dir='ltr'><strong>et</strong></span> <span class='ocrx_word' id='word_1_683' title='bbox 379 2440 440 2468; x_wconf 86' lang='lat' dir='ltr'><strong>Filii</strong></span> <span class='ocrx_word' id='word_1_684' title='bbox 457 2445 485 2469; x_wconf 89' lang='lat' dir='ltr'><strong>et</strong></span> <span class='ocrx_word' id='word_1_685' title='bbox 501 2441 622 2475; x_wconf 86' lang='lat' dir='ltr'><strong>Spiritus</strong></span> <span class='ocrx_word' id='word_1_686' title='bbox 638 2448 720 2468; x_wconf 87' lang='lat' dir='ltr'><strong>causa</strong></span> <span class='ocrx_word' id='word_1_687' title='bbox 736 2441 860 2472; x_wconf 78' lang='lat' dir='ltr'><strong>exsistat,</strong></span> <span class='ocrx_word' id='word_1_688' title='bbox 883 2440 970 2468; x_wconf 89' lang='lat' dir='ltr'><strong>Filius</strong></span> 
     </span>
    </p>
   </div>
   <div class='ocr_carea' id='block_1_95' title="bbox 178 2487 970 2524">
    <p class='ocr_par' dir='ltr' id='par_1_95' title="bbox 178 2487 970 2524">
     <span class='ocr_line' id='line_1_95' title="bbox 178 2487 970 2524; baseline 0 -10"><span class='ocrx_word' id='word_1_689' title='bbox 178 2493 271 2516; x_wconf 80' lang='lat' dir='ltr'><strong>autem</strong></span> <span class='ocrx_word' id='word_1_690' title='bbox 293 2492 321 2515; x_wconf 87' lang='lat' dir='ltr'><strong>et</strong></span> <span class='ocrx_word' id='word_1_691' title='bbox 344 2489 403 2524; x_wconf 83' lang='lat' dir='ltr'><strong>ipse</strong></span> <span class='ocrx_word' id='word_1_692' title='bbox 420 2488 456 2516; x_wconf 88' lang='lat' dir='ltr'><strong>sit</strong></span> <span class='ocrx_word' id='word_1_693' title='bbox 479 2493 621 2519; x_wconf 84' lang='lat' dir='ltr'><strong>causatus,</strong></span> <span class='ocrx_word' id='word_1_694' title='bbox 639 2492 666 2514; x_wconf 90' lang='lat' dir='ltr'><strong>et</strong></span> <span class='ocrx_word' id='word_1_695' title='bbox 687 2487 774 2514; x_wconf 87' lang='lat' dir='ltr'><strong>solius</strong></span> <span class='ocrx_word' id='word_1_696' title='bbox 798 2487 919 2522; x_wconf 86' lang='lat' dir='ltr'><strong>Spiritus</strong></span> <span class='ocrx_word' id='word_1_697' title='bbox 934 2487 970 2514; x_wconf 89' lang='lat' dir='ltr'><strong>sit</strong></span> 
     </span>
    </p>
   </div>
   <div class='ocr_carea' id='block_1_96' title="bbox 177 2543 270 2563">
    <p class='ocr_par' dir='ltr' id='par_1_96' title="bbox 177 2543 270 2563">
     <span class='ocr_line' id='line_1_96' title="bbox 177 2543 270 2563; baseline 0 -1"><span class='ocrx_word' id='word_1_698' title='bbox 177 2543 270 2563; x_wconf 80' lang='lat' dir='ltr'><strong>causa.</strong></span> 
     </span>
    </p>
   </div>
   <div class='ocr_carea' id='block_1_97' title="bbox 215 2579 970 2616">
    <p class='ocr_par' dir='ltr' id='par_1_97' title="bbox 215 2579 970 2616">
     <span class='ocr_line' id='line_1_97' title="bbox 215 2579 970 2616; baseline -0.003 -8"><span class='ocrx_word' id='word_1_699' title='bbox 215 2581 308 2616; x_wconf 80' lang='lat' dir='ltr'><strong>Neque</strong></span> <span class='ocrx_word' id='word_1_700' title='bbox 326 2588 392 2609; x_wconf 79' lang='lat' dir='ltr'><strong>vero</strong></span> <span class='ocrx_word' id='word_1_701' title='bbox 411 2585 438 2609; x_wconf 88' lang='lat' dir='ltr'><strong>te</strong></span> <span class='ocrx_word' id='word_1_702' title='bbox 455 2587 552 2608; x_wconf 85' lang='lat' dir='ltr'><strong>rursus</strong></span> <span class='ocrx_word' id='word_1_703' title='bbox 564 2579 617 2607; x_wconf 86' lang='lat' dir='ltr'><strong>hoc</strong></span> <span class='ocrx_word' id='word_1_704' title='bbox 635 2587 736 2606; x_wconf 86' lang='lat' dir='ltr'><strong>nomen</strong></span> <span class='ocrx_word' id='word_1_705' title='bbox 760 2580 845 2607; x_wconf 90' lang='lat' dir='ltr'><strong>totius</strong></span> <span class='ocrx_word' id='word_1_706' title='bbox 859 2579 970 2606; x_wconf 85' lang='lat' dir='ltr'><strong>deitatis</strong></span> 
     </span>
    </p>
   </div>
   <div class='ocr_carea' id='block_1_98' title="bbox 181 2626 969 2661">
    <p class='ocr_par' dir='ltr' id='par_1_98' title="bbox 181 2626 969 2661">
     <span class='ocr_line' id='line_1_98' title="bbox 181 2626 969 2661; baseline -0.003 -7"><span class='ocrx_word' id='word_1_707' title='bbox 181 2628 312 2660; x_wconf 69' lang='lat' dir='ltr'><strong>otl&#39;cnilat,</strong></span> <span class='ocrx_word' id='word_1_708' title='bbox 328 2627 437 2655; x_wconf 84' lang='lat' dir='ltr'><strong>Patrem</strong></span> <span class='ocrx_word' id='word_1_709' title='bbox 457 2635 519 2655; x_wconf 89' lang='lat' dir='ltr'><strong>cttm</strong></span> <span class='ocrx_word' id='word_1_710' title='bbox 541 2630 599 2653; x_wconf 89' lang='lat' dir='ltr'><strong>toto</strong></span> <span class='ocrx_word' id='word_1_711' title='bbox 618 2626 822 2656; x_wconf 82' lang='lat' dir='ltr'><strong>conferentem.</strong></span> <span class='ocrx_word' id='word_1_712' title='bbox 841 2630 969 2661; x_wconf 86' lang='lat' dir='ltr'><strong>tanquam</strong></span> 
     </span>
    </p>
   </div>
   <div class='ocr_carea' id='block_1_99' title="bbox 180 2671 970 2700">
    <p class='ocr_par' dir='ltr' id='par_1_99' title="bbox 180 2671 970 2700">
     <span class='ocr_line' id='line_1_99' title="bbox 180 2671 970 2700; baseline -0.001 -2"><span class='ocrx_word' id='word_1_713' title='bbox 180 2671 251 2699; x_wconf 88' lang='lat' dir='ltr'><strong>Filio</strong></span> <span class='ocrx_word' id='word_1_714' title='bbox 272 2672 364 2699; x_wconf 84' lang='lat' dir='ltr'><strong>Patris</strong></span> <span class='ocrx_word' id='word_1_715' title='bbox 379 2680 462 2700; x_wconf 85' lang='lat' dir='ltr'><strong>causa</strong></span> <span class='ocrx_word' id='word_1_716' title='bbox 485 2671 647 2699; x_wconf 79' lang='lat' dir='ltr'><strong>exsistente.</strong></span> <span class='ocrx_word' id='word_1_717' title='bbox 671 2671 806 2699; x_wconf 83' lang='lat' dir='ltr'><strong>Divinitas</strong></span> <span class='ocrx_word' id='word_1_718' title='bbox 822 2672 895 2698; x_wconf 88' lang='lat' dir='ltr'><strong>enim</strong></span> <span class='ocrx_word' id='word_1_719' title='bbox 915 2679 970 2698; x_wconf 89' lang='lat' dir='ltr'><strong>non</strong></span> 
     </span>
    </p>
   </div>
   <div class='ocr_carea' id='block_1_100' title="bbox 181 2717 972 2750">
    <p class='ocr_par' dir='ltr' id='par_1_100' title="bbox 181 2717 972 2750">
     <span class='ocr_line' id='line_1_100' title="bbox 181 2717 972 2750; baseline 0 -5"><span class='ocrx_word' id='word_1_720' title='bbox 181 2717 323 2750; x_wconf 73' lang='lat' dir='ltr'><strong>dividitur,</strong></span> <span class='ocrx_word' id='word_1_721' title='bbox 344 2719 390 2746; x_wconf 90' lang='lat' dir='ltr'><strong>sed</strong></span> <span class='ocrx_word' id='word_1_722' title='bbox 410 2719 462 2746; x_wconf 88' lang='lat' dir='ltr'><strong>hoc</strong></span> <span class='ocrx_word' id='word_1_723' title='bbox 480 2718 685 2746; x_wconf 86' lang='lat' dir='ltr'><strong>incommodum</strong></span> <span class='ocrx_word' id='word_1_724' title='bbox 717 2723 745 2746; x_wconf 89' lang='lat' dir='ltr'><strong>et</strong></span> <span class='ocrx_word' id='word_1_725' title='bbox 762 2718 856 2746; x_wconf 87' lang='lat' dir='ltr'><strong>vitium</strong></span> <span class='ocrx_word' id='word_1_726' title='bbox 872 2726 905 2746; x_wconf 85' lang='lat' dir='ltr'><strong>ex</strong></span> <span class='ocrx_word' id='word_1_727' title='bbox 924 2718 972 2745; x_wconf 91' lang='lat' dir='ltr'><strong>de-</strong></span> 
     </span>
    </p>
   </div>
   <div class='ocr_carea' id='block_1_101' title="bbox 183 2762 969 2799">
    <p class='ocr_par' dir='ltr' id='par_1_101' title="bbox 183 2762 969 2799">
     <span class='ocr_line' id='line_1_101' title="bbox 183 2762 969 2799; baseline 0.001 -9"><span class='ocrx_word' id='word_1_728' title='bbox 183 2762 256 2790; x_wconf 79' lang='lat' dir='ltr'><strong>fectu</strong></span> <span class='ocrx_word' id='word_1_729' title='bbox 280 2769 307 2790; x_wconf 87' lang='lat' dir='ltr'><strong>et</strong></span> <span class='ocrx_word' id='word_1_730' title='bbox 333 2763 519 2791; x_wconf 84' lang='lat' dir='ltr'><strong>imbecillitate</strong></span> <span class='ocrx_word' id='word_1_731' title='bbox 541 2764 683 2791; x_wconf 90' lang='lat' dir='ltr'><strong>nominum</strong></span> <span class='ocrx_word' id='word_1_732' title='bbox 707 2764 850 2799; x_wconf 82' lang='lat' dir='ltr'><strong>provenit,</strong></span> <span class='ocrx_word' id='word_1_733' title='bbox 874 2771 969 2798; x_wconf 88' lang='lat' dir='ltr'><strong>quam,</strong></span> 
     </span>
    </p>
   </div>
   <div class='ocr_carea' id='block_1_102' title="bbox 185 2809 881 2845">
    <p class='ocr_par' dir='ltr' id='par_1_102' title="bbox 185 2809 881 2845">
     <span class='ocr_line' id='line_1_102' title="bbox 185 2809 881 2845; baseline -0.001 -8"><span class='ocrx_word' id='word_1_734' title='bbox 185 2817 240 2837; x_wconf 89' lang='lat' dir='ltr'><strong>non</strong></span> <span class='ocrx_word' id='word_1_735' title='bbox 260 2809 327 2837; x_wconf 81' lang='lat' dir='ltr'><strong>bene</strong></span> <span class='ocrx_word' id='word_1_736' title='bbox 345 2811 438 2843; x_wconf 82' lang='lat' dir='ltr'><strong>facies,</strong></span> <span class='ocrx_word' id='word_1_737' title='bbox 458 2810 481 2838; x_wconf 88' lang='lat' dir='ltr'><strong>si</strong></span> <span class='ocrx_word' id='word_1_738' title='bbox 499 2810 531 2838; x_wconf 89' lang='lat' dir='ltr'><strong>ad</strong></span> <span class='ocrx_word' id='word_1_739' title='bbox 546 2819 589 2838; x_wconf 84' lang='lat' dir='ltr'><strong>res</strong></span> <span class='ocrx_word' id='word_1_740' title='bbox 606 2810 680 2845; x_wconf 77' lang='lat' dir='ltr'><strong>ipsas</strong></span> <span class='ocrx_word' id='word_1_741' title='bbox 699 2810 881 2838; x_wconf 82' lang='lat' dir='ltr'><strong>transtuleris.</strong></span> 
     </span>
    </p>
   </div>
   <div class='ocr_carea' id='block_1_103' title="bbox 221 2856 970 2894">
    <p class='ocr_par' dir='ltr' id='par_1_103' title="bbox 221 2856 970 2894">
     <span class='ocr_line' id='line_1_103' title="bbox 221 2856 970 2894; baseline -0.001 -10"><span class='ocrx_word' id='word_1_742' title='bbox 221 2858 255 2884; x_wconf 86' lang='lat' dir='ltr'><strong>At</strong></span> <span class='ocrx_word' id='word_1_743' title='bbox 269 2857 353 2894; x_wconf 86' lang='lat' dir='ltr'><strong>enim,</strong></span> <span class='ocrx_word' id='word_1_744' title='bbox 371 2866 431 2887; x_wconf 90' lang='lat' dir='ltr'><strong>cum</strong></span> <span class='ocrx_word' id='word_1_745' title='bbox 450 2858 533 2886; x_wconf 82' lang='lat' dir='ltr'><strong>multa</strong></span> <span class='ocrx_word' id='word_1_746' title='bbox 551 2858 606 2886; x_wconf 81' lang='lat' dir='ltr'><strong>sint</strong></span> <span class='ocrx_word' id='word_1_747' title='bbox 624 2863 652 2886; x_wconf 87' lang='lat' dir='ltr'><strong>et</strong></span> <span class='ocrx_word' id='word_1_748' title='bbox 674 2858 737 2891; x_wconf 78' lang='lat' dir='ltr'><strong>alia,</strong></span> <span class='ocrx_word' id='word_1_749' title='bbox 756 2857 856 2893; x_wconf 84' lang='lat' dir='ltr'><strong>quibus</strong></span> <span class='ocrx_word' id='word_1_750' title='bbox 871 2856 970 2892; x_wconf 86' lang='lat' dir='ltr'><strong>aliquis</strong></span> 
     </span>
    </p>
   </div>
   <div class='ocr_carea' id='block_1_104' title="bbox 1022 2252 1807 2291">
    <p class='ocr_par' dir='ltr' id='par_1_104' title="bbox 1022 2252 1807 2291">
     <span class='ocr_line' id='line_1_104' title="bbox 1022 2252 1807 2291; baseline 0.004 -13"><span class='ocrx_word' id='word_1_751' title='bbox 1022 2252 1176 2286; x_wconf 73' lang='grc' dir='ltr'>ἠξιωμένου</span> <span class='ocrx_word' id='word_1_752' title='bbox 1194 2254 1317 2288; x_wconf 80' lang='grc' dir='ltr'>χάριτος,</span> <span class='ocrx_word' id='word_1_753' title='bbox 1336 2255 1383 2281; x_wconf 71' lang='grc' dir='ltr'><strong>καὶ</strong></span> <span class='ocrx_word' id='word_1_754' title='bbox 1396 2255 1463 2281; x_wconf 83' lang='grc' dir='ltr'>Θεὸν</span> <span class='ocrx_word' id='word_1_755' title='bbox 1479 2255 1610 2291; x_wconf 86' lang='grc' dir='ltr'>φέροντος</span> <span class='ocrx_word' id='word_1_756' title='bbox 1634 2254 1766 2283; x_wconf 72' lang='grc' dir='ltr'>λαλοῦντα</span> <span class='ocrx_word' id='word_1_757' title='bbox 1781 2257 1807 2282; x_wconf 79' lang='grc' dir='ltr'>ὲν</span> 
     </span>
    </p>
   </div>
   <div class='ocr_carea' id='block_1_105' title="bbox 1023 2298 1807 2337">
    <p class='ocr_par' dir='ltr' id='par_1_105' title="bbox 1023 2298 1807 2337">
     <span class='ocr_line' id='line_1_105' title="bbox 1023 2298 1807 2337; baseline 0.005 -12"><span class='ocrx_word' id='word_1_758' title='bbox 1023 2298 1136 2333; x_wconf 72' lang='grc' dir='ltr'>ἐαυτῷς</span> <span class='ocrx_word' id='word_1_759' title='bbox 1161 2299 1226 2326; x_wconf 78' lang='grc' dir='ltr'><strong>Ἰδοὺ</strong></span> <span class='ocrx_word' id='word_1_760' title='bbox 1241 2298 1296 2335; x_wconf 73' lang='grc' dir='ltr'>γὰρ</span> <span class='ocrx_word' id='word_1_761' title='bbox 1311 2300 1380 2336; x_wconf 77' lang='grc' dir='ltr'>ὅπερ</span> <span class='ocrx_word' id='word_1_762' title='bbox 1406 2301 1510 2332; x_wconf 79' lang='grc' dir='ltr'>ἐκεῖνος</span> <span class='ocrx_word' id='word_1_763' title='bbox 1536 2302 1622 2337; x_wconf 87' lang='grc' dir='ltr'>μόνην</span> <span class='ocrx_word' id='word_1_764' title='bbox 1651 2303 1743 2336; x_wconf 67' lang='grc' dir='ltr'>πηγὴν</span> <span class='ocrx_word' id='word_1_765' title='bbox 1762 2302 1807 2336; x_wconf 84' lang='grc' dir='ltr'>τῆς</span> 
     </span>
    </p>
   </div>
   <div class='ocr_carea' id='block_1_106' title="bbox 1024 2344 1806 2383">
    <p class='ocr_par' dir='ltr' id='par_1_106' title="bbox 1024 2344 1806 2383">
     <span class='ocr_line' id='line_1_106' title="bbox 1024 2344 1806 2383; baseline 0.004 -12"><span class='ocrx_word' id='word_1_766' title='bbox 1024 2345 1188 2381; x_wconf 74' lang='grc' dir='ltr'>ὑπερουσὶου</span> <span class='ocrx_word' id='word_1_767' title='bbox 1202 2345 1329 2379; x_wconf 81' lang='grc' dir='ltr'>θεότητος</span> <span class='ocrx_word' id='word_1_768' title='bbox 1353 2344 1442 2379; x_wconf 81' lang='grc' dir='ltr'>εἶπεν,</span> <span class='ocrx_word' id='word_1_769' title='bbox 1467 2345 1545 2377; x_wconf 68' lang='grc' dir='ltr'>οὗτος</span> <span class='ocrx_word' id='word_1_770' title='bbox 1560 2348 1649 2383; x_wconf 76' lang='grc' dir='ltr'>ἀρχὴν</span> <span class='ocrx_word' id='word_1_771' title='bbox 1670 2349 1719 2383; x_wconf 83' lang='grc' dir='ltr'>τῆς</span> <span class='ocrx_word' id='word_1_772' title='bbox 1748 2348 1806 2382; x_wconf 77' lang='grc' dir='ltr'>ὅλης</span> 
     </span>
    </p>
   </div>
   <div class='ocr_carea' id='block_1_107' title="bbox 1023 2391 1806 2429">
    <p class='ocr_par' dir='ltr' id='par_1_107' title="bbox 1023 2391 1806 2429">
     <span class='ocr_line' id='line_1_107' title="bbox 1023 2391 1806 2429; baseline 0.001 -11"><span class='ocrx_word' id='word_1_773' title='bbox 1023 2391 1151 2426; x_wconf 76' lang='grc' dir='ltr'>θεότητος</span> <span class='ocrx_word' id='word_1_774' title='bbox 1167 2392 1300 2427; x_wconf 77' lang='grc' dir='ltr'>εἴρηκεν’</span> <span class='ocrx_word' id='word_1_775' title='bbox 1326 2393 1363 2424; x_wconf 83' lang='grc' dir='ltr'>ὡς</span> <span class='ocrx_word' id='word_1_776' title='bbox 1391 2392 1440 2420; x_wconf 80' lang='grc' dir='ltr'>τοῦ</span> <span class='ocrx_word' id='word_1_777' title='bbox 1468 2393 1517 2428; x_wconf 77' lang='grc' dir='ltr'>μὲν</span> <span class='ocrx_word' id='word_1_778' title='bbox 1544 2394 1653 2429; x_wconf 80' lang='grc' dir='ltr'>Πατρδς</span> <span class='ocrx_word' id='word_1_779' title='bbox 1681 2394 1806 2429; x_wconf 79' lang='grc' dir='ltr'>δηλονότι,</span> 
     </span>
    </p>
   </div>
   <div class='ocr_carea' id='block_1_108' title="bbox 1024 2438 1806 2474">
    <p class='ocr_par' dir='ltr' id='par_1_108' title="bbox 1024 2438 1806 2474">
     <span class='ocr_line' id='line_1_108' title="bbox 1024 2438 1806 2474; baseline 0.003 -9"><span class='ocrx_word' id='word_1_780' title='bbox 1024 2439 1106 2466; x_wconf 85' lang='grc' dir='ltr'>αὐτοῦ</span> <span class='ocrx_word' id='word_1_781' title='bbox 1120 2439 1170 2474; x_wconf 73' lang='grc' dir='ltr'>μὲν</span> <span class='ocrx_word' id='word_1_782' title='bbox 1181 2439 1278 2467; x_wconf 80' lang='grc' dir='ltr'>οὐδένα</span> <span class='ocrx_word' id='word_1_783' title='bbox 1288 2439 1382 2467; x_wconf 76' lang='grc' dir='ltr'>αἴτιον,</span> <span class='ocrx_word' id='word_1_784' title='bbox 1392 2438 1513 2474; x_wconf 76' lang='grc' dir='ltr'>ἔχοντος,</span> <span class='ocrx_word' id='word_1_785' title='bbox 1525 2439 1612 2466; x_wconf 84' lang='grc' dir='ltr'>αἰτίου</span> <span class='ocrx_word' id='word_1_786' title='bbox 1628 2440 1656 2466; x_wconf 83' lang='grc' dir='ltr'>δὲ</span> <span class='ocrx_word' id='word_1_787' title='bbox 1681 2441 1729 2467; x_wconf 75' lang='grc' dir='ltr'><strong>καὶ</strong></span> <span class='ocrx_word' id='word_1_788' title='bbox 1748 2440 1806 2467; x_wconf 74' lang='grc' dir='ltr'><strong>Υῐοῦ</strong></span> 
     </span>
    </p>
   </div>
   <div class='ocr_carea' id='block_1_109' title="bbox 1024 2483 1805 2519">
    <p class='ocr_par' dir='ltr' id='par_1_109' title="bbox 1024 2483 1805 2519">
     <span class='ocr_line' id='line_1_109' title="bbox 1024 2483 1805 2519; baseline 0.003 -9"><span class='ocrx_word' id='word_1_789' title='bbox 1024 2485 1071 2510; x_wconf 66' lang='grc' dir='ltr'>καὶ</span> <span class='ocrx_word' id='word_1_790' title='bbox 1086 2484 1246 2519; x_wconf 86' lang='grc' dir='ltr'>Πνεύματος</span> <span class='ocrx_word' id='word_1_791' title='bbox 1261 2483 1338 2515; x_wconf 73' lang='grc' dir='ltr'>ὄντος</span> <span class='ocrx_word' id='word_1_792' title='bbox 1353 2491 1361 2500; x_wconf 82' lang='grc'><em>’</em></span> <span class='ocrx_word' id='word_1_793' title='bbox 1381 2483 1446 2510; x_wconf 86' lang='grc' dir='ltr'><strong>Υἱοῦ</strong></span> <span class='ocrx_word' id='word_1_794' title='bbox 1460 2484 1489 2511; x_wconf 82' lang='grc' dir='ltr'><strong>δὲ</strong></span> <span class='ocrx_word' id='word_1_795' title='bbox 1517 2484 1601 2511; x_wconf 80' lang='grc' dir='ltr'>αὐτοῦ</span> <span class='ocrx_word' id='word_1_796' title='bbox 1629 2493 1658 2511; x_wconf 86' lang='grc' dir='ltr'><strong>τε</strong></span> <span class='ocrx_word' id='word_1_797' title='bbox 1690 2485 1805 2512; x_wconf 80' lang='grc' dir='ltr'>αἰτιατοῦ</span> 
     </span>
    </p>
   </div>
   <div class='ocr_carea' id='block_1_110' title="bbox 1024 2530 1636 2567">
    <p class='ocr_par' dir='ltr' id='par_1_110' title="bbox 1024 2530 1636 2567">
     <span class='ocr_line' id='line_1_110' title="bbox 1024 2530 1636 2567; baseline 0 -9"><span class='ocrx_word' id='word_1_798' title='bbox 1024 2532 1110 2564; x_wconf 78' lang='grc' dir='ltr'>όντος,</span> <span class='ocrx_word' id='word_1_799' title='bbox 1130 2533 1176 2558; x_wconf 79' lang='grc' dir='ltr'>καὶ</span> <span class='ocrx_word' id='word_1_800' title='bbox 1192 2531 1280 2558; x_wconf 77' lang='grc' dir='ltr'>αἰτίου</span> <span class='ocrx_word' id='word_1_801' title='bbox 1299 2531 1381 2566; x_wconf 85' lang='grc' dir='ltr'>μόνου</span> <span class='ocrx_word' id='word_1_802' title='bbox 1392 2530 1439 2557; x_wconf 84' lang='grc' dir='ltr'>τοῦ</span> <span class='ocrx_word' id='word_1_803' title='bbox 1467 2531 1636 2567; x_wconf 73' lang='grc' dir='ltr'>Πνεῦματος.</span> 
     </span>
    </p>
   </div>
   <div class='ocr_carea' id='block_1_111' title="bbox 1060 2577 1805 2613">
    <p class='ocr_par' dir='ltr' id='par_1_111' title="bbox 1060 2577 1805 2613">
     <span class='ocr_line' id='line_1_111' title="bbox 1060 2577 1805 2613; baseline -0.001 -9"><span class='ocrx_word' id='word_1_804' title='bbox 1060 2577 1106 2612; x_wconf 84' lang='grc' dir='ltr'><strong>Μὴ</strong></span> <span class='ocrx_word' id='word_1_805' title='bbox 1116 2578 1274 2613; x_wconf 80' lang='grc' dir='ltr'>πρόσκοπτε</span> <span class='ocrx_word' id='word_1_806' title='bbox 1289 2577 1317 2604; x_wconf 83' lang='grc' dir='ltr'><strong>δὲ</strong></span> <span class='ocrx_word' id='word_1_807' title='bbox 1332 2577 1413 2604; x_wconf 81' lang='grc' dir='ltr'>πάλιν</span> <span class='ocrx_word' id='word_1_808' title='bbox 1430 2577 1549 2604; x_wconf 77' lang='grc' dir='ltr'>ἐνταῦθα</span> <span class='ocrx_word' id='word_1_809' title='bbox 1575 2578 1614 2613; x_wconf 83' lang='grc' dir='ltr'>τῷ</span> <span class='ocrx_word' id='word_1_810' title='bbox 1630 2578 1744 2612; x_wconf 79' lang='grc' dir='ltr'>ὀνόματι</span> <span class='ocrx_word' id='word_1_811' title='bbox 1761 2578 1805 2612; x_wconf 80' lang='grc' dir='ltr'>τῆς</span> 
     </span>
    </p>
   </div>
   <div class='ocr_carea' id='block_1_112' title="bbox 1025 2623 1804 2660">
    <p class='ocr_par' dir='ltr' id='par_1_112' title="bbox 1025 2623 1804 2660">
     <span class='ocr_line' id='line_1_112' title="bbox 1025 2623 1804 2660; baseline 0 -10"><span class='ocrx_word' id='word_1_812' title='bbox 1025 2624 1089 2660; x_wconf 81' lang='grc' dir='ltr'>ὅλης</span> <span class='ocrx_word' id='word_1_813' title='bbox 1101 2624 1239 2659; x_wconf 72' lang='grc' dir='ltr'>θεότητος,</span> <span class='ocrx_word' id='word_1_814' title='bbox 1257 2623 1404 2655; x_wconf 80' lang='grc' dir='ltr'>ἀντιτιθεὶς</span> <span class='ocrx_word' id='word_1_815' title='bbox 1416 2625 1450 2659; x_wconf 80' lang='grc' dir='ltr'>τῇ</span> <span class='ocrx_word' id='word_1_816' title='bbox 1463 2624 1514 2660; x_wconf 82' lang='grc' dir='ltr'><strong>ὅλῃ</strong></span> <span class='ocrx_word' id='word_1_817' title='bbox 1526 2624 1620 2660; x_wconf 80' lang='grc' dir='ltr'>μέρος,</span> <span class='ocrx_word' id='word_1_818' title='bbox 1636 2624 1673 2655; x_wconf 82' lang='grc' dir='ltr'><strong>ὡς</strong></span> <span class='ocrx_word' id='word_1_819' title='bbox 1685 2624 1731 2651; x_wconf 83' lang='grc' dir='ltr'>τοῦ</span> <span class='ocrx_word' id='word_1_820' title='bbox 1745 2623 1804 2650; x_wconf 85' lang='grc' dir='ltr'><strong>Υἱοῦ</strong></span> 
     </span>
    </p>
   </div>
   <div class='ocr_carea' id='block_1_113' title="bbox 1027 2669 1802 2707">
    <p class='ocr_par' dir='ltr' id='par_1_113' title="bbox 1027 2669 1802 2707">
     <span class='ocr_line' id='line_1_113' title="bbox 1027 2669 1802 2707; baseline -0.001 -9"><span class='ocrx_word' id='word_1_821' title='bbox 1027 2672 1128 2707; x_wconf 76' lang='grc' dir='ltr'>μέρους</span> <span class='ocrx_word' id='word_1_822' title='bbox 1157 2670 1233 2702; x_wconf 77' lang='grc' dir='ltr'>ὄντος</span> <span class='ocrx_word' id='word_1_823' title='bbox 1259 2670 1369 2697; x_wconf 75' lang='grc' dir='ltr'>αἰτίου·</span> <span class='ocrx_word' id='word_1_824' title='bbox 1396 2670 1493 2706; x_wconf 85' lang='grc' dir='ltr'>θεότης</span> <span class='ocrx_word' id='word_1_825' title='bbox 1515 2671 1570 2706; x_wconf 84' lang='grc' dir='ltr'><strong>γὰρ</strong></span> <span class='ocrx_word' id='word_1_826' title='bbox 1591 2670 1621 2697; x_wconf 83' lang='grc' dir='ltr'>οὐ</span> <span class='ocrx_word' id='word_1_827' title='bbox 1652 2669 1802 2706; x_wconf 79' lang='grc' dir='ltr'>μερίζεται·</span> 
     </span>
    </p>
   </div>
   <div class='ocr_carea' id='block_1_114' title="bbox 998 2716 1804 2753">
    <p class='ocr_par' dir='ltr' id='par_1_114' title="bbox 998 2716 1804 2753">
     <span class='ocr_line' id='line_1_114' title="bbox 998 2716 1804 2753; baseline -0.002 -8"><span class='ocrx_word' id='word_1_828' title='bbox 998 2734 1004 2741; x_wconf 75' lang='grc' dir='ltr'><strong>ο</strong></span> <span class='ocrx_word' id='word_1_829' title='bbox 1025 2718 1094 2745; x_wconf 79' lang='grc' dir='ltr'>ἀλλὰ</span> <span class='ocrx_word' id='word_1_830' title='bbox 1108 2718 1138 2744; x_wconf 84' lang='grc' dir='ltr'>τδ</span> <span class='ocrx_word' id='word_1_831' title='bbox 1147 2717 1291 2753; x_wconf 78' lang='grc' dir='ltr'>ἐλάττωμα</span> <span class='ocrx_word' id='word_1_832' title='bbox 1303 2719 1352 2752; x_wconf 81' lang='grc' dir='ltr'>τῆς</span> <span class='ocrx_word' id='word_1_833' title='bbox 1364 2717 1418 2743; x_wconf 86' lang='grc' dir='ltr'>τῶν</span> <span class='ocrx_word' id='word_1_834' title='bbox 1431 2718 1572 2752; x_wconf 78' lang='grc' dir='ltr'>ὀνομάτων</span> <span class='ocrx_word' id='word_1_835' title='bbox 1583 2718 1657 2744; x_wconf 76' lang='grc' dir='ltr'>ἐστὶν</span> <span class='ocrx_word' id='word_1_836' title='bbox 1670 2716 1804 2749; x_wconf 71' lang='grc' dir='ltr'>ἀσθενείας</span> 
     </span>
    </p>
   </div>
   <div class='ocr_carea' id='block_1_115' title="bbox 1025 2763 1801 2799">
    <p class='ocr_par' dir='ltr' id='par_1_115' title="bbox 1025 2763 1801 2799">
     <span class='ocr_line' id='line_1_115' title="bbox 1025 2763 1801 2799; baseline -0.001 -8"><span class='ocrx_word' id='word_1_837' title='bbox 1025 2765 1058 2799; x_wconf 79' lang='grc' dir='ltr'>ἣν</span> <span class='ocrx_word' id='word_1_838' title='bbox 1074 2764 1104 2791; x_wconf 76' lang='grc' dir='ltr'>οὺ</span> <span class='ocrx_word' id='word_1_839' title='bbox 1121 2763 1211 2796; x_wconf 79' lang='grc' dir='ltr'>καλῶς</span> <span class='ocrx_word' id='word_1_840' title='bbox 1221 2763 1345 2798; x_wconf 82' lang='grc' dir='ltr'>ποιήσεις</span> <span class='ocrx_word' id='word_1_841' title='bbox 1362 2764 1410 2790; x_wconf 66' lang='grc' dir='ltr'><strong>ἐπὶ.</strong></span> <span class='ocrx_word' id='word_1_842' title='bbox 1423 2764 1457 2790; x_wconf 86' lang='grc' dir='ltr'><strong>τὰ</strong></span> <span class='ocrx_word' id='word_1_843' title='bbox 1470 2763 1621 2799; x_wconf 83' lang='grc' dir='ltr'>πράγματα</span> <span class='ocrx_word' id='word_1_844' title='bbox 1637 2765 1801 2799; x_wconf 78' lang='grc' dir='ltr'>μεταφέρων.</span> 
     </span>
    </p>
   </div>
   <div class='ocr_carea' id='block_1_116' title="bbox 1063 2852 1802 2892">
    <p class='ocr_par' dir='ltr' id='par_1_116' title="bbox 1063 2852 1802 2892">
     <span class='ocr_line' id='line_1_116' title="bbox 1063 2852 1802 2892; baseline -0.003 -10"><span class='ocrx_word' id='word_1_845' title='bbox 1063 2854 1173 2883; x_wconf 79' lang='grc' dir='ltr'>Πολλῶν</span> <span class='ocrx_word' id='word_1_846' title='bbox 1191 2855 1241 2892; x_wconf 77' lang='grc' dir='ltr'>μὲν</span> <span class='ocrx_word' id='word_1_847' title='bbox 1257 2855 1303 2884; x_wconf 78' lang='grc' dir='ltr'>οὖν</span> <span class='ocrx_word' id='word_1_848' title='bbox 1328 2856 1375 2882; x_wconf 76' lang='grc' dir='ltr'><strong>καὶ</strong></span> <span class='ocrx_word' id='word_1_849' title='bbox 1400 2855 1487 2882; x_wconf 79' lang='grc' dir='ltr'>ἄλλων</span> <span class='ocrx_word' id='word_1_850' title='bbox 1516 2855 1611 2888; x_wconf 79' lang='grc' dir='ltr'>ὄντων,</span> <span class='ocrx_word' id='word_1_851' title='bbox 1643 2852 1682 2886; x_wconf 69' lang='grc' dir='ltr'>οἷς</span> <span class='ocrx_word' id='word_1_852' title='bbox 1708 2853 1740 2881; x_wconf 81' lang='grc' dir='ltr'>ἂν</span> <span class='ocrx_word' id='word_1_853' title='bbox 1766 2861 1802 2885; x_wconf 83' lang='grc' dir='ltr'><strong>τις</strong></span> 
     </span>
    </p>
   </div>
  </div>
