1920 3063
152 126 204 157 401

630 126 881 157 BESSARIONIS
900 127 928 156 5.
948 127 984 158 Β.
1008 127 1039 158 Ε.
1055 125 1289 157 CARDlNALlS

1715 120 1781 152 408

603 288 1209 378 BESSABION
1215 289 1313 376 IS

483 437 748 468 PA'l‘lilAliCHtlE
771 437 990 473 CPOLITANI,
1013 437 1191 468 EPISCOPI
1215 437 1455 473 TUSCULANI,

726 499 758 529 S.
779 499 814 528 Ιὶ.
840 499 873 528 E.
899 499 1017 529 (ΖΛΜ).
1042 499 1203 535 ΝΙΕᾹΞΝΙ,

158 574 218 604 DE
232 574 445 605 SUCCESSU
459 573 617 604 SYNODI
633 571 926 605 FLORENTIN/E.
944 571 1005 601 ET
1015 571 1074 601 DE
1090 571 1382 602 PROCESSIONE
1398 572 1595 603 SPIRITL'S
1608 574 1713 605 SANC
1722 575 1781 610 TI,

621 624 797 655 PRIMUM
822 624 974 655 ΟΠΔΞΟΕ
996 623 1154 654 EDITUS
1177 624 1317 659 LIBER,

442 677 605 707 DEINDE
620 677 674 706 AB
698 675 853 707 EODEM
876 676 1047 706 LATINIS
1071 677 1272 707 LITTERIS
1290 677 1497 708 DONATUS.

195 818 340 844 Rnssttntort
356 817 503 844 cardinalis
518 818 653 849 Nicrenus,
672 825 763 852 magn.
783 822 810 844 et
825 818 945 844 clemcn-
962 820 980 848 Α
996 819 1096 852 quibus
1127 820 1298 854 apertissime
1309 828 1339 846 ex
1352 819 1430 846 Patre
1443 822 1469 846 et
1489 818 1555 846 Filio
1571 819 1700 853 Spiritum
1715 828 1784 846 sau—

159 865 218 891 tiss.
234 865 294 891 viro
310 865 403 892 Alexio
419 865 525 892 Lascari
543 865 766 900 Philauthropinn
780 865 807 892 S.
826 865 856 891 D.

197 911 237 937 Tu
265 911 375 944 quidem
403 918 456 937 non
483 911 611 938 humanis
626 911 713 938 solum
731 910 824 942 rebus,
847 918 940 938 verum

160 957 242 982 etiam
261 957 362 983 divinis
378 963 552 990 Summopere
569 957 695 987 stttdens,
708 957 942 991 meditatioueque

161 1002 365 1036 Scripturarum
399 1003 515 1037 teipsum
540 1003 680 1030 obiectans
704 1011 757 1030 nou
786 1010 889 1032 cessas.
915 1007 943 1029 ct

162 1047 220 1081 ipse
237 1055 284 1081 per
300 1052 324 1074 te
339 1048 401 1074 tidei
417 1048 558 1074 veritatem
572 1048 722 1080 inquirere,
740 1052 767 1075 et
783 1056 832 1074 nos
846 1047 944 1074 adhor‘

164 1093 225 1123 tari.
243 1098 270 1120 ttt
290 1101 339 1129 pro
363 1101 441 1128 posse
460 1101 539 1127 opem
565 1093 612 1120 tibi
629 1093 749 1121 feramus
767 1094 798 1120 ad
822 1098 880 1120 eam
901 1094 944 1120 in-

162 1140 347 1173 vestigantlam
372 1145 454 1174 atque
480 1139 685 1166 inveniendam.
710 1139 766 1174 Ego
790 1147 857 1167 vero
881 1146 943 1166 cum

162 1185 270 1218 pigritia
283 1185 398 1219 quadam
413 1204 419 1215 ,
435 1189 492 1212 tum
508 1185 548 1211 vel
569 1185 686 1212 maxime
700 1185 762 1219 quia
778 1185 894 1212 libenter
910 1186 945 1211 si-

163 1231 243 1257 miles
266 1231 375 1258 labores
396 1231 521 1265 deposui,
538 1235 683 1266 propterea
704 1231 776 1265 quod
801 1231 899 1264 saepius
913 1231 946 1258 de

164 1277 215 1304 hac
238 1284 267 1303 re
290 1284 445 1303 sermonem
476 1277 557 1304 habui
583 1284 644 1304 cum
662 1276 944 1307 nostrishominibus,

165 1323 211 1356 qui
241 1323 327 1357 pluris
361 1331 436 1349 suam
460 1323 682 1358 superstitionem
713 1327 741 1349 ct
766 1322 946 1357 ignorantiam

166 1369 280 1399 faciunt,
301 1376 382 1403 quam
398 1369 540 1396 veritatem
557 1377 564 1395 τ
581 1369 683 1396 invitus
698 1369 749 1396 hoc
770 1376 867 1395 rursus
883 1368 949 1395 sub-

165 1422 198 1441 eo
223 1419 372 1447 certamen,
405 1422 560 1449 quanquam
592 1414 625 1441 ad
651 1420 676 1441 te
701 1414 866 1447 scripturus,
901 1415 947 1448 qui

166 1460 299 1494 sapientia
327 1465 354 1486 et
385 1460 538 1487 humilitate
561 1465 674 1487 ornatus
708 1467 762 1486 non
783 1459 867 1494 magis
892 1465 951 1486 ten-

167 1505 254 1536 tandi,
281 1512 363 1540 quam
386 1504 444 1531 veri
466 1503 647 1538 investigandi
670 1503 767 1537 gratia,
792 1503 849 1529 hzec
868 1509 882 1529 a
907 1510 949 1529 me

993 869 1065 891 etum
1092 865 1240 898 procedere
1261 865 1394 892 atlirmant
1413 873 1419 892 :
1437 871 1463 891 et
1487 865 1606 896 Patrem,
1626 869 1653 891 et
1676 864 1782 892 Filium

994 910 1036 936 sui
1054 910 1139 944 ipsius
1155 911 1257 937 habere
1272 911 1448 945 principium,
1466 915 1492 936 et
1509 911 1604 937 ambos
1618 919 1702 937 unum
1719 911 1785 946 ejus

994 963 1055 983 esse
1073 957 1249 990 principium.
1265 957 1330 989 Qua:
1344 964 1405 983 cum
1420 957 1543 991 plurimae
1555 957 1620 986 sint.
1632 962 1658 984 et
1673 957 1784 985 cunctis

995 1008 1091 1027 eorum
1104 1002 1130 1027 in
1152 1002 1231 1028 libris
1253 1010 1353 1036 sparsae
1369 1010 1471 1037 paucas
1490 1010 1540 1029 nos
1559 1003 1607 1029 tibi
1625 1003 1706 1029 modo
1719 1003 1785 1029 tuit—

997 1047 1089 1076 tituus,
1102 1047 1202 1081 quibus
1216 1052 1305 1074 tatuett
1323 1049 1427 1075 similes
1439 1048 1507 1074 alias
1516 1048 1597 1074 etiam
1610 1055 1707 1075 omnes
1719 1056 1784 1076 esse

996 1093 1077 1119 scias.
1104 1093 1206 1120 Deinde
1234 1093 1379 1128 quemdam
1401 1098 1527 1120 nostrum
1546 1101 1711 1124 sermonem,
1734 1094 1782 1121 cui

996 1139 1196 1171 Dogmatieum,
1212 1143 1258 1165 aut
1283 1138 1319 1165 De
1340 1139 1440 1165 unione
1463 1138 1570 1165 titulum
1588 1139 1783 1172 imposuimus.

999 1184 1046 1210 tibi
1069 1184 1229 1210 mittendum
1245 1183 1440 1218 judicavitnus,
1459 1192 1538 1218 quem
1563 1184 1643 1218 paulo
1661 1189 1723 1211 ante
1737 1193 1785 1211 sa-

998 1237 1071 1256 cram
1091 1229 1231 1260 unionem,
1249 1235 1377 1263 tanquam
1401 1229 1524 1256 ultimam
1552 1237 1618 1256 mea!
1643 1229 1784 1264 opinionis

999 1280 1080 1310 atque
1098 1276 1240 1303 sententia!
1254 1276 1467 1303 declarationem
1483 1276 1631 1306 edidimus,
1645 1283 1783 1310 quemque

1000 1322 1146 1349 mitissimo
1170 1326 1266 1349 nostro
1289 1322 1459 1356 imperatori,
1475 1326 1503 1348 et
1520 1322 1680 1356 patt'iarehze
1701 1329 1783 1348 reve-

1001 1367 1167 1395 rendissimo
1179 1367 1307 1394 omnibus
1322 1368 1424 1394 nostris
1437 1367 1616 1402 praesentibus
1633 1368 1782 1402 legendum

1000 1413 1075 1446 dedi,
1106 1421 1169 1441 cum
1195 1413 1266 1441 inter
1293 1421 1343 1441 nos
1376 1413 1521 1440 ultimatim
1545 1413 1783 1440 consideraremus

1001 1459 1068 1495 quid
1084 1459 1239 1487 faciendum
1260 1463 1344 1491 esset,
1359 1463 1386 1485 et
1407 1459 1561 1486 sententias
1573 1459 1687 1486 aliorum
1701 1457 1734 1485 de
1752 1465 1783 1484 re

1002 1505 1111 1533 unionis
1128 1510 1326 1532 serutaremur.
1342 1504 1371 1531 In
1389 1512 1444 1538 quo
1458 1511 1491 1531 ex
1511 1504 1636 1538 ipsismet
1657 1504 1784 1530 Orienta-

168 1552 248 1584 pctis.
262 1552 350 1585 Ipsam
369 1551 433 1576 item
454 1549 645 1576 auctoritatem
666 1548 737 1575 sacri
751 1548 860 1575 eont-ilii
883 1548 950 1575 siut-
967 1539 986 1566 Β
1002 1551 1074 1578 libus
1090 1551 1230 1581 Patribus,
1248 1555 1276 1578 ct
1298 1550 1458 1577 doctoribus
1479 1550 1581 1577 nostris
1603 1549 1712 1576 omissis
1724 1556 1785 1576 om-

169 1595 279 1630 pliciter
304 1595 371 1621 satis
390 1601 449 1621 esse
471 1598 538 1628 puto
551 1593 584 1620 ad
611 1593 832 1628 persuadendum
853 1600 950 1628 quem—

169 1649 262 1675 quam,
278 1646 305 1668 et
317 1640 500 1667 inducendum
516 1639 549 1666 ad
562 1639 622 1674 ejus
632 1639 837 1666 conclusionem
853 1638 950 1665 humili

169 1687 251 1714 corde
273 1686 479 1719 capessendam,
500 1690 582 1720 atque
610 1685 775 1712 credendam
804 1684 863 1711 sine
884 1691 951 1718 qua-

167 1740 277 1767 cunque
299 1731 516 1759 contradictione
541 1733 582 1758 vel
616 1731 805 1764 ambiguitate.
820 1729 888 1757 Cum
913 1733 952 1756 tot

171 1778 311 1804 hominum
350 1782 527 1807 conventum,
556 1776 602 1811 qui
626 1775 770 1810 sapientia.
789 1776 903 1802 scientia
925 1779 953 1802 et

170 1823 245 1850 omni
263 1823 365 1849 virtute
379 1821 482 1856 praediti
498 1821 619 1853 fuerunt,
632 1829 749 1856 quorum
766 1820 793 1847 in
807 1820 896 1848 medio
907 1821 953 1847 ad-

171 1868 257 1895 fuisse
270 1868 402 1902 Spiritum
420 1871 545 1894 sanetum
568 1872 598 1894 ut
614 1867 760 1894 credamus
774 1874 886 1894 necesse
899 1872 950 1899 est,

170 1914 312 1941 veritatem
326 1913 441 1940 latuisse
456 1912 569 1940 minimo
581 1912 750 1939 credendum
759 1912 806 1939 sit.
818 1911 952 1939 Praeterea

171 1960 281 1987 tuemini
295 1960 402 1994 longam
420 1959 454 1986 ad
469 1964 494 1985 te
511 1958 580 1985 alias
593 1958 702 1985 dedisse
717 1958 878 1993 Epistulam,
895 1966 953 1985 om-

175 2007 274 2040 niaque
290 2007 356 2032 satis
378 2005 499 2040 tetigisse
517 2013 578 2039 quas
604 2012 678 2032 nuuc
693 2005 804 2039 quzeris,
825 2010 851 2032 et
867 2006 952 2040 ipsam

173 2052 274 2079 etenim
299 2051 476 2086 quaeetionetn
496 2058 545 2084 per
564 2058 594 2078 se
609 2051 694 2086 ipsam
720 2051 832 2085 probavi
847 2071 854 2082 .
880 2051 953 2085 quod

174 2099 278 2125 scilicet
292 2097 412 2132 Spit-itus
429 2103 539 2124 sanctus
552 2104 565 2123 a
584 2096 664 2124 Patre
681 2096 804 2132 Filioque
818 2097 953 2132 procedit,

176 2149 204 2171 et
223 2152 282 2178 qum
299 2143 463 2170 videbantur
484 2143 561 2176 sequi
584 2142 803 2170 inconvenientia
824 2142 903 2174 solvi,
927 2146 954 2169 et

174 2191 208 2216 de
225 2189 286 2216 aliis
303 2187 431 2214 omnibus
444 2195 505 2222 quae
528 2193 593 2214 tunc
614 2187 695 2214 etiam
713 2187 825 2222 petiisti,
848 2187 952 2215 reddidi
969 2204 990 2233 ϐ

176 2244 205 2262 ra
219 2235 309 2262 iouetu
321 2243 328 2266 ς
342 2234 378 2261 ita
396 2238 425 2260 ut
442 2241 495 2260 non
509 2234 545 2261 sit
560 2240 628 2268 opus
638 2234 761 2268 pluribus
777 2233 868 2261 verbis
884 2242 954 2269 prae-

180 2283 274 2309 sertim
308 2282 374 2313 tibi,
399 2281 446 2315 qui
471 2285 572 2307 tautatn
602 2281 628 2307 in
655 2280 844 2315 hujuscemodi
872 2280 957 2306 habes

176 2327 384 2361 experientiam,
408 2331 437 2353 ut
467 2328 558 2361 parvis
585 2328 666 2354 etiam
691 2326 835 2361 principiis
858 2326 958 2353 habitis

177 2377 260 2402 multa
278 2381 429 2407 magnaque
454 2373 541 2408 possis
564 2381 596 2400 ex
614 2374 701 2407 teipso
719 2373 872 2408 percipere.
888 2372 956 2400 Cum

176 2426 243 2446 vero
264 2419 368 2454 aliquid
393 2419 455 2454 plus
474 2428 488 2446 a
504 2420 583 2447 nobis
602 2419 760 2454 expostules
777 2427 829 2446 non
847 2425 959 2453 propter

178 2465 294 2500 teipsutn
310 2464 444 2495 fortassis,
462 2472 524 2491 cum
541 2464 598 2498 ipse
609 2464 681 2490 idem
697 2464 837 2490 nobiseum
853 2464 957 2498 sapias,

179 2511 227 2538 sed
244 2514 355 2545 propter
371 2510 556 2548 contentiosos
579 2515 606 2536 et
637 2510 760 2536 Veritatis
785 2508 959 2536 adversarios

181 2564 232 2584 nos
245 2563 306 2583 cum
327 2556 391 2591 quia
408 2556 497 2590 parati
512 2555 546 2582 ad
566 2555 780 2582 satisfactionem
796 2562 857 2583 esse
874 2555 961 2583 debe-

181 2610 244 2630 mus
257 2602 330 2629 omni
348 2601 470 2636 poscenti
483 2609 533 2629 nos
545 2600 678 2628 rationem
696 2601 730 2628 de
745 2609 775 2628 ea
789 2609 850 2636 quae
866 2601 892 2628 in
908 2609 960 2629 no-

181 2649 224 2676 bis
244 2654 280 2675 est
295 2648 346 2676 ﬁde
361 2647 511 2675 secundum
528 2647 698 2683 Apostolutu,
716 2653 771 2674 tum
791 2652 818 2675 ut
835 2648 962 2676 amicitia:

183 2701 285 2723 nostra:
310 2696 518 2723 satisfaciamus.
536 2694 590 2730 Spe
616 2694 696 2722 etiam
712 2694 785 2721 ducti
807 2694 961 2728 aliquorum

183 2741 319 2772 utilitatis,
333 2742 378 2775 qui
396 2741 452 2768 hate
465 2741 565 2775 legent.
578 2748 680 2768 ntorem
696 2739 743 2767 tibi
757 2747 850 2775 gerere
863 2747 962 2774 propo-

184 2787 301 2814 suimus.
320 2785 418 2813 Primis
439 2787 530 2822 itaque
547 2787 723 2815 auctoritates
743 2792 898 2814 sanctorum
913 2787 964 2814 Pa-

188 2837 258 2859 trum
292 2838 318 2859 et
345 2833 485 2861 doctorum
509 2833 723 2862 Occidentalium
749 2834 798 2860 li'oi
819 2833 961 2865 mit‘inttts,

1000 1597 1067 1624 nino
1083 1596 1308 1623 Occidentalibus
1323 1604 1373 1630 pro
1387 1603 1468 1630 posse
1488 1597 1665 1630 quaestionem
1683 1602 1783 1629 propo-

1000 1642 1079 1669 sitam
1099 1641 1236 1668 declaravi
1265 1646 1348 1676 atque
1362 1641 1485 1676 probavi,
1502 1648 1583 1675 quem
1599 1645 1740 1675 tauquam,
1756 1645 1784 1667 et

1002 1686 1051 1714 tibi
1067 1686 1253 1720 potissimum,
1271 1691 1298 1714 et
1312 1686 1333 1713 si
1350 1687 1412 1721 quis
1436 1686 1507 1713 alius
1528 1686 1588 1713 sine
1607 1687 1783 1714 contentione

1001 1732 1095 1759 audiet
1109 1736 1138 1758 et
1153 1732 1284 1765 perleget,
1299 1731 1415 1758 maxime
1438 1732 1612 1766 profuturum
1627 1736 1679 1758 tua
1703 1731 1782 1758 nobi«

1001 1777 1068 1804 litati
1093 1777 1183 1807 mitto,
1200 1777 1414 1804 clementissime
1438 1785 1469 1804 ac
1487 1777 1709 1811 splendidissime
1728 1778 1779 1805 vir.

1001 1822 1068 1850 Cum
1084 1822 1188 1849 veroin
1209 1822 1242 1849 iis
1255 1822 1323 1849 nihil
1335 1822 1439 1849 laboris
1459 1822 1492 1849 ad
1507 1830 1629 1856 praesens
1649 1823 1778 1850 adhibue-

1003 1868 1089 1896 rimus
1113 1869 1177 1903 (jam
1201 1869 1273 1896 enim
1297 1873 1376 1896 erant
1399 1869 1493 1903 edita),
1507 1873 1554 1896 tuo
1573 1875 1664 1897 autem
1691 1877 1781 1898 amore

1003 1922 1076 1949 pune
1092 1922 1202 1949 quoque
1216 1915 1321 1949 aliqttid
1339 1914 1540 1942 lucubrationis
1559 1916 1781 1950 proposuerimus

1003 1960 1155 1995 suscipere,
1172 1961 1243 1988 ultra
1263 1960 1321 1988 [nec
1342 1961 1423 1987 etiam
1448 1960 1549 1995 aliquid
1566 1961 1626 1994 plus
1639 1961 1677 1987 tui
1698 1961 1780 1995 gratia

1005 2005 1053 2033 tibi
1070 2005 1230 2032 scribemus.
1245 2005 1335 2038 Quare
1351 2013 1432 2040 quam
1449 2005 1569 2033 breviter
1583 2013 1690 2033 omnem
1712 2007 1780 2034 sacri

1005 2051 1115 2078 concilii
1130 2059 1288 2086 processum
1299 2051 1466 2086 unionisque
1478 2059 1555 2079 sacra
1569 2052 1649 2080 modo
1662 2052 1709 2079 tibi
1723 2060 1782 2080 nar-

1004 2097 1081 2126 rabo.
1094 2104 1123 2123 ac
1133 2097 1238 2131 aliquas
1253 2097 1383 2129 rationes,
1394 2097 1495 2132 quibus
1506 2097 1602 2132 dogma
1614 2098 1779 2132 propositum

1004 2142 1176 2178 probabitur,
1198 2142 1320 2175 aderam,
1340 2147 1368 2170 et
1389 2143 1428 2170 sic
1454 2143 1533 2170 linem
1560 2144 1706 2177 imponam.
1732 2143 1780 2171 Sed

1008 2193 1154 2223 antequam
1175 2188 1210 2215 de
1231 2188 1264 2215 iis
1278 2189 1378 2222 dicam,
1391 2196 1506 2223 parvum
1522 2189 1651 2223 quiddam
1673 2197 1725 2215 non
1744 2194 1781 2216 ta-

1008 2241 1068 2260 men
1100 2234 1174 2269 parvi
1204 2234 1258 2262 imo
1279 2242 1345 2261 vero
1375 2234 1486 2261 maximi
1515 2234 1726 2262 existimandum
1753 2236 1782 2263 iis

1007 2280 1149 2316 prooemiis
1160 2280 1275 2314 addam;
1292 2280 1425 2315 supplebo
1438 2280 1509 2314 quod
1521 2281 1650 2314 prmdicto
1663 2289 1781 2309 sermone

1008 2327 1163 2361 dogmatico
1192 2327 1281 2357 deest.
1314 2327 1461 2353 verborum
1496 2326 1670 2353 multitudine
1699 2327 1781 2354 futura

1009 2373 1128 2400 utilitate
1146 2367 1337 2408 compensans.
1354 2373 1382 2399 ltt
1397 2373 1443 2399 illo
1461 2372 1553 2407 itaque
1564 2373 1717 2407 dogmatico
1730 2381 1782 2400 ser-

1010 2426 1089 2445 moue
1111 2426 1142 2445 ex
1160 2418 1348 2445 Orientalibus
1365 2417 1498 2444 duntaxat
1517 2418 1676 2445 doctoribus
1695 2418 1782 2446 volens

1012 2465 1091 2499 hujus
1106 2463 1264 2498 quaestionis
1273 2464 1413 2491 veritatem
1426 2463 1543 2498 probare
1553 2471 1633 2490 unam
1645 2464 1781 2498 quamdam

1011 2510 1202 2536 auctoritatem
1230 2509 1261 2536 Β,
1287 2509 1392 2541 Basilii,
1412 2516 1472 2543 quae
1498 2508 1553 2535 sola
1580 2509 1708 2536 omnibus
1730 2510 1783 2536 aliis

1011 2556 1084 2591 quod
1108 2556 1280 2590 propositum
1304 2555 1504 2582 ostendendum
1528 2555 1676 2587 antecellit,
1699 2556 1781 2587 omisi,

1013 2607 1157 2636 propterea
1170 2602 1242 2637 quod
1266 2602 1300 2629 ab
1321 2602 1458 2636 aliquibus
1472 2601 1649 2629 dubitabatur
1665 2610 1698 2628 an
1720 2607 1784 2629 esset

1014 2648 1042 2675 Β.
1057 2648 1158 2676 Basilii.
1175 2649 1234 2675 Non
1251 2648 1315 2683 quia
1326 2656 1376 2683 ego
1387 2656 1496 2683 quoque
1508 2647 1611 2682 aliquid
1624 2648 1700 2674 dubii
1717 2648 1746 2674 de
1756 2655 1782 2674 ea

1015 2694 1169 2726 habuerim,
1187 2693 1310 2725 minime,
1327 2693 1373 2720 sed
1390 2693 1454 2728 quia
1481 2693 1553 2728 apud
1569 2693 1637 2720 alios
1648 2692 1783 2720 dubitaba-

1016 2743 1069 2771 tur,
1087 2739 1161 2766 ttolui
1180 2738 1264 2766 dubio
1280 2739 1329 2766 uti.
1347 2739 1409 2766 Haec
1423 2744 1513 2766 autem
1537 2743 1579 2766 est
1591 2746 1644 2773 qua
1661 2739 1687 2764 in
1714 2737 1783 2764 tertio

1016 2792 1110 2814 contra
1138 2785 1300 2812 Eunomium
1331 2792 1443 2812 suorum
1467 2785 1598 2812 librorum
1623 2783 1720 2810 beatus
1745 2782 1783 2809 ille

1018 2840 1084 2859 usus
1097 2836 1145 2859 est.
1169 2830 1224 2858 Cur
1242 2831 1314 2858 enim
1332 2838 1441 2858 necesse
1457 2836 1497 2858 est.
1515 2829 1635 2866 (inquit),
1658 2828 1680 2856 si
1698 2827 1797 2859 ordine,
