  <div class='ocr_page' id='page_1' title='image "/cluster/home/n/w/nwhite01/storage/ocr_20150623/161/njp.32101077773255/326.png"; bbox 0 0 1920 3063; ppageno 0'>
   <div class='ocr_carea' id='block_1_1' title="bbox 105 135 158 167">
    <p class='ocr_par' dir='ltr' id='par_1_1' title="bbox 105 135 158 167">
     <span class='ocr_line' id='line_1_1' title="bbox 105 135 158 167; baseline -0.038 0"><span class='ocrx_word' id='word_1_1' title='bbox 105 135 158 167; x_wconf 69' lang='grc'><strong><em>402)</em></strong></span> 
     </span>
    </p>
   </div>
   <div class='ocr_carea' id='block_1_2' title="bbox 564 129 1273 161">
    <p class='ocr_par' dir='ltr' id='par_1_2' title="bbox 564 129 1273 161">
     <span class='ocr_line' id='line_1_2' title="bbox 564 129 1273 161; baseline -0.001 -1"><span class='ocrx_word' id='word_1_2' title='bbox 564 130 613 160; x_wconf 84' lang='lat' dir='ltr'><strong><em>DE</em></strong></span> <span class='ocrx_word' id='word_1_3' title='bbox 635 129 894 161; x_wconf 65' lang='lat' dir='ltr'><strong><em>PROCESSIOXE</em></strong></span> <span class='ocrx_word' id='word_1_4' title='bbox 916 129 1098 159; x_wconf 76' lang='lat' dir='ltr'><strong><em>SPllllTUS</em></strong></span> <span class='ocrx_word' id='word_1_5' title='bbox 1123 129 1273 160; x_wconf 74' lang='lat' dir='ltr'><strong><em>SANCTI.</em></strong></span> 
     </span>
    </p>
   </div>
   <div class='ocr_carea' id='block_1_3' title="bbox 1683 131 1736 163">
    <p class='ocr_par' dir='ltr' id='par_1_3' title="bbox 1683 131 1736 163">
     <span class='ocr_line' id='line_1_3' title="bbox 1683 131 1736 163; baseline 0.019 -1"><span class='ocrx_word' id='word_1_6' title='bbox 1683 131 1736 163; x_wconf 70' lang='lat' dir='ltr'><strong><em>J10</em></strong></span> 
     </span>
    </p>
   </div>
   <div class='ocr_carea' id='block_1_4' title="bbox 98 183 1737 222">
    <p class='ocr_par' dir='ltr' id='par_1_4' title="bbox 98 183 1737 222">
     <span class='ocr_line' id='line_1_4' title="bbox 98 183 1737 222; baseline -0.003 -6"><span class='ocrx_word' id='word_1_7' title='bbox 98 197 136 222; x_wconf 24' lang='lat' dir='ltr'><strong><em>Iac</em></strong></span> <span class='ocrx_word' id='word_1_8' title='bbox 160 187 293 222; x_wconf 71' lang='lat' dir='ltr'><strong><em>d’gnitnte</em></strong></span> <span class='ocrx_word' id='word_1_9' title='bbox 321 186 419 213; x_wconf 89' lang='lat' dir='ltr'><strong><em>tertius</em></strong></span> <span class='ocrx_word' id='word_1_10' title='bbox 442 189 484 212; x_wconf 90' lang='lat' dir='ltr'><strong><em>est</em></strong></span> <span class='ocrx_word' id='word_1_11' title='bbox 501 185 631 220; x_wconf 78' lang='lat' dir='ltr'><strong><em>Spiritus,</em></strong></span> <span class='ocrx_word' id='word_1_12' title='bbox 658 190 756 212; x_wconf 80' lang='lat' dir='ltr'><strong><em>natura</em></strong></span> <span class='ocrx_word' id='word_1_13' title='bbox 782 192 891 220; x_wconf 85' lang='lat' dir='ltr'><strong><em>quoque</em></strong></span> <span class='ocrx_word' id='word_1_14' title='bbox 909 191 929 216; x_wconf 75' lang='grc' dir='ltr'>Α</span> <span class='ocrx_word' id='word_1_15' title='bbox 945 183 1017 210; x_wconf 79' lang='lat' dir='ltr'><strong><em>aliud</em></strong></span> <span class='ocrx_word' id='word_1_16' title='bbox 1047 184 1075 210; x_wconf 91' lang='lat' dir='ltr'><strong><em>in</em></strong></span> <span class='ocrx_word' id='word_1_17' title='bbox 1103 192 1206 220; x_wconf 80' lang='lat' dir='ltr'><strong><em>papyro</em></strong></span> <span class='ocrx_word' id='word_1_18' title='bbox 1225 190 1289 211; x_wconf 86' lang='lat' dir='ltr'><strong><em>ante</em></strong></span> <span class='ocrx_word' id='word_1_19' title='bbox 1317 191 1364 211; x_wconf 86' lang='lat' dir='ltr'><strong><em>ccc</em></strong></span> <span class='ocrx_word' id='word_1_20' title='bbox 1388 191 1474 211; x_wconf 84' lang='lat' dir='ltr'><strong><em>annos</em></strong></span> <span class='ocrx_word' id='word_1_21' title='bbox 1501 184 1652 219; x_wconf 67' lang='lat' dir='ltr'><strong><em>scriptum:</em></strong></span> <span class='ocrx_word' id='word_1_22' title='bbox 1677 192 1737 215; x_wconf 68' lang='lat' dir='ltr'><strong><em>erat</em></strong></span> 
     </span>
    </p>
   </div>
   <div class='ocr_carea' id='block_1_5' title="bbox 104 231 894 268">
    <p class='ocr_par' dir='ltr' id='par_1_5' title="bbox 104 231 894 268">
     <span class='ocr_line' id='line_1_5' title="bbox 104 231 894 268; baseline -0.004 -8"><span class='ocrx_word' id='word_1_23' title='bbox 104 234 195 268; x_wconf 85' lang='lat' dir='ltr'><strong><em>ipsum</em></strong></span> <span class='ocrx_word' id='word_1_24' title='bbox 217 233 328 260; x_wconf 86' lang='lat' dir='ltr'><strong><em>tertium</em></strong></span> <span class='ocrx_word' id='word_1_25' title='bbox 356 232 436 259; x_wconf 78' lang='lat' dir='ltr'><strong><em>esse?</em></strong></span> <span class='ocrx_word' id='word_1_26' title='bbox 453 231 588 266; x_wconf 74' lang='lat' dir='ltr'><strong><em>Dignitatc</em></strong></span> <span class='ocrx_word' id='word_1_27' title='bbox 609 239 726 266; x_wconf 85' lang='lat' dir='ltr'><strong><em>namque</em></strong></span> <span class='ocrx_word' id='word_1_28' title='bbox 747 231 835 266; x_wconf 84' lang='lat' dir='ltr'><strong><em>ipsum</em></strong></span> <span class='ocrx_word' id='word_1_29' title='bbox 853 238 894 257; x_wconf 91' lang='lat' dir='ltr'><strong><em>sc-</em></strong></span> 
     </span>
    </p>
   </div>
   <div class='ocr_carea' id='block_1_6' title="bbox 105 275 894 310">
    <p class='ocr_par' dir='ltr' id='par_1_6' title="bbox 105 275 894 310">
     <span class='ocr_line' id='line_1_6' title="bbox 105 275 894 310; baseline -0.004 -5"><span class='ocrx_word' id='word_1_30' title='bbox 105 277 227 305; x_wconf 87' lang='lat' dir='ltr'><strong><em>cundmn</em></strong></span> <span class='ocrx_word' id='word_1_31' title='bbox 250 285 311 305; x_wconf 88' lang='lat' dir='ltr'><strong><em>esse</em></strong></span> <span class='ocrx_word' id='word_1_32' title='bbox 327 287 340 304; x_wconf 87' lang='lat' dir='ltr'><strong><em>a</em></strong></span> <span class='ocrx_word' id='word_1_33' title='bbox 358 276 441 308; x_wconf 80' lang='lat' dir='ltr'><strong><em>Filio,</em></strong></span> <span class='ocrx_word' id='word_1_34' title='bbox 453 284 514 304; x_wconf 91' lang='lat' dir='ltr'><strong><em>cum</em></strong></span> <span class='ocrx_word' id='word_1_35' title='bbox 535 277 568 303; x_wconf 88' lang='lat' dir='ltr'><strong><em>ab</em></strong></span> <span class='ocrx_word' id='word_1_36' title='bbox 587 276 646 310; x_wconf 86' lang='lat' dir='ltr'><strong><em>ipso</em></strong></span> <span class='ocrx_word' id='word_1_37' title='bbox 661 284 723 303; x_wconf 84' lang='lat' dir='ltr'><strong><em>esse</em></strong></span> <span class='ocrx_word' id='word_1_38' title='bbox 740 275 850 306; x_wconf 82' lang='lat' dir='ltr'><strong><em>habeat,</em></strong></span> <span class='ocrx_word' id='word_1_39' title='bbox 867 279 894 302; x_wconf 89' lang='lat' dir='ltr'><strong><em>et</em></strong></span> 
     </span>
    </p>
   </div>
   <div class='ocr_carea' id='block_1_7' title="bbox 106 322 893 359">
    <p class='ocr_par' dir='ltr' id='par_1_7' title="bbox 106 322 893 359">
     <span class='ocr_line' id='line_1_7' title="bbox 106 322 893 359; baseline -0.004 -8"><span class='ocrx_word' id='word_1_40' title='bbox 106 325 141 352; x_wconf 90' lang='lat' dir='ltr'><strong><em>ab</em></strong></span> <span class='ocrx_word' id='word_1_41' title='bbox 155 325 215 359; x_wconf 90' lang='lat' dir='ltr'><strong><em>ipso</em></strong></span> <span class='ocrx_word' id='word_1_42' title='bbox 233 324 361 356; x_wconf 82' lang='lat' dir='ltr'><strong><em>accipiat,</em></strong></span> <span class='ocrx_word' id='word_1_43' title='bbox 374 329 402 350; x_wconf 85' lang='lat' dir='ltr'><strong><em>et</em></strong></span> <span class='ocrx_word' id='word_1_44' title='bbox 418 323 566 350; x_wconf 85' lang='lat' dir='ltr'><strong><em>annuntiet</em></strong></span> <span class='ocrx_word' id='word_1_45' title='bbox 584 322 673 353; x_wconf 79' lang='lat' dir='ltr'><strong><em>nobis.</em></strong></span> <span class='ocrx_word' id='word_1_46' title='bbox 690 327 717 349; x_wconf 85' lang='lat' dir='ltr'><strong><em>et</em></strong></span> <span class='ocrx_word' id='word_1_47' title='bbox 731 323 843 349; x_wconf 81' lang='lat' dir='ltr'><strong><em>Omnino</em></strong></span> <span class='ocrx_word' id='word_1_48' title='bbox 859 322 893 348; x_wconf 87' lang='lat' dir='ltr'><strong><em>ab</em></strong></span> 
     </span>
    </p>
   </div>
   <div class='ocr_carea' id='block_1_8' title="bbox 105 368 894 404">
    <p class='ocr_par' dir='ltr' id='par_1_8' title="bbox 105 368 894 404">
     <span class='ocr_line' id='line_1_8' title="bbox 105 368 894 404; baseline -0.004 -7"><span class='ocrx_word' id='word_1_49' title='bbox 105 370 152 397; x_wconf 78' lang='lat' dir='ltr'><strong><em>iltn</em></strong></span> <span class='ocrx_word' id='word_1_50' title='bbox 169 378 249 397; x_wconf 85' lang='lat' dir='ltr'><strong><em>causa</em></strong></span> <span class='ocrx_word' id='word_1_51' title='bbox 267 370 430 404; x_wconf 88' lang='lat' dir='ltr'><strong><em>depettdeat,</em></strong></span> <span class='ocrx_word' id='word_1_52' title='bbox 445 369 554 404; x_wconf 87' lang='lat' dir='ltr'><strong><em>pictatis</em></strong></span> <span class='ocrx_word' id='word_1_53' title='bbox 574 369 644 395; x_wconf 88' lang='lat' dir='ltr'><strong><em>ratio</em></strong></span> <span class='ocrx_word' id='word_1_54' title='bbox 659 368 739 395; x_wconf 90' lang='lat' dir='ltr'><strong><em>tradit</em></strong></span> <span class='ocrx_word' id='word_1_55' title='bbox 759 377 765 395; x_wconf 89' lang='lat'>:</span> <span class='ocrx_word' id='word_1_56' title='bbox 783 368 894 403; x_wconf 82' lang='lat' dir='ltr'><strong><em>Capitur</em></strong></span> 
     </span>
    </p>
   </div>
   <div class='ocr_carea' id='block_1_9' title="bbox 105 413 893 449">
    <p class='ocr_par' dir='ltr' id='par_1_9' title="bbox 105 413 893 449">
     <span class='ocr_line' id='line_1_9' title="bbox 105 413 893 449; baseline -0.001 -8"><span class='ocrx_word' id='word_1_57' title='bbox 105 423 187 441; x_wconf 77' lang='lat' dir='ltr'><strong><em>causa</em></strong></span> <span class='ocrx_word' id='word_1_58' title='bbox 200 423 247 449; x_wconf 82' lang='lat' dir='ltr'><strong><em>pro</em></strong></span> <span class='ocrx_word' id='word_1_59' title='bbox 274 414 418 449; x_wconf 81' lang='lat' dir='ltr'><strong><em>principio,</em></strong></span> <span class='ocrx_word' id='word_1_60' title='bbox 437 419 580 441; x_wconf 68' lang='lat' dir='ltr'><strong><em>cantatum</em></strong></span> <span class='ocrx_word' id='word_1_61' title='bbox 598 421 657 440; x_wconf 72' lang='lat' dir='ltr'><strong><em>vero</em></strong></span> <span class='ocrx_word' id='word_1_62' title='bbox 676 421 724 447; x_wconf 81' lang='lat' dir='ltr'><strong><em>pro</em></strong></span> <span class='ocrx_word' id='word_1_63' title='bbox 738 421 777 445; x_wconf 84' lang='lat' dir='ltr'><strong><em>eo,</em></strong></span> <span class='ocrx_word' id='word_1_64' title='bbox 793 413 862 447; x_wconf 83' lang='lat' dir='ltr'><strong><em>quod</em></strong></span> <span class='ocrx_word' id='word_1_65' title='bbox 877 422 893 440; x_wconf 84' lang='grc' dir='ltr'><em>α</em></span> 
     </span>
    </p>
   </div>
   <div class='ocr_carea' id='block_1_10' title="bbox 105 459 893 495">
    <p class='ocr_par' dir='ltr' id='par_1_10' title="bbox 105 459 893 495">
     <span class='ocr_line' id='line_1_10' title="bbox 105 459 893 495; baseline 0 -10"><span class='ocrx_word' id='word_1_66' title='bbox 105 461 235 495; x_wconf 79' lang='lat' dir='ltr'><strong><em>principio</em></strong></span> <span class='ocrx_word' id='word_1_67' title='bbox 256 465 304 492; x_wconf 69' lang='lat' dir='ltr'><strong><em>est,</em></strong></span> <span class='ocrx_word' id='word_1_68' title='bbox 323 465 346 487; x_wconf 85' lang='lat' dir='ltr'><strong><em>et</em></strong></span> <span class='ocrx_word' id='word_1_69' title='bbox 367 468 418 486; x_wconf 82' lang='lat' dir='ltr'><strong><em>non</em></strong></span> <span class='ocrx_word' id='word_1_70' title='bbox 437 463 464 485; x_wconf 81' lang='lat' dir='ltr'><strong><em>ut</em></strong></span> <span class='ocrx_word' id='word_1_71' title='bbox 479 468 572 491; x_wconf 72' lang='lat' dir='ltr'><strong><em>causa,</em></strong></span> <span class='ocrx_word' id='word_1_72' title='bbox 588 464 612 485; x_wconf 87' lang='lat' dir='ltr'><strong><em>et</em></strong></span> <span class='ocrx_word' id='word_1_73' title='bbox 629 463 767 485; x_wconf 73' lang='lat' dir='ltr'><strong><em>mutatum</em></strong></span> <span class='ocrx_word' id='word_1_74' title='bbox 790 459 893 486; x_wconf 83' lang='lat' dir='ltr'><strong><em>limita-</em></strong></span> 
     </span>
    </p>
   </div>
   <div class='ocr_carea' id='block_1_11' title="bbox 107 505 893 540">
    <p class='ocr_par' dir='ltr' id='par_1_11' title="bbox 107 505 893 540">
     <span class='ocr_line' id='line_1_11' title="bbox 107 505 893 540; baseline 0 -8"><span class='ocrx_word' id='word_1_75' title='bbox 107 507 206 532; x_wconf 80' lang='lat' dir='ltr'><strong><em>tioncm</em></strong></span> <span class='ocrx_word' id='word_1_76' title='bbox 230 507 376 540; x_wconf 82' lang='lat' dir='ltr'><strong><em>important</em></strong></span> <span class='ocrx_word' id='word_1_77' title='bbox 395 510 473 540; x_wconf 83' lang='lat' dir='ltr'><strong><em>prout</em></strong></span> <span class='ocrx_word' id='word_1_78' title='bbox 495 505 586 532; x_wconf 82' lang='lat' dir='ltr'><strong><em>Latini</em></strong></span> <span class='ocrx_word' id='word_1_79' title='bbox 599 506 731 540; x_wconf 71' lang='lat' dir='ltr'><strong><em>accipiunt</em></strong></span> <span class='ocrx_word' id='word_1_80' title='bbox 752 514 811 532; x_wconf 77' lang='lat' dir='ltr'><strong><em>cum</em></strong></span> <span class='ocrx_word' id='word_1_81' title='bbox 827 505 893 532; x_wconf 77' lang='lat' dir='ltr'><strong><em>talia</em></strong></span> 
     </span>
    </p>
   </div>
   <div class='ocr_carea' id='block_1_12' title="bbox 108 550 892 585">
    <p class='ocr_par' dir='ltr' id='par_1_12' title="bbox 108 550 892 585">
     <span class='ocr_line' id='line_1_12' title="bbox 108 550 892 585; baseline -0.001 -9"><span class='ocrx_word' id='word_1_82' title='bbox 108 556 240 577; x_wconf 68' lang='lat' dir='ltr'><strong><em>removent</em></strong></span> <span class='ocrx_word' id='word_1_83' title='bbox 262 559 278 577; x_wconf 90' lang='lat' dir='ltr'><strong><em>a</em></strong></span> <span class='ocrx_word' id='word_1_84' title='bbox 297 551 402 583; x_wconf 73' lang='lat' dir='ltr'><strong><em>diuinis,</em></strong></span> <span class='ocrx_word' id='word_1_85' title='bbox 421 550 501 577; x_wconf 83' lang='lat' dir='ltr'><strong><em>veluti</em></strong></span> <span class='ocrx_word' id='word_1_86' title='bbox 518 550 741 585; x_wconf 74' lang='lat' dir='ltr'><strong><em>imperfectionem</em></strong></span> <span class='ocrx_word' id='word_1_87' title='bbox 758 551 892 576; x_wconf 74' lang='lat' dir='ltr'><strong><em>samnitio.</em></strong></span> 
     </span>
    </p>
   </div>
   <div class='ocr_carea' id='block_1_13' title="bbox 108 597 893 633">
    <p class='ocr_par' dir='ltr' id='par_1_13' title="bbox 108 597 893 633">
     <span class='ocr_line' id='line_1_13' title="bbox 108 597 893 633; baseline -0.003 -9"><span class='ocrx_word' id='word_1_88' title='bbox 108 597 260 633; x_wconf 64' lang='lat' dir='ltr'><strong><em>Deprendere</em></strong></span> <span class='ocrx_word' id='word_1_89' title='bbox 281 605 384 632; x_wconf 86' lang='lat' dir='ltr'><strong><em>quoque</em></strong></span> <span class='ocrx_word' id='word_1_90' title='bbox 400 597 515 624; x_wconf 76' lang='lat' dir='ltr'><strong><em>stmtimr</em></strong></span> <span class='ocrx_word' id='word_1_91' title='bbox 541 605 587 630; x_wconf 73' lang='lat' dir='ltr'><strong><em>,tro</em></strong></span> <span class='ocrx_word' id='word_1_92' title='bbox 611 597 762 631; x_wconf 37' lang='lat' dir='ltr'><strong><em>arripienda</em></strong></span> <span class='ocrx_word' id='word_1_93' title='bbox 783 605 848 627; x_wconf 71' lang='lat' dir='ltr'><strong><em>esse,</em></strong></span> <span class='ocrx_word' id='word_1_94' title='bbox 869 601 893 622; x_wconf 75' lang='lat' dir='ltr'><strong><em>et</em></strong></span> 
     </span>
    </p>
   </div>
   <div class='ocr_carea' id='block_1_14' title="bbox 106 642 894 677">
    <p class='ocr_par' dir='ltr' id='par_1_14' title="bbox 106 642 894 677">
     <span class='ocr_line' id='line_1_14' title="bbox 106 642 894 677; baseline -0.001 -8"><span class='ocrx_word' id='word_1_95' title='bbox 106 651 158 669; x_wconf 83' lang='lat' dir='ltr'><strong><em>non</em></strong></span> <span class='ocrx_word' id='word_1_96' title='bbox 175 649 201 669; x_wconf 84' lang='lat' dir='ltr'><strong><em>ut</em></strong></span> <span class='ocrx_word' id='word_1_97' title='bbox 215 647 289 670; x_wconf 80' lang='lat' dir='ltr'><strong><em>notat</em></strong></span> <span class='ocrx_word' id='word_1_98' title='bbox 309 643 473 670; x_wconf 75' lang='lat' dir='ltr'><strong><em>essentialeut</em></strong></span> <span class='ocrx_word' id='word_1_99' title='bbox 495 643 686 670; x_wconf 69' lang='lat' dir='ltr'><strong><em>distinctionum</em></strong></span> <span class='ocrx_word' id='word_1_100' title='bbox 707 647 784 677; x_wconf 82' lang='lat' dir='ltr'><strong><em>prout</em></strong></span> <span class='ocrx_word' id='word_1_101' title='bbox 804 642 894 669; x_wconf 80' lang='lat' dir='ltr'><strong><em>Latini</em></strong></span> 
     </span>
    </p>
   </div>
   <div class='ocr_carea' id='block_1_15' title="bbox 107 687 894 723">
    <p class='ocr_par' dir='ltr' id='par_1_15' title="bbox 107 687 894 723">
     <span class='ocr_line' id='line_1_15' title="bbox 107 687 894 723; baseline -0.001 -8"><span class='ocrx_word' id='word_1_102' title='bbox 107 689 253 723; x_wconf 71' lang='lat' dir='ltr'><strong><em>accipiunt,</em></strong></span> <span class='ocrx_word' id='word_1_103' title='bbox 275 697 333 715; x_wconf 83' lang='lat' dir='ltr'><strong><em>cum</em></strong></span> <span class='ocrx_word' id='word_1_104' title='bbox 355 689 430 714; x_wconf 83' lang='lat' dir='ltr'><strong><em>aiunt</em></strong></span> <span class='ocrx_word' id='word_1_105' title='bbox 452 688 555 714; x_wconf 78' lang='lat' dir='ltr'><strong><em>nullam</em></strong></span> <span class='ocrx_word' id='word_1_106' title='bbox 579 689 605 714; x_wconf 86' lang='lat' dir='ltr'><strong><em>in</em></strong></span> <span class='ocrx_word' id='word_1_107' title='bbox 625 687 677 714; x_wconf 77' lang='lat' dir='ltr'><strong><em>Deo</em></strong></span> <span class='ocrx_word' id='word_1_108' title='bbox 692 688 894 723; x_wconf 64' lang='lat' dir='ltr'><strong><em>dependendum</em></strong></span> 
     </span>
    </p>
   </div>
   <div class='ocr_carea' id='block_1_16' title="bbox 107 733 891 769">
    <p class='ocr_par' dir='ltr' id='par_1_16' title="bbox 107 733 891 769">
     <span class='ocr_line' id='line_1_16' title="bbox 107 733 891 769; baseline -0.001 -9"><span class='ocrx_word' id='word_1_109' title='bbox 107 735 255 768; x_wconf 76' lang='lat' dir='ltr'><strong><em>ponendam</em></strong></span> <span class='ocrx_word' id='word_1_110' title='bbox 264 740 370 769; x_wconf 69' lang='lat' dir='ltr'><strong><em>propter</em></strong></span> <span class='ocrx_word' id='word_1_111' title='bbox 379 734 474 760; x_wconf 82' lang='lat' dir='ltr'><strong><em>divina:</em></strong></span> <span class='ocrx_word' id='word_1_112' title='bbox 482 733 601 760; x_wconf 68' lang='lat' dir='ltr'><strong><em>essentia:</em></strong></span> <span class='ocrx_word' id='word_1_113' title='bbox 609 734 737 760; x_wconf 78' lang='lat' dir='ltr'><strong><em>unitatem</em></strong></span> <span class='ocrx_word' id='word_1_114' title='bbox 750 742 891 760; x_wconf 73' lang='lat' dir='ltr'><strong><em>summum.</em></strong></span> 
     </span>
    </p>
   </div>
   <div class='ocr_carea' id='block_1_17' title="bbox 108 777 894 812">
    <p class='ocr_par' dir='ltr' id='par_1_17' title="bbox 108 777 894 812">
     <span class='ocr_line' id='line_1_17' title="bbox 108 777 894 812; baseline -0.001 -7"><span class='ocrx_word' id='word_1_115' title='bbox 108 779 164 805; x_wconf 76' lang='lat' dir='ltr'><strong><em>Hoc</em></strong></span> <span class='ocrx_word' id='word_1_116' title='bbox 182 779 265 812; x_wconf 76' lang='lat' dir='ltr'><strong><em>igitur</em></strong></span> <span class='ocrx_word' id='word_1_117' title='bbox 281 779 424 805; x_wconf 87' lang='lat' dir='ltr'><strong><em>otttisitnus</em></strong></span> <span class='ocrx_word' id='word_1_118' title='bbox 441 779 467 805; x_wconf 89' lang='lat' dir='ltr'><strong><em>in</em></strong></span> <span class='ocrx_word' id='word_1_119' title='bbox 489 777 642 812; x_wconf 76' lang='lat' dir='ltr'><strong><em>dogmatico</em></strong></span> <span class='ocrx_word' id='word_1_120' title='bbox 656 783 750 804; x_wconf 86' lang='lat' dir='ltr'><strong><em>nostro</em></strong></span> <span class='ocrx_word' id='word_1_121' title='bbox 768 785 894 804; x_wconf 82' lang='lat' dir='ltr'><strong><em>sermone</em></strong></span> 
     </span>
    </p>
   </div>
   <div class='ocr_carea' id='block_1_18' title="bbox 107 823 894 859">
    <p class='ocr_par' dir='ltr' id='par_1_18' title="bbox 107 823 894 859">
     <span class='ocr_line' id='line_1_18' title="bbox 107 823 894 859; baseline 0 -9"><span class='ocrx_word' id='word_1_122' title='bbox 107 832 222 859; x_wconf 82' lang='lat' dir='ltr'><strong><em>ponere.</em></strong></span> <span class='ocrx_word' id='word_1_123' title='bbox 239 825 276 851; x_wconf 89' lang='lat' dir='ltr'><strong><em>lla</em></strong></span> <span class='ocrx_word' id='word_1_124' title='bbox 301 833 365 851; x_wconf 81' lang='lat' dir='ltr'><strong><em>vero</em></strong></span> <span class='ocrx_word' id='word_1_125' title='bbox 385 832 437 858; x_wconf 73' lang='lat' dir='ltr'><strong><em>ego</em></strong></span> <span class='ocrx_word' id='word_1_126' title='bbox 462 830 537 851; x_wconf 87' lang='lat' dir='ltr'><strong><em>certe</em></strong></span> <span class='ocrx_word' id='word_1_127' title='bbox 564 829 643 850; x_wconf 94' lang='lat' dir='ltr'><strong><em>teneo</em></strong></span> <span class='ocrx_word' id='word_1_128' title='bbox 659 823 687 850; x_wconf 90' lang='lat' dir='ltr'><strong><em>S.</em></strong></span> <span class='ocrx_word' id='word_1_129' title='bbox 707 823 799 850; x_wconf 78' lang='lat' dir='ltr'><strong><em>Basilii</em></strong></span> <span class='ocrx_word' id='word_1_130' title='bbox 823 823 894 850; x_wconf 86' lang='lat' dir='ltr'><strong><em>hanc</em></strong></span> 
     </span>
    </p>
   </div>
   <div class='ocr_carea' id='block_1_19' title="bbox 947 229 1736 265">
    <p class='ocr_par' dir='ltr' id='par_1_19' title="bbox 947 229 1736 265">
     <span class='ocr_line' id='line_1_19' title="bbox 947 229 1736 265; baseline 0.005 -11"><span class='ocrx_word' id='word_1_131' title='bbox 947 230 1023 255; x_wconf 76' lang='lat' dir='ltr'><strong><em>enirn</em></strong></span> <span class='ocrx_word' id='word_1_132' title='bbox 1043 229 1070 256; x_wconf 91' lang='lat' dir='ltr'><strong><em>in</em></strong></span> <span class='ocrx_word' id='word_1_133' title='bbox 1088 230 1141 256; x_wconf 87' lang='lat' dir='ltr'><strong><em>line</em></strong></span> <span class='ocrx_word' id='word_1_134' title='bbox 1159 233 1410 265; x_wconf 83' lang='lat' dir='ltr'><strong><em>tempusnolatnm,</em></strong></span> <span class='ocrx_word' id='word_1_135' title='bbox 1423 237 1456 256; x_wconf 77' lang='lat' dir='ltr'><strong><em>ex</em></strong></span> <span class='ocrx_word' id='word_1_136' title='bbox 1468 237 1522 264; x_wconf 87' lang='lat' dir='ltr'><strong><em>quo</em></strong></span> <span class='ocrx_word' id='word_1_137' title='bbox 1533 235 1606 257; x_wconf 89' lang='lat' dir='ltr'><strong><em>certe</em></strong></span> <span class='ocrx_word' id='word_1_138' title='bbox 1618 231 1736 258; x_wconf 88' lang='lat' dir='ltr'><strong><em>habetur</em></strong></span> 
     </span>
    </p>
   </div>
   <div class='ocr_carea' id='block_1_20' title="bbox 946 274 1734 310">
    <p class='ocr_par' dir='ltr' id='par_1_20' title="bbox 946 274 1734 310">
     <span class='ocr_line' id='line_1_20' title="bbox 946 274 1734 310; baseline 0.005 -10"><span class='ocrx_word' id='word_1_139' title='bbox 946 278 1050 301; x_wconf 89' lang='lat' dir='ltr'><strong><em>tantum</em></strong></span> <span class='ocrx_word' id='word_1_140' title='bbox 1066 276 1197 309; x_wconf 85' lang='lat' dir='ltr'><strong><em>temporis</em></strong></span> <span class='ocrx_word' id='word_1_141' title='bbox 1214 274 1381 310; x_wconf 66' lang='lat' dir='ltr'><strong><em>praeteriisse</em></strong></span> <span class='ocrx_word' id='word_1_142' title='bbox 1393 274 1427 302; x_wconf 85' lang='lat' dir='ltr'><strong><em>ab</em></strong></span> <span class='ocrx_word' id='word_1_143' title='bbox 1444 275 1502 310; x_wconf 88' lang='lat' dir='ltr'><strong><em>ejus</em></strong></span> <span class='ocrx_word' id='word_1_144' title='bbox 1517 275 1614 302; x_wconf 89' lang='lat' dir='ltr'><strong><em>initio:</em></strong></span> <span class='ocrx_word' id='word_1_145' title='bbox 1629 280 1656 303; x_wconf 88' lang='lat' dir='ltr'><strong><em>et</em></strong></span> <span class='ocrx_word' id='word_1_146' title='bbox 1670 276 1734 304; x_wconf 79' lang='lat' dir='ltr'><strong><em>libri</em></strong></span> 
     </span>
    </p>
   </div>
   <div class='ocr_carea' id='block_1_21' title="bbox 944 320 1736 356">
    <p class='ocr_par' dir='ltr' id='par_1_21' title="bbox 944 320 1736 356">
     <span class='ocr_line' id='line_1_21' title="bbox 944 320 1736 356; baseline 0.004 -10"><span class='ocrx_word' id='word_1_147' title='bbox 944 320 1034 347; x_wconf 83' lang='lat' dir='ltr'><strong><em>adhuc</em></strong></span> <span class='ocrx_word' id='word_1_148' title='bbox 1051 324 1174 351; x_wconf 77' lang='lat' dir='ltr'><strong><em>exstant,</em></strong></span> <span class='ocrx_word' id='word_1_149' title='bbox 1192 320 1244 347; x_wconf 87' lang='lat' dir='ltr'><strong><em>nisi</em></strong></span> <span class='ocrx_word' id='word_1_150' title='bbox 1264 325 1409 355; x_wconf 71' lang='lat' dir='ltr'><strong><em>pestquam</em></strong></span> <span class='ocrx_word' id='word_1_151' title='bbox 1426 328 1474 347; x_wconf 87' lang='lat' dir='ltr'><strong><em>eos</em></strong></span> <span class='ocrx_word' id='word_1_152' title='bbox 1494 321 1709 356; x_wconf 80' lang='lat' dir='ltr'><strong><em>publicaverint,</em></strong></span> <span class='ocrx_word' id='word_1_153' title='bbox 1721 330 1736 349; x_wconf 91' lang='lat' dir='ltr'><strong><em>e</em></strong></span> 
     </span>
    </p>
   </div>
   <div class='ocr_carea' id='block_1_22' title="bbox 945 365 1736 400">
    <p class='ocr_par' dir='ltr' id='par_1_22' title="bbox 945 365 1736 400">
     <span class='ocr_line' id='line_1_22' title="bbox 945 365 1736 400; baseline 0 -8"><span class='ocrx_word' id='word_1_154' title='bbox 945 366 1036 394; x_wconf 90' lang='lat' dir='ltr'><strong><em>medio</em></strong></span> <span class='ocrx_word' id='word_1_155' title='bbox 1061 366 1160 393; x_wconf 83' lang='lat' dir='ltr'><strong><em>sublati</em></strong></span> <span class='ocrx_word' id='word_1_156' title='bbox 1187 365 1299 392; x_wconf 81' lang='lat' dir='ltr'><strong><em>fuerunt</em></strong></span> <span class='ocrx_word' id='word_1_157' title='bbox 1319 366 1353 392; x_wconf 84' lang='lat' dir='ltr'><strong><em>ab</em></strong></span> <span class='ocrx_word' id='word_1_158' title='bbox 1369 366 1432 397; x_wconf 79' lang='lat' dir='ltr'><strong><em>illis,</em></strong></span> <span class='ocrx_word' id='word_1_159' title='bbox 1453 367 1498 400; x_wconf 90' lang='lat' dir='ltr'><strong><em>qui</em></strong></span> <span class='ocrx_word' id='word_1_160' title='bbox 1528 366 1620 393; x_wconf 89' lang='lat' dir='ltr'><strong><em>omnia</em></strong></span> <span class='ocrx_word' id='word_1_161' title='bbox 1640 371 1736 394; x_wconf 68' lang='lat' dir='ltr'><strong><em>contra</em></strong></span> 
     </span>
    </p>
   </div>
   <div class='ocr_carea' id='block_1_23' title="bbox 945 411 1737 446">
    <p class='ocr_par' dir='ltr' id='par_1_23' title="bbox 945 411 1737 446">
     <span class='ocr_line' id='line_1_23' title="bbox 945 411 1737 446; baseline 0.001 -8"><span class='ocrx_word' id='word_1_162' title='bbox 945 419 1021 438; x_wconf 85' lang='lat' dir='ltr'><strong><em>suam</em></strong></span> <span class='ocrx_word' id='word_1_163' title='bbox 1050 411 1173 446; x_wconf 87' lang='lat' dir='ltr'><strong><em>ipsorum</em></strong></span> <span class='ocrx_word' id='word_1_164' title='bbox 1192 412 1308 439; x_wconf 85' lang='lat' dir='ltr'><strong><em>salutem</em></strong></span> <span class='ocrx_word' id='word_1_165' title='bbox 1333 411 1528 439; x_wconf 85' lang='lat' dir='ltr'><strong><em>macltinantur</em></strong></span> <span class='ocrx_word' id='word_1_166' title='bbox 1549 421 1556 439; x_wconf 86' lang='lat'><strong>:</strong></span> <span class='ocrx_word' id='word_1_167' title='bbox 1575 412 1633 439; x_wconf 62' lang='lat' dir='ltr'><strong><em>haec</em></strong></span> <span class='ocrx_word' id='word_1_168' title='bbox 1655 412 1737 440; x_wconf 76' lang='lat' dir='ltr'><strong><em>ambo</em></strong></span> 
     </span>
    </p>
   </div>
   <div class='ocr_carea' id='block_1_24' title="bbox 945 457 1738 493">
    <p class='ocr_par' dir='ltr' id='par_1_24' title="bbox 945 457 1738 493">
     <span class='ocr_line' id='line_1_24' title="bbox 945 457 1738 493; baseline 0.004 -10"><span class='ocrx_word' id='word_1_169' title='bbox 945 457 982 484; x_wconf 89' lang='lat' dir='ltr'><strong><em>uti</em></strong></span> <span class='ocrx_word' id='word_1_170' title='bbox 998 465 1047 484; x_wconf 81' lang='lat' dir='ltr'><strong><em>nos</em></strong></span> <span class='ocrx_word' id='word_1_171' title='bbox 1065 457 1245 493; x_wconf 80' lang='lat' dir='ltr'><strong><em>allegavimus</em></strong></span> <span class='ocrx_word' id='word_1_172' title='bbox 1262 457 1401 485; x_wconf 77' lang='lat' dir='ltr'><strong><em>habebant</em></strong></span> <span class='ocrx_word' id='word_1_173' title='bbox 1422 459 1510 484; x_wconf 85' lang='lat' dir='ltr'><strong><em>sancti</em></strong></span> <span class='ocrx_word' id='word_1_174' title='bbox 1530 459 1658 486; x_wconf 73' lang='lat' dir='ltr'><strong><em>doctores</em></strong></span> <span class='ocrx_word' id='word_1_175' title='bbox 1684 467 1738 486; x_wconf 88' lang='lat' dir='ltr'><strong><em>au-</em></strong></span> 
     </span>
    </p>
   </div>
   <div class='ocr_carea' id='block_1_25' title="bbox 944 502 1737 538">
    <p class='ocr_par' dir='ltr' id='par_1_25' title="bbox 944 502 1737 538">
     <span class='ocr_line' id='line_1_25' title="bbox 944 502 1737 538; baseline 0.003 -10"><span class='ocrx_word' id='word_1_176' title='bbox 944 502 1100 529; x_wconf 85' lang='lat' dir='ltr'><strong><em>ctoritatem</em></strong></span> <span class='ocrx_word' id='word_1_177' title='bbox 1121 503 1137 530; x_wconf 80' lang='lat' dir='ltr'><strong><em>it</em></strong></span> <span class='ocrx_word' id='word_1_178' title='bbox 1150 503 1291 538; x_wconf 85' lang='lat' dir='ltr'><strong><em>scriptam.</em></strong></span> <span class='ocrx_word' id='word_1_179' title='bbox 1310 502 1425 535; x_wconf 79' lang='lat' dir='ltr'><strong><em>Quidam</em></strong></span> <span class='ocrx_word' id='word_1_180' title='bbox 1438 508 1528 530; x_wconf 78' lang='lat' dir='ltr'><strong><em>autem</em></strong></span> <span class='ocrx_word' id='word_1_181' title='bbox 1547 503 1629 530; x_wconf 87' lang='lat' dir='ltr'><strong><em>animi</em></strong></span> <span class='ocrx_word' id='word_1_182' title='bbox 1648 503 1737 531; x_wconf 78' lang='lat' dir='ltr'><strong><em>audax</em></strong></span> 
     </span>
    </p>
   </div>
   <div class='ocr_carea' id='block_1_26' title="bbox 945 548 1736 585">
    <p class='ocr_par' dir='ltr' id='par_1_26' title="bbox 945 548 1736 585">
     <span class='ocr_line' id='line_1_26' title="bbox 945 548 1736 585; baseline 0.004 -10"><span class='ocrx_word' id='word_1_183' title='bbox 945 548 1101 576; x_wconf 81' lang='lat' dir='ltr'><strong><em>audacioris</em></strong></span> <span class='ocrx_word' id='word_1_184' title='bbox 1109 549 1192 576; x_wconf 85' lang='lat' dir='ltr'><strong><em>etiam</em></strong></span> <span class='ocrx_word' id='word_1_185' title='bbox 1210 558 1319 583; x_wconf 83' lang='lat' dir='ltr'><strong><em>manus,</em></strong></span> <span class='ocrx_word' id='word_1_186' title='bbox 1332 558 1346 577; x_wconf 86' lang='lat' dir='ltr'><strong><em>a</em></strong></span> <span class='ocrx_word' id='word_1_187' title='bbox 1356 550 1524 577; x_wconf 74' lang='lat' dir='ltr'><strong><em>membranis</em></strong></span> <span class='ocrx_word' id='word_1_188' title='bbox 1535 550 1647 585; x_wconf 80' lang='lat' dir='ltr'><strong>quidem</strong></span> <span class='ocrx_word' id='word_1_189' title='bbox 1662 551 1736 578; x_wconf 84' lang='lat' dir='ltr'><strong><em>l&#39;etro</em></strong></span> 
     </span>
    </p>
   </div>
   <div class='ocr_carea' id='block_1_27' title="bbox 945 594 1783 630">
    <p class='ocr_par' dir='ltr' id='par_1_27' title="bbox 945 594 1783 630">
     <span class='ocr_line' id='line_1_27' title="bbox 945 594 1783 630; baseline 0.002 -12"><span class='ocrx_word' id='word_1_190' title='bbox 945 594 1087 621; x_wconf 69' lang='lat' dir='ltr'><strong><em>veritatem</em></strong></span> <span class='ocrx_word' id='word_1_191' title='bbox 1105 594 1217 627; x_wconf 82' lang='lat' dir='ltr'><strong><em>delevit,</em></strong></span> <span class='ocrx_word' id='word_1_192' title='bbox 1232 603 1389 630; x_wconf 79' lang='lat' dir='ltr'><strong>quanquam</strong></span> <span class='ocrx_word' id='word_1_193' title='bbox 1404 595 1472 622; x_wconf 85' lang='lat' dir='ltr'><strong><em>nihil</em></strong></span> <span class='ocrx_word' id='word_1_194' title='bbox 1485 595 1510 622; x_wconf 88' lang='lat' dir='ltr'><strong><em>ei</em></strong></span> <span class='ocrx_word' id='word_1_195' title='bbox 1523 597 1663 622; x_wconf 73' lang='lat' dir='ltr'><strong><em>temeritas</em></strong></span> <span class='ocrx_word' id='word_1_196' title='bbox 1676 604 1737 629; x_wconf 83' lang='lat' dir='ltr'><strong><em>prc-</em></strong></span> <span class='ocrx_word' id='word_1_197' title='bbox 1777 614 1783 620; x_wconf 61' lang='grc' dir='ltr'><strong>τ</strong></span> 
     </span>
    </p>
   </div>
   <div class='ocr_carea' id='block_1_28' title="bbox 946 638 1736 674">
    <p class='ocr_par' dir='ltr' id='par_1_28' title="bbox 946 638 1736 674">
     <span class='ocr_line' id='line_1_28' title="bbox 946 638 1736 674; baseline 0.003 -10"><span class='ocrx_word' id='word_1_198' title='bbox 946 638 1007 671; x_wconf 83' lang='lat' dir='ltr'><strong><em>fuit,</em></strong></span> <span class='ocrx_word' id='word_1_199' title='bbox 1027 647 1089 666; x_wconf 90' lang='lat' dir='ltr'><strong><em>cum</em></strong></span> <span class='ocrx_word' id='word_1_200' title='bbox 1112 644 1140 666; x_wconf 90' lang='lat' dir='ltr'><strong><em>et</em></strong></span> <span class='ocrx_word' id='word_1_201' title='bbox 1154 639 1232 667; x_wconf 82' lang='lat' dir='ltr'><strong><em>locus</em></strong></span> <span class='ocrx_word' id='word_1_202' title='bbox 1247 647 1352 667; x_wconf 84' lang='lat' dir='ltr'><strong><em>vacuus</em></strong></span> <span class='ocrx_word' id='word_1_203' title='bbox 1371 648 1495 672; x_wconf 85' lang='lat' dir='ltr'><strong><em>ntanens,</em></strong></span> <span class='ocrx_word' id='word_1_204' title='bbox 1516 646 1544 666; x_wconf 90' lang='lat' dir='ltr'><strong><em>et</em></strong></span> <span class='ocrx_word' id='word_1_205' title='bbox 1568 640 1736 674; x_wconf 69' lang='lat' dir='ltr'><strong><em>syllabarum</em></strong></span> 
     </span>
    </p>
   </div>
   <div class='ocr_carea' id='block_1_29' title="bbox 945 685 1735 718">
    <p class='ocr_par' dir='ltr' id='par_1_29' title="bbox 945 685 1735 718">
     <span class='ocr_line' id='line_1_29' title="bbox 945 685 1735 718; baseline 0.001 -7"><span class='ocrx_word' id='word_1_206' title='bbox 945 685 1106 712; x_wconf 86' lang='lat' dir='ltr'><strong><em>tttcdietates</em></strong></span> <span class='ocrx_word' id='word_1_207' title='bbox 1125 685 1216 714; x_wconf 83' lang='lat' dir='ltr'><strong><em>adhuc</em></strong></span> <span class='ocrx_word' id='word_1_208' title='bbox 1241 686 1416 718; x_wconf 75' lang='lat' dir='ltr'><strong><em>exsistentes,</em></strong></span> <span class='ocrx_word' id='word_1_209' title='bbox 1436 691 1463 713; x_wconf 90' lang='lat' dir='ltr'><strong><em>et</em></strong></span> <span class='ocrx_word' id='word_1_210' title='bbox 1497 686 1569 713; x_wconf 90' lang='lat' dir='ltr'><strong><em>illius</em></strong></span> <span class='ocrx_word' id='word_1_211' title='bbox 1593 687 1735 714; x_wconf 82' lang='lat' dir='ltr'><strong><em>audaciam</em></strong></span> 
     </span>
    </p>
   </div>
   <div class='ocr_carea' id='block_1_30' title="bbox 945 732 1734 762">
    <p class='ocr_par' dir='ltr' id='par_1_30' title="bbox 945 732 1734 762">
     <span class='ocr_line' id='line_1_30' title="bbox 945 732 1734 762; baseline 0.003 -6"><span class='ocrx_word' id='word_1_212' title='bbox 945 735 1086 762; x_wconf 74' lang='lat' dir='ltr'><strong><em>aet-usent,</em></strong></span> <span class='ocrx_word' id='word_1_213' title='bbox 1103 735 1131 758; x_wconf 87' lang='lat' dir='ltr'><strong><em>et</em></strong></span> <span class='ocrx_word' id='word_1_214' title='bbox 1153 733 1295 758; x_wconf 68' lang='lat' dir='ltr'><strong><em>veritatem</em></strong></span> <span class='ocrx_word' id='word_1_215' title='bbox 1321 732 1503 759; x_wconf 76' lang='lat' dir='ltr'><strong><em>nihilominus</em></strong></span> <span class='ocrx_word' id='word_1_216' title='bbox 1525 732 1680 759; x_wconf 83' lang='lat' dir='ltr'><strong><em>ostendant.</em></strong></span> <span class='ocrx_word' id='word_1_217' title='bbox 1705 732 1734 758; x_wconf 85' lang='lat' dir='ltr'><strong><em>In</em></strong></span> 
     </span>
    </p>
   </div>
   <div class='ocr_carea' id='block_1_31' title="bbox 945 777 1734 812">
    <p class='ocr_par' dir='ltr' id='par_1_31' title="bbox 945 777 1734 812">
     <span class='ocr_line' id='line_1_31' title="bbox 945 777 1734 812; baseline 0.001 -9"><span class='ocrx_word' id='word_1_218' title='bbox 945 784 1066 812; x_wconf 78' lang='lat' dir='ltr'><strong><em>papyreo</em></strong></span> <span class='ocrx_word' id='word_1_219' title='bbox 1093 785 1159 804; x_wconf 86' lang='lat' dir='ltr'><strong><em>vero</em></strong></span> <span class='ocrx_word' id='word_1_220' title='bbox 1183 779 1321 806; x_wconf 80' lang='lat' dir='ltr'><strong><em>volumine</em></strong></span> <span class='ocrx_word' id='word_1_221' title='bbox 1346 784 1499 804; x_wconf 83' lang='lat' dir='ltr'><strong><em>atramento</em></strong></span> <span class='ocrx_word' id='word_1_222' title='bbox 1524 777 1635 812; x_wconf 78' lang='lat' dir='ltr'><strong><em>perfuso</em></strong></span> <span class='ocrx_word' id='word_1_223' title='bbox 1652 783 1734 804; x_wconf 86' lang='lat' dir='ltr'><strong><em>totam</em></strong></span> 
     </span>
    </p>
   </div>
   <div class='ocr_carea' id='block_1_32' title="bbox 945 823 1733 858">
    <p class='ocr_par' dir='ltr' id='par_1_32' title="bbox 945 823 1733 858">
     <span class='ocr_line' id='line_1_32' title="bbox 945 823 1733 858; baseline 0.001 -9"><span class='ocrx_word' id='word_1_224' title='bbox 945 823 1019 850; x_wconf 86' lang='lat' dir='ltr'><strong><em>illam</em></strong></span> <span class='ocrx_word' id='word_1_225' title='bbox 1035 828 1140 858; x_wconf 87' lang='lat' dir='ltr'><strong><em>partem</em></strong></span> <span class='ocrx_word' id='word_1_226' title='bbox 1163 825 1284 858; x_wconf 79' lang='lat' dir='ltr'><strong><em>operuit,</em></strong></span> <span class='ocrx_word' id='word_1_227' title='bbox 1303 833 1364 858; x_wconf 78' lang='lat' dir='ltr'><strong><em>qiue</em></strong></span> <span class='ocrx_word' id='word_1_228' title='bbox 1385 825 1488 851; x_wconf 90' lang='lat' dir='ltr'><strong><em>dicitur</em></strong></span> <span class='ocrx_word' id='word_1_229' title='bbox 1502 825 1536 851; x_wconf 87' lang='lat' dir='ltr'><strong><em>ab</em></strong></span> <span class='ocrx_word' id='word_1_230' title='bbox 1548 832 1582 851; x_wconf 92' lang='lat' dir='ltr'><strong><em>co</em></strong></span> <span class='ocrx_word' id='word_1_231' title='bbox 1605 830 1733 858; x_wconf 78' lang='lat' dir='ltr'><strong><em>tanquam</em></strong></span> 
     </span>
    </p>
   </div>
   <div class='ocr_carea' id='block_1_33' title="bbox 109 867 1736 905">
    <p class='ocr_par' dir='ltr' id='par_1_33' title="bbox 109 867 1736 905">
     <span class='ocr_line' id='line_1_33' title="bbox 109 867 1736 905; baseline 0 -9"><span class='ocrx_word' id='word_1_232' title='bbox 109 877 169 896; x_wconf 76' lang='lat' dir='ltr'><strong><em>esse</em></strong></span> <span class='ocrx_word' id='word_1_233' title='bbox 190 871 394 901; x_wconf 75' lang='lat' dir='ltr'><strong><em>auctoritatem,</em></strong></span> <span class='ocrx_word' id='word_1_234' title='bbox 422 868 655 904; x_wconf 69' lang='lat' dir='ltr'><strong><em>quemadmodum</em></strong></span> <span class='ocrx_word' id='word_1_235' title='bbox 686 875 713 897; x_wconf 87' lang='lat' dir='ltr'><strong><em>ct</em></strong></span> <span class='ocrx_word' id='word_1_236' title='bbox 742 870 810 896; x_wconf 82' lang='lat' dir='ltr'><strong><em>alios</em></strong></span> <span class='ocrx_word' id='word_1_237' title='bbox 834 870 894 905; x_wconf 84' lang='lat' dir='ltr'><strong><em>ejus</em></strong></span> <span class='ocrx_word' id='word_1_238' title='bbox 911 867 930 893; x_wconf 85' lang='grc' dir='ltr'><strong><em>Β</em></strong></span> <span class='ocrx_word' id='word_1_239' title='bbox 946 876 960 895; x_wconf 80' lang='lat' dir='ltr'><strong><em>a</em></strong></span> <span class='ocrx_word' id='word_1_240' title='bbox 979 877 1062 897; x_wconf 81' lang='lat' dir='ltr'><strong><em>causa</em></strong></span> <span class='ocrx_word' id='word_1_241' title='bbox 1081 870 1248 905; x_wconf 87' lang='lat' dir='ltr'><strong><em>dependere.</em></strong></span> <span class='ocrx_word' id='word_1_242' title='bbox 1262 870 1295 897; x_wconf 83' lang='lat' dir='ltr'><strong><em>At</em></strong></span> <span class='ocrx_word' id='word_1_243' title='bbox 1312 870 1488 905; x_wconf 77' lang='lat' dir='ltr'><strong><em>postaliquot</em></strong></span> <span class='ocrx_word' id='word_1_244' title='bbox 1499 878 1597 902; x_wconf 83' lang='lat' dir='ltr'><strong><em>annos,</em></strong></span> <span class='ocrx_word' id='word_1_245' title='bbox 1614 878 1676 897; x_wconf 86' lang='lat' dir='ltr'><strong><em>cum</em></strong></span> <span class='ocrx_word' id='word_1_246' title='bbox 1690 870 1736 896; x_wconf 88' lang='lat' dir='ltr'><strong><em>hic</em></strong></span> 
     </span>
    </p>
   </div>
   <div class='ocr_carea' id='block_1_34' title="bbox 108 915 892 950">
    <p class='ocr_par' dir='ltr' id='par_1_34' title="bbox 108 915 892 950">
     <span class='ocr_line' id='line_1_34' title="bbox 108 915 892 950; baseline 0.003 -9"><span class='ocrx_word' id='word_1_247' title='bbox 108 920 203 941; x_wconf 68' lang='lat' dir='ltr'><strong><em>contra</em></strong></span> <span class='ocrx_word' id='word_1_248' title='bbox 219 915 383 942; x_wconf 86' lang='lat' dir='ltr'><strong><em>Eunomiunt</em></strong></span> <span class='ocrx_word' id='word_1_249' title='bbox 405 916 498 945; x_wconf 86' lang='lat' dir='ltr'><strong><em>libros.</em></strong></span> <span class='ocrx_word' id='word_1_250' title='bbox 517 915 618 950; x_wconf 83' lang='lat' dir='ltr'><strong>quibus</strong></span> <span class='ocrx_word' id='word_1_251' title='bbox 635 922 727 943; x_wconf 83' lang='lat' dir='ltr'><strong><em>autem</em></strong></span> <span class='ocrx_word' id='word_1_252' title='bbox 739 916 892 943; x_wconf 84' lang='lat' dir='ltr'><strong><em>rationibus</em></strong></span> 
     </span>
    </p>
   </div>
   <div class='ocr_carea' id='block_1_35' title="bbox 109 961 893 996">
    <p class='ocr_par' dir='ltr' id='par_1_35' title="bbox 109 961 893 996">
     <span class='ocr_line' id='line_1_35' title="bbox 109 961 893 996; baseline 0.003 -10"><span class='ocrx_word' id='word_1_253' title='bbox 109 963 138 986; x_wconf 89' lang='lat' dir='ltr'><strong><em>tu</em></strong></span> <span class='ocrx_word' id='word_1_254' title='bbox 155 968 265 995; x_wconf 84' lang='lat' dir='ltr'><strong><em>quoque</em></strong></span> <span class='ocrx_word' id='word_1_255' title='bbox 285 961 391 988; x_wconf 84' lang='lat' dir='ltr'><strong>audias.</strong></span> <span class='ocrx_word' id='word_1_256' title='bbox 404 961 472 988; x_wconf 83' lang='lat' dir='ltr'><strong><em>Cum</em></strong></span> <span class='ocrx_word' id='word_1_257' title='bbox 490 961 516 987; x_wconf 92' lang='lat' dir='ltr'><strong><em>in</em></strong></span> <span class='ocrx_word' id='word_1_258' title='bbox 533 961 584 988; x_wconf 79' lang='lat' dir='ltr'><strong><em>hac</em></strong></span> <span class='ocrx_word' id='word_1_259' title='bbox 605 961 710 996; x_wconf 81' lang='lat' dir='ltr'><strong>synodo</strong></span> <span class='ocrx_word' id='word_1_260' title='bbox 730 966 825 989; x_wconf 88' lang='lat' dir='ltr'><strong><em>ttostra</em></strong></span> <span class='ocrx_word' id='word_1_261' title='bbox 845 970 893 990; x_wconf 74' lang='lat' dir='ltr'><strong><em>su</em></strong></span> 
     </span>
    </p>
   </div>
   <div class='ocr_carea' id='block_1_36' title="bbox 109 1002 893 1039">
    <p class='ocr_par' dir='ltr' id='par_1_36' title="bbox 109 1002 893 1039">
     <span class='ocr_line' id='line_1_36' title="bbox 109 1002 893 1039; baseline 0.005 -10"><span class='ocrx_word' id='word_1_262' title='bbox 109 1002 183 1029; x_wconf 89' lang='lat' dir='ltr'><strong><em>inter</em></strong></span> <span class='ocrx_word' id='word_1_263' title='bbox 199 1011 249 1030; x_wconf 87' lang='lat' dir='ltr'><strong><em>nos</em></strong></span> <span class='ocrx_word' id='word_1_264' title='bbox 263 1004 402 1031; x_wconf 79' lang='lat' dir='ltr'><strong><em>volumina</em></strong></span> <span class='ocrx_word' id='word_1_265' title='bbox 419 1003 501 1039; x_wconf 85' lang='lat' dir='ltr'><strong>hujus</strong></span> <span class='ocrx_word' id='word_1_266' title='bbox 514 1005 607 1039; x_wconf 86' lang='lat' dir='ltr'><strong><em>operis</em></strong></span> <span class='ocrx_word' id='word_1_267' title='bbox 616 1010 710 1032; x_wconf 88' lang='lat' dir='ltr'><strong><em>contra</em></strong></span> <span class='ocrx_word' id='word_1_268' title='bbox 726 1005 893 1033; x_wconf 83' lang='lat' dir='ltr'><strong><em>Eunomium</em></strong></span> 
     </span>
    </p>
   </div>
   <div class='ocr_carea' id='block_1_37' title="bbox 108 1047 892 1086">
    <p class='ocr_par' dir='ltr' id='par_1_37' title="bbox 108 1047 892 1086">
     <span class='ocr_line' id='line_1_37' title="bbox 108 1047 892 1086; baseline 0.003 -11"><span class='ocrx_word' id='word_1_269' title='bbox 108 1047 273 1076; x_wconf 82' lang='lat' dir='ltr'><strong><em>haberemus</em></strong></span> <span class='ocrx_word' id='word_1_270' title='bbox 299 1054 417 1084; x_wconf 83' lang='lat' dir='ltr'><strong><em>quatuor</em></strong></span> <span class='ocrx_word' id='word_1_271' title='bbox 446 1050 474 1077; x_wconf 89' lang='lat' dir='ltr'><strong><em>in</em></strong></span> <span class='ocrx_word' id='word_1_272' title='bbox 500 1050 666 1077; x_wconf 82' lang='lat' dir='ltr'><strong><em>membranis</em></strong></span> <span class='ocrx_word' id='word_1_273' title='bbox 688 1051 892 1086; x_wconf 72' lang='lat' dir='ltr'><strong><em>antiquissima,</em></strong></span> 
     </span>
    </p>
   </div>
   <div class='ocr_carea' id='block_1_38' title="bbox 106 1094 891 1133">
    <p class='ocr_par' dir='ltr' id='par_1_38' title="bbox 106 1094 891 1133">
     <span class='ocr_line' id='line_1_38' title="bbox 106 1094 891 1133; baseline 0.005 -13"><span class='ocrx_word' id='word_1_274' title='bbox 106 1102 224 1128; x_wconf 80' lang='lat' dir='ltr'><strong><em>quorum</em></strong></span> <span class='ocrx_word' id='word_1_275' title='bbox 256 1095 305 1122; x_wconf 87' lang='lat' dir='ltr'><strong><em>tria</em></strong></span> <span class='ocrx_word' id='word_1_276' title='bbox 335 1094 446 1130; x_wconf 88' lang='lat' dir='ltr'><strong><em>quidem</em></strong></span> <span class='ocrx_word' id='word_1_277' title='bbox 472 1095 659 1131; x_wconf 82' lang='lat' dir='ltr'><strong><em>Mitylenensis</em></strong></span> <span class='ocrx_word' id='word_1_278' title='bbox 689 1097 891 1133; x_wconf 89' lang='lat' dir='ltr'><strong><em>arcltiepiscopi</em></strong></span> 
     </span>
    </p>
   </div>
   <div class='ocr_carea' id='block_1_39' title="bbox 105 1140 892 1179">
    <p class='ocr_par' dir='ltr' id='par_1_39' title="bbox 105 1140 892 1179">
     <span class='ocr_line' id='line_1_39' title="bbox 105 1140 892 1179; baseline 0.005 -13"><span class='ocrx_word' id='word_1_279' title='bbox 105 1144 195 1166; x_wconf 87' lang='lat' dir='ltr'><strong><em>erant.</em></strong></span> <span class='ocrx_word' id='word_1_280' title='bbox 216 1140 348 1173; x_wconf 87' lang='lat' dir='ltr'><strong><em>Quartum</em></strong></span> <span class='ocrx_word' id='word_1_281' title='bbox 366 1141 537 1175; x_wconf 90' lang='lat' dir='ltr'><strong><em>Latinorunt,</em></strong></span> <span class='ocrx_word' id='word_1_282' title='bbox 559 1142 614 1170; x_wconf 93' lang='lat' dir='ltr'><strong><em>duo</em></strong></span> <span class='ocrx_word' id='word_1_283' title='bbox 641 1151 706 1170; x_wconf 85' lang='lat' dir='ltr'><strong><em>vera</em></strong></span> <span class='ocrx_word' id='word_1_284' title='bbox 729 1143 756 1170; x_wconf 92' lang='lat' dir='ltr'><strong><em>in</em></strong></span> <span class='ocrx_word' id='word_1_285' title='bbox 775 1143 892 1179; x_wconf 82' lang='lat' dir='ltr'><strong><em>Papyro,</em></strong></span> 
     </span>
    </p>
   </div>
   <div class='ocr_carea' id='block_1_40' title="bbox 105 1187 891 1223">
    <p class='ocr_par' dir='ltr' id='par_1_40' title="bbox 105 1187 891 1223">
     <span class='ocr_line' id='line_1_40' title="bbox 105 1187 891 1223; baseline 0.006 -12"><span class='ocrx_word' id='word_1_286' title='bbox 105 1192 223 1219; x_wconf 90' lang='lat' dir='ltr'><strong><em>quorum</em></strong></span> <span class='ocrx_word' id='word_1_287' title='bbox 240 1194 323 1213; x_wconf 89' lang='lat' dir='ltr'><strong><em>unutn</em></strong></span> <span class='ocrx_word' id='word_1_288' title='bbox 341 1187 511 1214; x_wconf 82' lang='lat' dir='ltr'><strong><em>serenissimi</em></strong></span> <span class='ocrx_word' id='word_1_289' title='bbox 529 1192 588 1214; x_wconf 85' lang='lat' dir='ltr'><strong><em>crat</em></strong></span> <span class='ocrx_word' id='word_1_290' title='bbox 607 1188 793 1223; x_wconf 85' lang='lat' dir='ltr'><strong><em>imperatoris,</em></strong></span> <span class='ocrx_word' id='word_1_291' title='bbox 816 1189 891 1216; x_wconf 84' lang='lat' dir='ltr'><strong><em>aliud</em></strong></span> 
     </span>
    </p>
   </div>
   <div class='ocr_carea' id='block_1_41' title="bbox 105 1230 892 1266">
    <p class='ocr_par' dir='ltr' id='par_1_41' title="bbox 105 1230 892 1266">
     <span class='ocr_line' id='line_1_41' title="bbox 105 1230 892 1266; baseline 0.003 -10"><span class='ocrx_word' id='word_1_292' title='bbox 105 1230 326 1258; x_wconf 82' lang='lat' dir='ltr'><strong><em>reverendissimi</em></strong></span> <span class='ocrx_word' id='word_1_293' title='bbox 364 1232 549 1266; x_wconf 71' lang='lat' dir='ltr'><strong><em>patriarchte,</em></strong></span> <span class='ocrx_word' id='word_1_294' title='bbox 572 1233 646 1266; x_wconf 89' lang='lat' dir='ltr'><strong><em>quod</em></strong></span> <span class='ocrx_word' id='word_1_295' title='bbox 675 1240 688 1258; x_wconf 93' lang='lat' dir='ltr'><strong><em>a</em></strong></span> <span class='ocrx_word' id='word_1_296' title='bbox 723 1233 892 1260; x_wconf 86' lang='lat' dir='ltr'><strong><em>monasterio</em></strong></span> 
     </span>
    </p>
   </div>
   <div class='ocr_carea' id='block_1_42' title="bbox 105 1275 893 1314">
    <p class='ocr_par' dir='ltr' id='par_1_42' title="bbox 105 1275 893 1314">
     <span class='ocr_line' id='line_1_42' title="bbox 105 1275 893 1314; baseline 0.004 -11"><span class='ocrx_word' id='word_1_297' title='bbox 105 1275 343 1311; x_wconf 81' lang='lat' dir='ltr'><strong><em>Xantltopulorum</em></strong></span> <span class='ocrx_word' id='word_1_298' title='bbox 363 1277 511 1305; x_wconf 87' lang='lat' dir='ltr'><strong><em>commodo</em></strong></span> <span class='ocrx_word' id='word_1_299' title='bbox 525 1279 664 1313; x_wconf 81' lang='lat' dir='ltr'><strong><em>accipiens</em></strong></span> <span class='ocrx_word' id='word_1_300' title='bbox 689 1285 781 1306; x_wconf 78' lang='lat' dir='ltr'><strong><em>secum</em></strong></span> <span class='ocrx_word' id='word_1_301' title='bbox 799 1285 893 1314; x_wconf 89' lang='lat' dir='ltr'><strong><em>porta-</em></strong></span> 
     </span>
    </p>
   </div>
   <div class='ocr_carea' id='block_1_43' title="bbox 105 1322 891 1360">
    <p class='ocr_par' dir='ltr' id='par_1_43' title="bbox 105 1322 891 1360">
     <span class='ocr_line' id='line_1_43' title="bbox 105 1322 891 1360; baseline 0.005 -12"><span class='ocrx_word' id='word_1_302' title='bbox 105 1327 194 1349; x_wconf 83' lang='lat' dir='ltr'><strong><em>verat.</em></strong></span> <span class='ocrx_word' id='word_1_303' title='bbox 215 1322 349 1356; x_wconf 86' lang='lat' dir='ltr'><strong><em>Quorum,</em></strong></span> <span class='ocrx_word' id='word_1_304' title='bbox 369 1323 493 1358; x_wconf 86' lang='lat' dir='ltr'><strong><em>inquam,</em></strong></span> <span class='ocrx_word' id='word_1_305' title='bbox 511 1331 558 1351; x_wconf 76' lang='lat' dir='ltr'><strong><em>ser</em></strong></span> <span class='ocrx_word' id='word_1_306' title='bbox 572 1324 743 1352; x_wconf 83' lang='lat' dir='ltr'><strong><em>voluminum</em></strong></span> <span class='ocrx_word' id='word_1_307' title='bbox 767 1325 891 1360; x_wconf 90' lang='lat' dir='ltr'><strong><em>quinque</em></strong></span> 
     </span>
    </p>
   </div>
   <div class='ocr_carea' id='block_1_44' title="bbox 105 1366 888 1405">
    <p class='ocr_par' dir='ltr' id='par_1_44' title="bbox 105 1366 888 1405">
     <span class='ocr_line' id='line_1_44' title="bbox 105 1366 888 1405; baseline 0.005 -11"><span class='ocrx_word' id='word_1_308' title='bbox 105 1366 146 1394; x_wconf 91' lang='lat' dir='ltr'><strong><em>ita</em></strong></span> <span class='ocrx_word' id='word_1_309' title='bbox 163 1368 300 1395; x_wconf 81' lang='lat' dir='ltr'><strong><em>habebant</em></strong></span> <span class='ocrx_word' id='word_1_310' title='bbox 314 1368 384 1396; x_wconf 90' lang='lat' dir='ltr'><strong><em>hanc</em></strong></span> <span class='ocrx_word' id='word_1_311' title='bbox 398 1370 602 1401; x_wconf 86' lang='lat' dir='ltr'><strong><em>auctoritatem,</em></strong></span> <span class='ocrx_word' id='word_1_312' title='bbox 620 1370 659 1397; x_wconf 88' lang='lat' dir='ltr'><strong><em>uti</em></strong></span> <span class='ocrx_word' id='word_1_313' title='bbox 673 1378 723 1405; x_wconf 78' lang='lat' dir='ltr'><strong><em>ego</em></strong></span> <span class='ocrx_word' id='word_1_314' title='bbox 740 1379 811 1397; x_wconf 92' lang='lat' dir='ltr'><strong><em>nunc</em></strong></span> <span class='ocrx_word' id='word_1_315' title='bbox 827 1371 888 1399; x_wconf 87' lang='lat' dir='ltr'><strong><em>alle-</em></strong></span> 
     </span>
    </p>
   </div>
   <div class='ocr_carea' id='block_1_45' title="bbox 105 1411 891 1450">
    <p class='ocr_par' dir='ltr' id='par_1_45' title="bbox 105 1411 891 1450">
     <span class='ocr_line' id='line_1_45' title="bbox 105 1411 891 1450; baseline 0.005 -11"><span class='ocrx_word' id='word_1_316' title='bbox 105 1412 180 1447; x_wconf 70' lang='lat' dir='ltr'><strong><em>gari.</em></strong></span> <span class='ocrx_word' id='word_1_317' title='bbox 199 1411 332 1440; x_wconf 83' lang='lat' dir='ltr'><strong><em>Videlicet</em></strong></span> <span class='ocrx_word' id='word_1_318' title='bbox 353 1415 399 1447; x_wconf 91' lang='lat' dir='ltr'><strong><em>qui</em></strong></span> <span class='ocrx_word' id='word_1_319' title='bbox 416 1414 449 1441; x_wconf 86' lang='lat' dir='ltr'><strong><em>ab</em></strong></span> <span class='ocrx_word' id='word_1_320' title='bbox 473 1415 542 1450; x_wconf 88' lang='lat' dir='ltr'><strong><em>ipso,</em></strong></span> <span class='ocrx_word' id='word_1_321' title='bbox 561 1415 613 1442; x_wconf 91' lang='lat' dir='ltr'><strong><em>ltoc</em></strong></span> <span class='ocrx_word' id='word_1_322' title='bbox 630 1420 681 1447; x_wconf 86' lang='lat' dir='ltr'><strong><em>est,</em></strong></span> <span class='ocrx_word' id='word_1_323' title='bbox 702 1415 770 1443; x_wconf 80' lang='lat' dir='ltr'><strong><em>Filio</em></strong></span> <span class='ocrx_word' id='word_1_324' title='bbox 792 1417 891 1444; x_wconf 84' lang='lat' dir='ltr'><strong><em>habeat</em></strong></span> 
     </span>
    </p>
   </div>
   <div class='ocr_carea' id='block_1_46' title="bbox 106 1457 890 1496">
    <p class='ocr_par' dir='ltr' id='par_1_46' title="bbox 106 1457 890 1496">
     <span class='ocr_line' id='line_1_46' title="bbox 106 1457 890 1496; baseline 0.006 -11"><span class='ocrx_word' id='word_1_325' title='bbox 106 1464 168 1485; x_wconf 79' lang='lat' dir='ltr'><strong><em>esse</em></strong></span> <span class='ocrx_word' id='word_1_326' title='bbox 183 1458 312 1494; x_wconf 73' lang='lat' dir='ltr'><strong><em>Spiritus,</em></strong></span> <span class='ocrx_word' id='word_1_327' title='bbox 329 1461 404 1487; x_wconf 85' lang='lat' dir='ltr'><strong><em>etab</em></strong></span> <span class='ocrx_word' id='word_1_328' title='bbox 417 1468 450 1487; x_wconf 88' lang='lat' dir='ltr'><strong><em>eo</em></strong></span> <span class='ocrx_word' id='word_1_329' title='bbox 464 1457 592 1496; x_wconf 88' lang='lat' dir='ltr'><strong><em>tanquani</em></strong></span> <span class='ocrx_word' id='word_1_330' title='bbox 610 1468 714 1489; x_wconf 79' lang='lat' dir='ltr'><strong><em>acausa</em></strong></span> <span class='ocrx_word' id='word_1_331' title='bbox 726 1461 890 1496; x_wconf 80' lang='lat' dir='ltr'><strong><em>dependeat.</em></strong></span> 
     </span>
    </p>
   </div>
   <div class='ocr_carea' id='block_1_47' title="bbox 107 1503 891 1543">
    <p class='ocr_par' dir='ltr' id='par_1_47' title="bbox 107 1503 891 1543">
     <span class='ocr_line' id='line_1_47' title="bbox 107 1503 891 1543; baseline 0.005 -12"><span class='ocrx_word' id='word_1_332' title='bbox 107 1503 197 1532; x_wconf 82' lang='lat' dir='ltr'><strong><em>Unum</em></strong></span> <span class='ocrx_word' id='word_1_333' title='bbox 213 1512 277 1532; x_wconf 87' lang='lat' dir='ltr'><strong><em>vero</em></strong></span> <span class='ocrx_word' id='word_1_334' title='bbox 293 1505 437 1538; x_wconf 74' lang='lat' dir='ltr'><strong><em>duntaxat,</em></strong></span> <span class='ocrx_word' id='word_1_335' title='bbox 453 1507 527 1541; x_wconf 80' lang='lat' dir='ltr'><strong><em>quod</em></strong></span> <span class='ocrx_word' id='word_1_336' title='bbox 549 1506 678 1534; x_wconf 60' lang='lat' dir='ltr'><strong><em>videlicet</em></strong></span> <span class='ocrx_word' id='word_1_337' title='bbox 690 1508 761 1543; x_wconf 88' lang='lat' dir='ltr'><strong><em>apud</em></strong></span> <span class='ocrx_word' id='word_1_338' title='bbox 774 1509 891 1543; x_wconf 87' lang='lat' dir='ltr'><strong><em>patriar-</em></strong></span> 
     </span>
    </p>
   </div>
   <div class='ocr_carea' id='block_1_48' title="bbox 105 1550 890 1588">
    <p class='ocr_par' dir='ltr' id='par_1_48' title="bbox 105 1550 890 1588">
     <span class='ocr_line' id='line_1_48' title="bbox 105 1550 890 1588; baseline 0.001 -10"><span class='ocrx_word' id='word_1_339' title='bbox 105 1550 186 1578; x_wconf 86' lang='lat' dir='ltr'><strong><em>cbam</em></strong></span> <span class='ocrx_word' id='word_1_340' title='bbox 201 1555 270 1584; x_wconf 85' lang='lat' dir='ltr'><strong><em>erat,</em></strong></span> <span class='ocrx_word' id='word_1_341' title='bbox 288 1551 338 1578; x_wconf 89' lang='lat' dir='ltr'><strong><em>hac</em></strong></span> <span class='ocrx_word' id='word_1_342' title='bbox 353 1552 516 1579; x_wconf 87' lang='lat' dir='ltr'><strong><em>auctoritate</em></strong></span> <span class='ocrx_word' id='word_1_343' title='bbox 535 1552 655 1584; x_wconf 80' lang='lat' dir='ltr'><strong><em>carebat,</em></strong></span> <span class='ocrx_word' id='word_1_344' title='bbox 676 1553 702 1580; x_wconf 93' lang='lat' dir='ltr'><strong><em>in</em></strong></span> <span class='ocrx_word' id='word_1_345' title='bbox 724 1553 890 1588; x_wconf 79' lang='lat' dir='ltr'><strong><em>quibusdam</em></strong></span> 
     </span>
    </p>
   </div>
   <div class='ocr_carea' id='block_1_49' title="bbox 105 1597 892 1634">
    <p class='ocr_par' dir='ltr' id='par_1_49' title="bbox 105 1597 892 1634">
     <span class='ocr_line' id='line_1_49' title="bbox 105 1597 892 1634; baseline 0.004 -11"><span class='ocrx_word' id='word_1_346' title='bbox 105 1597 232 1631; x_wconf 85' lang='lat' dir='ltr'><strong><em>partibus</em></strong></span> <span class='ocrx_word' id='word_1_347' title='bbox 245 1597 304 1633; x_wconf 83' lang='lat' dir='ltr'><strong><em>ejus</em></strong></span> <span class='ocrx_word' id='word_1_348' title='bbox 318 1598 493 1631; x_wconf 82' lang='lat' dir='ltr'><strong><em>diminutum,</em></strong></span> <span class='ocrx_word' id='word_1_349' title='bbox 507 1599 533 1626; x_wconf 95' lang='lat' dir='ltr'><strong><em>in</em></strong></span> <span class='ocrx_word' id='word_1_350' title='bbox 543 1598 707 1634; x_wconf 87' lang='lat' dir='ltr'><strong><em>quibusdam</em></strong></span> <span class='ocrx_word' id='word_1_351' title='bbox 721 1599 892 1634; x_wconf 85' lang='lat' dir='ltr'><strong><em>superabun-</em></strong></span> 
     </span>
    </p>
   </div>
   <div class='ocr_carea' id='block_1_50' title="bbox 107 1642 892 1678">
    <p class='ocr_par' dir='ltr' id='par_1_50' title="bbox 107 1642 892 1678">
     <span class='ocr_line' id='line_1_50' title="bbox 107 1642 892 1678; baseline 0 -9"><span class='ocrx_word' id='word_1_352' title='bbox 107 1642 187 1674; x_wconf 76' lang='lat' dir='ltr'><strong><em>dans,</em></strong></span> <span class='ocrx_word' id='word_1_353' title='bbox 203 1647 286 1677; x_wconf 84' lang='lat' dir='ltr'><strong><em>prout</em></strong></span> <span class='ocrx_word' id='word_1_354' title='bbox 300 1643 648 1678; x_wconf 89' lang='lat' dir='ltr'><strong><em>corruptoris,quicunquc</em></strong></span> <span class='ocrx_word' id='word_1_355' title='bbox 659 1643 704 1670; x_wconf 86' lang='lat' dir='ltr'><strong><em>ille</em></strong></span> <span class='ocrx_word' id='word_1_356' title='bbox 715 1643 800 1671; x_wconf 81' lang='lat' dir='ltr'><strong><em>fuerit</em></strong></span> <span class='ocrx_word' id='word_1_357' title='bbox 815 1651 892 1670; x_wconf 88' lang='lat' dir='ltr'><strong><em>mens</em></strong></span> 
     </span>
    </p>
   </div>
   <div class='ocr_carea' id='block_1_51' title="bbox 107 1687 891 1722">
    <p class='ocr_par' dir='ltr' id='par_1_51' title="bbox 107 1687 891 1722">
     <span class='ocr_line' id='line_1_51' title="bbox 107 1687 891 1722; baseline 0 -8"><span class='ocrx_word' id='word_1_358' title='bbox 107 1692 135 1714; x_wconf 87' lang='lat' dir='ltr'><strong><em>et</em></strong></span> <span class='ocrx_word' id='word_1_359' title='bbox 156 1695 252 1715; x_wconf 85' lang='lat' dir='ltr'><strong><em>manus</em></strong></span> <span class='ocrx_word' id='word_1_360' title='bbox 267 1688 363 1720; x_wconf 89' lang='lat' dir='ltr'><strong><em>voluit,</em></strong></span> <span class='ocrx_word' id='word_1_361' title='bbox 382 1687 492 1715; x_wconf 80' lang='lat' dir='ltr'><strong><em>demunt</em></strong></span> <span class='ocrx_word' id='word_1_362' title='bbox 508 1694 570 1722; x_wconf 85' lang='lat' dir='ltr'><strong><em>post</em></strong></span> <span class='ocrx_word' id='word_1_363' title='bbox 589 1689 758 1716; x_wconf 88' lang='lat' dir='ltr'><strong><em>celebratum</em></strong></span> <span class='ocrx_word' id='word_1_364' title='bbox 783 1696 891 1716; x_wconf 77' lang='lat' dir='ltr'><strong><em>sacrum</em></strong></span> 
     </span>
    </p>
   </div>
   <div class='ocr_carea' id='block_1_52' title="bbox 109 1733 891 1769">
    <p class='ocr_par' dir='ltr' id='par_1_52' title="bbox 109 1733 891 1769">
     <span class='ocr_line' id='line_1_52' title="bbox 109 1733 891 1769; baseline 0.001 -9"><span class='ocrx_word' id='word_1_365' title='bbox 109 1733 269 1766; x_wconf 86' lang='lat' dir='ltr'><strong><em>concilium,</em></strong></span> <span class='ocrx_word' id='word_1_366' title='bbox 287 1739 314 1762; x_wconf 88' lang='lat' dir='ltr'><strong><em>et</em></strong></span> <span class='ocrx_word' id='word_1_367' title='bbox 328 1738 453 1761; x_wconf 74' lang='lat' dir='ltr'><strong><em>nostrum</em></strong></span> <span class='ocrx_word' id='word_1_368' title='bbox 470 1734 502 1761; x_wconf 89' lang='lat' dir='ltr'><strong><em>ad</em></strong></span> <span class='ocrx_word' id='word_1_369' title='bbox 518 1734 614 1761; x_wconf 90' lang='lat' dir='ltr'><strong><em>urbem</em></strong></span> <span class='ocrx_word' id='word_1_370' title='bbox 629 1734 891 1769; x_wconf 85' lang='lat' dir='ltr'><strong><em>Constantinopoli-</em></strong></span> 
     </span>
    </p>
   </div>
   <div class='ocr_carea' id='block_1_53' title="bbox 108 1779 891 1813">
    <p class='ocr_par' dir='ltr' id='par_1_53' title="bbox 108 1779 891 1813">
     <span class='ocr_line' id='line_1_53' title="bbox 108 1779 891 1813; baseline 0 -7"><span class='ocrx_word' id='word_1_371' title='bbox 108 1783 201 1806; x_wconf 87' lang='lat' dir='ltr'><strong><em>tanam</em></strong></span> <span class='ocrx_word' id='word_1_372' title='bbox 214 1779 344 1811; x_wconf 89' lang='lat' dir='ltr'><strong><em>reditum,</em></strong></span> <span class='ocrx_word' id='word_1_373' title='bbox 357 1787 417 1806; x_wconf 85' lang='lat' dir='ltr'><strong><em>cum</em></strong></span> <span class='ocrx_word' id='word_1_374' title='bbox 431 1780 668 1813; x_wconf 86' lang='lat' dir='ltr'><strong><em>proposuissetuus</em></strong></span> <span class='ocrx_word' id='word_1_375' title='bbox 677 1787 773 1806; x_wconf 84' lang='lat' dir='ltr'><strong><em>omnes</em></strong></span> <span class='ocrx_word' id='word_1_376' title='bbox 784 1779 891 1807; x_wconf 88' lang='lat' dir='ltr'><strong><em>illorunt</em></strong></span> 
     </span>
    </p>
   </div>
   <div class='ocr_carea' id='block_1_54' title="bbox 105 1825 891 1860">
    <p class='ocr_par' dir='ltr' id='par_1_54' title="bbox 105 1825 891 1860">
     <span class='ocr_line' id='line_1_54' title="bbox 105 1825 891 1860; baseline 0.001 -8"><span class='ocrx_word' id='word_1_377' title='bbox 105 1830 249 1852; x_wconf 81' lang='lat' dir='ltr'><strong><em>sacrorum</em></strong></span> <span class='ocrx_word' id='word_1_378' title='bbox 279 1825 402 1852; x_wconf 89' lang='lat' dir='ltr'><strong><em>locorum</em></strong></span> <span class='ocrx_word' id='word_1_379' title='bbox 433 1825 614 1852; x_wconf 76' lang='lat' dir='ltr'><strong><em>bibliothecas</em></strong></span> <span class='ocrx_word' id='word_1_380' title='bbox 642 1831 699 1852; x_wconf 88' lang='lat' dir='ltr'><strong><em>tum</em></strong></span> <span class='ocrx_word' id='word_1_381' title='bbox 723 1825 804 1860; x_wconf 84' lang='lat' dir='ltr'><strong><em>hujus</em></strong></span> <span class='ocrx_word' id='word_1_382' title='bbox 828 1826 891 1853; x_wconf 89' lang='lat' dir='ltr'><strong><em>libri</em></strong></span> 
     </span>
    </p>
   </div>
   <div class='ocr_carea' id='block_1_55' title="bbox 105 1870 892 1905">
    <p class='ocr_par' dir='ltr' id='par_1_55' title="bbox 105 1870 892 1905">
     <span class='ocr_line' id='line_1_55' title="bbox 105 1870 892 1905; baseline -0.001 -7"><span class='ocrx_word' id='word_1_383' title='bbox 105 1871 194 1898; x_wconf 81' lang='lat' dir='ltr'><strong><em>sancti</em></strong></span> <span class='ocrx_word' id='word_1_384' title='bbox 213 1870 315 1903; x_wconf 85' lang='lat' dir='ltr'><strong><em>Basilii,</em></strong></span> <span class='ocrx_word' id='word_1_385' title='bbox 337 1875 393 1897; x_wconf 92' lang='lat' dir='ltr'><strong><em>tum</em></strong></span> <span class='ocrx_word' id='word_1_386' title='bbox 413 1870 529 1897; x_wconf 87' lang='lat' dir='ltr'><strong><em>aliorum</em></strong></span> <span class='ocrx_word' id='word_1_387' title='bbox 548 1870 633 1905; x_wconf 80' lang='lat' dir='ltr'><strong><em>gratia</em></strong></span> <span class='ocrx_word' id='word_1_388' title='bbox 650 1870 800 1905; x_wconf 82' lang='lat' dir='ltr'><strong><em>inquirere,</em></strong></span> <span class='ocrx_word' id='word_1_389' title='bbox 818 1880 892 1905; x_wconf 67' lang='lat' dir='ltr'><strong><em>qum-</em></strong></span> 
     </span>
    </p>
   </div>
   <div class='ocr_carea' id='block_1_56' title="bbox 106 1916 894 1951">
    <p class='ocr_par' dir='ltr' id='par_1_56' title="bbox 106 1916 894 1951">
     <span class='ocr_line' id='line_1_56' title="bbox 106 1916 894 1951; baseline 0.001 -7"><span class='ocrx_word' id='word_1_390' title='bbox 106 1925 216 1951; x_wconf 86' lang='lat' dir='ltr'><strong><em>cuuquc</em></strong></span> <span class='ocrx_word' id='word_1_391' title='bbox 230 1925 297 1944; x_wconf 85' lang='lat' dir='ltr'><strong><em>nova</em></strong></span> <span class='ocrx_word' id='word_1_392' title='bbox 314 1917 454 1944; x_wconf 81' lang='lat' dir='ltr'><strong><em>volumina</em></strong></span> <span class='ocrx_word' id='word_1_393' title='bbox 473 1916 563 1951; x_wconf 85' lang='lat' dir='ltr'><strong><em>reperi</em></strong></span> <span class='ocrx_word' id='word_1_394' title='bbox 579 1923 642 1951; x_wconf 87' lang='lat' dir='ltr'><strong><em>post</em></strong></span> <span class='ocrx_word' id='word_1_395' title='bbox 652 1916 723 1943; x_wconf 88' lang='lat' dir='ltr'><strong><em>battc</em></strong></span> <span class='ocrx_word' id='word_1_396' title='bbox 739 1919 894 1945; x_wconf 87' lang='lat' dir='ltr'><strong><em>contentio-</em></strong></span> 
     </span>
    </p>
   </div>
   <div class='ocr_carea' id='block_1_57' title="bbox 105 1962 892 1998">
    <p class='ocr_par' dir='ltr' id='par_1_57' title="bbox 105 1962 892 1998">
     <span class='ocr_line' id='line_1_57' title="bbox 105 1962 892 1998; baseline 0.001 -9"><span class='ocrx_word' id='word_1_397' title='bbox 105 1971 167 1989; x_wconf 78' lang='lat' dir='ltr'><strong><em>nem</em></strong></span> <span class='ocrx_word' id='word_1_398' title='bbox 184 1963 285 1997; x_wconf 85' lang='lat' dir='ltr'><strong><em>scripta</em></strong></span> <span class='ocrx_word' id='word_1_399' title='bbox 305 1963 430 1989; x_wconf 86' lang='lat' dir='ltr'><strong><em>omnia...</em></strong></span> <span class='ocrx_word' id='word_1_400' title='bbox 448 1962 577 1997; x_wconf 69' lang='lat' dir='ltr'><strong><em>praedicta</em></strong></span> <span class='ocrx_word' id='word_1_401' title='bbox 599 1963 763 1990; x_wconf 87' lang='lat' dir='ltr'><strong><em>auctoritate</em></strong></span> <span class='ocrx_word' id='word_1_402' title='bbox 789 1963 892 1998; x_wconf 85' lang='lat' dir='ltr'><strong><em>reperi.</em></strong></span> 
     </span>
    </p>
   </div>
   <div class='ocr_carea' id='block_1_58' title="bbox 104 2008 892 2044">
    <p class='ocr_par' dir='ltr' id='par_1_58' title="bbox 104 2008 892 2044">
     <span class='ocr_line' id='line_1_58' title="bbox 104 2008 892 2044; baseline 0.001 -10"><span class='ocrx_word' id='word_1_403' title='bbox 104 2010 277 2042; x_wconf 69' lang='lat' dir='ltr'><strong><em>Quaecunque</em></strong></span> <span class='ocrx_word' id='word_1_404' title='bbox 307 2016 372 2035; x_wconf 88' lang='lat' dir='ltr'><strong><em>vero</em></strong></span> <span class='ocrx_word' id='word_1_405' title='bbox 397 2008 554 2042; x_wconf 80' lang='lat' dir='ltr'><strong><em>antiquiora</em></strong></span> <span class='ocrx_word' id='word_1_406' title='bbox 582 2013 672 2040; x_wconf 84' lang='lat' dir='ltr'><strong><em>erant,</em></strong></span> <span class='ocrx_word' id='word_1_407' title='bbox 695 2012 722 2035; x_wconf 87' lang='lat' dir='ltr'><strong><em>et</em></strong></span> <span class='ocrx_word' id='word_1_408' title='bbox 746 2012 892 2044; x_wconf 82' lang='lat' dir='ltr'><strong><em>antequam</em></strong></span> 
     </span>
    </p>
   </div>
   <div class='ocr_carea' id='block_1_59' title="bbox 104 2055 893 2089">
    <p class='ocr_par' dir='ltr' id='par_1_59' title="bbox 104 2055 893 2089">
     <span class='ocr_line' id='line_1_59' title="bbox 104 2055 893 2089; baseline 0.003 -8"><span class='ocrx_word' id='word_1_409' title='bbox 104 2055 157 2082; x_wconf 87' lang='lat' dir='ltr'><strong><em>hoc</em></strong></span> <span class='ocrx_word' id='word_1_410' title='bbox 185 2056 286 2082; x_wconf 84' lang='lat' dir='ltr'><strong><em>bellum</em></strong></span> <span class='ocrx_word' id='word_1_411' title='bbox 313 2056 444 2085; x_wconf 83' lang='lat' dir='ltr'><strong><em>oriretur,</em></strong></span> <span class='ocrx_word' id='word_1_412' title='bbox 473 2055 576 2089; x_wconf 87' lang='lat' dir='ltr'><strong><em>scripta</em></strong></span> <span class='ocrx_word' id='word_1_413' title='bbox 594 2055 651 2081; x_wconf 67' lang='lat' dir='ltr'><strong><em>haec</em></strong></span> <span class='ocrx_word' id='word_1_414' title='bbox 687 2063 752 2082; x_wconf 78' lang='lat' dir='ltr'><strong><em>vero</em></strong></span> <span class='ocrx_word' id='word_1_415' title='bbox 777 2063 842 2082; x_wconf 86' lang='lat' dir='ltr'><strong><em>sana</em></strong></span> <span class='ocrx_word' id='word_1_416' title='bbox 865 2060 893 2083; x_wconf 90' lang='lat' dir='ltr'><strong><em>et</em></strong></span> 
     </span>
    </p>
   </div>
   <div class='ocr_carea' id='block_1_60' title="bbox 104 2100 890 2137">
    <p class='ocr_par' dir='ltr' id='par_1_60' title="bbox 104 2100 890 2137">
     <span class='ocr_line' id='line_1_60' title="bbox 104 2100 890 2137; baseline 0.001 -8"><span class='ocrx_word' id='word_1_417' title='bbox 104 2102 210 2136; x_wconf 78' lang='lat' dir='ltr'><strong><em>integra</em></strong></span> <span class='ocrx_word' id='word_1_418' title='bbox 222 2109 284 2128; x_wconf 86' lang='lat' dir='ltr'><strong><em>cum</em></strong></span> <span class='ocrx_word' id='word_1_419' title='bbox 301 2102 465 2128; x_wconf 80' lang='lat' dir='ltr'><strong><em>auctoritate</em></strong></span> <span class='ocrx_word' id='word_1_420' title='bbox 477 2100 607 2135; x_wconf 68' lang='lat' dir='ltr'><strong><em>priedicta</em></strong></span> <span class='ocrx_word' id='word_1_421' title='bbox 621 2107 744 2133; x_wconf 82' lang='lat' dir='ltr'><strong><em>manent,</em></strong></span> <span class='ocrx_word' id='word_1_422' title='bbox 761 2110 821 2137; x_wconf 54' lang='lat' dir='ltr'><strong><em>qua</em></strong></span> <span class='ocrx_word' id='word_1_423' title='bbox 836 2111 890 2130; x_wconf 88' lang='lat' dir='ltr'><strong><em>tton</em></strong></span> 
     </span>
    </p>
   </div>
   <div class='ocr_carea' id='block_1_61' title="bbox 104 2147 892 2183">
    <p class='ocr_par' dir='ltr' id='par_1_61' title="bbox 104 2147 892 2183">
     <span class='ocr_line' id='line_1_61' title="bbox 104 2147 892 2183; baseline 0.003 -9"><span class='ocrx_word' id='word_1_424' title='bbox 104 2149 234 2182; x_wconf 77' lang='lat' dir='ltr'><strong><em>pauciora</em></strong></span> <span class='ocrx_word' id='word_1_425' title='bbox 257 2152 332 2179; x_wconf 83' lang='lat' dir='ltr'><strong><em>sunt,</em></strong></span> <span class='ocrx_word' id='word_1_426' title='bbox 351 2155 433 2183; x_wconf 83' lang='lat' dir='ltr'><strong><em>quant</em></strong></span> <span class='ocrx_word' id='word_1_427' title='bbox 449 2147 494 2175; x_wconf 91' lang='lat' dir='ltr'><strong><em>illa</em></strong></span> <span class='ocrx_word' id='word_1_428' title='bbox 510 2155 571 2182; x_wconf 64' lang='lat' dir='ltr'><strong><em>qure</em></strong></span> <span class='ocrx_word' id='word_1_429' title='bbox 586 2155 667 2182; x_wconf 85' lang='lat' dir='ltr'><strong><em>passa</em></strong></span> <span class='ocrx_word' id='word_1_430' title='bbox 698 2149 809 2176; x_wconf 88' lang='lat' dir='ltr'><strong><em>l&#39;uerant</em></strong></span> <span class='ocrx_word' id='word_1_431' title='bbox 831 2158 892 2176; x_wconf 88' lang='lat' dir='ltr'><strong><em>cor-</em></strong></span> 
     </span>
    </p>
   </div>
   <div class='ocr_carea' id='block_1_62' title="bbox 944 916 1734 951">
    <p class='ocr_par' dir='ltr' id='par_1_62' title="bbox 944 916 1734 951">
     <span class='ocr_line' id='line_1_62' title="bbox 944 916 1734 951; baseline 0.001 -9"><span class='ocrx_word' id='word_1_432' title='bbox 944 916 1016 943; x_wconf 88' lang='lat' dir='ltr'><strong><em>liber</em></strong></span> <span class='ocrx_word' id='word_1_433' title='bbox 1041 916 1066 943; x_wconf 84' lang='lat' dir='ltr'><strong><em>iit</em></strong></span> <span class='ocrx_word' id='word_1_434' title='bbox 1093 924 1190 944; x_wconf 86' lang='lat' dir='ltr'><strong><em>manus</em></strong></span> <span class='ocrx_word' id='word_1_435' title='bbox 1211 916 1354 944; x_wconf 68' lang='lat' dir='ltr'><strong><em>incidisset</em></strong></span> <span class='ocrx_word' id='word_1_436' title='bbox 1373 917 1446 944; x_wconf 89' lang='lat' dir='ltr'><strong><em>illius</em></strong></span> <span class='ocrx_word' id='word_1_437' title='bbox 1461 917 1658 951; x_wconf 78' lang='lat' dir='ltr'><strong><em>sapientissimi</em></strong></span> <span class='ocrx_word' id='word_1_438' title='bbox 1682 917 1734 944; x_wconf 81' lang='lat' dir='ltr'><strong><em>viri</em></strong></span> 
     </span>
    </p>
   </div>
   <div class='ocr_carea' id='block_1_63' title="bbox 946 962 1733 998">
    <p class='ocr_par' dir='ltr' id='par_1_63' title="bbox 946 962 1733 998">
     <span class='ocr_line' id='line_1_63' title="bbox 946 962 1733 998; baseline 0 -10"><span class='ocrx_word' id='word_1_439' title='bbox 946 962 1076 989; x_wconf 87' lang='lat' dir='ltr'><strong><em>Demetrii</em></strong></span> <span class='ocrx_word' id='word_1_440' title='bbox 1093 962 1222 998; x_wconf 74' lang='lat' dir='ltr'><strong><em>Cydunii,</em></strong></span> <span class='ocrx_word' id='word_1_441' title='bbox 1241 963 1395 990; x_wconf 80' lang='lat' dir='ltr'><strong><em>auctoritas</em></strong></span> <span class='ocrx_word' id='word_1_442' title='bbox 1418 964 1521 997; x_wconf 64' lang='lat' dir='ltr'><strong><em>praedic</em></strong></span> <span class='ocrx_word' id='word_1_443' title='bbox 1536 971 1550 990; x_wconf 83' lang='lat' dir='ltr'><strong><em>a</em></strong></span> <span class='ocrx_word' id='word_1_444' title='bbox 1568 963 1733 998; x_wconf 61' lang='lat' dir='ltr'><strong><em>rcitttegratu</em></strong></span> 
     </span>
    </p>
   </div>
   <div class='ocr_carea' id='block_1_64' title="bbox 944 1007 1734 1042">
    <p class='ocr_par' dir='ltr' id='par_1_64' title="bbox 944 1007 1734 1042">
     <span class='ocr_line' id='line_1_64' title="bbox 944 1007 1734 1042; baseline 0.001 -8"><span class='ocrx_word' id='word_1_445' title='bbox 944 1011 996 1034; x_wconf 88' lang='lat' dir='ltr'><strong><em>est.</em></strong></span> <span class='ocrx_word' id='word_1_446' title='bbox 1015 1007 1062 1034; x_wconf 83' lang='lat' dir='ltr'><strong><em>Ille</em></strong></span> <span class='ocrx_word' id='word_1_447' title='bbox 1078 1007 1151 1035; x_wconf 89' lang='lat' dir='ltr'><strong><em>cnim</em></strong></span> <span class='ocrx_word' id='word_1_448' title='bbox 1167 1015 1227 1034; x_wconf 87' lang='lat' dir='ltr'><strong><em>eam</em></strong></span> <span class='ocrx_word' id='word_1_449' title='bbox 1240 1009 1350 1041; x_wconf 76' lang='lat' dir='ltr'><strong><em>propria</em></strong></span> <span class='ocrx_word' id='word_1_450' title='bbox 1369 1016 1449 1034; x_wconf 87' lang='lat' dir='ltr'><strong><em>manu</em></strong></span> <span class='ocrx_word' id='word_1_451' title='bbox 1470 1008 1496 1034; x_wconf 85' lang='lat' dir='ltr'><strong><em>iit</em></strong></span> <span class='ocrx_word' id='word_1_452' title='bbox 1514 1016 1635 1042; x_wconf 74' lang='lat' dir='ltr'><strong><em>margine</em></strong></span> <span class='ocrx_word' id='word_1_453' title='bbox 1661 1008 1734 1035; x_wconf 78' lang='lat' dir='ltr'><strong><em>illitis</em></strong></span> 
     </span>
    </p>
   </div>
   <div class='ocr_carea' id='block_1_65' title="bbox 944 1053 1732 1088">
    <p class='ocr_par' dir='ltr' id='par_1_65' title="bbox 944 1053 1732 1088">
     <span class='ocr_line' id='line_1_65' title="bbox 944 1053 1732 1088; baseline 0.001 -10"><span class='ocrx_word' id='word_1_454' title='bbox 944 1053 1008 1080; x_wconf 88' lang='lat' dir='ltr'><strong><em>libri</em></strong></span> <span class='ocrx_word' id='word_1_455' title='bbox 1027 1053 1168 1088; x_wconf 68' lang='lat' dir='ltr'><strong><em>asi&#39;ripsit,</em></strong></span> <span class='ocrx_word' id='word_1_456' title='bbox 1191 1059 1218 1080; x_wconf 90' lang='lat' dir='ltr'><strong><em>et</em></strong></span> <span class='ocrx_word' id='word_1_457' title='bbox 1235 1054 1377 1080; x_wconf 83' lang='lat' dir='ltr'><strong><em>audaciam</em></strong></span> <span class='ocrx_word' id='word_1_458' title='bbox 1398 1054 1572 1088; x_wconf 74' lang='lat' dir='ltr'><strong><em>corruptoris</em></strong></span> <span class='ocrx_word' id='word_1_459' title='bbox 1591 1054 1672 1088; x_wconf 70' lang='lat' dir='ltr'><strong><em>digne</em></strong></span> <span class='ocrx_word' id='word_1_460' title='bbox 1689 1062 1732 1080; x_wconf 81' lang='lat' dir='ltr'><strong><em>re.—</em></strong></span> 
     </span>
    </p>
   </div>
   <div class='ocr_carea' id='block_1_66' title="bbox 939 1099 1733 1135">
    <p class='ocr_par' dir='ltr' id='par_1_66' title="bbox 939 1099 1733 1135">
     <span class='ocr_line' id='line_1_66' title="bbox 939 1099 1733 1135; baseline 0.003 -9"><span class='ocrx_word' id='word_1_461' title='bbox 939 1099 1094 1134; x_wconf 73' lang='lat' dir='ltr'><strong><em>prehendit</em></strong></span> <span class='ocrx_word' id='word_1_462' title='bbox 1111 1108 1117 1125; x_wconf 94' lang='lat'>:</span> <span class='ocrx_word' id='word_1_463' title='bbox 1138 1099 1164 1125; x_wconf 85' lang='lat' dir='ltr'><strong><em>iit</em></strong></span> <span class='ocrx_word' id='word_1_464' title='bbox 1179 1104 1281 1127; x_wconf 87' lang='lat' dir='ltr'><strong><em>tantam</em></strong></span> <span class='ocrx_word' id='word_1_465' title='bbox 1303 1100 1449 1132; x_wconf 79' lang='lat' dir='ltr'><strong><em>insaniam,</em></strong></span> <span class='ocrx_word' id='word_1_466' title='bbox 1465 1100 1590 1126; x_wconf 69' lang='lat' dir='ltr'><strong><em>tenebras</em></strong></span> <span class='ocrx_word' id='word_1_467' title='bbox 1609 1105 1637 1126; x_wconf 87' lang='lat' dir='ltr'><strong><em>et</em></strong></span> <span class='ocrx_word' id='word_1_468' title='bbox 1658 1100 1733 1135; x_wconf 79' lang='lat' dir='ltr'><strong><em>igno-</em></strong></span> 
     </span>
    </p>
   </div>
   <div class='ocr_carea' id='block_1_67' title="bbox 946 1146 1731 1180">
    <p class='ocr_par' dir='ltr' id='par_1_67' title="bbox 946 1146 1731 1180">
     <span class='ocr_line' id='line_1_67' title="bbox 946 1146 1731 1180; baseline 0.003 -8"><span class='ocrx_word' id='word_1_469' title='bbox 946 1146 1066 1172; x_wconf 86' lang='lat' dir='ltr'><strong><em>rantiam</em></strong></span> <span class='ocrx_word' id='word_1_470' title='bbox 1084 1152 1196 1173; x_wconf 86' lang='lat' dir='ltr'><strong><em>nostros</em></strong></span> <span class='ocrx_word' id='word_1_471' title='bbox 1211 1146 1337 1172; x_wconf 80' lang='lat' dir='ltr'><strong><em>homian</em></strong></span> <span class='ocrx_word' id='word_1_472' title='bbox 1351 1146 1455 1180; x_wconf 80' lang='lat' dir='ltr'><strong><em>pepulit</em></strong></span> <span class='ocrx_word' id='word_1_473' title='bbox 1468 1153 1564 1173; x_wconf 91' lang='lat' dir='ltr'><strong><em>eorum</em></strong></span> <span class='ocrx_word' id='word_1_474' title='bbox 1580 1148 1731 1174; x_wconf 76' lang='lat' dir='ltr'><strong><em>contentio.</em></strong></span> 
     </span>
    </p>
   </div>
   <div class='ocr_carea' id='block_1_68' title="bbox 944 1191 1732 1227">
    <p class='ocr_par' dir='ltr' id='par_1_68' title="bbox 944 1191 1732 1227">
     <span class='ocr_line' id='line_1_68' title="bbox 944 1191 1732 1227; baseline 0.003 -9"><span class='ocrx_word' id='word_1_475' title='bbox 944 1191 1047 1218; x_wconf 85' lang='lat' dir='ltr'><strong><em>Deinde</em></strong></span> <span class='ocrx_word' id='word_1_476' title='bbox 1065 1192 1156 1219; x_wconf 79' lang='lat' dir='ltr'><strong><em>dicere</em></strong></span> <span class='ocrx_word' id='word_1_477' title='bbox 1174 1193 1285 1223; x_wconf 73' lang='lat' dir='ltr'><strong><em>audent,</em></strong></span> <span class='ocrx_word' id='word_1_478' title='bbox 1304 1192 1377 1225; x_wconf 85' lang='lat' dir='ltr'><strong><em>quod</em></strong></span> <span class='ocrx_word' id='word_1_479' title='bbox 1393 1191 1494 1222; x_wconf 77' lang='lat' dir='ltr'><strong><em>Latini,</em></strong></span> <span class='ocrx_word' id='word_1_480' title='bbox 1518 1195 1732 1227; x_wconf 79' lang='lat' dir='ltr'><strong><em>nostrorumque</em></strong></span> 
     </span>
    </p>
   </div>
   <div class='ocr_carea' id='block_1_69' title="bbox 943 1237 1732 1271">
    <p class='ocr_par' dir='ltr' id='par_1_69' title="bbox 943 1237 1732 1271">
     <span class='ocr_line' id='line_1_69' title="bbox 943 1237 1732 1271; baseline 0 -7"><span class='ocrx_word' id='word_1_481' title='bbox 943 1237 1061 1269; x_wconf 73' lang='lat' dir='ltr'><strong><em>Veccus,</em></strong></span> <span class='ocrx_word' id='word_1_482' title='bbox 1085 1242 1113 1264; x_wconf 87' lang='lat' dir='ltr'><strong><em>et</em></strong></span> <span class='ocrx_word' id='word_1_483' title='bbox 1126 1237 1184 1266; x_wconf 82' lang='lat' dir='ltr'><strong><em>alii.</em></strong></span> <span class='ocrx_word' id='word_1_484' title='bbox 1204 1237 1249 1271; x_wconf 82' lang='lat' dir='ltr'><strong><em>qui</em></strong></span> <span class='ocrx_word' id='word_1_485' title='bbox 1268 1237 1380 1263; x_wconf 81' lang='lat' dir='ltr'><strong><em>Latinos</em></strong></span> <span class='ocrx_word' id='word_1_486' title='bbox 1400 1237 1488 1264; x_wconf 83' lang='lat' dir='ltr'><strong><em>secuti</em></strong></span> <span class='ocrx_word' id='word_1_487' title='bbox 1507 1237 1630 1269; x_wconf 79' lang='lat' dir='ltr'><strong><em>fuerunt,</em></strong></span> <span class='ocrx_word' id='word_1_488' title='bbox 1645 1238 1732 1265; x_wconf 78' lang='lat' dir='ltr'><strong><em>libros</em></strong></span> 
     </span>
    </p>
   </div>
   <div class='ocr_carea' id='block_1_70' title="bbox 943 1283 1730 1318">
    <p class='ocr_par' dir='ltr' id='par_1_70' title="bbox 943 1283 1730 1318">
     <span class='ocr_line' id='line_1_70' title="bbox 943 1283 1730 1318; baseline 0 -8"><span class='ocrx_word' id='word_1_489' title='bbox 943 1283 1130 1318; x_wconf 84' lang='lat' dir='ltr'><strong><em>corruperint,</em></strong></span> <span class='ocrx_word' id='word_1_490' title='bbox 1151 1283 1304 1318; x_wconf 69' lang='lat' dir='ltr'><strong><em>praesertim</em></strong></span> <span class='ocrx_word' id='word_1_491' title='bbox 1317 1291 1378 1310; x_wconf 91' lang='lat' dir='ltr'><strong><em>cum</em></strong></span> <span class='ocrx_word' id='word_1_492' title='bbox 1394 1283 1545 1310; x_wconf 76' lang='lat' dir='ltr'><strong><em>auctoritas</em></strong></span> <span class='ocrx_word' id='word_1_493' title='bbox 1557 1284 1614 1311; x_wconf 72' lang='lat' dir='ltr'><strong><em>luce</em></strong></span> <span class='ocrx_word' id='word_1_494' title='bbox 1626 1290 1730 1311; x_wconf 74' lang='lat' dir='ltr'><strong><em>tantum</em></strong></span> 
     </span>
    </p>
   </div>
   <div class='ocr_carea' id='block_1_71' title="bbox 943 1330 1741 1365">
    <p class='ocr_par' dir='ltr' id='par_1_71' title="bbox 943 1330 1741 1365">
     <span class='ocr_line' id='line_1_71' title="bbox 943 1330 1741 1365; baseline 0.003 -9"><span class='ocrx_word' id='word_1_495' title='bbox 943 1335 1084 1362; x_wconf 87' lang='lat' dir='ltr'><strong><em>ornatum,</em></strong></span> <span class='ocrx_word' id='word_1_496' title='bbox 1103 1334 1206 1357; x_wconf 81' lang='lat' dir='ltr'><strong><em>tantam</em></strong></span> <span class='ocrx_word' id='word_1_497' title='bbox 1236 1330 1352 1365; x_wconf 74' lang='lat' dir='ltr'><strong><em>gratiam</em></strong></span> <span class='ocrx_word' id='word_1_498' title='bbox 1369 1334 1398 1357; x_wconf 90' lang='lat' dir='ltr'><strong><em>ct</em></strong></span> <span class='ocrx_word' id='word_1_499' title='bbox 1412 1330 1541 1364; x_wconf 84' lang='lat' dir='ltr'><strong><em>eloquent</em></strong></span> <span class='ocrx_word' id='word_1_500' title='bbox 1553 1337 1596 1358; x_wconf 83' lang='lat' dir='ltr'><strong><em>am</em></strong></span> <span class='ocrx_word' id='word_1_501' title='bbox 1613 1331 1741 1358; x_wconf 80' lang='lat' dir='ltr'><strong><em>ALicam</em></strong></span> 
     </span>
    </p>
   </div>
   <div class='ocr_carea' id='block_1_72' title="bbox 946 1376 1730 1411">
    <p class='ocr_par' dir='ltr' id='par_1_72' title="bbox 946 1376 1730 1411">
     <span class='ocr_line' id='line_1_72' title="bbox 946 1376 1730 1411; baseline 0.004 -9"><span class='ocrx_word' id='word_1_502' title='bbox 946 1376 1115 1411; x_wconf 69' lang='lat' dir='ltr'><strong><em>praasei&#39;erat,</em></strong></span> <span class='ocrx_word' id='word_1_503' title='bbox 1127 1381 1156 1403; x_wconf 82' lang='lat' dir='ltr'><strong><em>ut</em></strong></span> <span class='ocrx_word' id='word_1_504' title='bbox 1170 1383 1227 1404; x_wconf 88' lang='lat' dir='ltr'><strong><em>non</em></strong></span> <span class='ocrx_word' id='word_1_505' title='bbox 1239 1376 1321 1403; x_wconf 89' lang='lat' dir='ltr'><strong><em>modo</em></strong></span> <span class='ocrx_word' id='word_1_506' title='bbox 1335 1376 1447 1403; x_wconf 84' lang='lat' dir='ltr'><strong><em>Latinos</em></strong></span> <span class='ocrx_word' id='word_1_507' title='bbox 1455 1377 1557 1411; x_wconf 84' lang='lat' dir='ltr'><strong><em>aliquid</em></strong></span> <span class='ocrx_word' id='word_1_508' title='bbox 1570 1377 1660 1404; x_wconf 80' lang='lat' dir='ltr'><strong><em>simile</em></strong></span> <span class='ocrx_word' id='word_1_509' title='bbox 1670 1387 1730 1405; x_wconf 73' lang='lat' dir='ltr'><strong><em>rum</em></strong></span> 
     </span>
    </p>
   </div>
   <div class='ocr_carea' id='block_1_73' title="bbox 945 1421 1731 1457">
    <p class='ocr_par' dir='ltr' id='par_1_73' title="bbox 945 1421 1731 1457">
     <span class='ocr_line' id='line_1_73' title="bbox 945 1421 1731 1457; baseline 0.003 -9"><span class='ocrx_word' id='word_1_510' title='bbox 945 1426 1019 1448; x_wconf 89' lang='lat' dir='ltr'><strong><em>tanta</em></strong></span> <span class='ocrx_word' id='word_1_511' title='bbox 1045 1421 1131 1457; x_wconf 81' lang='lat' dir='ltr'><strong><em>gratia</em></strong></span> <span class='ocrx_word' id='word_1_512' title='bbox 1157 1422 1185 1449; x_wconf 94' lang='lat' dir='ltr'><strong><em>in</em></strong></span> <span class='ocrx_word' id='word_1_513' title='bbox 1216 1421 1303 1455; x_wconf 79' lang='lat' dir='ltr'><strong><em>lingua</em></strong></span> <span class='ocrx_word' id='word_1_514' title='bbox 1331 1422 1475 1456; x_wconf 81' lang='lat' dir='ltr'><strong><em>peregrina</em></strong></span> <span class='ocrx_word' id='word_1_515' title='bbox 1499 1428 1527 1449; x_wconf 87' lang='lat' dir='ltr'><strong><em>et</em></strong></span> <span class='ocrx_word' id='word_1_516' title='bbox 1560 1423 1653 1449; x_wconf 75' lang='lat' dir='ltr'><strong><em>Cra&#39;ca</em></strong></span> <span class='ocrx_word' id='word_1_517' title='bbox 1677 1431 1731 1450; x_wconf 82' lang='lat' dir='ltr'><strong><em>non</em></strong></span> 
     </span>
    </p>
   </div>
   <div class='ocr_carea' id='block_1_74' title="bbox 944 1466 1733 1504">
    <p class='ocr_par' dir='ltr' id='par_1_74' title="bbox 944 1466 1733 1504">
     <span class='ocr_line' id='line_1_74' title="bbox 944 1466 1733 1504; baseline -0.001 -9"><span class='ocrx_word' id='word_1_518' title='bbox 944 1475 1025 1503; x_wconf 83' lang='lat' dir='ltr'><strong><em>posse</em></strong></span> <span class='ocrx_word' id='word_1_519' title='bbox 1041 1474 1209 1502; x_wconf 81' lang='lat' dir='ltr'><strong><em>componere</em></strong></span> <span class='ocrx_word' id='word_1_520' title='bbox 1228 1478 1236 1496; x_wconf 72' lang='grc' dir='ltr'>ς</span> <span class='ocrx_word' id='word_1_521' title='bbox 1254 1467 1302 1495; x_wconf 81' lang='lat' dir='ltr'><strong><em>sed</em></strong></span> <span class='ocrx_word' id='word_1_522' title='bbox 1315 1475 1404 1501; x_wconf 89' lang='lat' dir='ltr'><strong><em>neque</em></strong></span> <span class='ocrx_word' id='word_1_523' title='bbox 1416 1466 1525 1495; x_wconf 70' lang='lat' dir='ltr'><strong><em>Grtecos</em></strong></span> <span class='ocrx_word' id='word_1_524' title='bbox 1536 1469 1647 1502; x_wconf 78' lang='lat' dir='ltr'><strong><em>quidem</em></strong></span> <span class='ocrx_word' id='word_1_525' title='bbox 1664 1477 1733 1504; x_wconf 58' lang='grc' dir='ltr'><strong><em>ρω-</em></strong></span> 
     </span>
    </p>
   </div>
   <div class='ocr_carea' id='block_1_75' title="bbox 946 1512 1730 1548">
    <p class='ocr_par' dir='ltr' id='par_1_75' title="bbox 946 1512 1730 1548">
     <span class='ocr_line' id='line_1_75' title="bbox 946 1512 1730 1548; baseline 0.001 -9"><span class='ocrx_word' id='word_1_526' title='bbox 946 1518 987 1540; x_wconf 91' lang='lat' dir='ltr'><strong><em>ter</em></strong></span> <span class='ocrx_word' id='word_1_527' title='bbox 996 1513 1087 1548; x_wconf 83' lang='lat' dir='ltr'><strong><em>ipsum</em></strong></span> <span class='ocrx_word' id='word_1_528' title='bbox 1104 1513 1246 1540; x_wconf 78' lang='lat' dir='ltr'><strong><em>Basilium.</em></strong></span> <span class='ocrx_word' id='word_1_529' title='bbox 1264 1512 1371 1539; x_wconf 83' lang='lat' dir='ltr'><strong><em>Latinis</em></strong></span> <span class='ocrx_word' id='word_1_530' title='bbox 1387 1513 1491 1539; x_wconf 89' lang='lat' dir='ltr'><strong><em>etenim</em></strong></span> <span class='ocrx_word' id='word_1_531' title='bbox 1507 1513 1600 1548; x_wconf 75' lang='lat' dir='ltr'><strong><em>lingua</em></strong></span> <span class='ocrx_word' id='word_1_532' title='bbox 1619 1522 1678 1548; x_wconf 71' lang='lat' dir='ltr'><strong><em>[)I‘ttj</em></strong></span> <span class='ocrx_word' id='word_1_533' title='bbox 1691 1522 1730 1540; x_wconf 82' lang='lat' dir='ltr'><strong><em>rm</em></strong></span> 
     </span>
    </p>
   </div>
   <div class='ocr_carea' id='block_1_76' title="bbox 945 1558 1732 1593">
    <p class='ocr_par' dir='ltr' id='par_1_76' title="bbox 945 1558 1732 1593">
     <span class='ocr_line' id='line_1_76' title="bbox 945 1558 1732 1593; baseline 0.004 -10"><span class='ocrx_word' id='word_1_534' title='bbox 945 1564 1102 1593; x_wconf 79' lang='lat' dir='ltr'><strong><em>generaque</em></strong></span> <span class='ocrx_word' id='word_1_535' title='bbox 1120 1558 1231 1585; x_wconf 87' lang='lat' dir='ltr'><strong><em>dicendi</em></strong></span> <span class='ocrx_word' id='word_1_536' title='bbox 1245 1566 1260 1585; x_wconf 87' lang='lat' dir='ltr'><strong><em>a</em></strong></span> <span class='ocrx_word' id='word_1_537' title='bbox 1273 1558 1380 1585; x_wconf 84' lang='lat' dir='ltr'><strong><em>nostris</em></strong></span> <span class='ocrx_word' id='word_1_538' title='bbox 1397 1558 1506 1585; x_wconf 85' lang='lat' dir='ltr'><strong><em>diversa</em></strong></span> <span class='ocrx_word' id='word_1_539' title='bbox 1533 1559 1732 1593; x_wconf 80' lang='lat' dir='ltr'><strong><em>impedimento</em></strong></span> 
     </span>
    </p>
   </div>
   <div class='ocr_carea' id='block_1_77' title="bbox 944 1603 1734 1639">
    <p class='ocr_par' dir='ltr' id='par_1_77' title="bbox 944 1603 1734 1639">
     <span class='ocr_line' id='line_1_77' title="bbox 944 1603 1734 1639; baseline 0.001 -9"><span class='ocrx_word' id='word_1_540' title='bbox 944 1608 1021 1636; x_wconf 87' lang='lat' dir='ltr'><strong><em>sunt,</em></strong></span> <span class='ocrx_word' id='word_1_541' title='bbox 1039 1611 1072 1630; x_wconf 86' lang='lat' dir='ltr'><strong><em>tte</em></strong></span> <span class='ocrx_word' id='word_1_542' title='bbox 1084 1603 1188 1638; x_wconf 87' lang='lat' dir='ltr'><strong><em>aliquid</em></strong></span> <span class='ocrx_word' id='word_1_543' title='bbox 1204 1604 1241 1630; x_wconf 86' lang='lat' dir='ltr'><strong><em>ita</em></strong></span> <span class='ocrx_word' id='word_1_544' title='bbox 1255 1610 1353 1631; x_wconf 86' lang='lat' dir='ltr'><strong><em>ornate</em></strong></span> <span class='ocrx_word' id='word_1_545' title='bbox 1364 1604 1391 1630; x_wconf 85' lang='lat' dir='ltr'><strong><em>iit</em></strong></span> <span class='ocrx_word' id='word_1_546' title='bbox 1403 1609 1497 1630; x_wconf 84' lang='lat' dir='ltr'><strong><em>nostra</em></strong></span> <span class='ocrx_word' id='word_1_547' title='bbox 1507 1604 1601 1639; x_wconf 72' lang='lat' dir='ltr'><strong><em>lingua</em></strong></span> <span class='ocrx_word' id='word_1_548' title='bbox 1613 1607 1734 1632; x_wconf 75' lang='lat' dir='ltr'><strong><em>consch</em></strong></span> 
     </span>
    </p>
   </div>
   <div class='ocr_carea' id='block_1_78' title="bbox 944 1650 1732 1686">
    <p class='ocr_par' dir='ltr' id='par_1_78' title="bbox 944 1650 1732 1686">
     <span class='ocr_line' id='line_1_78' title="bbox 944 1650 1732 1686; baseline 0.003 -10"><span class='ocrx_word' id='word_1_549' title='bbox 944 1650 1036 1676; x_wconf 86' lang='lat' dir='ltr'><strong><em>bant:</em></strong></span> <span class='ocrx_word' id='word_1_550' title='bbox 1060 1650 1293 1684; x_wconf 84' lang='lat' dir='ltr'><strong><em>quemadmodum</em></strong></span> <span class='ocrx_word' id='word_1_551' title='bbox 1322 1650 1406 1677; x_wconf 87' lang='lat' dir='ltr'><strong><em>ctiant</em></strong></span> <span class='ocrx_word' id='word_1_552' title='bbox 1426 1657 1530 1678; x_wconf 80' lang='lat' dir='ltr'><strong><em>nostris</em></strong></span> <span class='ocrx_word' id='word_1_553' title='bbox 1562 1651 1732 1686; x_wconf 75' lang='lat' dir='ltr'><strong><em>impossibile</em></strong></span> 
     </span>
    </p>
   </div>
   <div class='ocr_carea' id='block_1_79' title="bbox 943 1694 1733 1733">
    <p class='ocr_par' dir='ltr' id='par_1_79' title="bbox 943 1694 1733 1733">
     <span class='ocr_line' id='line_1_79' title="bbox 943 1694 1733 1733; baseline 0.001 -9"><span class='ocrx_word' id='word_1_554' title='bbox 943 1701 985 1724; x_wconf 87' lang='lat' dir='ltr'><strong><em>est</em></strong></span> <span class='ocrx_word' id='word_1_555' title='bbox 1000 1696 1104 1731; x_wconf 89' lang='lat' dir='ltr'><strong><em>aliquid</em></strong></span> <span class='ocrx_word' id='word_1_556' title='bbox 1123 1697 1223 1731; x_wconf 80' lang='lat' dir='ltr'><strong><em>aequali</em></strong></span> <span class='ocrx_word' id='word_1_557' title='bbox 1238 1698 1326 1730; x_wconf 64' lang='lat' dir='ltr'><strong><em>gratia</em></strong></span> <span class='ocrx_word' id='word_1_558' title='bbox 1339 1730 1343 1733; x_wconf 90' lang='lat'><strong><em>_</em></strong></span> <span class='ocrx_word' id='word_1_559' title='bbox 1354 1702 1383 1725; x_wconf 90' lang='lat' dir='ltr'><strong><em>et</em></strong></span> <span class='ocrx_word' id='word_1_560' title='bbox 1404 1703 1521 1730; x_wconf 53' lang='lat' dir='ltr'><strong><em>ornatu;</em></strong></span> <span class='ocrx_word' id='word_1_561' title='bbox 1534 1694 1624 1732; x_wconf 85' lang='lat' dir='ltr'><strong><em>atque&#39;</em></strong></span> <span class='ocrx_word' id='word_1_562' title='bbox 1643 1698 1733 1726; x_wconf 80' lang='lat' dir='ltr'><strong><em>Latini</em></strong></span> 
     </span>
    </p>
   </div>
   <div class='ocr_carea' id='block_1_80' title="bbox 944 1742 1734 1778">
    <p class='ocr_par' dir='ltr' id='par_1_80' title="bbox 944 1742 1734 1778">
     <span class='ocr_line' id='line_1_80' title="bbox 944 1742 1734 1778; baseline 0.003 -10"><span class='ocrx_word' id='word_1_563' title='bbox 944 1742 972 1768; x_wconf 92' lang='lat' dir='ltr'><strong><em>in</em></strong></span> <span class='ocrx_word' id='word_1_564' title='bbox 1003 1742 1095 1776; x_wconf 73' lang='lat' dir='ltr'><strong><em>lingua</em></strong></span> <span class='ocrx_word' id='word_1_565' title='bbox 1125 1742 1221 1769; x_wconf 80' lang='lat' dir='ltr'><strong><em>Latina</em></strong></span> <span class='ocrx_word' id='word_1_566' title='bbox 1262 1742 1399 1774; x_wconf 84' lang='lat' dir='ltr'><strong><em>scribere,</em></strong></span> <span class='ocrx_word' id='word_1_567' title='bbox 1421 1747 1667 1778; x_wconf 81' lang='lat' dir='ltr'><strong><em>quantumcunque</em></strong></span> <span class='ocrx_word' id='word_1_568' title='bbox 1692 1744 1734 1770; x_wconf 60' lang='grc' dir='ltr'><strong><em>»τι</em></strong></span> 
     </span>
    </p>
   </div>
   <div class='ocr_carea' id='block_1_81' title="bbox 944 1787 1735 1824">
    <p class='ocr_par' dir='ltr' id='par_1_81' title="bbox 944 1787 1735 1824">
     <span class='ocr_line' id='line_1_81' title="bbox 944 1787 1735 1824; baseline 0.003 -10"><span class='ocrx_word' id='word_1_569' title='bbox 944 1787 1031 1814; x_wconf 65' lang='lat' dir='ltr'><strong><em>Graeci</em></strong></span> <span class='ocrx_word' id='word_1_570' title='bbox 1048 1788 1074 1814; x_wconf 94' lang='lat' dir='ltr'><strong><em>in</em></strong></span> <span class='ocrx_word' id='word_1_571' title='bbox 1086 1787 1196 1821; x_wconf 82' lang='lat' dir='ltr'><strong><em>Latina,</em></strong></span> <span class='ocrx_word' id='word_1_572' title='bbox 1214 1788 1258 1815; x_wconf 86' lang='lat' dir='ltr'><strong><em>vel</em></strong></span> <span class='ocrx_word' id='word_1_573' title='bbox 1275 1788 1365 1815; x_wconf 89' lang='lat' dir='ltr'><strong><em>Latini</em></strong></span> <span class='ocrx_word' id='word_1_574' title='bbox 1380 1789 1408 1815; x_wconf 88' lang='lat' dir='ltr'><strong><em>itt</em></strong></span> <span class='ocrx_word' id='word_1_575' title='bbox 1428 1789 1521 1816; x_wconf 52' lang='lat' dir='ltr'><strong><em>(ir-aea</em></strong></span> <span class='ocrx_word' id='word_1_576' title='bbox 1536 1790 1629 1824; x_wconf 70' lang='lat' dir='ltr'><strong><em>lingua</em></strong></span> <span class='ocrx_word' id='word_1_577' title='bbox 1644 1790 1735 1824; x_wconf 82' lang='lat' dir='ltr'><strong><em>proie-</em></strong></span> 
     </span>
    </p>
   </div>
   <div class='ocr_carea' id='block_1_82' title="bbox 945 1835 1734 1870">
    <p class='ocr_par' dir='ltr' id='par_1_82' title="bbox 945 1835 1734 1870">
     <span class='ocr_line' id='line_1_82' title="bbox 945 1835 1734 1870; baseline 0.001 -9"><span class='ocrx_word' id='word_1_578' title='bbox 945 1835 1045 1861; x_wconf 86' lang='lat' dir='ltr'><strong><em>cerittt.</em></strong></span> <span class='ocrx_word' id='word_1_579' title='bbox 1061 1835 1146 1870; x_wconf 83' lang='lat' dir='ltr'><strong><em>Cujus</em></strong></span> <span class='ocrx_word' id='word_1_580' title='bbox 1166 1836 1205 1862; x_wconf 89' lang='lat' dir='ltr'><strong><em>rei</em></strong></span> <span class='ocrx_word' id='word_1_581' title='bbox 1225 1840 1282 1862; x_wconf 83' lang='lat' dir='ltr'><strong><em>tum</em></strong></span> <span class='ocrx_word' id='word_1_582' title='bbox 1299 1843 1361 1870; x_wconf 73' lang='lat' dir='ltr'><strong><em>ego,</em></strong></span> <span class='ocrx_word' id='word_1_583' title='bbox 1378 1840 1436 1862; x_wconf 86' lang='lat' dir='ltr'><strong><em>tum</em></strong></span> <span class='ocrx_word' id='word_1_584' title='bbox 1453 1836 1500 1862; x_wconf 83' lang='lat' dir='ltr'><strong><em>alii</em></strong></span> <span class='ocrx_word' id='word_1_585' title='bbox 1518 1836 1552 1863; x_wconf 86' lang='lat' dir='ltr'><strong><em>de</em></strong></span> <span class='ocrx_word' id='word_1_586' title='bbox 1568 1837 1672 1864; x_wconf 87' lang='lat' dir='ltr'><strong><em>nostris</em></strong></span> <span class='ocrx_word' id='word_1_587' title='bbox 1691 1837 1734 1863; x_wconf 89' lang='lat' dir='ltr'><strong><em>di-</em></strong></span> 
     </span>
    </p>
   </div>
   <div class='ocr_carea' id='block_1_83' title="bbox 944 1880 1735 1916">
    <p class='ocr_par' dir='ltr' id='par_1_83' title="bbox 944 1880 1735 1916">
     <span class='ocr_line' id='line_1_83' title="bbox 944 1880 1735 1916; baseline 0.004 -10"><span class='ocrx_word' id='word_1_588' title='bbox 944 1880 1093 1914; x_wconf 76' lang='lat' dir='ltr'><strong><em>gnisunms</em></strong></span> <span class='ocrx_word' id='word_1_589' title='bbox 1108 1886 1202 1913; x_wconf 78' lang='lat' dir='ltr'><strong><em>testes,</em></strong></span> <span class='ocrx_word' id='word_1_590' title='bbox 1219 1881 1266 1916; x_wconf 83' lang='lat' dir='ltr'><strong><em>qui</em></strong></span> <span class='ocrx_word' id='word_1_591' title='bbox 1279 1880 1403 1907; x_wconf 86' lang='lat' dir='ltr'><strong><em>Latinam</em></strong></span> <span class='ocrx_word' id='word_1_592' title='bbox 1433 1885 1574 1915; x_wconf 87' lang='lat' dir='ltr'><strong><em>utcunque</em></strong></span> <span class='ocrx_word' id='word_1_593' title='bbox 1587 1882 1735 1909; x_wconf 81' lang='lat' dir='ltr'><strong><em>inediocri-</em></strong></span> 
     </span>
    </p>
   </div>
   <div class='ocr_carea' id='block_1_84' title="bbox 946 1926 1732 1961">
    <p class='ocr_par' dir='ltr' id='par_1_84' title="bbox 946 1926 1732 1961">
     <span class='ocr_line' id='line_1_84' title="bbox 946 1926 1732 1961; baseline 0.003 -9"><span class='ocrx_word' id='word_1_594' title='bbox 946 1931 987 1952; x_wconf 86' lang='lat' dir='ltr'><strong><em>ter</em></strong></span> <span class='ocrx_word' id='word_1_595' title='bbox 1004 1926 1187 1960; x_wconf 79' lang='lat' dir='ltr'><strong><em>intelligimus</em></strong></span> <span class='ocrx_word' id='word_1_596' title='bbox 1204 1926 1338 1959; x_wconf 67' lang='lat' dir='ltr'><strong><em>linguam,</em></strong></span> <span class='ocrx_word' id='word_1_597' title='bbox 1356 1926 1395 1953; x_wconf 86' lang='lat' dir='ltr'><strong><em>nil</em></strong></span> <span class='ocrx_word' id='word_1_598' title='bbox 1415 1931 1505 1953; x_wconf 86' lang='lat' dir='ltr'><strong><em>tamen</em></strong></span> <span class='ocrx_word' id='word_1_599' title='bbox 1517 1927 1589 1961; x_wconf 82' lang='lat' dir='ltr'><strong><em>quod</em></strong></span> <span class='ocrx_word' id='word_1_600' title='bbox 1604 1932 1732 1955; x_wconf 84' lang='lat' dir='ltr'><strong><em>ornatum</em></strong></span> 
     </span>
    </p>
   </div>
   <div class='ocr_carea' id='block_1_85' title="bbox 944 1971 1733 2006">
    <p class='ocr_par' dir='ltr' id='par_1_85' title="bbox 944 1971 1733 2006">
     <span class='ocr_line' id='line_1_85' title="bbox 944 1971 1733 2006; baseline 0.005 -9"><span class='ocrx_word' id='word_1_601' title='bbox 944 1971 1099 2005; x_wconf 83' lang='lat' dir='ltr'><strong><em>L:.tiucque</em></strong></span> <span class='ocrx_word' id='word_1_602' title='bbox 1115 1972 1298 2006; x_wconf 87' lang='lat' dir='ltr'><strong><em>compositum</em></strong></span> <span class='ocrx_word' id='word_1_603' title='bbox 1316 1972 1362 2003; x_wconf 82' lang='lat' dir='ltr'><strong><em>sit,</em></strong></span> <span class='ocrx_word' id='word_1_604' title='bbox 1379 1972 1503 1999; x_wconf 85' lang='lat' dir='ltr'><strong><em>scribere</em></strong></span> <span class='ocrx_word' id='word_1_605' title='bbox 1515 1980 1638 2006; x_wconf 85' lang='lat' dir='ltr'><strong><em>possunt.</em></strong></span> <span class='ocrx_word' id='word_1_606' title='bbox 1653 1973 1733 2001; x_wconf 68' lang='lat' dir='ltr'><strong><em>(Itane</em></strong></span> 
     </span>
    </p>
   </div>
   <div class='ocr_carea' id='block_1_86' title="bbox 945 2018 1733 2054">
    <p class='ocr_par' dir='ltr' id='par_1_86' title="bbox 945 2018 1733 2054">
     <span class='ocr_line' id='line_1_86' title="bbox 945 2018 1733 2054; baseline 0.003 -10"><span class='ocrx_word' id='word_1_607' title='bbox 945 2018 1037 2051; x_wconf 86' lang='lat' dir='ltr'><strong><em>itaque</em></strong></span> <span class='ocrx_word' id='word_1_608' title='bbox 1055 2021 1129 2052; x_wconf 82' lang='lat' dir='ltr'><strong><em>patet</em></strong></span> <span class='ocrx_word' id='word_1_609' title='bbox 1143 2018 1190 2052; x_wconf 93' lang='lat' dir='ltr'><strong><em>qui</em></strong></span> <span class='ocrx_word' id='word_1_610' title='bbox 1213 2018 1309 2044; x_wconf 85' lang='lat' dir='ltr'><strong><em>modos</em></strong></span> <span class='ocrx_word' id='word_1_611' title='bbox 1325 2018 1449 2048; x_wconf 81' lang='lat' dir='ltr'><strong><em>dicendi,</em></strong></span> <span class='ocrx_word' id='word_1_612' title='bbox 1463 2019 1575 2053; x_wconf 80' lang='lat' dir='ltr'><strong><em>stylum,</em></strong></span> <span class='ocrx_word' id='word_1_613' title='bbox 1599 2021 1733 2054; x_wconf 70' lang='lat' dir='ltr'><strong><em>cloquen-</em></strong></span> 
     </span>
    </p>
   </div>
   <div class='ocr_carea' id='block_1_87' title="bbox 945 2063 1734 2099">
    <p class='ocr_par' dir='ltr' id='par_1_87' title="bbox 945 2063 1734 2099">
     <span class='ocr_line' id='line_1_87' title="bbox 945 2063 1734 2099; baseline 0.004 -9"><span class='ocrx_word' id='word_1_614' title='bbox 945 2065 1023 2096; x_wconf 85' lang='lat' dir='ltr'><strong><em>tiaut,</em></strong></span> <span class='ocrx_word' id='word_1_615' title='bbox 1043 2068 1070 2090; x_wconf 89' lang='lat' dir='ltr'><strong><em>et</em></strong></span> <span class='ocrx_word' id='word_1_616' title='bbox 1089 2063 1142 2090; x_wconf 86' lang='lat' dir='ltr'><strong><em>alia</em></strong></span> <span class='ocrx_word' id='word_1_617' title='bbox 1156 2063 1281 2090; x_wconf 88' lang='lat' dir='ltr'><strong><em>indicare</em></strong></span> <span class='ocrx_word' id='word_1_618' title='bbox 1296 2063 1388 2090; x_wconf 77' lang='lat' dir='ltr'><strong><em>sciunt</em></strong></span> <span class='ocrx_word' id='word_1_619' title='bbox 1400 2064 1488 2098; x_wconf 82' lang='lat' dir='ltr'><strong><em>ipsius</em></strong></span> <span class='ocrx_word' id='word_1_620' title='bbox 1511 2064 1615 2097; x_wconf 78' lang='lat' dir='ltr'><strong><em>Basilii,</em></strong></span> <span class='ocrx_word' id='word_1_621' title='bbox 1632 2070 1660 2092; x_wconf 88' lang='lat' dir='ltr'><strong><em>et</em></strong></span> <span class='ocrx_word' id='word_1_622' title='bbox 1672 2066 1734 2099; x_wconf 78' lang='lat' dir='ltr'><strong><em>ejus</em></strong></span> 
     </span>
    </p>
   </div>
   <div class='ocr_carea' id='block_1_88' title="bbox 943 2111 1732 2146">
    <p class='ocr_par' dir='ltr' id='par_1_88' title="bbox 943 2111 1732 2146">
     <span class='ocr_line' id='line_1_88' title="bbox 943 2111 1732 2146; baseline 0 -8"><span class='ocrx_word' id='word_1_623' title='bbox 943 2111 1045 2138; x_wconf 69' lang='lat' dir='ltr'><strong><em>limata:</em></strong></span> <span class='ocrx_word' id='word_1_624' title='bbox 1067 2111 1168 2146; x_wconf 63' lang='lat' dir='ltr'><strong><em>lingua:</em></strong></span> <span class='ocrx_word' id='word_1_625' title='bbox 1185 2111 1256 2137; x_wconf 87' lang='lat' dir='ltr'><strong><em>hanc</em></strong></span> <span class='ocrx_word' id='word_1_626' title='bbox 1273 2111 1481 2142; x_wconf 82' lang='lat' dir='ltr'><strong><em>auctoritatem,</em></strong></span> <span class='ocrx_word' id='word_1_627' title='bbox 1496 2116 1525 2138; x_wconf 89' lang='lat' dir='ltr'><strong><em>et</em></strong></span> <span class='ocrx_word' id='word_1_628' title='bbox 1545 2111 1645 2138; x_wconf 88' lang='lat' dir='ltr'><strong><em>nullius</em></strong></span> <span class='ocrx_word' id='word_1_629' title='bbox 1661 2113 1732 2139; x_wconf 73' lang='lat' dir='ltr'><strong><em>alte-</em></strong></span> 
     </span>
    </p>
   </div>
   <div class='ocr_carea' id='block_1_89' title="bbox 944 2154 1734 2190">
    <p class='ocr_par' dir='ltr' id='par_1_89' title="bbox 944 2154 1734 2190">
     <span class='ocr_line' id='line_1_89' title="bbox 944 2154 1734 2190; baseline 0.004 -8"><span class='ocrx_word' id='word_1_630' title='bbox 944 2155 1004 2182; x_wconf 90' lang='lat' dir='ltr'><strong><em>rius</em></strong></span> <span class='ocrx_word' id='word_1_631' title='bbox 1019 2163 1092 2183; x_wconf 71' lang='lat' dir='ltr'><strong><em>esse.</em></strong></span> <span class='ocrx_word' id='word_1_632' title='bbox 1114 2155 1249 2182; x_wconf 69' lang='lat' dir='ltr'><strong><em>Praeterea</em></strong></span> <span class='ocrx_word' id='word_1_633' title='bbox 1264 2162 1327 2182; x_wconf 90' lang='lat' dir='ltr'><strong><em>cum</em></strong></span> <span class='ocrx_word' id='word_1_634' title='bbox 1347 2154 1449 2182; x_wconf 73' lang='lat' dir='ltr'><strong><em>Veccus</em></strong></span> <span class='ocrx_word' id='word_1_635' title='bbox 1469 2156 1565 2190; x_wconf 86' lang='lat' dir='ltr'><strong><em>paucis</em></strong></span> <span class='ocrx_word' id='word_1_636' title='bbox 1578 2161 1640 2184; x_wconf 82' lang='lat' dir='ltr'><strong><em>ante</em></strong></span> <span class='ocrx_word' id='word_1_637' title='bbox 1654 2158 1734 2185; x_wconf 75' lang='lat' dir='ltr'><strong><em>armis</em></strong></span> 
     </span>
    </p>
   </div>
   <div class='ocr_carea' id='block_1_90' title="bbox 103 2191 891 2236">
    <p class='ocr_par' dir='ltr' id='par_1_90' title="bbox 103 2191 889 2229">
     <span class='ocr_line' id='line_1_90' title="bbox 103 2191 889 2229; baseline 0.004 -11"><span class='ocrx_word' id='word_1_638' title='bbox 103 2193 269 2226; x_wconf 73' lang='lat' dir='ltr'><strong><em>ruptionem.</em></strong></span> <span class='ocrx_word' id='word_1_639' title='bbox 292 2191 321 2218; x_wconf 89' lang='lat' dir='ltr'><strong><em>ltt</em></strong></span> <span class='ocrx_word' id='word_1_640' title='bbox 335 2191 435 2226; x_wconf 86' lang='lat' dir='ltr'><strong><em>quibus</em></strong></span> <span class='ocrx_word' id='word_1_641' title='bbox 453 2192 535 2219; x_wconf 85' lang='lat' dir='ltr'><strong><em>etiam</em></strong></span> <span class='ocrx_word' id='word_1_642' title='bbox 562 2192 665 2227; x_wconf 87' lang='lat' dir='ltr'><strong><em>aliquid</em></strong></span> <span class='ocrx_word' id='word_1_643' title='bbox 700 2194 799 2228; x_wconf 90' lang='lat' dir='ltr'><strong><em>reperi,</em></strong></span> <span class='ocrx_word' id='word_1_644' title='bbox 817 2196 889 2229; x_wconf 88' lang='lat' dir='ltr'><strong><em>quod</em></strong></span> 
     </span>
    </p>
   </div>
   <div class='ocr_carea' id='block_1_91' title="bbox 943 2191 1731 2236">
    <p class='ocr_par' dir='ltr' id='par_1_91' title="bbox 943 2200 1731 2236">
     <span class='ocr_line' id='line_1_91' title="bbox 943 2200 1731 2236; baseline 0.005 -9"><span class='ocrx_word' id='word_1_645' title='bbox 943 2200 1038 2233; x_wconf 79' lang='lat' dir='ltr'><strong><em>fuerit,</em></strong></span> <span class='ocrx_word' id='word_1_646' title='bbox 1054 2200 1119 2227; x_wconf 81' lang='lat' dir='ltr'><strong><em>libri</em></strong></span> <span class='ocrx_word' id='word_1_647' title='bbox 1135 2208 1200 2228; x_wconf 86' lang='lat' dir='ltr'><strong><em>vero</em></strong></span> <span class='ocrx_word' id='word_1_648' title='bbox 1214 2200 1299 2228; x_wconf 88' lang='lat' dir='ltr'><strong><em>multo</em></strong></span> <span class='ocrx_word' id='word_1_649' title='bbox 1318 2208 1352 2228; x_wconf 91' lang='lat' dir='ltr'><strong><em>eo</em></strong></span> <span class='ocrx_word' id='word_1_650' title='bbox 1369 2202 1541 2236; x_wconf 62' lang='lat' dir='ltr'><strong><em>antiquiores</em></strong></span> <span class='ocrx_word' id='word_1_651' title='bbox 1552 2202 1618 2234; x_wconf 82' lang='lat' dir='ltr'><strong><em>sint,</em></strong></span> <span class='ocrx_word' id='word_1_652' title='bbox 1635 2202 1731 2231; x_wconf 64' lang='lat' dir='ltr'><strong><em>falsam</em></strong></span> 
     </span>
    </p>
   </div>
   <div class='ocr_carea' id='block_1_92' title="bbox 103 2238 892 2273">
    <p class='ocr_par' dir='ltr' id='par_1_92' title="bbox 103 2238 892 2273">
     <span class='ocr_line' id='line_1_92' title="bbox 103 2238 892 2273; baseline 0.004 -8"><span class='ocrx_word' id='word_1_653' title='bbox 103 2243 131 2265; x_wconf 86' lang='lat' dir='ltr'><strong><em>et</em></strong></span> <span class='ocrx_word' id='word_1_654' title='bbox 149 2238 331 2273; x_wconf 79' lang='lat' dir='ltr'><strong><em>plangendum</em></strong></span> <span class='ocrx_word' id='word_1_655' title='bbox 347 2238 441 2271; x_wconf 84' lang='lat' dir='ltr'><strong><em>simul,</em></strong></span> <span class='ocrx_word' id='word_1_656' title='bbox 453 2243 481 2265; x_wconf 91' lang='lat' dir='ltr'><strong><em>et</em></strong></span> <span class='ocrx_word' id='word_1_657' title='bbox 496 2239 652 2266; x_wconf 87' lang='lat' dir='ltr'><strong><em>mirandum</em></strong></span> <span class='ocrx_word' id='word_1_658' title='bbox 665 2245 717 2267; x_wconf 85' lang='lat' dir='ltr'><strong><em>est.</em></strong></span> <span class='ocrx_word' id='word_1_659' title='bbox 735 2240 892 2268; x_wconf 79' lang='lat' dir='ltr'><strong><em>Mirandum</em></strong></span> 
     </span>
    </p>
   </div>
   <div class='ocr_carea' id='block_1_93' title="bbox 105 2285 892 2321">
    <p class='ocr_par' dir='ltr' id='par_1_93' title="bbox 105 2285 892 2321">
     <span class='ocr_line' id='line_1_93' title="bbox 105 2285 892 2321; baseline 0.003 -9"><span class='ocrx_word' id='word_1_660' title='bbox 105 2285 227 2320; x_wconf 88' lang='lat' dir='ltr'><strong><em>quidem,</em></strong></span> <span class='ocrx_word' id='word_1_661' title='bbox 243 2285 266 2312; x_wconf 73' lang='lat' dir='ltr'><strong><em>si</em></strong></span> <span class='ocrx_word' id='word_1_662' title='bbox 283 2286 346 2320; x_wconf 86' lang='lat' dir='ltr'><strong><em>quis</em></strong></span> <span class='ocrx_word' id='word_1_663' title='bbox 356 2285 450 2312; x_wconf 80' lang='lat' dir='ltr'><strong><em>volens</em></strong></span> <span class='ocrx_word' id='word_1_664' title='bbox 467 2285 591 2313; x_wconf 60' lang='lat' dir='ltr'><strong><em>adhaeret</em></strong></span> <span class='ocrx_word' id='word_1_665' title='bbox 603 2286 669 2314; x_wconf 82' lang='lat' dir='ltr'><strong><em>falso</em></strong></span> <span class='ocrx_word' id='word_1_666' title='bbox 688 2286 745 2321; x_wconf 84' lang='lat' dir='ltr'><strong><em>ipse</em></strong></span> <span class='ocrx_word' id='word_1_667' title='bbox 763 2287 829 2314; x_wconf 91' lang='lat' dir='ltr'><strong><em>illud</em></strong></span> <span class='ocrx_word' id='word_1_668' title='bbox 842 2287 892 2314; x_wconf 87' lang='lat' dir='ltr'><strong><em>lin-</em></strong></span> 
     </span>
    </p>
   </div>
   <div class='ocr_carea' id='block_1_94' title="bbox 103 2331 891 2367">
    <p class='ocr_par' dir='ltr' id='par_1_94' title="bbox 103 2331 891 2367">
     <span class='ocr_line' id='line_1_94' title="bbox 103 2331 891 2367; baseline 0.004 -9"><span class='ocrx_word' id='word_1_669' title='bbox 103 2339 180 2367; x_wconf 74' lang='lat' dir='ltr'><strong><em>gens,</em></strong></span> <span class='ocrx_word' id='word_1_670' title='bbox 203 2337 230 2359; x_wconf 85' lang='lat' dir='ltr'><strong><em>et</em></strong></span> <span class='ocrx_word' id='word_1_671' title='bbox 245 2331 397 2366; x_wconf 68' lang='lat' dir='ltr'><strong><em>praesertim</em></strong></span> <span class='ocrx_word' id='word_1_672' title='bbox 413 2332 558 2359; x_wconf 84' lang='lat' dir='ltr'><strong><em>veritatem</em></strong></span> <span class='ocrx_word' id='word_1_673' title='bbox 580 2332 707 2366; x_wconf 85' lang='lat' dir='ltr'><strong><em>celando,</em></strong></span> <span class='ocrx_word' id='word_1_674' title='bbox 725 2341 788 2360; x_wconf 91' lang='lat' dir='ltr'><strong><em>cum</em></strong></span> <span class='ocrx_word' id='word_1_675' title='bbox 812 2334 891 2361; x_wconf 88' lang='lat' dir='ltr'><strong><em>intel-</em></strong></span> 
     </span>
    </p>
   </div>
   <div class='ocr_carea' id='block_1_95' title="bbox 103 2377 889 2416">
    <p class='ocr_par' dir='ltr' id='par_1_95' title="bbox 103 2377 889 2416">
     <span class='ocr_line' id='line_1_95' title="bbox 103 2377 889 2416; baseline 0.003 -11"><span class='ocrx_word' id='word_1_676' title='bbox 103 2379 190 2406; x_wconf 85' lang='lat' dir='ltr'><strong><em>lectus</em></strong></span> <span class='ocrx_word' id='word_1_677' title='bbox 211 2377 373 2405; x_wconf 86' lang='lat' dir='ltr'><strong><em>naturaliter</em></strong></span> <span class='ocrx_word' id='word_1_678' title='bbox 389 2377 534 2405; x_wconf 87' lang='lat' dir='ltr'><strong><em>veritatem</em></strong></span> <span class='ocrx_word' id='word_1_679' title='bbox 555 2379 656 2406; x_wconf 83' lang='lat' dir='ltr'><strong><em>habeat</em></strong></span> <span class='ocrx_word' id='word_1_680' title='bbox 683 2387 733 2414; x_wconf 92' lang='lat' dir='ltr'><strong><em>pro</em></strong></span> <span class='ocrx_word' id='word_1_681' title='bbox 755 2380 864 2416; x_wconf 87' lang='lat' dir='ltr'><strong><em>objecto</em></strong></span> <span class='ocrx_word' id='word_1_682' title='bbox 882 2389 889 2407; x_wconf 89' lang='lat'><strong>:</strong></span> 
     </span>
    </p>
   </div>
   <div class='ocr_carea' id='block_1_96' title="bbox 105 2424 891 2461">
    <p class='ocr_par' dir='ltr' id='par_1_96' title="bbox 105 2424 891 2461">
     <span class='ocr_line' id='line_1_96' title="bbox 105 2424 891 2461; baseline 0.003 -9"><span class='ocrx_word' id='word_1_683' title='bbox 105 2424 287 2461; x_wconf 70' lang='lat' dir='ltr'><strong><em>plangendum</em></strong></span> <span class='ocrx_word' id='word_1_684' title='bbox 301 2432 377 2459; x_wconf 89' lang='lat' dir='ltr'><strong><em>vero,</em></strong></span> <span class='ocrx_word' id='word_1_685' title='bbox 394 2425 466 2460; x_wconf 88' lang='lat' dir='ltr'><strong><em>quod</em></strong></span> <span class='ocrx_word' id='word_1_686' title='bbox 483 2425 567 2460; x_wconf 84' lang='lat' dir='ltr'><strong><em>aliqui</em></strong></span> <span class='ocrx_word' id='word_1_687' title='bbox 581 2426 637 2453; x_wconf 88' lang='lat' dir='ltr'><strong><em>sint</em></strong></span> <span class='ocrx_word' id='word_1_688' title='bbox 651 2426 687 2452; x_wconf 86' lang='lat' dir='ltr'><strong><em>ita</em></strong></span> <span class='ocrx_word' id='word_1_689' title='bbox 703 2425 764 2453; x_wconf 88' lang='lat' dir='ltr'><strong><em>[ldei</em></strong></span> <span class='ocrx_word' id='word_1_690' title='bbox 788 2427 891 2454; x_wconf 82' lang='lat' dir='ltr'><strong><em>verita-</em></strong></span> 
     </span>
    </p>
   </div>
   <div class='ocr_carea' id='block_1_97' title="bbox 103 2471 891 2507">
    <p class='ocr_par' dir='ltr' id='par_1_97' title="bbox 103 2471 891 2507">
     <span class='ocr_line' id='line_1_97' title="bbox 103 2471 891 2507; baseline 0 -7"><span class='ocrx_word' id='word_1_691' title='bbox 103 2478 157 2500; x_wconf 89' lang='lat' dir='ltr'><strong><em>tem</em></strong></span> <span class='ocrx_word' id='word_1_692' title='bbox 174 2472 395 2507; x_wconf 71' lang='lat' dir='ltr'><strong><em>parvitacientes,</em></strong></span> <span class='ocrx_word' id='word_1_693' title='bbox 410 2471 470 2500; x_wconf 83' lang='lat' dir='ltr'><strong><em>sine</em></strong></span> <span class='ocrx_word' id='word_1_694' title='bbox 482 2479 535 2507; x_wconf 89' lang='lat' dir='ltr'><strong><em>qua</em></strong></span> <span class='ocrx_word' id='word_1_695' title='bbox 555 2476 597 2499; x_wconf 91' lang='lat' dir='ltr'><strong><em>est</em></strong></span> <span class='ocrx_word' id='word_1_696' title='bbox 615 2473 787 2507; x_wconf 84' lang='lat' dir='ltr'><strong><em>impossibile</em></strong></span> <span class='ocrx_word' id='word_1_697' title='bbox 802 2472 891 2500; x_wconf 88' lang='lat' dir='ltr'><strong><em>homi-</em></strong></span> 
     </span>
    </p>
   </div>
   <div class='ocr_carea' id='block_1_98' title="bbox 104 2519 890 2554">
    <p class='ocr_par' dir='ltr' id='par_1_98' title="bbox 104 2519 890 2554">
     <span class='ocr_line' id='line_1_98' title="bbox 104 2519 890 2554; baseline 0 -8"><span class='ocrx_word' id='word_1_698' title='bbox 104 2527 164 2546; x_wconf 90' lang='lat' dir='ltr'><strong><em>nem</em></strong></span> <span class='ocrx_word' id='word_1_699' title='bbox 178 2519 281 2546; x_wconf 81' lang='lat' dir='ltr'><strong><em>salvum</em></strong></span> <span class='ocrx_word' id='word_1_700' title='bbox 300 2519 369 2551; x_wconf 78' lang='lat' dir='ltr'><strong><em>ﬁeri,</em></strong></span> <span class='ocrx_word' id='word_1_701' title='bbox 386 2524 416 2545; x_wconf 92' lang='lat' dir='ltr'><strong><em>ut</em></strong></span> <span class='ocrx_word' id='word_1_702' title='bbox 441 2526 495 2545; x_wconf 89' lang='lat' dir='ltr'><strong><em>non</em></strong></span> <span class='ocrx_word' id='word_1_703' title='bbox 510 2519 599 2545; x_wconf 90' lang='lat' dir='ltr'><strong><em>solum</em></strong></span> <span class='ocrx_word' id='word_1_704' title='bbox 618 2519 678 2553; x_wconf 82' lang='lat' dir='ltr'><strong><em>ejus</em></strong></span> <span class='ocrx_word' id='word_1_705' title='bbox 703 2519 890 2554; x_wconf 75' lang='lat' dir='ltr'><strong><em>investigatio-</em></strong></span> 
     </span>
    </p>
   </div>
   <div class='ocr_carea' id='block_1_99' title="bbox 103 2565 890 2600">
    <p class='ocr_par' dir='ltr' id='par_1_99' title="bbox 103 2565 890 2600">
     <span class='ocr_line' id='line_1_99' title="bbox 103 2565 890 2600; baseline -0.001 -7"><span class='ocrx_word' id='word_1_706' title='bbox 103 2573 166 2593; x_wconf 86' lang='lat' dir='ltr'><strong><em>nem</em></strong></span> <span class='ocrx_word' id='word_1_707' title='bbox 179 2570 366 2598; x_wconf 86' lang='lat' dir='ltr'><strong><em>contemnant,</em></strong></span> <span class='ocrx_word' id='word_1_708' title='bbox 382 2573 478 2592; x_wconf 88' lang='lat' dir='ltr'><strong><em>verum</em></strong></span> <span class='ocrx_word' id='word_1_709' title='bbox 497 2565 580 2592; x_wconf 87' lang='lat' dir='ltr'><strong><em>etiam</em></strong></span> <span class='ocrx_word' id='word_1_710' title='bbox 597 2573 660 2592; x_wconf 80' lang='lat' dir='ltr'><strong><em>curn</em></strong></span> <span class='ocrx_word' id='word_1_711' title='bbox 674 2565 747 2592; x_wconf 87' lang='lat' dir='ltr'><strong><em>clare</em></strong></span> <span class='ocrx_word' id='word_1_712' title='bbox 759 2570 890 2600; x_wconf 80' lang='lat' dir='ltr'><strong><em>appareat</em></strong></span> 
     </span>
    </p>
   </div>
   <div class='ocr_carea' id='block_1_100' title="bbox 102 2612 887 2647">
    <p class='ocr_par' dir='ltr' id='par_1_100' title="bbox 102 2612 887 2647">
     <span class='ocr_line' id='line_1_100' title="bbox 102 2612 887 2647; baseline -0.003 -7"><span class='ocrx_word' id='word_1_713' title='bbox 102 2620 161 2640; x_wconf 85' lang='lat' dir='ltr'><strong><em>eam</em></strong></span> <span class='ocrx_word' id='word_1_714' title='bbox 175 2613 274 2646; x_wconf 82' lang='lat' dir='ltr'><strong><em>celare,</em></strong></span> <span class='ocrx_word' id='word_1_715' title='bbox 287 2612 444 2646; x_wconf 85' lang='lat' dir='ltr'><strong><em>opprimere</em></strong></span> <span class='ocrx_word' id='word_1_716' title='bbox 473 2617 555 2647; x_wconf 87' lang='lat' dir='ltr'><strong><em>atque</em></strong></span> <span class='ocrx_word' id='word_1_717' title='bbox 569 2617 727 2646; x_wconf 82' lang='lat' dir='ltr'><strong><em>pervertere</em></strong></span> <span class='ocrx_word' id='word_1_718' title='bbox 741 2617 887 2639; x_wconf 86' lang='lat' dir='ltr'><strong><em>conentur.</em></strong></span> 
     </span>
    </p>
   </div>
   <div class='ocr_carea' id='block_1_101' title="bbox 102 2657 888 2692">
    <p class='ocr_par' dir='ltr' id='par_1_101' title="bbox 102 2657 888 2692">
     <span class='ocr_line' id='line_1_101' title="bbox 102 2657 888 2692; baseline -0.003 -6"><span class='ocrx_word' id='word_1_719' title='bbox 102 2659 160 2686; x_wconf 81' lang='lat' dir='ltr'><strong><em>Hoc</em></strong></span> <span class='ocrx_word' id='word_1_720' title='bbox 171 2665 264 2685; x_wconf 82' lang='lat' dir='ltr'><strong><em>autem</em></strong></span> <span class='ocrx_word' id='word_1_721' title='bbox 284 2659 336 2686; x_wconf 89' lang='lat' dir='ltr'><strong><em>tale</em></strong></span> <span class='ocrx_word' id='word_1_722' title='bbox 355 2658 421 2692; x_wconf 86' lang='lat' dir='ltr'><strong><em>quid</em></strong></span> <span class='ocrx_word' id='word_1_723' title='bbox 436 2663 495 2685; x_wconf 88' lang='lat' dir='ltr'><strong><em>erat</em></strong></span> <span class='ocrx_word' id='word_1_724' title='bbox 507 2665 560 2685; x_wconf 87' lang='lat' dir='ltr'><strong><em>una</em></strong></span> <span class='ocrx_word' id='word_1_725' title='bbox 577 2665 639 2685; x_wconf 88' lang='lat' dir='ltr'><strong><em>cttnt</em></strong></span> <span class='ocrx_word' id='word_1_726' title='bbox 650 2657 712 2685; x_wconf 86' lang='lat' dir='ltr'><strong><em>aliis</em></strong></span> <span class='ocrx_word' id='word_1_727' title='bbox 726 2658 796 2685; x_wconf 90' lang='lat' dir='ltr'><strong><em>duos</em></strong></span> <span class='ocrx_word' id='word_1_728' title='bbox 805 2657 888 2684; x_wconf 86' lang='lat' dir='ltr'><strong><em>etiam</em></strong></span> 
     </span>
    </p>
   </div>
   <div class='ocr_carea' id='block_1_102' title="bbox 101 2704 888 2741">
    <p class='ocr_par' dir='ltr' id='par_1_102' title="bbox 101 2704 888 2741">
     <span class='ocr_line' id='line_1_102' title="bbox 101 2704 888 2741; baseline -0.005 -7"><span class='ocrx_word' id='word_1_729' title='bbox 101 2705 234 2741; x_wconf 83' lang='lat' dir='ltr'><strong><em>quosdam</em></strong></span> <span class='ocrx_word' id='word_1_730' title='bbox 252 2705 338 2732; x_wconf 89' lang='lat' dir='ltr'><strong><em>libros</em></strong></span> <span class='ocrx_word' id='word_1_731' title='bbox 352 2705 439 2733; x_wconf 83' lang='lat' dir='ltr'><strong><em>sancti</em></strong></span> <span class='ocrx_word' id='word_1_732' title='bbox 459 2704 550 2732; x_wconf 81' lang='lat' dir='ltr'><strong><em>Basilii</em></strong></span> <span class='ocrx_word' id='word_1_733' title='bbox 573 2705 673 2732; x_wconf 73' lang='lat' dir='ltr'><strong><em>odendi</em></strong></span> <span class='ocrx_word' id='word_1_734' title='bbox 699 2704 772 2740; x_wconf 83' lang='lat' dir='ltr'><strong><em>apud</em></strong></span> <span class='ocrx_word' id='word_1_735' title='bbox 792 2712 888 2731; x_wconf 86' lang='lat' dir='ltr'><strong><em>mona-</em></strong></span> 
     </span>
    </p>
   </div>
   <div class='ocr_carea' id='block_1_103' title="bbox 100 2750 889 2787">
    <p class='ocr_par' dir='ltr' id='par_1_103' title="bbox 100 2750 889 2787">
     <span class='ocr_line' id='line_1_103' title="bbox 100 2750 889 2787; baseline -0.004 -6"><span class='ocrx_word' id='word_1_736' title='bbox 100 2751 486 2781; x_wconf 82' lang='lat' dir='ltr'><strong><em>steriumCnristiSalvatoris</em></strong></span> <span class='ocrx_word' id='word_1_737' title='bbox 494 2750 668 2787; x_wconf 79' lang='lat' dir='ltr'><strong><em>Pantepopti,</em></strong></span> <span class='ocrx_word' id='word_1_738' title='bbox 687 2760 770 2779; x_wconf 88' lang='lat' dir='ltr'><strong><em>uttuttt</em></strong></span> <span class='ocrx_word' id='word_1_739' title='bbox 787 2752 813 2778; x_wconf 94' lang='lat' dir='ltr'><strong><em>in</em></strong></span> <span class='ocrx_word' id='word_1_740' title='bbox 829 2759 889 2786; x_wconf 86' lang='lat' dir='ltr'><strong><em>per-</em></strong></span> 
     </span>
    </p>
   </div>
   <div class='ocr_carea' id='block_1_104' title="bbox 100 2798 887 2836">
    <p class='ocr_par' dir='ltr' id='par_1_104' title="bbox 100 2798 887 2836">
     <span class='ocr_line' id='line_1_104' title="bbox 100 2798 887 2836; baseline -0.003 -9"><span class='ocrx_word' id='word_1_741' title='bbox 100 2807 217 2836; x_wconf 72' lang='lat' dir='ltr'><strong><em>gameno</em></strong></span> <span class='ocrx_word' id='word_1_742' title='bbox 237 2799 473 2834; x_wconf 85' lang='lat' dir='ltr'><strong><em>antiquissimum,</em></strong></span> <span class='ocrx_word' id='word_1_743' title='bbox 492 2803 522 2825; x_wconf 92' lang='lat' dir='ltr'><strong><em>ut</em></strong></span> <span class='ocrx_word' id='word_1_744' title='bbox 537 2798 692 2830; x_wconf 78' lang='lat' dir='ltr'><strong><em>videbatur,</em></strong></span> <span class='ocrx_word' id='word_1_745' title='bbox 712 2798 807 2833; x_wconf 87' lang='lat' dir='ltr'><strong><em>quanti</em></strong></span> <span class='ocrx_word' id='word_1_746' title='bbox 822 2805 887 2825; x_wconf 85' lang='lat' dir='ltr'><strong><em>vero</em></strong></span> 
     </span>
    </p>
   </div>
   <div class='ocr_carea' id='block_1_105' title="bbox 102 2846 885 2884">
    <p class='ocr_par' dir='ltr' id='par_1_105' title="bbox 102 2846 885 2884">
     <span class='ocr_line' id='line_1_105' title="bbox 102 2846 885 2884; baseline -0.004 -8"><span class='ocrx_word' id='word_1_747' title='bbox 102 2848 233 2884; x_wconf 81' lang='lat' dir='ltr'><strong><em>temporis</em></strong></span> <span class='ocrx_word' id='word_1_748' title='bbox 247 2847 353 2884; x_wconf 77' lang='lat' dir='ltr'><strong><em>ignore,</em></strong></span> <span class='ocrx_word' id='word_1_749' title='bbox 369 2854 425 2875; x_wconf 90' lang='lat' dir='ltr'><strong><em>non</em></strong></span> <span class='ocrx_word' id='word_1_750' title='bbox 443 2846 517 2875; x_wconf 87' lang='lat' dir='ltr'><strong><em>enim</em></strong></span> <span class='ocrx_word' id='word_1_751' title='bbox 530 2851 590 2876; x_wconf 83' lang='lat' dir='ltr'><strong><em>erat</em></strong></span> <span class='ocrx_word' id='word_1_752' title='bbox 605 2853 694 2875; x_wconf 83' lang='lat' dir='ltr'><strong><em>annus</em></strong></span> <span class='ocrx_word' id='word_1_753' title='bbox 716 2846 865 2881; x_wconf 81' lang='lat' dir='ltr'><strong><em>inscriptus</em></strong></span> <span class='ocrx_word' id='word_1_754' title='bbox 879 2854 885 2873; x_wconf 87' lang='lat'><strong>:</strong></span> 
     </span>
    </p>
   </div>
   <div class='ocr_carea' id='block_1_106' title="bbox 943 2245 1731 2283">
    <p class='ocr_par' dir='ltr' id='par_1_106' title="bbox 943 2245 1731 2283">
     <span class='ocr_line' id='line_1_106' title="bbox 943 2245 1731 2283; baseline 0.006 -11"><span class='ocrx_word' id='word_1_755' title='bbox 943 2246 1014 2273; x_wconf 84' lang='lat' dir='ltr'><strong><em>hanc</em></strong></span> <span class='ocrx_word' id='word_1_756' title='bbox 1029 2245 1248 2276; x_wconf 78' lang='lat' dir='ltr'><strong><em>accusationem,</em></strong></span> <span class='ocrx_word' id='word_1_757' title='bbox 1273 2251 1301 2273; x_wconf 93' lang='lat' dir='ltr'><strong><em>ct</em></strong></span> <span class='ocrx_word' id='word_1_758' title='bbox 1319 2253 1417 2273; x_wconf 85' lang='lat' dir='ltr'><strong><em>vanum</em></strong></span> <span class='ocrx_word' id='word_1_759' title='bbox 1442 2247 1578 2283; x_wconf 70' lang='lat' dir='ltr'><strong><em>refugium</em></strong></span> <span class='ocrx_word' id='word_1_760' title='bbox 1602 2248 1731 2282; x_wconf 86' lang='lat' dir='ltr'><strong><em>probant.</em></strong></span> 
     </span>
    </p>
   </div>
   <div class='ocr_carea' id='block_1_107' title="bbox 942 2292 1731 2330">
    <p class='ocr_par' dir='ltr' id='par_1_107' title="bbox 942 2292 1731 2330">
     <span class='ocr_line' id='line_1_107' title="bbox 942 2292 1731 2330; baseline 0.003 -11"><span class='ocrx_word' id='word_1_761' title='bbox 942 2292 1010 2319; x_wconf 84' lang='lat' dir='ltr'><strong><em>Item</em></strong></span> <span class='ocrx_word' id='word_1_762' title='bbox 1025 2292 1077 2319; x_wconf 92' lang='lat' dir='ltr'><strong><em>hoc</em></strong></span> <span class='ocrx_word' id='word_1_763' title='bbox 1093 2292 1165 2319; x_wconf 79' lang='lat' dir='ltr'><strong><em>idem</em></strong></span> <span class='ocrx_word' id='word_1_764' title='bbox 1178 2292 1290 2320; x_wconf 85' lang='lat' dir='ltr'><strong><em>aliunde</em></strong></span> <span class='ocrx_word' id='word_1_765' title='bbox 1309 2293 1454 2327; x_wconf 79' lang='lat' dir='ltr'><strong><em>probatur.</em></strong></span> <span class='ocrx_word' id='word_1_766' title='bbox 1467 2293 1516 2321; x_wconf 84' lang='lat' dir='ltr'><strong><em>Vir</em></strong></span> <span class='ocrx_word' id='word_1_767' title='bbox 1532 2295 1643 2328; x_wconf 84' lang='lat' dir='ltr'><strong><em>quidam</em></strong></span> <span class='ocrx_word' id='word_1_768' title='bbox 1658 2295 1731 2330; x_wconf 80' lang='lat' dir='ltr'><strong><em>apud</em></strong></span> 
     </span>
    </p>
   </div>
   <div class='ocr_carea' id='block_1_108' title="bbox 943 2338 1732 2375">
    <p class='ocr_par' dir='ltr' id='par_1_108' title="bbox 943 2338 1732 2375">
     <span class='ocr_line' id='line_1_108' title="bbox 943 2338 1732 2375; baseline 0.003 -9"><span class='ocrx_word' id='word_1_769' title='bbox 943 2338 1057 2367; x_wconf 84' lang='lat' dir='ltr'><strong><em>Latinos</em></strong></span> <span class='ocrx_word' id='word_1_770' title='bbox 1071 2339 1197 2366; x_wconf 73' lang='lat' dir='ltr'><strong><em>maximas</em></strong></span> <span class='ocrx_word' id='word_1_771' title='bbox 1213 2339 1411 2374; x_wconf 68' lang='lat' dir='ltr'><strong><em>reputationis,</em></strong></span> <span class='ocrx_word' id='word_1_772' title='bbox 1427 2339 1523 2375; x_wconf 82' lang='lat' dir='ltr'><strong><em>llugon</em></strong></span> <span class='ocrx_word' id='word_1_773' title='bbox 1537 2342 1650 2368; x_wconf 85' lang='lat' dir='ltr'><strong><em>nomine</em></strong></span> <span class='ocrx_word' id='word_1_774' title='bbox 1663 2343 1732 2368; x_wconf 80' lang='lat' dir='ltr'><strong><em>anti-</em></strong></span> 
     </span>
    </p>
   </div>
   <div class='ocr_carea' id='block_1_109' title="bbox 941 2384 1733 2421">
    <p class='ocr_par' dir='ltr' id='par_1_109' title="bbox 941 2384 1733 2421">
     <span class='ocr_line' id='line_1_109' title="bbox 941 2384 1733 2421; baseline 0.003 -9"><span class='ocrx_word' id='word_1_775' title='bbox 941 2392 1025 2420; x_wconf 87' lang='lat' dir='ltr'><strong><em>quus,</em></strong></span> <span class='ocrx_word' id='word_1_776' title='bbox 1037 2389 1065 2412; x_wconf 84' lang='lat' dir='ltr'><strong><em>et</em></strong></span> <span class='ocrx_word' id='word_1_777' title='bbox 1079 2384 1161 2420; x_wconf 72' lang='lat' dir='ltr'><strong><em>longe</em></strong></span> <span class='ocrx_word' id='word_1_778' title='bbox 1176 2390 1242 2412; x_wconf 89' lang='lat' dir='ltr'><strong><em>ante</em></strong></span> <span class='ocrx_word' id='word_1_779' title='bbox 1252 2389 1376 2420; x_wconf 86' lang='lat' dir='ltr'><strong><em>tempora</em></strong></span> <span class='ocrx_word' id='word_1_780' title='bbox 1390 2391 1495 2420; x_wconf 82' lang='lat' dir='ltr'><strong><em>nostra,</em></strong></span> <span class='ocrx_word' id='word_1_781' title='bbox 1511 2387 1642 2421; x_wconf 74' lang='lat' dir='ltr'><strong><em>praeteriti</em></strong></span> <span class='ocrx_word' id='word_1_782' title='bbox 1666 2393 1733 2415; x_wconf 88' lang='lat' dir='ltr'><strong><em>sunt</em></strong></span> 
     </span>
    </p>
   </div>
   <div class='ocr_carea' id='block_1_110' title="bbox 941 2431 1732 2468">
    <p class='ocr_par' dir='ltr' id='par_1_110' title="bbox 941 2431 1732 2468">
     <span class='ocr_line' id='line_1_110' title="bbox 941 2431 1732 2468; baseline 0.004 -10"><span class='ocrx_word' id='word_1_783' title='bbox 941 2439 1060 2466; x_wconf 83' lang='lat' dir='ltr'><strong><em>namque</em></strong></span> <span class='ocrx_word' id='word_1_784' title='bbox 1078 2431 1135 2458; x_wconf 86' lang='lat' dir='ltr'><strong><em>l&#39;cre</em></strong></span> <span class='ocrx_word' id='word_1_785' title='bbox 1149 2438 1197 2458; x_wconf 84' lang='lat' dir='ltr'><strong><em>ccc</em></strong></span> <span class='ocrx_word' id='word_1_786' title='bbox 1211 2431 1288 2464; x_wconf 84' lang='lat' dir='ltr'><strong><em>anui,</em></strong></span> <span class='ocrx_word' id='word_1_787' title='bbox 1298 2440 1331 2458; x_wconf 73' lang='lat' dir='ltr'><strong><em>cx</em></strong></span> <span class='ocrx_word' id='word_1_788' title='bbox 1345 2440 1401 2467; x_wconf 92' lang='lat' dir='ltr'><strong><em>quo</em></strong></span> <span class='ocrx_word' id='word_1_789' title='bbox 1416 2433 1480 2465; x_wconf 83' lang='lat' dir='ltr'><strong><em>luit,</em></strong></span> <span class='ocrx_word' id='word_1_790' title='bbox 1498 2439 1560 2460; x_wconf 88' lang='lat' dir='ltr'><strong><em>cum</em></strong></span> <span class='ocrx_word' id='word_1_791' title='bbox 1572 2433 1605 2461; x_wconf 89' lang='lat' dir='ltr'><strong><em>de</em></strong></span> <span class='ocrx_word' id='word_1_792' title='bbox 1622 2441 1732 2468; x_wconf 85' lang='lat' dir='ltr'><strong><em>proces-</em></strong></span> 
     </span>
    </p>
   </div>
   <div class='ocr_carea' id='block_1_111' title="bbox 941 2478 1732 2513">
    <p class='ocr_par' dir='ltr' id='par_1_111' title="bbox 941 2478 1732 2513">
     <span class='ocr_line' id='line_1_111' title="bbox 941 2478 1732 2513; baseline 0.003 -8"><span class='ocrx_word' id='word_1_793' title='bbox 941 2478 1019 2506; x_wconf 87' lang='lat' dir='ltr'><strong><em>sione</em></strong></span> <span class='ocrx_word' id='word_1_794' title='bbox 1040 2478 1161 2513; x_wconf 86' lang='lat' dir='ltr'><strong><em>Spiritus</em></strong></span> <span class='ocrx_word' id='word_1_795' title='bbox 1173 2478 1263 2505; x_wconf 88' lang='lat' dir='ltr'><strong><em>sancti</em></strong></span> <span class='ocrx_word' id='word_1_796' title='bbox 1278 2479 1414 2506; x_wconf 80' lang='lat' dir='ltr'><strong><em>scriberet</em></strong></span> <span class='ocrx_word' id='word_1_797' title='bbox 1428 2488 1435 2506; x_wconf 85' lang='lat'><strong>:</strong></span> <span class='ocrx_word' id='word_1_798' title='bbox 1451 2480 1521 2506; x_wconf 87' lang='lat' dir='ltr'><strong><em>hanc</em></strong></span> <span class='ocrx_word' id='word_1_799' title='bbox 1535 2481 1618 2507; x_wconf 86' lang='lat' dir='ltr'><strong><em>etiam</em></strong></span> <span class='ocrx_word' id='word_1_800' title='bbox 1637 2486 1732 2508; x_wconf 76' lang='lat' dir='ltr'><strong><em>aui-to-</em></strong></span> 
     </span>
    </p>
   </div>
   <div class='ocr_carea' id='block_1_112' title="bbox 942 2524 1732 2561">
    <p class='ocr_par' dir='ltr' id='par_1_112' title="bbox 942 2524 1732 2561">
     <span class='ocr_line' id='line_1_112' title="bbox 942 2524 1732 2561; baseline 0.004 -10"><span class='ocrx_word' id='word_1_801' title='bbox 942 2525 1051 2551; x_wconf 83' lang='lat' dir='ltr'><strong><em>ritatem</em></strong></span> <span class='ocrx_word' id='word_1_802' title='bbox 1076 2524 1162 2552; x_wconf 85' lang='lat' dir='ltr'><strong><em>sancti</em></strong></span> <span class='ocrx_word' id='word_1_803' title='bbox 1180 2524 1273 2551; x_wconf 80' lang='lat' dir='ltr'><strong><em>Basilii</em></strong></span> <span class='ocrx_word' id='word_1_804' title='bbox 1290 2524 1322 2551; x_wconf 85' lang='lat' dir='ltr'><strong><em>ad</em></strong></span> <span class='ocrx_word' id='word_1_805' title='bbox 1345 2525 1416 2552; x_wconf 85' lang='lat' dir='ltr'><strong><em>hanc</em></strong></span> <span class='ocrx_word' id='word_1_806' title='bbox 1439 2525 1646 2553; x_wconf 83' lang='lat' dir='ltr'><strong><em>conclusionem</em></strong></span> <span class='ocrx_word' id='word_1_807' title='bbox 1668 2534 1732 2561; x_wconf 87' lang='lat' dir='ltr'><strong><em>pro-</em></strong></span> 
     </span>
    </p>
   </div>
   <div class='ocr_carea' id='block_1_113' title="bbox 940 2568 1728 2605">
    <p class='ocr_par' dir='ltr' id='par_1_113' title="bbox 940 2568 1728 2605">
     <span class='ocr_line' id='line_1_113' title="bbox 940 2568 1728 2605; baseline 0.005 -10"><span class='ocrx_word' id='word_1_808' title='bbox 940 2568 1059 2595; x_wconf 85' lang='lat' dir='ltr'><strong><em>bandam</em></strong></span> <span class='ocrx_word' id='word_1_809' title='bbox 1077 2568 1193 2595; x_wconf 87' lang='lat' dir='ltr'><strong><em>inducit.</em></strong></span> <span class='ocrx_word' id='word_1_810' title='bbox 1217 2568 1275 2594; x_wconf 89' lang='lat' dir='ltr'><strong><em>iloc</em></strong></span> <span class='ocrx_word' id='word_1_811' title='bbox 1290 2574 1381 2595; x_wconf 85' lang='lat' dir='ltr'><strong><em>autent</em></strong></span> <span class='ocrx_word' id='word_1_812' title='bbox 1398 2577 1452 2596; x_wconf 89' lang='lat' dir='ltr'><strong><em>ttott</em></strong></span> <span class='ocrx_word' id='word_1_813' title='bbox 1478 2570 1576 2598; x_wconf 83' lang='lat' dir='ltr'><strong><em>Latine</em></strong></span> <span class='ocrx_word' id='word_1_814' title='bbox 1593 2571 1728 2605; x_wconf 87' lang='lat' dir='ltr'><strong><em>scriptum</em></strong></span> 
     </span>
    </p>
   </div>
   <div class='ocr_carea' id='block_1_114' title="bbox 941 2614 1730 2652">
    <p class='ocr_par' dir='ltr' id='par_1_114' title="bbox 941 2614 1730 2652">
     <span class='ocr_line' id='line_1_114' title="bbox 941 2614 1730 2652; baseline 0.006 -12"><span class='ocrx_word' id='word_1_815' title='bbox 941 2614 1037 2641; x_wconf 81' lang='lat' dir='ltr'><strong><em>videns</em></strong></span> <span class='ocrx_word' id='word_1_816' title='bbox 1049 2614 1123 2645; x_wconf 87' lang='lat' dir='ltr'><strong><em>dico.</em></strong></span> <span class='ocrx_word' id='word_1_817' title='bbox 1143 2622 1240 2641; x_wconf 88' lang='lat' dir='ltr'><strong><em>verum</em></strong></span> <span class='ocrx_word' id='word_1_818' title='bbox 1256 2614 1350 2642; x_wconf 62' lang='lat' dir='ltr'><strong><em>Graece</em></strong></span> <span class='ocrx_word' id='word_1_819' title='bbox 1365 2616 1437 2650; x_wconf 83' lang='lat' dir='ltr'><strong><em>apud</em></strong></span> <span class='ocrx_word' id='word_1_820' title='bbox 1459 2617 1730 2652; x_wconf 83' lang='lat' dir='ltr'><strong><em>Constantinopolim</em></strong></span> 
     </span>
    </p>
   </div>
   <div class='ocr_carea' id='block_1_115' title="bbox 940 2660 1729 2697">
    <p class='ocr_par' dir='ltr' id='par_1_115' title="bbox 940 2660 1729 2697">
     <span class='ocr_line' id='line_1_115' title="bbox 940 2660 1729 2697; baseline 0.006 -11"><span class='ocrx_word' id='word_1_821' title='bbox 940 2660 968 2687; x_wconf 86' lang='lat' dir='ltr'><strong><em>in</em></strong></span> <span class='ocrx_word' id='word_1_822' title='bbox 985 2660 1104 2694; x_wconf 85' lang='lat' dir='ltr'><strong><em>quodam</em></strong></span> <span class='ocrx_word' id='word_1_823' title='bbox 1120 2660 1191 2687; x_wconf 87' lang='lat' dir='ltr'><strong><em>libro</em></strong></span> <span class='ocrx_word' id='word_1_824' title='bbox 1212 2661 1319 2694; x_wconf 68' lang='lat' dir='ltr'><strong><em>Graeco,</em></strong></span> <span class='ocrx_word' id='word_1_825' title='bbox 1334 2669 1388 2688; x_wconf 88' lang='lat' dir='ltr'><strong><em>ttott</em></strong></span> <span class='ocrx_word' id='word_1_826' title='bbox 1414 2662 1502 2696; x_wconf 75' lang='lat' dir='ltr'><strong><em>ipsius</em></strong></span> <span class='ocrx_word' id='word_1_827' title='bbox 1526 2662 1658 2697; x_wconf 71' lang='lat' dir='ltr'><strong><em>llugonis,</em></strong></span> <span class='ocrx_word' id='word_1_828' title='bbox 1680 2665 1729 2692; x_wconf 84' lang='lat' dir='ltr'><strong><em>sed</em></strong></span> 
     </span>
    </p>
   </div>
   <div class='ocr_carea' id='block_1_116' title="bbox 940 2706 1728 2745">
    <p class='ocr_par' dir='ltr' id='par_1_116' title="bbox 940 2706 1728 2745">
     <span class='ocr_line' id='line_1_116' title="bbox 940 2706 1728 2745; baseline 0.006 -12"><span class='ocrx_word' id='word_1_829' title='bbox 940 2707 1084 2742; x_wconf 88' lang='lat' dir='ltr'><strong><em>cujusdatu</em></strong></span> <span class='ocrx_word' id='word_1_830' title='bbox 1109 2706 1213 2734; x_wconf 71' lang='lat' dir='ltr'><strong><em>Nicetze</em></strong></span> <span class='ocrx_word' id='word_1_831' title='bbox 1242 2708 1446 2742; x_wconf 70' lang='lat' dir='ltr'><strong><em>archicpiscrpi</em></strong></span> <span class='ocrx_word' id='word_1_832' title='bbox 1462 2709 1728 2745; x_wconf 74' lang='lat' dir='ltr'><strong><em>&#39;l‘hessalonicensis,</em></strong></span> 
     </span>
    </p>
   </div>
   <div class='ocr_carea' id='block_1_117' title="bbox 939 2752 1730 2792">
    <p class='ocr_par' dir='ltr' id='par_1_117' title="bbox 939 2752 1730 2792">
     <span class='ocr_line' id='line_1_117' title="bbox 939 2752 1730 2792; baseline 0.008 -13"><span class='ocrx_word' id='word_1_833' title='bbox 939 2753 987 2788; x_wconf 88' lang='lat' dir='ltr'><strong><em>qui</em></strong></span> <span class='ocrx_word' id='word_1_834' title='bbox 1005 2753 1058 2787; x_wconf 76' lang='lat' dir='ltr'><strong><em>ipsi</em></strong></span> <span class='ocrx_word' id='word_1_835' title='bbox 1074 2752 1181 2788; x_wconf 76' lang='lat' dir='ltr'><strong><em>llugotti</em></strong></span> <span class='ocrx_word' id='word_1_836' title='bbox 1202 2755 1380 2788; x_wconf 84' lang='lat' dir='ltr'><strong><em>contradicit,</em></strong></span> <span class='ocrx_word' id='word_1_837' title='bbox 1396 2763 1554 2790; x_wconf 83' lang='lat' dir='ltr'><strong><em>quanquam</em></strong></span> <span class='ocrx_word' id='word_1_838' title='bbox 1568 2757 1627 2792; x_wconf 75' lang='lat' dir='ltr'><strong><em>ipse</em></strong></span> <span class='ocrx_word' id='word_1_839' title='bbox 1643 2758 1730 2785; x_wconf 83' lang='lat' dir='ltr'><strong><em>Thes-</em></strong></span> 
     </span>
    </p>
   </div>
   <div class='ocr_carea' id='block_1_118' title="bbox 938 2800 1729 2837">
    <p class='ocr_par' dir='ltr' id='par_1_118' title="bbox 938 2800 1729 2837">
     <span class='ocr_line' id='line_1_118' title="bbox 938 2800 1729 2837; baseline 0.008 -11"><span class='ocrx_word' id='word_1_840' title='bbox 938 2800 1119 2827; x_wconf 86' lang='lat' dir='ltr'><strong><em>salonicensis</em></strong></span> <span class='ocrx_word' id='word_1_841' title='bbox 1134 2801 1204 2828; x_wconf 87' lang='lat' dir='ltr'><strong><em>idem</em></strong></span> <span class='ocrx_word' id='word_1_842' title='bbox 1218 2809 1280 2828; x_wconf 91' lang='lat' dir='ltr'><strong><em>cum</em></strong></span> <span class='ocrx_word' id='word_1_843' title='bbox 1291 2801 1398 2829; x_wconf 83' lang='lat' dir='ltr'><strong><em>Latinis</em></strong></span> <span class='ocrx_word' id='word_1_844' title='bbox 1413 2803 1549 2837; x_wconf 80' lang='lat' dir='ltr'><strong><em>sapiebat.</em></strong></span> <span class='ocrx_word' id='word_1_845' title='bbox 1566 2804 1643 2837; x_wconf 79' lang='lat' dir='ltr'><strong><em>Quod</em></strong></span> <span class='ocrx_word' id='word_1_846' title='bbox 1654 2804 1729 2832; x_wconf 84' lang='lat' dir='ltr'><strong><em>enim</em></strong></span> 
     </span>
    </p>
   </div>
   <div class='ocr_carea' id='block_1_119' title="bbox 940 2846 1728 2886">
    <p class='ocr_par' dir='ltr' id='par_1_119' title="bbox 940 2846 1728 2886">
     <span class='ocr_line' id='line_1_119' title="bbox 940 2846 1728 2886; baseline 0.006 -12"><span class='ocrx_word' id='word_1_847' title='bbox 940 2846 1061 2882; x_wconf 85' lang='lat' dir='ltr'><strong><em>Spiritus</em></strong></span> <span class='ocrx_word' id='word_1_848' title='bbox 1083 2853 1196 2876; x_wconf 84' lang='lat' dir='ltr'><strong><em>sanctus</em></strong></span> <span class='ocrx_word' id='word_1_849' title='bbox 1221 2856 1255 2877; x_wconf 76' lang='lat' dir='ltr'><strong><em>ex</em></strong></span> <span class='ocrx_word' id='word_1_850' title='bbox 1283 2849 1364 2878; x_wconf 83' lang='lat' dir='ltr'><strong><em>Patre</em></strong></span> <span class='ocrx_word' id='word_1_851' title='bbox 1387 2849 1513 2885; x_wconf 75' lang='lat' dir='ltr'><strong><em>Filioque</em></strong></span> <span class='ocrx_word' id='word_1_852' title='bbox 1541 2851 1728 2886; x_wconf 79' lang='lat' dir='ltr'><strong><em>procederet,</em></strong></span> 
     </span>
    </p>
   </div>
  </div>
