1920 3063
173 129 225 163 411
668 129 920 159 BESSAIHONIS
937 129 966 160 S.

989 130 1025 160 ll.
1042 128 1076 158 E.
1098 128 1332 158 CARDINALIS
1757 125 1825 158 “2

174 184 315 215 credebat,
339 183 527 210 contendebat
551 190 627 216 vero,
650 187 681 210 ιιι
703 184 784 218 vulgo
800 183 915 215 dicitur,
930 183 964 210 de
980 186 1002 214 Α
1018 190 1091 210 ream
1105 188 1229 210 catenam
1241 183 1346 210 ordinis
1363 189 1411 209 nos
1424 181 1527 221 docuit.
1537 182 1566 209 In
1582 182 1615 209 iis
1631 183 1703 209 enim
1716 188 1825 209 contra

175 230 272 256 umbra
294 229 376 260 asini.
397 235 486 263 neque
506 229 595 262 ipsum
612 235 707 254 verum
731 235 859 255 asserens
881 229 964 255 licere

175 276 308 311 Symbolo
325 275 402 307 addi,
416 282 473 301 rem
492 282 597 310 inagna:
615 275 739 309 profecto
754 275 910 301 devotionis
939 279 966 302 et

175 322 328 356 sapientiae.
356 329 388 348 ac
415 321 438 348 si
461 321 568 348 diceret
585 329 640 347 non
665 325 794 355 oportere
822 322 966 348 veritatem

175 367 286 402 publice
309 367 471 401 prtedicarc.
497 366 559 393 llaec
583 370 675 393 autem
704 366 814 400 longius
843 366 964 397 narravi,

175 414 272 440 volens
290 412 408 447 probare
429 411 516 439 fuisse
535 413 646 446 quidem
669 413 878 446 corruptionem
894 413 921 438 in
937 411 968 438 li-

175 459 245 491 bris,
267 466 363 486 verum
387 466 440 485 non
455 466 468 485 a
484 457 590 484 Latinis
607 462 634 485 ct
651 458 761 485 illorum
788 458 966 493 sequacibus,

175 505 223 532 sed
239 513 254 531 e
271 509 368 531 contra
383 511 398 530 a
413 503 648 531 contendentibus
671 511 733 530 cum
753 503 858 530 Latinis
879 513 885 530 :
906 510 967 529 ror-

175 550 389 584 ruptiouetnque
402 557 455 576 non
469 557 517 583 per
527 549 698 576 additioncm
712 548 810 581 solum,
821 548 868 576 sed
883 547 968 574 inter-

177 597 242 623 dum
260 603 308 631 per
328 597 514 622 minutionem
534 595 632 622 factam
658 595 752 622 fuisse.
769 595 808 621 lta
825 600 852 621 ut
877 594 969 621 nullus

177 642 294 676 amplius
315 642 402 676 possit
428 641 545 668 Veccum
564 646 592 668 et
625 641 730 667 similes
755 647 882 672 causare,
905 648 967 667 cum

177 688 241 715 libri
258 689 345 715 multo
357 692 504 722 antequam
521 687 604 714 fuerit
615 687 721 714 Veccus
733 687 878 714 veritatem
894 687 968 713 clare

177 735 339 769 probarent.
365 734 399 761 Et
420 734 481 762 bare
497 733 611 768 quidem
633 741 648 760 a
666 738 790 768 tempore
806 733 842 760 ita
855 732 968 759 indubia

177 785 205 807 et
219 789 285 808 vera
309 786 374 808 sunt
399 781 498 815 signa;
516 780 551 807 ab
570 780 630 814 ipso
641 779 722 806 etiam
739 787 838 814 genere
858 778 968 806 dicendi

177 827 344 854 suavissimo
357 831 386 853 et
405 825 589 853 ornatissimo
608 825 679 860 stylo
696 829 770 859 patet
787 824 889 851 nullius
902 824 967 851 alte-

178 873 237 900 rius
251 880 332 907 quam
356 872 448 899 Basilii
466 871 569 898 debere
583 871 659 898 credi
679 871 760 898 istam
771 869 969 896 auctoritatem

177 925 250 945 esse.
272 917 400 944 Attamen
416 917 450 943 ab
466 917 523 950 ipsa
541 916 624 943 etiam
642 915 791 947 sententia,
806 918 834 941 et
848 922 966 949 sequen-

178 964 246 990 tium
259 963 293 989 ad
310 963 491 997 prrecedentia
508 969 636 988 ronnexu
653 961 679 988 id
694 961 780 995 ipsmn
801 960 874 987 clare
892 965 969 994 pate-

178 1010 237 1042 bit;
257 1010 278 1036 si
295 1010 356 1044 qnis
372 1013 479 1036 attente
494 1008 663 1036 consideret.
677 1008 745 1035 Cum
764 1006 918 1045 Ennomius
938 1013 971 1032 ex

178 1063 212 1082 eo
227 1056 300 1089 quod
326 1055 447 1089 Spiritus
465 1060 580 1081 sanctus
597 1054 695 1080 tertius
710 1052 808 1080 ordine
823 1052 971 1086 dignitate-

178 1109 234 1136 que
258 1102 400 1128 diceretur
425 1109 439 1127 ιι
464 1100 632 1135 quibusdam
660 1099 833 1130 doctoribus,
859 1098 970 1125 tertium

179 1149 263 1176 etiam
296 1155 358 1174 eum
395 1153 493 1174 natura
520 1146 685 1181 colligeret,
718 1149 831 1172 sanctus
856 1143 972 1171 Basilius

180 1193 388 1222 conclttsionem
406 1192 478 1219 banc
495 1199 569 1226 aegre
588 1191 692 1221 ferens,
708 1190 797 1217 media
814 1194 903 1216 tamen
915 1196 970 1215 non

180 1245 272 1276 negat,
285 1239 359 1274 quod
374 1239 483 1265 scilicet
494 1237 617 1272 Spiritus
638 1241 755 1264 sanctus
777 1236 877 1262 tertius
898 1238 972 1262 esset

182 1278 315 1321 dignitate
335 1290 363 1313 et
377 1285 497 1316 ordine;
519 1291 581 1311 nam
607 1288 634 1310 et
651 1283 674 1310 si
690 1286 789 1310 contra
805 1281 971 1308 Eunomium

182 1333 316 1363 clamans,
336 1332 384 1363 ait,
398 1331 444 1366 qui
460 1338 526 1358 vero
546 1330 563 1357 ii
580 1329 668 1357 sancti
694 1329 811 1361 fuerint,
827 1333 855 1355 et
869 1328 895 1354 in
912 1327 972 1362 qui-

182 1379 234 1405 bus
255 1385 353 1405 corum
374 1378 555 1405 sermonibus
573 1376 626 1403 hoc
639 1375 797 1406 docuerint.
810 1374 903 1401 dicere
917 1381 972 1400 nun

183 1425 268 1452 audet
286 1434 293 1452 :
309 1432 364 1452 non
391 1424 453 1451 ideo
472 1424 525 1451 hoc
540 1423 618 1453 dicit.
633 1423 696 1457 quia
714 1426 815 1457 negant
838 1420 971 1455 Spiritum

183 1474 315 1497 sanetum‘
334 1471 446 1496 tertium
473 1469 571 1496 ordine
597 1475 670 1499 esse,
688 1468 730 1494 vel
748 1467 803 1494 dici
828 1474 843 1493 a
858 1465 972 1496 sanctis,

183 1515 417 1550 quemadmodum
441 1514 528 1541 nostri
546 1518 621 1540 recte
635 1517 732 1547 putant
756 1512 808 1546 (sic
825 1511 899 1537 enitn
919 1509 973 1536 sibi

183 1563 235 1597 ipsi
250 1563 334 1589 etiam
353 1566 380 1588 et
401 1560 509 1588 veritati
532 1559 671 1586 Contraria
687 1557 819 1591 diceret),
838 1555 885 1583 sed
901 1556 975 1582 illius

184 1609 371 1635 temeritatem
382 1613 453 1641 aegre
467 1605 571 1637 ferens,
583 1609 610 1631 ct
621 1603 827 1631 conclusionem
847 1602 917 1628 hanc
929 1608 975 1627 re-

184 1652 388 1698 trellcns‘quod
402 1651 508 1679 scilicet
519 1651 641 1685 Spiritus
656 1655 768 1676 sanctus
779 1649 875 1675 tertius
890 1648 973 1674 etiam

182 1705 255 1726 esset
270 1692 382 1729 natura.
399 1696 562 1724 Exclamavit
577 1696 686 1727 dicens;
705 1695 750 1729 qui
772 1701 837 1721 vero
851 1694 869 1719 ii
887 1692 974 1719 sancti

183 1745 308 1777 l'ucrint,’
321 1749 349 1771 et
371 1743 398 1770 in
416 1743 517 1778 quibus
542 1749 637 1769 eorum
664 1740 840 1767 sermonibus
860 1739 911 1765 hoc
926 1739 974 1764 do-

184 1791 305 1822 cuerint,
323 1791 415 1817 dicere
433 1797 488 1816 non
512 1788 611 1820 audet;
626 1795 680 1814 non
697 1786 761 1821 quia
788 1793 843 1812 non
872 1784 976 1812 fuerint

184 1837 232 1872 qui
263 1837 314 1863 ltoc
342 1835 487 1868 dixerunt,
525 1835 575 1862 sed
600 1834 665 1868 quia
686 1833 708 1860 si
739 1840 835 1859 eorum
858 1831 977 1859 auctori~

187 1889 270 1911 tatem
300 1890 431 1917 expresse
462 1881 623 1916 atlcgasset,
658 1879 803 1906 manifeste
832 1878 976 1913 apparuis-

184 1935 228 1958 set
253 1938 307 1958 non
332 1930 454 1965 potuisse
483 1929 556 1954 lianc
584 1926 731 1954 absurdatn
755 1925 832 1960 sequi
862 1926 976 1952 conclu-

185 1978 294 2005 sionctn
309 1983 344 2003 ex
364 1975 446 2002 dictis
464 1982 574 2002 eorum.
593 1972 702 2000 Scimus
731 1973 835 1999 etenim
853 1971 926 2006 quod
942 1977 976 1997 ex

186 2032 241 2051 uno
254 2024 336 2050 etiam
355 2021 500 2053 vocabulo,
516 2020 558 2047 vel
577 2019 700 2046 dictione
730 2018 831 2050 ablata,
844 2015 977 2050 superad-

187 2070 242 2096 dita
260 2069 302 2096 vel
332 2068 484 2104 proposita,
502 2071 557 2093 tota
584 2065 700 2092 intentio
726 2068 808 2098 atque
839 2063 976 2090 sententia

187 2117 329 2150 scriptoris
362 2121 503 2147 mutatur;
530 2119 558 2142 et
583 2121 598 2140 e
614 2118 749 2139 converso
765 2118 827 2137 cttm
857 2109 976 2136 ﬁdeliter

187 2163 332 2196 aliegatur,
346 2161 419 2188 clare
433 2168 511 2187 mens
525 2159 584 2194 ejus
603 2159 745 2194 probatur,
765 2157 802 2184 ita
818 2161 847 2183 ut
866 2163 921 2182 non
942 2154 974 2181 li-

189 2214 250 2234 ceat
266 2206 480 2241 tnalrgnantibus
488 2205 694 2233 conclusionem
707 2204 820 2235 inferre,
834 2209 893 2236 qua:
909 2208 976 2236 prte—

189 2254 352 2281 cedentibus
387 2260 441 2279 non
476 2253 634 2279 conveniat.
662 2250 753 2283 Quare
779 2249 801 2276 si
828 2247 979 2275 Ennomius

191 2302 274 2328 etiam
298 2300 440 2334 allegasset
457 2299 649 2326 auctoritatem
678 2303 850 2326 sanctorum,
878 2302 931 2321 non
945 2293 979 2320 li—

190 2347 293 2374 cuisset
307 2346 332 2373 ci
353 2345 518 2372 concludere
534 2344 605 2379 quod
627 2343 814 2375 concluserat;
832 2348 894 2368 nam
911 2346 939 2368 et
958 2339 979 2366 si

192 2394 303 2421 tertium
313 2400 373 2420 esse
389 2393 522 2427 Spiritum
534 2396 658 2418 sanctum
672 2390 800 2417 doctores
814 2388 980 2420 concedunt,

195 2441 307 2468 tertium
332 2444 423 2467 tamen
437 2446 500 2466 eum
519 2445 580 2465 esse
598 2444 695 2463 natura
724 2440 824 2470 negant
837 2440 980 2468 expresse,

193 2495 280 2522 quare
296 2485 494 2521 malignitatem
525 2484 585 2519 ejus
614 2483 755 2510 detestans
771 2481 856 2507 inl'ert
870 2489 877 2513 ;
894 2480 982 2506 fuitne

195 2540 315 2569 unquam
331 2532 369 2559 ita
381 2530 545 2559 temerarius
557 2529 669 2563 aliquis,
684 2528 732 2562 qui
745 2527 838 2554 divina
856 2527 981 2561 dogmata

195 2582 375 2616 perverteret,
392 2582 474 2612 atque
491 2577 656 2602 innovat-et:
673 2579 700 2601 el.
722 2578 797 2609 patet
813 2573 888 2608 qu'od
904 2573 981 2600 novi-

195 2631 278 2653 tatem
304 2625 350 2652 hic
380 2623 505 2650 nominat
520 2620 633 2648 tertium
662 2627 724 2646 esse
739 2623 836 2646 natura
848 2618 981 2653 Spiritum

194 2679 330 2702 sanctum,
364 2677 418 2697 non
442 2673 533 2696 autem
549 2667 647 2694 ordine
670 2671 698 2693 et
720 2666 862 2700 dignitate.
878 2665 982 2700 Nempe

193 2720 267 2747 enim
295 2717 415 2751 scipsnm
444 2714 607 2749 appellasset
627 2719 760 2739 novarutn
780 2720 869 2738 rerum
885 2717 983 2738 aucto-

193 2772 262 2796 retrt,
284 2768 311 2790 et
335 2762 387 2790 sibi
417 2761 466 2795 ipsi
483 2759 620 2787 contraria
637 2760 750 2786 diceret.
768 2758 827 2792 Ipse
849 2759 924 2784 enim
939 2764 983 2785 Bel

192 2821 239 2847 qm
258 2811 394 2846 prtrcipue
414 2808 493 2835 nobis
505 2807 618 2834 credere
633 2806 745 2833 tradidit
761 2804 894 2839 Spiritum
917 2813 980 2831 san-

191 2864 266 2888 ctum
281 2858 392 2887 tertium
407 2864 467 2884 esse
494 2855 590 2882 ordine
607 2859 634 2881 et
648 2854 790 2888 dignitate,
801 2857 829 2879 et
847 2852 917 2879 hanc
934 2860 981 2880 au-

1024 227 1188 256 Ennomium
1204 228 1379 255 sermonibus
1390 228 1459 260 suis,
1474 227 1606 262 dignitate
1630 235 1749 262 namque
1780 228 1824 254 ait

1021 275 1174 301 secundum
1190 281 1252 301 csse
1269 282 1283 300 a
1299 273 1381 305 Filio,
1395 273 1523 300 videlicet
1536 272 1669 308 Spiritum
1684 277 1823 300 sanctum

1021 327 1083 346 cum
1097 319 1131 346 ab
1149 319 1207 353 ipso
1223 327 1282 346 esse
1308 319 1416 351 habeat,
1432 323 1460 345 et
1484 317 1518 345 ab
1547 318 1605 352 ipso
1637 317 1769 352 accipiat,
1786 321 1823 344 -οι

1022 366 1167 392 annuntiet
1177 366 1267 396 nobis,
1283 370 1309 392 et
1321 366 1434 392 omnino
1447 364 1481 391 ab
1498 365 1541 391 illa
1553 371 1634 391 causa
1646 363 1821 397 dependea',

1022 412 1131 446 pietatis
1149 413 1219 439 ratio
1234 412 1326 438 tradit.
1343 411 1430 446 Hujus
1447 411 1521 437 enim
1555 409 1739 440 auctoritatis,
1760 409 1821 436 etsi

1023 465 1077 483 non
1089 463 1185 489 totam,
1204 463 1310 492 partem
1327 461 1417 484 tamen
1434 456 1582 486 admittunt
1596 455 1693 485 nostri,
1713 460 1821 481 cetera

1022 502 1223 533 abscindentes,
1235 510 1266 530 ac
1278 505 1312 529 ita
1320 510 1379 529 eain
1390 502 1554 536 allegantes;
1565 500 1696 535 dignitate
1709 501 1820 526 etenim

1022 549 1159 575 secundus
1173 556 1232 575 esse
1243 557 1256 574 :t
1278 548 1346 575 Filio
1361 547 1570 574 traditfortasse
1593 545 1662 572 ratio
1689 545 1819 580 pietatis,

1022 595 1154 621 addentes
1166 595 1291 622 fortassis
1310 599 1338 622 ιιι
1355 595 1508 622 orationem
1529 592 1641 619 dubiam
1668 592 1785 618 reddant
1806 598 1814 622 ;

1023 649 1083 677 qua:
1096 641 1222 669 dubietas
1241 641 1354 668 omnino
1369 641 1458 668 aliena
1474 648 1490 667 a
1507 643 1598 666 mente
1614 639 1702 666 sancti
1716 637 1817 664 Basilii

1023 697 1071 724 per
1097 697 1145 716 nos
1158 688 1330 723 probabitur.
1347 687 1492 714 Haecenim
1506 694 1559 714 non
1575 693 1625 721 per
1641 683 1818 719 impossibile

1023 739 1134 762 sanctus
1148 734 1192 761 ille
1204 734 1301 760 doctor
1314 733 1407 766 infert,
1422 731 1655 767 quemadmodum
1672 730 1818 765 aliquibus

1024 781 1185 815 ignoranter
1195 780 1283 807 visum
1296 784 1348 811 est,
1359 780 1465 806 scilicet
1477 785 1507 806 ut
1517 786 1608 806 veram
1620 783 1720 804 sanctae
1736 776 1818 804 Scri-

1024 831 1121 860 pturae.
1149 833 1281 860 suamque
1299 826 1455 860 opinionem
1476 832 1617 859 exponens
1636 822 1817 854 considerat,

987 871 1006 896 Π
1023 873 1095 907 quod
1111 880 1230 906 sequens
1241 878 1283 899 est
1298 873 1410 899 tertium
1428 871 1525 898 ordine
1540 871 1613 898 clare
1628 876 1734 905 ponens
1751 868 1818 903 Spi-

1024 919 1105 945 ritum
1122 926 1200 951 esse;
1220 920 1331 945 tertium
1347 926 1413 945 vero
1428 923 1527 945 natura
1548 922 1676 951 tanquam
1694 917 1815 952 impium

1023 965 1168 1000 repellens.
1186 965 1257 992 Audi
1272 965 1375 992 etenim
1397 973 1458 998 quae
1485 965 1519 992 ad
1533 964 1656 998 ejusdem
1669 964 1816 999 probi-tio-

1023 1019 1085 1038 nem
1099 1012 1185 1038 dicit:
1201 1010 1440 1044 Quemadmodum
1454 1011 1539 1042 enim,
1554 1011 1652 1045 inquit,
1670 1011 1757 1038 Filius
1768 1019 1816 1038 or-

1022 1057 1086 1084 dine
1102 1057 1236 1091 quidema
1251 1057 1331 1084 Patre
1343 1057 1481 1084 secundus
1493 1063 1547 1087 est,
1559 1057 1688 1091 quoniam
1703 1058 1737 1084 ab
1754 1058 1815 1084 illo:

1022 1108 1049 1130 et
1066 1103 1206 1138 dignitate,
1222 1103 1352 1138 quoniam
1367 1103 1461 1138 origo;
1483 1108 1511 1130 ct
1540 1110 1624 1130 causa
1640 1103 1749 1130 essendi
1761 1103 1787 1129 ei
1801 1123 1810 1135 ,

1022 1158 1083 1177 ctnu
1096 1150 1156 1184 ejus
1170 1148 1248 1176 Pater
1261 1149 1296 1176 sit
1310 1157 1317 1182 ;
1336 1154 1433 1177 natura
1448 1156 1514 1176 vero
1528 1149 1604 1175 nullo
1617 1149 1698 1175 modo
1711 1156 1816 1176 secun-

1023 1195 1085 1227 dus,
1101 1194 1229 1229 quoniam
1250 1194 1277 1221 in
1295 1199 1413 1228 utroque
1431 1202 1483 1221 una
1500 1200 1542 1221 est
1557 1194 1649 1221 Deitas
1666 1202 1672 1220 :
1711 1194 1749 1220 ita
1766 1194 1813 1220 vi-

1023 1242 1124 1268 delicet
1142 1246 1169 1268 et
1189 1241 1212 1268 si
1229 1241 1362 1276 dignitate
1393 1246 1424 1268 et
1440 1241 1535 1267 ordine
1551 1241 1689 1268 secundus
1714 1248 1728 1266 a
1740 1239 1816 1267 Filio

1023 1293 1074 1318 est,
1113 1295 1167 1313 non
1184 1292 1275 1313 tamen
1301 1286 1397 1313 aliena:
1428 1286 1517 1320 ipsum
1551 1292 1656 1312 natura:
1673 1294 1731 1312 esse
1750 1285 1817 1312 inde

1024 1339 1218 1369 consequetur.
1234 1333 1282 1360 His
1307 1336 1388 1360 etiam
1410 1333 1501 1360 verbis
1519 1333 1604 1368 aliqui
1633 1333 1815 1364 addiderunt,

1025 1388 1181 1415 quanquam
1196 1379 1407 1407 concedendum
1424 1387 1478 1405 non
1494 1379 1548 1406 sit:
1566 1387 1620 1414 quo
1646 1379 1714 1406 nihil
1728 1380 1816 1413 magis

1025 1426 1193 1453 contrarium
1208 1431 1249 1452 est
1264 1425 1408 1452 intentioni
1427 1424 1458 1451 Β.
1472 1425 1576 1456 Basilii,
1589 1425 1635 1458 qui
1650 1425 1676 1451 in
1690 1423 1816 1458 Epistola

1025 1472 1059 1499 ad
1087 1473 1246 1503 canonicos,
1260 1471 1420 1498 Clarissime
1438 1470 1557 1505 Spiritus
1570 1475 1691 1503 sanctus,
1712 1470 1815 1504 inquit,

1026 1518 1098 1544 Patri
1125 1518 1235 1551 quidem
1256 1524 1284 1545 et
1313 1518 1382 1545 Filio
1410 1519 1635 1550 conudmeratur,
1654 1525 1715 1544 cum
1731 1524 1816 1552 supra

1026 1570 1135 1590 omnem
1150 1569 1305 1590 creaturam
1322 1564 1374 1596 sit;
1394 1563 1491 1590 ordine
1517 1571 1581 1590 vero
1600 1563 1697 1590 tertius
1713 1567 1765 1594 est,
1785 1567 1817 1589 ut.

1028 1608 1173 1642 Evangelia
1191 1616 1241 1634 nos
1253 1610 1369 1641 docent,
1391 1609 1506 1635 Domino
1521 1608 1630 1635 dicente
1644 1618 1650 1634 ε
1675 1609 1773 1635 Emttes
1788 1609 1816 1635 in

1026 1654 1174 1680 universum
1192 1656 1319 1680 mundum
1344 1654 1476 1689 baptizata
1491 1654 1518 1680 in
1542 1654 1646 1679 neruine
1677 1654 1777 1685 Patris,
1790 1658 1816 1680 et

1027 1698 1098 1731 Filii,
1115 1703 1138 1725 et
1164 1698 1278 1734 Spiritus
1293 1700 1394 1727 sattcti.‘
1412 1699 1458 1734 qui
1480 1705 1572 1727 autern
1588 1707 1651 1726 eum
1681 1700 1817 1734 prmponit

1027 1745 1106 1779 Filio,
1123 1751 1168 1772 aut
1186 1746 1358 1780 superiorem
1374 1745 1454 1773 Patre
1482 1745 1560 1780 dicit,
1587 1747 1634 1774 hic
1649 1747 1816 1775 contradicit

1029 1793 1075 1819 Dei
1089 1793 1239 1825 traditioni,
1262 1793 1369 1820 alienus
1387 1800 1452 1820 vero
1465 1800 1479 1818 a
1499 1801 1565 1820 sana
1586 1793 1638 1820 ﬁde
1664 1797 1714 1825 est,
1732 1801 1816 1828 quam

1027 1839 1143 1873 accepit,
1162 1838 1328 1865 laudationis
1342 1839 1456 1866 formam
1471 1846 1526 1866 non
1543 1846 1679 1871 servans;
1696 1844 1724 1866 et
1755 1845 1817 1874 post

1029 1892 1113 1918 pauca
1126 1892 1132 1910 :
1143 1884 1233 1916 Quare
1245 1884 1268 1910 si
1281 1884 1344 1918 quis
1354 1884 1427 1911 hunc
1439 1884 1564 1911 ordinem
1573 1884 1716 1918 pervertit,
1730 1885 1815 1919 ipsam

1029 1938 1208 1965 personarum
1242 1930 1432 1958 exsistentiam
1452 1935 1589 1965 totamque
1620 1931 1701 1958 ﬁdem
1726 1937 1815 1966 negat.

1028 1976 1055 2003 Si
1069 1976 1150 2010 igitur
1165 1976 1222 2003 haec
1246 1976 1329 2003 verba
1354 1976 1504 2003 bmsitantis
1519 1981 1547 2003 et
1571 1977 1723 2004 dubitantis
1745 1978 1816 2005 circa

1028 2021 1152 2048 ordinem
1186 2022 1251 2053 sint,
1282 2026 1310 2048 et
1333 2022 1402 2056 ejus,
1431 2023 1477 2056 qui
1539 2030 1615 2049 suam
1652 2025 1813 2051 sententiam

1027 2068 1079 2096 sub
1113 2068 1215 2097 dubiis.
1241 2072 1269 2094 et
1311 2075 1373 2094 cum
1407 2068 1544 2100 fortassis,
1594 2075 1623 2096 et
1659 2077 1811 2104 quanquam

1028 2115 1233 2142 concedendum
1264 2123 1318 2141 non
1355 2115 1392 2142 sit
1429 2115 1558 2149 proferat.
1587 2121 1663 2142 tuum
1691 2117 1811 2150 sitjudi-

1028 2161 1112 2191 cium,
1129 2166 1156 2187 et
1171 2160 1300 2191 aliorum,
1319 2161 1365 2194 qui
1381 2160 1448 2187 recti
1460 2160 1569 2194 judices
1584 2165 1658 2192 sunt,
1671 2165 1698 2187 et
1714 2161 1815 2195 aliqua.

995 2211 1111 2240 Dtenus
1146 2207 1301 2241 intelligant
1328 2209 1381 2232 vim
1423 2207 1572 2238 rationum,
1604 2211 1632 2232 et
1661 2206 1813 2242 dog-malum

1033 2258 1187 2279 veritatem.
1220 2252 1322 2278 Deinde
1346 2260 1400 2279 non
1417 2252 1501 2287 pudet
1525 2260 1573 2279 eos
1600 2257 1681 2280 tantae
1713 2260 1817 2280 contra-

1034 2297 1138 2325 rietatis
1164 2302 1289 2324 sanctum
1317 2298 1458 2325 doctorem
1495 2305 1638 2329 accusare,
1672 2298 1727 2325 imo
1755 2307 1815 2326 vero

1034 2344 1206 2379 ignorantiae,
1218 2344 1240 2371 si
1257 2344 1338 2372 modo
1352 2345 1464 2379 quidem
1484 2345 1593 2371 tertium
1611 2350 1641 2371 ut
1656 2353 1710 2372 non
1725 2345 1817 2373 liceret

1033 2392 1137 2425 absque
1166 2391 1282 2417 crimine
1300 2391 1460 2425 impietatis,
1477 2395 1505 2418 et
1527 2391 1612 2418 totius
1628 2391 1690 2418 ﬁdei
1708 2399 1815 2425 perver-

1033 2437 1138 2462 sionent
1153 2435 1228 2463 hunc
1241 2436 1368 2463 ordinetn
1385 2443 1504 2468 mutare,
1521 2437 1602 2464 tnodo
1617 2436 1741 2463 fortassis
1756 2444 1814 2464 eum

1033 2490 1095 2509 esse
1110 2483 1260 2509 secundum
1274 2491 1289 2510 a
1304 2483 1374 2510 Filio
1386 2483 1470 2514 dicat.
1488 2488 1515 2510 et
1534 2484 1587 2510 alia
1618 2483 1813 2518 hujuscemodi.

1038 2527 1094 2562 Ego
1114 2535 1178 2555 vero
1195 2534 1263 2556 teste
1282 2529 1338 2556 Deo
1355 2530 1442 2556 vicem
1477 2537 1574 2557 eorum
1592 2530 1638 2564 qui
1653 2530 1712 2556 btec
1743 2535 1817 2556 autu-

1034 2581 1110 2601 mant
1135 2575 1214 2601 doleo
1229 2581 1256 2602 et
1272 2583 1322 2609 pro
1338 2575 1379 2602 eis
1396 2583 1438 2602 nte
1457 2576 1549 2610 pudet.
1572 2576 1600 2602 Si
1619 2584 1682 2602 vero
1698 2576 1749 2611 ipsi
1767 2583 1817 2602 non

1034 2622 1166 2652 sentiunt,
1180 2622 1280 2648 mirum
1299 2626 1342 2648 est
1360 2622 1492 2656 profecto.
1505 2621 1583 2654 Quod
1598 2627 1689 2660 autem
1711 2629 1814 2649 onmem

1034 2675 1129 2694 eorum
1155 2667 1352 2702 impudentiam
1374 2672 1500 2699 enervat,
1515 2667 1567 2694 hoc
1584 2672 1637 2700 est,
1650 2668 1722 2702 quod
1739 2668 1765 2695 in
1779 2668 1817 2696 his

1036 2720 1131 2742 contra
1148 2714 1314 2741 Eunomiutn
1336 2716 1489 2743 rationibus
1504 2715 1562 2743 suis
1577 2720 1638 2750 post
1656 2718 1740 2742 multa
1756 2724 1817 2744 con-

1037 2761 1151 2788 cludetts
1164 2761 1208 2787 hic
1220 2762 1316 2788 doctor
1327 2761 1408 2788 infert
1422 2771 1428 2789 :
1440 2762 1478 2788 lla
1487 2767 1514 2790 et
1530 2762 1649 2796 Spiritus
1659 2767 1767 2790 sanctus
1780 2763 1818 2789 di-

1036 2808 1138 2840 gnitate
1151 2807 1260 2841 quidem
1274 2813 1301 2833 ct
1314 2808 1410 2834 orditte
1426 2809 1562 2834 secundus
1579 2813 1640 2842 post
1653 2808 1750 2835 Filium
1762 2813 1817 2842 est;

1035 2853 1191 2887 accepimus
1207 2853 1280 2880 enim
1291 2860 1353 2880 cum
1366 2854 1475 2881 tertiqu
1488 2862 1502 2880 a
1513 2854 1590 2881 Patre
1605 2859 1633 2881 et
1646 2853 1716 2881 Filio
1731 2861 1819 2882 nttme~
