1920 3063
177 109 229 156 tl?)

657 124 912 154 BESSARIONIS
927 125 955 156 S.
978 126 1014 155 li.
1034 125 1069 156 E.
1083 126 1320 157 CARDINALIS

1754 123 1819 156 416

179 179 257 207 alteri
279 186 331 206 non
370 178 534 212 relinquitur
580 180 666 206 locus.
696 180 724 207 Si
768 181 851 215 igitur
879 182 967 216 ipsum
982 183 1006 212 Α
1021 188 1082 208 mus
1097 183 1246 209 secundum
1261 183 1462 210 mcumenicum
1483 182 1630 210 concilium
1643 181 1816 218 Symbolum

178 226 276 260 dogma
300 223 396 250 falsum
424 231 484 251 esse
509 224 697 258 probaremus,
715 225 780 252 illud
796 227 896 253 addere
913 233 966 253 non

179 271 262 298 licere
276 269 450 297 manifestum
473 274 555 300 esset.
573 277 622 297 nec
634 270 805 304 probandum
817 275 899 301 esset,
912 279 965 298 non

180 317 262 344 licere
292 316 358 343 illud
385 316 497 342 addere.
520 318 608 347 Quare
624 324 678 343 uno
694 318 845 343 certamine
877 321 965 344 tottttn

181 363 363 397 perliciemus,
374 361 520 392 aiebattt,si
534 361 697 396 incipiemus
712 369 726 388 a
736 362 872 396 dogmate.
887 362 967 389 etiam

181 409 248 437 illud
270 409 369 436 falsum
387 415 449 436 esse
474 408 590 442 probare
607 408 770 442 poterimus.
785 407 863 441 Quod
876 414 968 436 autem

184 463 235 483 nec
253 457 339 490 ipsam
353 455 497 481 veritatem
517 454 725 481 liceret'addere
739 455 865 488 probato,
884 459 970 481 resta—

182 502 222 528 bit
249 502 340 528 adhuc
355 501 444 534 ipsum
465 500 563 534 dogma
581 507 715 526 verumne
750 508 785 526 an
818 500 916 527 falsum
934 501 970 528 sit

182 548 308 581 probare.
325 546 387 573 llaec
398 551 488 574 autern
503 554 565 573 cum
575 546 671 572 dicens
686 546 852 580 persuadere
866 546 970 574 nostris

183 602 236 620 nou
256 595 419 627 potuissem.
437 592 542 619 scilicet
556 593 590 619 de
610 592 657 618 illo
683 592 773 627 primo
794 593 894 619 vellent
909 600 970 618 om-

184 641 250 667 nino
273 640 415 673 disputare
435 647 442 671 ;
464 643 608 673 propterea
631 639 703 672 quod
735 639 868 672 putabant
901 639 971 666 hanc

183 685 395 721 probabiliorem
413 689 528 718 partem.
548 685 643 711 volens
674 692 722 711 eos
737 684 876 711 dehortari
893 694 900 712 :
915 685 969 712 dixi

185 733 210 758 in
226 731 394 758 cnnlrariuut
413 735 533 764 quatuor
553 730 674 757 rationes
688 730 822 757 duntaxat
837 735 971 764 praesente

183 776 388 810 sapientissimo
399 776 563 808 imperatore
580 779 686 807 nostro,
698 782 767 809 quas
781 774 870 801 Latini
887 775 969 802 etiam

184 829 278 858 postea
311 822 496 854 adduxerunt,
525 829 648 856 quasque
677 822 750 848 inter
778 821 900 848 rationes
922 829 971 856 per

184 870 300 897 Latinos
331 869 457 896 inductas
485 866 596 901 audies;
623 868 724 902 quibus
754 868 903 902 probabam
944 873 972 895 et

185 917 268 952 hujus
284 916 323 942 rei
337 914 497 945 falsitatem,
515 918 543 940 et
558 913 631 946 quod
657 913 804 940 ridiculum
826 914 862 941 sit
877 918 974 948 putare

185 963 328 989 veritatem
358 968 411 987 non
441 960 524 988 licere
548 960 670 986 addere:
687 967 756 994 quas
786 959 854 987 etsi
880 959 973 987 nullus

185 1008 360 1043 praesentium
375 1006 481 1035 solvere
492 1007 623 1041 potuerit,
644 1006 716 1040 quod
732 1011 822 1032 tamen
834 1005 971 1037 volebant,

186 1054 238 1081 hoc
263 1058 433 1086 statuerunt,
450 1057 478 1080 et
507 1060 558 1087 ego
590 1051 738 1086 sequebar,
757 1051 973 1090 dicere'quidem

184 1107 245 1134 quae
261 1099 423 1134 expedirent
437 1098 555 1130 nationi,
569 1103 598 1124 et
614 1098 712 1125 honori
728 1098 798 1133 ejus,
813 1102 912 1132 putans
931 1105 974 1124 me

184 1147 287 1173 debere
301 1147 355 1174 Deo
368 1150 395 1173 et
415 1145 466 1180 ipsi
494 1145 609 1177 natiOni,
638 1144 738 1172 deinde
761 1152 827 1171 vero
843 1144 974 1179 majorem

185 1199 288 1228 partem
320 1193 399 1228 sequi
432 1197 461 1219 et
487 1200 541 1219 una
561 1199 622 1218 cum
640 1191 680 1218 eis
704 1195 844 1218 certamen
867 1190 973 1217 subire.

185 1240 358 1274 Sequebatur
384 1239 467 1266 etiam
497 1237 693 1265 serenissimus
719 1237 878 1271 imperator,
909 1236 975 1263 licet

183 1286 209 1314 ei
227 1295 280 1313 non
297 1286 416 1321 placeret
445 1286 496 1325 hoc
524 1284 679 1315 consilium,
709 1284 812 1310 veritus
829 1288 918 1310 tamen
940 1290 975 1309 ne

184 1333 247 1367 quis
263 1331 449 1367 ignorantium
466 1338 529 1358 cum
550 1335 658 1364 putaret
672 1329 726 1355 vim
739 1329 857 1363 aliquam
871 1328 912 1355 eis
936 1328 975 1354 iu-

183 1379 266 1406 ferre.
279 1379 435 1414 lucc-pimus
452 1377 534 1412 igitur
561 1384 622 1402 cum
632 1375 735 1402 Latinis
747 1375 897 1409 disputare,
910 1382 974 1409 pro-

184 1425 251 1453 bare
259 1425 381 1452 volentes
395 1423 474 1453 nihil,
488 1430 536 1449 nec
550 1422 635 1456 ipsam
648 1421 787 1448 reritatetn
802 1422 885 1448 lit-ere
898 1421 975 1456 Sym-

184 1471 248 1499 bolo
261 1471 369 1498 Patrum
384 1470 502 1500 addere;
516 1471 572 1494 tota
586 1474 651 1493 vero
661 1466 700 1492 vis
714 1472 805 1493 nostra
818 1467 844 1493 in
859 1466 976 1493 decretis

1019 226 1157 253 Niczennm
1174 227 1200 255 in
1218 227 1344 261 plurimis
1362 232 1482 255 mutasse
1511 228 1613 262 partim
1643 227 1818 259 auferendo,

1020 273 1117 306 partim
1135 273 1272 304 addendo,
1290 280 1344 300 non
1362 272 1565 300 licebatdicere
1577 277 1640 300 ante
1654 273 1818 300 secundum

1019 318 1167 346 concilium
1184 319 1255 346 hanc
1272 319 1466 346 inbibitionem
1492 319 1590 346 factata
1608 319 1715 353 fuisse;
1735 319 1820 354 ipsos

1020 365 1121 391 etenim
1138 370 1247 392 sanctos
1265 365 1359 392 Patres
1374 365 1488 392 secundi
1501 365 1609 392 concilii
1625 365 1820 392 anathematis

1021 417 1082 437 reos
1113 410 1279 439 fecissemus
1294 432 1301 443 ,
1324 412 1370 446 qui
1389 412 1488 446 partiut
1514 411 1691 443 addiderunt,
1709 412 1816 445 partim

1020 456 1211 485 diminuerunt
1247 458 1358 485 Nicmno
1399 457 1540 493 Symbolo.
1582 457 1630 485 His
1664 457 1748 492 igitur
1776 458 1818 483 ita

1021 502 1179 535 declaratis,
1201 504 1346 531 considera
1372 511 1433 538 qua:
1448 511 1481 530 ex
1505 503 1538 531 iis
1572 511 1632 538 qua:
1653 502 1818 537 Ephesinus

1020 549 1213 582 propositurus
1221 555 1290 582 erat,
1304 549 1524 577 incomenientia
1535 550 1732 584 Sequebantur.
1742 548 1818 576 Cum

1020 594 1094 620 enim
1110 600 1222 622 sanctus
1235 595 1392 629 Apostolus,
1407 595 1503 622 beatus
1532 603 1644 630 quoque
1662 595 1818 630 Dionysius

1022 641 1108 668 multo
1120 648 1243 669 anienon
1258 643 1347 669 solum
1362 641 1521 674 secundam,
1535 641 1582 668 sed
1598 642 1680 668 etiam
1692 641 1817 676 primam

1022 688 1155 723 synodum
1185 688 1297 719 fuerint,
1326 688 1349 715 si
1369 695 1409 715 ea;
1426 687 1605 715 auctoritates
1619 687 1703 721 ipsam
1728 686 1822 713 etiam

1022 734 1166 762 veritatem
1182 734 1318 767 inhibent,
1331 742 1365 761 ne
1379 734 1440 768 quis
1456 741 1516 761 eam
1534 733 1576 761 vel
1589 732 1697 764 doceat,
1711 733 1755 759 vel
1765 732 1818 758 ad-

1024 780 1072 806 dat
1089 780 1222 816 Symbolo
1246 780 1297 807 sub
1315 780 1499 811 anathemate.
1521 784 1549 806 et
1563 778 1677 806 secundi
1702 778 1817 805 concilii

1024 825 1119 853 Patres
1129 830 1234 858 essent,
1248 827 1294 861 qui
1307 831 1345 853 tot
1362 826 1550 853 additionibus
1563 829 1589 852 et
1612 824 1818 852 minutionibus

1025 871 1124 899 Nicaeni
1135 873 1247 900 concilii
1262 872 1421 908 Symbolum
1435 872 1598 904 alterarunt,
1609 871 1695 906 etipsi
1710 870 1818 898 Nicmnl

1024 919 1132 946 concilii
1150 918 1254 951 Patres,
1272 919 1317 954 qui
1345 926 1401 953 quo
1416 923 1478 945 ante
1495 925 1543 945 eos
1565 917 1695 944 Ecclesia:
1716 916 1816 943 uteba-

1025 969 1070 991 tur
1100 963 1261 1000 Symbolum
1282 965 1422 999 plerisque
1447 964 1475 990 in
1503 963 1628 998 partibus
1645 963 1705 998 ejus
1721 967 1818 989 muta-

1025 1014 1101 1037 runt.
1136 1010 1164 1037 Si
1189 1015 1280 1037 autem
1297 1011 1354 1038 haec
1375 1010 1468 1045 opinio
1479 1017 1530 1036 nec
1540 1009 1685 1044 cogitanda
1701 1009 1816 1044 quidem

1026 1060 1154 1090 tanquam
1182 1056 1263 1090 impia
1289 1057 1334 1087 sit.
1363 1060 1445 1090 patet,
1475 1056 1548 1090 quod
1574 1055 1619 1082 illa
1642 1055 1773 1087 inhibuit,
1787 1060 1819 1082 et

1024 1101 1187 1135 Apostolus.
1204 1106 1232 1128 ct
1245 1101 1391 1136 Dionysius
1405 1101 1515 1132 docere,
1535 1107 1642 1135 sapere,
1675 1100 1818 1135 evangeli—

1026 1155 1101 1179 zare,
1119 1153 1147 1175 et
1158 1148 1280 1183 cogitare
1293 1156 1353 1182 qum
1367 1147 1432 1175 falsa
1458 1147 1576 1182 ﬁdeique
1590 1146 1730 1174 catholica:
1745 1153 1818 1173 con-

1026 1193 1108 1220 traria
1124 1198 1188 1221 sunt
1202 1202 1209 1225 ;
1224 1194 1295 1228 qttod
1309 1194 1330 1220 si
1347 1194 1414 1221 falsa
1427 1194 1546 1227 inhibet,
1556 1201 1605 1220 nos
1617 1200 1706 1222 autem
1715 1200 1818 1220 eorum

1026 1241 1205 1267 auctoritates
1222 1245 1351 1275 tanquam
1366 1241 1566 1275 tequivalentcs
1584 1241 1702 1268 decretis
1718 1239 1819 1267 conci-

1025 1284 1124 1312 liorum
1133 1286 1364 1320 producehamus,
1376 1292 1457 1322 patet.
1468 1287 1540 1322 quod
1553 1287 1634 1314 etiam
1645 1287 1754 1314 decreta
1767 1287 1821 1313 Pa-

1028 1337 1099 1360 trum
1111 1332 1177 1360 falsa
1189 1333 1314 1360 inhibent
1324 1342 1358 1361 tte
1370 1334 1499 1369 Symbolo
1506 1334 1652 1365 addantur,
1663 1338 1820 1361 nouantem

1027 1387 1088 1413 quae
1105 1387 1168 1406 vera
1193 1384 1267 1406 sunt.
1284 1380 1375 1414 Itaque
1400 1381 1426 1407 in
1443 1381 1502 1415 ipso
1520 1381 1608 1415 primo
1627 1388 1776 1415 congressu
1791 1385 1821 1408 ct.

1029 1427 1119 1458 primo
1131 1425 1175 1452 die
1187 1425 1306 1453 convicti
1321 1430 1348 1452 et
1361 1426 1495 1460 proﬂigati
1512 1425 1745 1453 tuissemus.Cum
1764 1433 1820 1451 au-

1029 1475 1083 1497 tem
1106 1471 1165 1498 haec
1178 1478 1228 1505 ego
1244 1472 1404 1504 sensissem,
1415 1472 1569 1498 rationibus
1583 1471 1717 1506 praedictis
1733 1472 1776 1498 vix
1791 1471 1818 1498 ei

185 1522 342 1545 sanctorum
356 1521 384 1543 et
394 1521 628 1543 mcutnentcorum
651 1513 829 1540 conciliorum
845 1513 976 1540 consistc-
990 1532 1012 1562 ε
1031 1517 1165 1551 persuasi,
1176 1521 1205 1543 ut
1219 1517 1279 1543 illas
1289 1517 1467 1544 auctoritates
1479 1526 1533 1544 non
1549 1523 1724 1553 proponeret.
1734 1518 1819 1545 Exiis

185 1565 243 1596 bat,
260 1564 287 1591 in
305 1563 405 1598 quibus
419 1563 490 1589 circa
502 1562 582 1588 tinem
600 1562 689 1593 aiunt,
704 1569 757 1588 non
775 1562 857 1588 licere
877 1566 975 1595 przeter

186 1615 244 1640 hac
261 1611 340 1638 aliam
362 1609 440 1636 tidem
471 1607 646 1635 conscribere
658 1626 666 1638 ,
679 1613 726 1634 aut
744 1615 849 1642 sapere,
865 1613 911 1633 attt
928 1608 976 1634 do-

185 1666 260 1690 oere,
272 1662 299 1684 et
313 1662 410 1683 caztera
428 1653 628 1689 hujuscemodi.
656 1652 770 1685 Quando
797 1652 976 1679 ridiculosum

186 1704 263 1739 quid,
281 1704 409 1736 ctmagni
429 1701 558 1735 vituperii
579 1699 694 1734 dignum
713 1707 791 1733 passa
811 1699 906 1725 fuisset
923 1705 977 1726 tota

186 1751 271 1782 natio,
287 1756 314 1777 et
330 1756 379 1775 nos
389 1755 484 1774 otnnes
498 1755 546 1781 per
559 1746 731 1780 prudentiam
749 1745 813 1772 boni
836 1745 975 1782 Ephesini,

184 1797 236 1823 nisi
252 1803 302 1831 ego
318 1794 441 1821 smticns
453 1792 665 1826 inxpedivissem.
686 1791 741 1818 Una
763 1791 837 1817 enim
853 1799 914 1817 cum
930 1792 974 1818 (le«
993 1828 995 1831 i

185 1842 266 1869 cretis
282 1842 394 1868 Patrum
409 1839 476 1866 illud
502 1845 611 1874 quoque
621 1837 741 1871 Apostoli
759 1837 791 1864 ad
810 1837 918 1864 Galatas
938 1838 976 1864 al-

185 1889 273 1923 legare
286 1888 405 1918 volebat,
422 1885 556 1912 dicentis;
571 1885 600 1911 Si
617 1885 674 1918 quis
699 1883 770 1910 vobis
788 1884 862 1910 aliud
880 1889 977 1918 prarler

184 1943 264 1969 quam
290 1933 390 1960 Irudidi
417 1932 488 1958 vobis
516 1930 709 1964 ct'ungelizatus
728 1929 817 1964 fuerit,
834 1931 977 1957 anathema

183 1982 230 2008 sit.
244 1981 309 2008 ltem
317 1979 403 2006 sancti
417 1977 536 2012 Dionysii
549 1977 761 2011 At‘eopagitwde
775 1975 876 2003 divinis
891 1977 978 2003 nomi-

186 2028 268 2055 nibus
297 2025 488 2054 auctoritatem
517 2023 633 2050 dicentis
645 2042 652 2055 ,
665 2022 783 2050 Omnino
797 2023 889 2057 itaque
909 2023 976 2050 nihil

186 2078 229 2101 est
244 2073 410 2104 audendum,
426 2071 466 2097 rel
484 2071 587 2101 dicere.
617 2069 659 2098 vel
680 2069 798 2104 cogitare
817 2075 915 2104 prmter
932 2069 976 2096 illa

185 2128 246 2154 quae
262 2118 402 2146 divinitus.
418 2125 434 2144 e
454 2117 540 2144 sacris
555 2115 675 2142 oraculis
691 2115 771 2142 nobis
791 2115 887 2142 tradita
901 2119 975 2141 sunt.

188 2165 302 2193 Volebat
318 2165 409 2198 itaque
426 2171 473 2197 per
490 2163 541 2189 ista.
558 2162 639 2188 etiam
669 2161 785 2196 probare
814 2169 867 2188 non
892 2161 975 2187 licere

1028 1562 1122 1596 itaque
1133 1561 1198 1588 licet
1210 1562 1284 1589 illius
1301 1562 1434 1595 ltominis,
1450 1568 1479 1590 et
1493 1563 1592 1597 ingenii
1609 1564 1669 1597 ejus
1679 1563 1820 1590 subtilita-

1031 1606 1230 1640 temjudicare,
1247 1609 1365 1641 etqualc
1380 1608 1404 1634 ei
1415 1607 1549 1642 judicium
1566 1609 1592 1634 in
1609 1608 1819 1636 sublimioribus

1029 1652 1074 1684 sit,
1088 1652 1110 1679 si
1128 1653 1184 1679 ha'c
1199 1660 1242 1678 res
1256 1661 1319 1679 cum
1333 1659 1385 1680 tant
1404 1653 1547 1680 manifesta
1565 1654 1678 1680 latebat.
1693 1653 1756 1681 Haec
1771 1663 1820 1682 au-

1029 1703 1081 1724 tem
1093 1699 1155 1726 dico
1171 1706 1225 1725 non
1240 1699 1300 1733 ejus
1316 1699 1634 1734 repreltcndendicausa,
1645 1700 1725 1735 longe
1742 1701 1817 1728 enim

1028 1746 1062 1773 ab
1076 1747 1126 1773 hoc
1137 1746 1299 1777 absum,sed
1312 1752 1341 1773 ttt
1355 1747 1494 1773 auditores
1506 1746 1666 1773 admoneam
1678 1751 1707 1774 ut
1717 1746 1768 1775 sibi
1780 1749 1816 1776 ab

1028 1791 1090 1822 eius
1104 1791 1279 1818 sermonibus
1293 1795 1418 1818 caveant.
1447 1791 1631 1819 Discutientes
1647 1793 1729 1827 igitur
1747 1795 1818 1822 hanc

1028 1838 1220 1873 qumstiornem,
1237 1842 1264 1866 et
1281 1838 1316 1866 de
1332 1846 1365 1865 ea
1390 1838 1497 1873 publice
1517 1846 1580 1865 cum
1598 1839 1702 1866 Latinis
1721 1840 1816 1875 dispu-

1031 1888 1130 1916 tantes,
1147 1885 1210 1911 dtttn
1228 1885 1254 1911 in
1270 1885 1413 1919 principiis
1431 1889 1459 1912 et
1492 1885 1564 1913 circa
1591 1887 1722 1921 prooemia
1740 1894 1815 1914 esse-

1030 1938 1100 1960 mus.
1112 1938 1163 1957 nos
1173 1930 1338 1958 videbamur
1355 1937 1504 1965 superare:
1523 1931 1646 1958 nondum
1672 1931 1746 1959 enim
1766 1933 1815 1960 ali-

1028 1977 1094 2011 quid
1109 1976 1223 2009 diguum
1237 1976 1310 2010 quod
1326 1976 1359 2003 ad
1390 1977 1554 2010 propositam
1573 1984 1629 2004 rem
1646 1977 1759 2010 faceret,
1771 1979 1815 2006 di-

1028 2029 1103 2050 ctum
1119 2031 1133 2049 a
1152 2023 1256 2050 Latinis
1269 2022 1332 2050 fuit.
1347 2022 1462 2055 Quando
1479 2022 1541 2058 (etsi
1569 2023 1672 2058 absque
1686 2032 1816 2060 arrogan-

1030 2070 1065 2097 tia
1082 2069 1197 2104 dictum)
1212 2069 1335 2104 potiores
1357 2069 1391 2095 ad
1409 2068 1480 2095 hanc
1495 2076 1551 2095 rem
1569 2077 1601 2096 ex
1618 2075 1693 2104 parte
1722 2077 1814 2099 nostra

1029 2113 1171 2148 producta:
1195 2113 1316 2140 rationes
1333 2121 1347 2140 a
1368 2121 1411 2140 me
1428 2118 1455 2141 et
1479 2114 1608 2146 inventae,
1622 2120 1649 2141 et
1663 2115 1744 2142 dicta:
1758 2116 1815 2143 l‘ue-

1029 2165 1103 2191 runt.
1117 2164 1201 2187 testes
1214 2165 1279 2188 sunt
1293 2159 1340 2195 qui
1358 2159 1514 2187 adfuerunt.
1526 2160 1593 2188 Cum
1606 2166 1696 2189 autem
1709 2170 1814 2190 succes-

188 2218 240 2238 nec
254 2211 339 2245 ipsam
364 2209 447 2236 etiam
464 2208 607 2235 veritatem
637 2207 738 2233 addere
754 2206 893 2242 Symbolo.
919 2206 976 2233 lloc
993 2208 1014 2234 D
1028 2208 1097 2234 cerit
1112 2207 1139 2233 in
1158 2214 1286 2234 sermone
1306 2207 1426 2241 optimus
1441 2207 1485 2233 ille
1511 2207 1553 2233 vir
1568 2207 1692 2235 Julianus
1724 2208 1752 2235 S.
1781 2208 1812 2236 ll.

185 2261 278 2284 autem
293 2259 421 2290 quantam
450 2254 528 2281 nobis
548 2254 713 2280 derisioncm
724 2253 842 2285 iecisset,
858 2257 884 2280 et
899 2253 973 2287 quod

188 2304 215 2330 in
233 2303 293 2337 ipso
310 2303 434 2335 ingressu
455 2300 591 2327 convincti
619 2305 647 2326 et
668 2299 800 2334 proﬂigati
814 2299 972 2332 [uim-emus,

188 2349 253 2376 hinc
280 2349 392 2376 senties.
409 2347 476 2374 Tota
503 2346 574 2373 ratio
592 2351 698 2376 nostra.
713 2354 765 2380 qua
791 2346 974 2374 credebamus

188 2397 259 2424 hanc
272 2403 328 2422 rem
344 2402 423 2429 posse
439 2393 559 2429 probari,
577 2392 604 2419 in
622 2391 704 2419 dictis
719 2392 791 2419 tertii
808 2393 973 2420 tecumenici

185 2441 296 2470 concilii
310 2440 439 2475 Ephesini
455 2438 637 2471 consistebat;
663 2445 725 2465 cum
753 2445 975 2465 asseveraremus

187 2489 260 2516 illam
293 2488 407 2522 primam
423 2486 450 2513 in
478 2486 531 2512 line
558 2485 601 2512 sui
615 2484 722 2512 decreti
739 2483 811 2511 hanc
826 2483 973 2513 inhibitio-

186 2542 250 2562 nem
279 2534 313 2561 de
338 2539 502 2568 quacunque
528 2530 655 2558 videlicet
671 2530 815 2557 additione
837 2530 971 2559 edidisse.

186 2581 253 2608 Nam
278 2580 330 2607 etsi
349 2586 404 2606 non
424 2578 460 2605 sit
474 2585 568 2604 verum
587 2576 667 2603 talem
697 2576 890 2604 inhibitiunem
908 2577 974 2604 illud

185 2627 332 2654 concilium
353 2626 461 2657 fecisse,
480 2624 527 2658 qui
555 2627 645 2650 tamen
674 2623 841 2651 contendere
864 2624 971 2656 volunt,

187 2677 302 2710 possunt
325 2671 429 2706 aliquid
454 2669 605 2704 adjumenti
636 2669 702 2696 ltinc
735 2669 836 2696 habere
863 2676 975 2705 propter

186 2718 430 2753 mquivocationem
444 2721 471 2744 et
484 2715 691 2750 ambiguitatem
709 2716 868 2743 verborum.
886 2715 973 2742 Causa

187 2771 252 2790 vero
268 2770 317 2789 cur
339 2762 447 2789 tertium
466 2762 612 2788 concilium
639 2761 759 2796 primum
778 2761 848 2788 hanc
870 2761 974 2787 inhibi-

187 2808 288 2834 tiunem
307 2807 403 2835 fecisse
416 2807 543 2840 dicimus,
557 2812 600 2835 est
615 2808 712 2842 primo,
722 2805 792 2840 quod
809 2805 876 2832 Acta
893 2805 974 2839 primi

191 2853 301 2881 concilii
315 2861 452 2890 nusquam
467 2853 658 2890 reperiuntur;
675 2851 797 2881 secundo
813 2859 874 2879 eum
890 2851 974 2879 scirc-

1031 2254 1061 2281 E.
1081 2253 1231 2280 cardinalis
1243 2252 1330 2280 sancti
1354 2252 1448 2287 Angcli
1465 2252 1653 2287 dignissimus,
1682 2256 1765 2281 multa
1787 2263 1814 2282 et

1029 2300 1142 2334 quidem
1161 2299 1305 2334 potissima
1317 2299 1344 2325 in
1363 2299 1483 2326 medium
1497 2298 1625 2331 adduxit,
1638 2299 1740 2334 quibus
1754 2308 1814 2335 pro-

1031 2344 1146 2379 positam
1161 2344 1342 2379 quaestionem
1353 2344 1390 2370 ita
1411 2344 1485 2371 clare
1500 2348 1527 2371 et
1539 2344 1707 2373 suﬂicienler
1719 2346 1813 2380 proba—

1030 2392 1078 2423 vit,
1093 2389 1309 2418 demonstrando
1328 2390 1412 2417 licere
1425 2389 1570 2417 veritatem
1587 2398 1696 2426 semper
1709 2391 1810 2419 addere

1031 2435 1094 2463 ﬁdei
1111 2436 1241 2472 Symbolo
1255 2455 1262 2468 .
1276 2435 1429 2471 praesertim
1441 2443 1503 2463 cum
1516 2436 1665 2463 necessitas
1681 2442 1770 2472 cogat,
1787 2443 1813 2465 et

1030 2483 1184 2510 auctoritas
1198 2482 1299 2509 summi
1324 2481 1462 2516 pontiﬁcis
1479 2481 1602 2516 accedat,
1628 2487 1658 2510 ut
1671 2483 1738 2510 nihil
1753 2491 1811 2517 nos,

1029 2537 1186 2564 quanquam
1199 2529 1247 2556 diu
1264 2529 1434 2563 multumque
1451 2529 1675 2563 cogitaverimus,
1695 2535 1804 2558 contra-

1030 2576 1123 2603 dicere
1156 2576 1337 2610 potuerimus.
1363 2574 1429 2607 Quae
1456 2582 1518 2601 cum
1537 2576 1622 2602 multa
1642 2576 1754 2608 iuerint,
1770 2577 1810 2604 illa

1030 2622 1340 2657 tamen,qu:ememoria
1357 2626 1447 2654 teneo,
1462 2622 1507 2649 ltic
1523 2630 1669 2657 exponam,
1688 2627 1717 2649 ut
1733 2623 1809 2650 etiam

1030 2669 1112 2704 hujus
1128 2669 1168 2695 rei
1184 2668 1328 2695 veritatem
1344 2669 1493 2703 intelligas.
1510 2669 1563 2696 Sed
1582 2674 1647 2697 ante
1668 2670 1724 2696 haec
1738 2677 1810 2697 sum-

1031 2722 1103 2741 mam
1125 2719 1278 2742 nostratum
1304 2714 1454 2748 rationum,
1478 2719 1505 2741 et
1528 2715 1701 2750 potissimam
1729 2717 1810 2746 audi.-

1031 2760 1057 2787 in
1089 2761 1142 2787 line
1171 2761 1347 2788 decretorum
1375 2761 1525 2796 cujuslibet
1551 2763 1622 2790 sacri
1651 2763 1809 2790 cucumenici

1030 2806 1140 2833 concilii
1160 2814 1175 2832 a
1193 2807 1273 2833 tertio
1301 2806 1456 2833 inchoando
1485 2807 1519 2833 de
1552 2809 1636 2835 Verbo
1651 2809 1686 2835 ad
1700 2808 1808 2835 verbum

1030 2852 1068 2880 sic
1085 2852 1220 2880 habetur:
1233 2852 1280 2880 llis
1296 2853 1374 2880 lectis
1385 2853 1551 2881 determinat
1571 2859 1666 2882 sant-ta
1686 2854 1809 2887 synodus.
