1920 3063
90 136 145 168 ιη

563 137 611 167 DE
628 137 888 168 I‘RUCESSIONE
906 138 1088 169 Si’lRiTUS
1110 139 1261 169 SANCJI.

1671 142 1726 173 4‘8

88 194 160 220 nulli
176 193 258 220 licere
273 192 352 219 aliam
381 191 460 219 fiicm
478 191 610 226 proferre,
638 199 683 219 attt
703 200 880 227 componere,
899 199 918 224 Α
936 194 1029 220 onmia
1047 195 1177 229 Symbolo
1196 195 1298 223 Nicaeni
1323 196 1452 229 concilii,
1476 197 1629 232 eademque
1656 199 1725 226 fide.

87 243 140 266 aut
156 245 264 272 sapere,
278 242 325 264 attt
338 237 438 264 docere
452 236 544 263 aliter.
556 236 607 269 Qui
625 244 689 263 vero
705 236 757 264 ltoc
765 237 885 264 audeant

88 284 196 317 facere,
216 283 310 311 clerici
326 284 483 317 priventur,
513 283 574 310 laici
601 282 883 310 anathematizcntur.

91 329 183 364 Hujus
199 330 346 356 Sententiae
361 333 389 356 cl
418 329 516 355 horuttt
550 328 605 355 fere
625 329 770 356 verborum
788 335 885 355 cantes

90 375 153 402 alia:
170 375 356 402 inhibitiottes
369 379 445 402 sunt.
457 374 505 401 His
531 382 582 402 nos
597 374 809 401 auctoritatibus
826 379 886 400 tan-

91 428 178 455 quattt
220 419 459 454 irrefragabilihus
490 419 658 451 nitebamur,
687 419 811 446 dicentes
836 427 886 446 ttec

93 466 183 500 ipsam
201 466 344 493 veritatctn
361 466 442 493 licere
458 465 573 498 addere,
595 472 658 492 cum
685 473 718 492 ett
729 465 810 492 dictis
824 472 886 491 sart-

92 519 202 540 ctorunt
223 513 370 540 inhibitum
384 513 428 545 sit,
453 520 504 539 nec
527 511 617 538 liceat.
639 510 741 538 Contra
766 517 886 538 nostram

95 559 261 593 positionem
278 559 350 585 inter
378 558 476 585 multas
493 558 614 585 rationes
629 565 661 584 er
675 563 750 592 parte
777 557 887 585 Latino~

94 614 160 634 rum
179 605 351 634 iutroduetas
364 606 422 632 hmc
434 612 543 640 quoque
558 605 680 633 fuerunt.

150 685 278 712 Rationes
300 685 456 712 Latinorum
469 704 476 714 ,
499 684 594 720 quibus
613 684 741 720 probatur
761 685 832 720 quod

245 720 304 747 licet
329 721 465 747 ueritatem
492 719 590 746 addere
608 719 745 754 Symbalo.

134 791 289 825 Quod-libet
308 790 456 818 concilium
478 796 532 816 non
553 788 641 816 solum
663 787 790 822 proferre
805 787 886 815 aliam

99 838 183 865 fidem
211 836 336 868 inhibet,
358 835 407 863 sed
435 840 462 862 et
487 841 663 868 componere.
684 833 712 860 Si
733 833 818 868 igitur
838 841 887 867 per

101 885 155 912 hoc
174 883 248 919 quod
268 883 353 915 dicit,
373 882 455 909 aliaat
478 881 558 907 ﬁdem
571 901 578 912 ,
595 880 726 914 intelligit
747 880 808 907 aliis
827 887 887 906 ver-

98 933 154 964 bis,
185 931 275 958 eidem
302 935 394 957 tatncn
421 930 568 956 sententia:
592 927 774 962 centpositam
805 926 886 953 fidem

99 986 148 1005 seu
168 976 338 1013 Symbolum,
356 975 461 1003 accidet
478 976 550 1010 quod
562 983 660 1003 ontttes
678 974 789 1010 quidem
808 973 887 1008 Sym-

101 1025 196 1051 bolum
217 1024 336 1050 diversis
356 1022 467 1057 quidem
497 1021 607 1055 verbis,
634 1021 770 1049 sententia
797 1024 887 1046 tamen

100 1069 217 1100 cadent,
238 1073 472 1102 composuerunt.
494 1067 567 1103 quod
587 1067 652 1102 quia
674 1074 771 1093 omnes
791 1065 886 1092 ducto~

102 1122 150 1141 res
170 1114 276 1144 sancti.
297 1114 345 1148 qui
363 1114 446 1140 iidem
468 1114 634 1141 catholicam
656 1113 829 1147 profitentur,
851 1110 889 1137 fe-

55 1159 61 1165 ’
99 1165 218 1192 cerunt,
233 1160 285 1187 sub
300 1161 476 1188 anathemate
494 1165 588 1188 erunt.
603 1162 638 1187 At
654 1160 707 1186 hoc
723 1166 778 1186 non
797 1159 886 1185 solum

101 1207 201 1234 falsum
215 1226 222 1239 ,
244 1206 291 1234 sed
312 1207 396 1234 etiam
416 1206 585 1241 blasphemia
607 1211 648 1233 est
668 1205 771 1233 dicere.
803 1205 888 1239 igitur

102 1261 157 1281 tton
175 1254 338 1288 prohibetur
351 1253 412 1280 aliis
427 1252 519 1280 verbis
537 1253 669 1279 consonis
684 1251 793 1278 veritati
810 1258 887 1277 eant-

101 1303 164 1328 dem
182 1307 322 1335 exponere
339 1299 419 1327 lident
432 1319 438 1331 ,
454 1299 502 1326 sed
518 1297 688 1326 contrariam
704 1302 734 1324 et
747 1297 886 1324 diversam

100 1353 289 1380 componere,
313 1345 365 1371 ltoc
387 1344 562 1379 prohibitum
585 1348 637 1371 est.
667 1343 735 1370 ltettt
756 1346 886 1378 quartum

100 1392 251 1421 concilium
273 1392 361 1425 ipsunt
382 1390 464 1417 etiam
487 1397 604 1424 sapere,
621 1394 649 1417 et
670 1389 771 1416 docere
791 1389 884 1422 aliter,

99 1438 269 1466 anathemati
291 1436 412 1472 subjicit.
434 1436 461 1464 Si
482 1437 565 1471 igitur
581 1444 699 1471 sapere,
728 1436 768 1462 vel
786 1436 885 1462 docere

101 1484 244 1512 vocabulis
261 1483 371 1518 quidem
391 1483 528 1516 diversis,
547 1483 679 1510 consonis
700 1486 793 1509 tanton
813 1482 886 1509 veri-

103 1531 152 1557 tati
173 1530 321 1566 prohibet,
341 1529 392 1557 sub
414 1529 593 1556 anathemate
612 1533 679 1555 sunt
698 1536 813 1562 omttes,
840 1528 886 1562 qui

102 1564 184 1604 fidem
213 1576 415 1608 orthodoxam,
442 1575 544 1610 quibus
574 1575 665 1610 potuit
695 1575 885 1609 unusquisque
902 1564 923 1593 ε

102 1624 193 1651 verbis
221 1626 386 1650 docuerunt.
413 1621 615 1656 Unusquisque
633 1621 708 1648 enim
726 1626 886 1648 sanctorum

101 1669 220 1697 diversis
245 1668 386 1696 vocabulis
409 1667 534 1695 eantdem
556 1666 638 1694 fidem
659 1666 831 1701 pratdicavit.
853 1668 889 1693 At

102 1724 165 1744 cuttt
186 1715 238 1742 hoc
260 1714 460 1741 inconveniens
478 1712 514 1740 sit
531 1712 644 1745 dicere,
663 1719 718 1739 non
738 1712 888 1739 diversita-

103 1767 157 1788 tettt
178 1760 375 1787 vocabulorum
391 1778 398 1791 ,
419 1758 468 1785 sed
486 1758 687 1785 sententiarum
706 1758 887 1785 contrarieta-

103 1812 157 1834 tem
177 1805 330 1840 prohibet:
357 1803 512 1839 prmsertim
533 1811 595 1830 cum
615 1804 706 1838 ipsuttt
732 1811 828 1838 sapere
854 1803 887 1830 ad

102 1851 272 1882 Sententias,
293 1858 346 1877 non
366 1850 399 1877 ad
418 1849 557 1876 voeabula
574 1849 721 1876 referatur.

138 1899 276 1925 Pra-terca
291 1901 400 1924 sextum
418 1894 567 1922 concilium
584 1893 679 1921 eadem
697 1893 770 1928 ipsa,
786 1901 846 1925 qua:
861 1897 889 1920 et

104 1949 251 1980 quartum,
268 1943 354 1974 dicit,
373 1946 401 1969 et
421 1942 535 1976 insuper
556 1940 663 1979 inhibet
682 1948 717 1967 tte
737 1947 818 1977 quam
839 1948 890 1967 vos

103 1999 163 2019 cem
182 1991 291 2018 inanem
315 1993 363 2015 aut
381 1995 482 2016 vanam
498 1987 616 2021 alicujus
631 1986 763 2014 dictionis
790 1986 889 2014 inven-

105 2039 204 2066 tionem
222 2038 284 2070 quis
299 2035 457 2062 introdueat
472 2034 505 2061 ad
522 2033 736 2067 pervcrtendum
753 2041 814 2068 qua-
829 2041 843 2060 a
859 2041 888 2060 se

105 2084 287 2112 dcterntiuata
308 2086 383 2109 sunt.
405 2081 444 2107 Ex
470 2079 571 2114 quibus
598 2079 745 2107 manifeste
774 2085 889 2113 apparet

105 2130 148 2157 illa
167 2128 300 2156 vocabula
319 2127 437 2154 inhibita
454 2133 532 2158 esse,
550 2133 610 2160 qu;e
625 2125 657 2152 ad
672 2125 887 2160 pervertcndum

105 2177 231 2210 dogmata
248 2175 360 2201 Patrum
379 2172 606 2204 introducuntur,
626 2179 681 2198 tton
700 2179 760 2206 qua:
776 2170 808 2198 ad
827 2179 888 2198 cor-

105 2221 301 2250 roborattdum.
320 2219 444 2254 Amplius
465 2219 576 2246 tertium
603 2217 750 2245 concilium
773 2217 885 2249 statuit,
904 2232 925 2259 υ

105 2276 155 2296 nec
171 2268 255 2294 licere
272 2266 354 2293 aliam
371 2265 450 2292 fidem
479 2265 605 2300 proferre
632 2267 732 2299 praeter
749 2270 810 2290 catn
826 2270 886 2297 qua:

106 2315 132 2342 in
152 2315 260 2342 Nicatuo
279 2313 397 2341 concilio
413 2313 486 2339 edita
506 2311 576 2342 fuit,
594 2315 622 2337 ct
638 2318 686 2337 eos
704 2310 750 2345 qui
768 2310 821 2336 hoc
839 2317 887 2336 au~

106 2361 220 2392 derettt,
236 2359 405 2386 anathemati
421 2357 549 2393 subjecit.
563 2357 600 2383 De
616 2356 747 2390 Symbolo
760 2364 825 2382 vero
840 2363 887 2390 per

105 2407 252 2435 secundum
270 2406 419 2434 concilium
436 2405 528 2436 edito,
544 2411 599 2438 quo
618 2408 672 2431 tota
689 2403 813 2431 ECCiOai‘J
831 2403 887 2429 uti-

106 2459 161 2487 tur,
180 2454 282 2481 ttullant
299 2453 364 2480 facit
386 2456 566 2479 mentionem.
585 2451 612 2479 Si
635 2452 719 2486 igitur
745 2451 806 2478 ideo
830 2458 884 2478 non

105 2500 226 2527 fecerant
242 2500 275 2526 de
292 2506 325 2526 eo
353 2499 522 2526 mentionem
535 2517 541 2529 ,
562 2499 626 2532 quia
644 2498 720 2524 aliud
745 2502 772 2524 et
791 2498 884 2524 diver-

105 2555 163 2575 snnt
180 2555 195 2573 a
212 2547 264 2574 fide
280 2546 382 2573 Nicaeni
399 2545 511 2572 concilii
529 2545 596 2571 illud
614 2548 751 2579 putarunt
766 2553 773 2571 :
790 2553 886 2578 pecca-

105 2601 164 2622 mus
184 2600 251 2625 nos,
273 2597 301 2618 et
321 2591 434 2626 quidem
450 2590 616 2622 ntorlalitcr,
631 2590 677 2625 qui
695 2591 796 2617 ontisso
816 2595 886 2618 tota-

106 2640 166 2667 liter
182 2637 312 2673 Sytnbolo
329 2638 456 2669 Nicteno,
476 2640 576 2670 prattet‘
592 2636 667 2671 quod
685 2636 787 2663 nullam
804 2637 884 2663 aliant

108 2685 184 2711 fidem
201 2683 327 2718 proferre
344 2687 502 2710 statuerunt
517 2681 628 2714 Patres,
643 2681 757 2709 secundi
773 2681 885 2708 concilii

107 2729 208 2755 tttimur
225 2727 372 2762 Symbolo,
391 2726 457 2753 illud
473 2727 597 2760 legentes
609 2747 616 2759 ,
640 2726 708 2753 illud
733 2728 864 2753 docentes
878 2747 885 2758 ,

105 2774 169 2802 illud
191 2778 219 2800 et
241 2773 369 2808 privatim
393 2777 420 2799 et
437 2773 547 2807 publice
561 2773 735 2807 proferentes
749 2792 756 2805 ,
789 2778 814 2800 et
834 2773 886 2800 itac

107 2819 210 2846 ratione
234 2820 285 2847 sub
308 2819 482 2845 anathemate
505 2827 612 2846 sumus.
637 2819 716 2851 Quod
732 2819 754 2846 si
772 2818 834 2845 ideo
848 2819 885 2846 si-

105 2865 188 2895 lentio
205 2865 269 2893 illud
285 2865 495 2900 prwtericrunt,
520 2865 651 2900 quoniant
677 2865 749 2893 idem
771 2870 813 2893 est
835 2873 885 2900 per

263 2914 401 2945 Ρλτιιοι.
416 2913 474 2944 Gtt.
493 2911 580 2944 CLXI

938 242 964 267 iu
982 246 1100 275 utroque
1115 242 1285 274 continetur,
1303 242 1354 269 nisi
1372 243 1519 271 manifeste
1533 249 1647 279 apparet
1663 253 1724 272 vere

939 286 980 313 his
1003 295 1057 314 non
1077 295 1139 315 esse
1161 289 1245 316 idem.
1262 289 1309 316 liis
1324 290 1397 316 ettint
1415 290 1533 318 maxime
1550 291 1645 318 differt
1662 292 1726 326 plu-

938 341 982 360 res
997 335 1154 362 additiones
1165 355 1172 366 ,
1189 335 1284 370 plures
1298 335 1381 363 etiam
1395 336 1596 365 diminutione;
1609 337 1723 364 habens.

939 379 987 406 Est
1003 379 1088 414 igitur
1103 380 1176 408 idem
1192 382 1358 414 sententiis,
1374 389 1427 416 qua
1441 383 1476 409 de
1490 389 1574 410 causa
1587 387 1615 409 et
1643 383 1726 418 printi

938 430 966 452 et
980 425 1096 452 secttndi
1113 426 1225 453 concilii
1242 425 1401 461 Symbolum
1422 432 1552 462 tanquam
1570 436 1656 455 unum
1676 437 1726 462 pu-

941 476 1034 498 taruttt
1059 472 1131 499 tertii
1156 472 1266 499 concilii
1294 473 1407 500 l’atrcs:
1432 481 1519 507 quare
1537 481 1620 500 omtte
1641 474 1725 501 etiam

940 517 1100 552 Symbolum
1113 519 1326 554 quibuscunqne
1342 520 1530 554 compositum
1548 519 1638 547 verbis
1653 527 1726 547 eaut-

940 563 1002 590 dent
1022 564 1211 597 sententiam,
1234 573 1315 599 quattt
1343 570 1370 592 et
1395 565 1538 593 Nica‘nutn
1561 566 1726 600 contitteus,

941 610 1012 637 idem
1032 616 1073 637 est
1090 611 1150 638 illi:
1169 611 1296 645 nihilque
1313 616 1410 638 contra
1430 611 1483 639 ltoe
1501 612 1585 643 facit,
1602 620 1664 639 cum
1683 613 1725 639 di-

940 657 1014 683 eitur
1030 664 1085 684 non
1102 657 1203 684 audere
1219 656 1331 684 tradere
1347 657 1421 684 aliud
1446 657 1607 692 Symbolum
1623 666 1632 686 :
1651 658 1726 686 aliud

939 703 1012 730 enim
1037 703 1245 737 intelligendum
1270 707 1330 736 est,
1355 703 1430 738 quod
1455 704 1623 731 contrariam
1649 706 1724 732 veri-

941 747 1004 774 tatis
1022 748 1188 775 sctttentiant
1207 748 1346 776 contittel.
1364 747 1509 783 Siquidem
1526 749 1642 776 secundi
1660 758 1726 777 cort-

941 794 996 820 cilii
1013 794 1175 829 Symbolum
1194 800 1300 823 tantum
1322 803 1336 823 a
1357 797 1469 824 Nieauto
1485 797 1619 826 differens
1634 799 1724 834 quoad

941 840 1040 873 verba,
1056 841 1127 868 idem
1145 847 1235 869 tamen
1250 850 1313 870 cum
1335 842 1425 877 prituo
1441 851 1497 870 ttott
1513 843 1589 871 aliud
1609 845 1724 881 judica-

904 882 924 909 Β
940 891 998 914 tum
1020 893 1061 914 cst
1077 895 1092 915 a
1111 889 1250 916 Patribus.

978 943 1044 970 Item
1067 944 1285 980 unumquodque
1312 946 1463 974 concilium
1491 953 1554 982 post
1577 949 1727 977 lectionem

941 990 1028 1016 totius
1044 990 1204 1018 suidccrcti
1217 999 1270 1018 non
1296 992 1419 1026 Symboli
1441 994 1544 1027 solius,
1568 995 1616 1022 sed
1643 997 1728 1024 totius

941 1037 1064 1070 decreti,
1084 1039 1132 1070 ait,
1149 1039 1197 1065 His
1215 1039 1292 1066 lectis
1304 1040 1586 1068 dcterminnvitsacra
1604 1045 1729 1077 synodus

941 1085 1010 1111 nulli
1035 1085 1120 1111 licere
1140 1085 1222 1112 aliam
1248 1086 1328 1113 fidem
1350 1087 1496 1121 proferre;
1519 1093 1594 1123 patet
1615 1094 1705 1116 autem
1720 1111 1726 1119 .

941 1131 1014 1164 quod
1031 1139 1092 1158 cnttt
1110 1131 1199 1163 dicat.
1216 1132 1257 1159 his
1271 1133 1350 1160 lectis
1361 1153 1368 1165 ,
1385 1137 1471 1160 totunt
1487 1134 1629 1162 decretum
1646 1137 1728 1162 intel-

940 1177 1010 1211 ligit.
1029 1177 1113 1212 igitur
1129 1182 1157 1204 et
1174 1178 1248 1212 quod
1267 1180 1405 1213 sequitur,
1424 1181 1504 1207 aliam
1522 1180 1602 1208 fidem
1621 1190 1676 1208 ttott
1693 1182 1727 1208 h—

941 1231 1005 1250 cere
1026 1223 1151 1258 profcrre
1173 1225 1206 1251 ad
1231 1229 1318 1251 totum
1341 1225 1484 1252 decretura
1507 1226 1598 1261 ipsum
1616 1235 1727 1262 quoque

943 1269 1077 1302 refertur,
1090 1270 1223 1298 videlicet
1240 1279 1294 1298 nott
1312 1272 1396 1299 liccrc
1411 1272 1535 1307 proferre
1549 1274 1630 1301 aliam
1647 1275 1726 1302 fidem

941 1321 1041 1352 praeter
1065 1324 1124 1344 eam
1150 1325 1212 1351 qua:
1235 1318 1262 1344 in
1289 1322 1345 1345 toto
1369 1318 1492 1352 decreto,
1509 1328 1563 1347 non
1590 1321 1678 1348 soluat
1698 1322 1725 1348 in

942 1363 1071 1400 Symboio
1099 1365 1270 1391 continetur.
1297 1363 1331 1391 At
1361 1365 1452 1399 quoad
1481 1366 1565 1393 verba
1592 1373 1721 1402 quartum

940 1410 1086 1437 concilium
1100 1409 1173 1437 aliud
1188 1417 1268 1444 quam
1285 1410 1405 1444 tertium,
1419 1412 1544 1446 quintum
1560 1413 1634 1440 aliud
1643 1422 1725 1449 qttattt

940 1461 1066 1490 quartunt
1078 1477 1086 1489 ,
1100 1461 1127 1483 et
1142 1456 1177 1487 ita
1192 1461 1289 1484 caetera
1305 1458 1537 1492 conscripserunt.
1553 1459 1590 1487 De
1607 1465 1661 1488 tota
1677 1461 1728 1496 igi-

943 1508 988 1530 tur
1002 1502 1054 1529 fide
1070 1508 1098 1530 et
1112 1503 1266 1538 sententiis,
1292 1511 1348 1532 non
1362 1504 1455 1532 verbis
1469 1505 1515 1532 hic
1530 1506 1600 1534 ratio
1616 1512 1670 1534 cst.

977 1549 1044 1576 Item
1062 1549 1209 1584 septimum
1226 1550 1373 1576 concilium
1390 1558 1445 1578 non
1462 1553 1576 1580 omnino
1595 1553 1660 1581 facit
1674 1555 1723 1582 ali~

939 1602 1021 1631 quant
1034 1595 1159 1631 Symboli
1173 1596 1216 1623 vel
1232 1596 1313 1631 primi
1336 1597 1380 1624 vel
1403 1599 1516 1625 secundi
1533 1601 1701 1628 mentionem
1714 1622 1721 1634 ,

939 1641 986 1667 sed
1010 1641 1175 1676 simpliciter
1193 1643 1305 1671 decreto
1321 1644 1382 1679 ejus
1398 1644 1475 1672 edito
1497 1646 1524 1672 in
1548 1646 1602 1674 line
1624 1647 1719 1677 addit:

939 1685 986 1712 llis
1002 1687 1070 1715 nihil
1086 1692 1129 1715 est
1145 1688 1302 1716 addendum
1316 1709 1323 1722 ,
1339 1690 1409 1717 nihil
1423 1691 1458 1717 ab
1474 1692 1514 1719 eis
1529 1693 1724 1729 auferendum,

939 1732 1012 1766 quod
1040 1733 1062 1759 si
1088 1735 1150 1769 quis
1166 1734 1208 1761 vel
1224 1735 1325 1766 addat,
1345 1735 1385 1762 vel
1404 1735 1513 1763 auferat
1536 1737 1671 1773 quidquid
1691 1741 1725 1766 ab

940 1781 990 1805 hac
1004 1779 1067 1811 fide,
1079 1781 1226 1808 anathema
1243 1781 1287 1809 sit.
1304 1781 1477 1810 Manifestum
1486 1783 1569 1818 igitur
1583 1790 1635 1818 est,
1651 1788 1725 1822 quod

939 1825 973 1852 de
990 1826 1041 1852 fide
1057 1828 1196 1854 contraria
1214 1833 1241 1855 et
1257 1828 1324 1856 falsa
1341 1828 1464 1862 inhibet;
1498 1838 1554 1858 non
1570 1832 1644 1859 ettitn
1663 1841 1727 1868 pro~

941 1872 1018 1899 hibet
1029 1893 1036 1904 ,
1052 1881 1086 1900 ne
1100 1874 1222 1901 Ecclesia
1238 1874 1352 1902 decreta
1365 1895 1373 1908 ,
1392 1883 1456 1902 cum
1471 1883 1515 1904 res
1527 1878 1611 1914 exigit
1621 1899 1628 1912 ,
1643 1880 1726 1909 edem

940 1920 1035 1953 possit.

977 1976 1114 2003 Przeterca
1131 1985 1192 2011 quae
1207 1978 1291 2005 corde
1307 1979 1446 2008 credimus
1465 1981 1492 2007 in
1507 1982 1644 2017 justitiam
1657 2003 1663 2014 .
1680 1991 1726 2012 ea-

941 2023 1003 2050 dent
1028 2031 1076 2050 ore
1101 2031 1211 2058 quoque
1235 2025 1363 2054 confiteri
1386 2026 1419 2053 ad
1439 2027 1556 2054 salutent
1574 2028 1725 2063 debemus,

941 2069 1021 2096 aliter
1045 2070 1205 2103 imperfecta
1233 2071 1314 2098 ttobis
1339 2071 1408 2099 fides
1432 2078 1517 2100 esset.
1542 2074 1708 2104 Confitenda

940 2115 1013 2142 ettittt
1032 2120 1075 2143 est
1091 2123 1182 2144 coram
1202 2117 1361 2145 hominibus
1379 2119 1464 2151 fides,
1486 2121 1510 2147 si
1530 2121 1723 2154 desideramus

941 2162 1075 2196 promissa
1091 2163 1215 2197 prwtttia.
1241 2165 1382 2191 Atvcrum
1406 2173 1521 2194 ttcccssc
1543 2172 1585 2195 est
1609 2175 1722 2204 sapere,

942 2208 1027 2243 igitur
1040 2213 1068 2236 et
1084 2210 1211 2237 confiteri
1227 2210 1297 2237 idem
1313 2219 1426 2240 necesse
1441 2218 1493 2240 est.

974 2267 1098 2301 Amplius
1121 2267 1148 2294 in
1172 2269 1239 2295 actis
1262 2271 1354 2303 quarti
1378 2271 1489 2298 concilii
1515 2273 1542 2299 itt
1561 2273 1648 2307 printa
1667 2282 1725 2302 ses-

939 2314 1034 2345 sione,
1063 2314 1153 2348 printo
1182 2316 1293 2349 quidem
1321 2316 1387 2351 legit
1414 2317 1554 2352 Eutychos
1581 2320 1721 2349 Nicwnum

939 2359 1118 2393 Symbolum,
1141 2361 1240 2389 deinde
1262 2361 1334 2388 idem
1358 2363 1505 2391 luereticus
1529 2365 1630 2397 infert,
1646 2370 1719 2401 quod

940 2405 973 2431 de
991 2406 1041 2431 hac
1068 2406 1121 2433 fide
1147 2407 1256 2434 Nicu‘tta
1283 2409 1411 2436 videlicet
1435 2409 1559 2437 decretit
1584 2411 1721 2446 Epltcsina

938 2451 1060 2486 synodus
1081 2460 1144 2479 eum
1168 2454 1214 2487 qui
1238 2459 1336 2488 praeter
1358 2455 1430 2482 hanc
1453 2456 1604 2491 quidquam
1620 2459 1722 2492 addat,

939 2496 1041 2530 cogitet
1072 2502 1119 2525 aut
1140 2497 1252 2529 doceat,
1277 2506 1353 2525 reum
1378 2507 1438 2526 esse
1455 2501 1568 2534 poenis,
1595 2510 1656 2536 qua:
1682 2504 1719 2532 ibi

939 2541 1001 2568 dem
1026 2544 1213 2571 continentur.
1241 2547 1275 2571 At
1300 2545 1455 2578 Eusebius,
1473 2547 1622 2582 episcopus
1637 2549 1721 2585 Dory-

938 2588 1022 2617 lensiﬂ
1033 2608 1040 2620 ,
1056 2589 1103 2623 qui
1118 2597 1147 2616 se
1163 2591 1222 2618 zelo
1238 2591 1300 2618 fidei
1319 2597 1509 2620 accusatorem
1529 2593 1613 2628 hujus
1633 2596 1721 2622 inere-

939 2634 986 2661 tici
1014 2635 1207 2668 constituerat,
1227 2644 1288 2663 cum
1319 2637 1378 2665 hate
1399 2638 1539 2674 audisset,
1559 2641 1722 2670 exclanmvit

938 2681 1034 2707 dicens
1045 2700 1052 2712 ,
1068 2680 1127 2707 Nott
1143 2688 1185 2708 est
1200 2682 1252 2709 tale
1268 2682 1422 2717 decretum,
1440 2692 1495 2711 non
1512 2689 1554 2712 est
1569 2693 1657 2712 canon
1672 2689 1718 2721 qui

939 2726 991 2752 hoc
1003 2726 1109 2761 jubeat,
1126 2728 1258 2756 mctttitus
1273 2733 1324 2756 est.
1344 2729 1438 2757 Patres
1450 2737 1515 2758 vero
1530 2732 1641 2759 concilii
1658 2739 1720 2763 sex-

937 2771 1011 2798 centi
1036 2777 1063 2799 et
1089 2773 1200 2807 triginta
1229 2782 1345 2802 numero
1369 2775 1412 2803 his
1432 2776 1552 2810 auditis,
1575 2778 1718 2813 Eutychen

937 2817 1173 2851 condemnarunt,
1204 2821 1343 2849 ttoletttem
1377 2830 1473 2857 sapere
1498 2828 1581 2858 alque
1604 2826 1719 2854 Crederu

937 2864 1031 2900 aliqua
1052 2866 1119 2899 alia,
1139 2874 1200 2903 qua:
1219 2867 1247 2894 in
1263 2867 1374 2899 Nieacno
1404 2870 1535 2906 Sytttbolo
1560 2878 1613 2898 non
1628 2873 1717 2901 comi-

1484 2917 1519 2948 134
