1920 3063
213 150 264 180 till

707 147 960 178 BEsstttttoNts
981 148 1009 178 ς.
1028 124 1061 177 1t.
1079 148 1110 178 E.
1123 148 1357 179 CARDINALIS

1778 148 1836 180 4:20

210 215 329 237 neantur
351 208 489 242 explicito.
519 207 578 235 Alia
608 215 673 234 vero
698 207 760 234 dico
787 214 904 234 numero
917 228 923 236 ,
942 214 994 233 non
1013 214 1032 239 Α
1050 215 1098 234 nes
1117 215 1131 234 a
1153 208 1290 242 prtedictis
1309 208 1412 235 sanctis
1435 207 1562 234 Patribus
1579 209 1634 242 jam
1656 207 1757 241 editos,
1773 215 1801 236 et
1820 218 1835 236 a

212 261 241 283 ut
269 254 485 282 euntradietoria
505 254 547 280 vel
565 253 704 280 contraria
716 274 722 284 ,
739 260 793 287 quo
824 253 851 279 tit
864 273 870 284 ,
889 257 918 278 ut
935 252 994 278 iilas

209 304 363 330 additiones
389 301 548 336 putaverint
569 300 734 327 iuhihcndas
749 307 810 326 esse
822 320 830 332 ,
845 307 906 333 qua:
925 307 990 326 cou-

210 349 301 376 trarize
325 352 353 375 et
379 347 514 382 oppositae
538 347 647 373 veritati
674 351 756 378 sntit,
781 353 835 372 non
858 345 917 372 illas
933 353 994 379 qius:

209 400 274 423 sunt
289 396 492 421 consentanea.
506 393 583 426 Quod
597 393 670 419 enim
685 392 811 419 Christus
825 392 852 418 in
888 391 994 417 duabus

208 448 239 469 et
252 450 284 469 ex
303 441 412 468 duabus
429 441 538 467 naturis
556 440 661 473 absque
679 438 844 465 confusione
862 445 994 472 perman-

208 489 277 515 serit
299 491 360 523 post
384 486 475 514 carnis
501 485 738 519 a~snmptioncm,
755 483 829 518 quod
853 484 992 518 Eutyches

209 535 339 567 negabat,
365 540 524 567 quanquam
550 531 624 558 aliud
648 537 722 558 esset
743 538 757 557 a
779 529 892 557 Nicaeno
911 529 993 563 Sym-

209 581 288 610 bolo,
305 579 379 606 aliud
394 585 458 604 vero
472 585 526 604 non
545 577 681 604 sententia
694 596 700 607 ,
717 575 763 603 sed
778 575 870 602 verbis
881 596 887 607 ,
903 580 992 601 tamen

207 627 342 659 cogebant
361 624 503 659 Eutychen
515 643 523 655 ,
541 627 570 649 ut
587 623 640 649 hoc
654 623 789 649 crederet.
811 621 895 655 Igitur
907 620 995 647 mani-

208 674 276 699 feste
299 676 414 706 apparet
435 678 489 697 non
512 669 676 703 simpliciter
693 669 767 695 aliud
782 689 788 698 ,
813 667 860 694 sed
881 671 993 694 contra-

207 720 278 745 rium
307 716 465 744 inhibuisse
492 720 602 743 sanctos
628 715 767 741 doctores.
799 713 993 740 Animadverte

206 769 323 796 namth
340 761 412 795 quod
438 761 556 795 ipsumet
580 759 662 786 verba
687 758 761 785 tertii
785 758 916 789 concilii,
933 764 994 791 qua:

212 817 262 835 nos
280 808 465 843 proferimus,
484 806 552 833 nulli
567 805 694 832 videlicet
711 804 794 831 licere
811 804 892 830 aliam
910 803 993 830 lnlent

208 855 346 889 proferre,
378 854 436 880 ha‘c
449 853 546 879 eadem
572 852 709 886 Eutychos
734 858 784 885 pro
809 858 839 877 se
861 849 994 884 produce-

207 903 264 941 ltat.
289 901 442 935 Episcopus
462 906 527 926 vero
551 898 724 934 Darylcusis.
742 903 768 924 et
792 901 879 924 totum
903 895 994 922 eonci-
1011 916 1030 942 Β

206 950 273 976 lium
289 967 295 979 ,
313 947 370 974 Non
384 951 426 973 est
442 945 504 972 talis
528 952 629 975 canon,
643 944 832 970 exclautaruut
843 962 850 974 ,
871 942 918 976 qui
941 941 994 967 hoc

206 996 317 1029 julttat.
336 997 362 1019 rt
377 993 452 1019 illum
468 991 688 1017 condemnarunt
702 994 831 1023 tauquam
846 995 899 1015 non
918 992 992 1014 recte

207 1041 403 1072 intelligentetn
419 1039 492 1065 hunc
507 1044 652 1064 eanouent.
666 1035 824 1069 Exptmcbat
837 1035 911 1061 enim
928 1041 991 1060 eum

206 1085 439 1122 quemadmodum
460 1089 487 1111 ct
511 1083 597 1110 nostri
624 1090 706 1110 ontne
729 1081 803 1108 aliud
818 1081 992 1116 simpliciter,

206 1134 289 1162 etiam
304 1132 326 1160 si
342 1136 416 1159 esset
429 1130 586 1157 tliﬂerentia
604 1128 725 1155 verbalis
738 1148 744 1160 ,
760 1132 861 1163 putans
884 1126 988 1153 inhibi-

207 1185 266 1206 tum
289 1186 360 1206 csse.
385 1178 473 1210 Quam
496 1176 698 1210 expositionem
723 1173 845 1209 synodus
870 1172 993 1204 refellit,

206 1233 263 1252 non
278 1231 381 1259 negans
398 1223 455 1250 haec
471 1222 554 1249 verba
574 1221 601 1248 in
619 1228 727 1247 canone
745 1219 886 1253 Epltcsino
902 1217 991 1244 conti-

207 1272 287 1298 neri:
309 1271 392 1297 aliam
417 1275 506 1296 tamen
522 1267 602 1294 frtem
626 1272 745 1301 putans,
769 1273 830 1300 quae
855 1265 992 1292 contraria

207 1317 340 1348 veritati,
371 1323 425 1342 non
454 1322 514 1349 qu;e
540 1313 632 1340 verbis
661 1312 815 1344 differens,
844 1309 991 1337 sententiis

207 1370 322 1390 concors
336 1365 365 1388 et
379 1365 562 1388 consentanea
577 1359 624 1386 sit.

244 1409 311 1436 Item
334 1407 360 1434 in
383 1406 454 1433 libro
468 1413 605 1433 canonum
623 1403 804 1431 conciliorum
819 1422 826 1435 ,
841 1407 912 1436 quos
940 1407 995 1426 no-

209 1460 267 1482 ster
283 1453 406 1480 Zonaras
430 1451 560 1486 exponit,
590 1450 616 1477 in
639 1457 692 1482 eo,
716 1449 845 1483 inquam,
864 1446 936 1474 libro
955 1450 997 1473 est

209 1503 266 1530 lucc
292 1500 420 1528 iuhibitio
446 1499 518 1525 tertii
543 1497 678 1527 concilii,
697 1496 739 1522 his
763 1495 890 1522 videlicet
916 1492 996 1520 lectis

208 1546 402 1575 determinavit
416 1548 509 1571 sancta
527 1542 659 1577 synodus,
677 1545 704 1568 ct
718 1545 760 1567 est
775 1541 848 1567 inter
864 1537 992 1573 ejusdem

213 1593 322 1622 concilii
341 1598 461 1619 canones
478 1589 615 1624 septimus
634 1595 769 1619 numero;
785 1591 847 1612 attte
865 1586 938 1612 huttc
956 1587 998 1611 est
1011 1576 1032 1605 ο

209 1641 279 1668 alius
296 1638 418 1674 ejusdem
436 1636 548 1663 concilii
569 1642 655 1661 canon
676 1641 794 1660 numero
812 1635 924 1662 sextus,
943 1629 992 1664 qui

209 1684 404 1713 communione
424 1683 515 1718 privat
534 1689 582 1708 eos
603 1680 649 1714 qui
671 1680 806 1706 auderent
825 1676 930 1712 aliquid
947 1684 996 1703 eo—

209 1739 269 1759 rum
286 1735 445 1766 permutare
457 1749 464 1760 ,
483 1736 542 1763 qtae
560 1735 574 1754 a
593 1727 698 1760 synodo
717 1730 777 1752 acta
795 1730 870 1751 sunt.
890 1725 918 1749 ln
936 1730 996 1756 scp-

209 1777 275 1804 timo
301 1777 391 1801 autent
409 1779 512 1800 canone
531 1771 658 1798 videlicet
687 1768 861 1796 inhibitionis
883 1767 997 1794 anathe-

209 1822 378 1849 matizantur
389 1821 438 1854 qui
449 1818 689 1853 transgrediuntur
705 1822 837 1842 canonem
852 1834 858 1846 ,
874 1819 901 1841 et
917 1813 998 1840 aliam

210 1867 360 1904 prxdicent
375 1866 466 1893 fidem.
481 1864 584 1897 Quaerit
601 1864 685 1898 igitur
697 1863 821 1889 Zonaras
834 1868 919 1896 quare
935 1869 1000 1888 san-

211 1917 248 1943 cti
265 1915 361 1942 Patres
379 1914 407 1940 iu
423 1917 500 1940 sexto
519 1919 626 1939 canone
646 1909 843 1937 communione
863 1908 998 1934 duntaxat

210 1962 318 1997 privaut
333 1965 561 1995 transgressores,
576 1957 603 1984 in
616 1956 734 1991 septimo
750 1963 815 1982 vero
829 1953 998 1981 anathemati

210 2017 258 2035 eos
273 2007 441 2042 subjiciunt;
463 2005 533 2031 haue
552 2010 619 2030 vero
639 2002 822 2036 qurcstiouem
844 2001 888 2027 his
906 1999 1000 2026 verbis

209 2055 290 2081 solvit
308 2062 314 2080 :
335 2053 450 2079 Multum
472 2050 608 2081 interest,
629 2049 738 2081 inquit,
757 2048 831 2073 inter
858 2045 999 2073 contradi-

211 2108 287 2133 cere,
307 2104 335 2126 et
351 2099 481 2126 dubitare
497 2097 532 2124 de
552 2095 643 2129 aliqua
660 2102 712 2127 re;
747 2093 811 2121 ideo
825 2092 871 2128 qui
888 2091 999 2119 dubitat

211 2147 244 2174 de
269 2146 311 2173 his
327 2154 387 2180 qua:
399 2145 455 2179 jam
472 2148 547 2170 recte
563 2150 578 2169 a
594 2142 723 2169 Patribus
743 2143 844 2167 statuta
858 2141 935 2171 sunt,
954 2144 1001 2164 ex-

211 2191 465 2220 communicatione
490 2188 651 2220 innodatur,
675 2192 703 2214 et
723 2185 917 2214 communione
940 2183 999 2219 pri-

210 2236 367 2271 vatur-:qui
391 2243 456 2262 vero
471 2235 511 2262 eis
526 2233 695 2261 contradicit
708 2238 838 2267 tauquam
861 2229 999 2258 contraria

212 2285 337 2319 sapiens,
362 2280 624 2309 auathematizatur.
641 2280 732 2312 Quare
754 2279 806 2305 iste
823 2278 906 2305 etiam
922 2283 1001 2303 cont-

214 2334 351 2358 mentator
367 2329 447 2356 aliam
473 2327 553 2354 fidem
566 2327 610 2354 hic
626 2325 867 2354 contradictoriam
890 2327 1000 2351 contra-

213 2376 338 2410 riamque
362 2373 536 2409 apertissime
564 2377 593 2400 et
617 2371 763 2398 manifeste
794 2370 929 2398 nominat.

249 2423 317 2450 ltent
343 2421 492 2448 concilium
517 2421 545 2446 in
567 2419 663 2446 Trullo
678 2418 846 2445 celebratum
862 2417 889 2444 in
913 2416 1002 2452 primo

212 2477 263 2498 suo
278 2475 383 2497 canone
396 2468 482 2494 dicit:
497 2467 651 2494 Statuimus
665 2465 864 2492 immutabilem
876 2483 884 2496 ,
900 2464 1002 2498 absque

214 2517 306 2551 aliqua
328 2516 450 2542 novitate
465 2534 471 2546 ,
494 2521 608 2540 servare
631 2512 760 2539 traditam
781 2511 863 2538 nobis
880 2511 915 2537 ab
934 2511 1001 2545 ipsis

215 2562 349 2589 ministris
365 2561 445 2589 Verbi
468 2560 515 2594 qui
532 2559 597 2586 illud
613 2558 700 2585 oculis
713 2557 852 2589 viderunt,
870 2557 1003 2592 apostolis

213 2609 342 2636 videlicet
357 2607 478 2639 sanctis,
496 2610 525 2633 et
539 2613 554 2632 a
569 2605 621 2631 5l8
640 2605 743 2631 sanctis
758 2603 888 2630 Patribus
906 2603 934 2629 in
951 2603 997 2630 Ni-

214 2663 269 2682 ea‘a
287 2654 476 2689 congregatis;
496 2657 524 2679 et
556 2656 757 2686 consequenter
782 2656 929 2677 enumerat
946 2657 1004 2677 om-

213 2702 259 2728 nia
275 2701 391 2728 concilia
403 2720 410 2732 ,
428 2703 455 2726 et
475 2699 556 2732 jubet
580 2698 660 2725 Iidem
676 2697 710 2725 ab
726 2698 856 2725 omnibus
873 2697 927 2725 illis
946 2702 1000 2724 tra-

216 2749 304 2775 ditam
324 2745 527 2773 itnntutabiletn
548 2744 664 2772 servari.
685 2744 788 2772 Deinde
809 2743 914 2777 infert,
929 2743 1002 2778 quod

214 2794 238 2820 si
254 2793 317 2826 quis
337 2791 468 2826 praedicta
488 2790 600 2826 pietatis
619 2789 747 2825 dogmata
769 2797 822 2817 non
843 2794 956 2822 teneat,
974 2794 1003 2816 et

215 2839 256 2866 eis
271 2839 429 2873 acquiescat
440 2857 447 2870 ,
464 2843 492 2865 et
508 2839 545 2864 ita
561 2838 667 2873 sapiat,
684 2841 712 2864 et
727 2839 858 2872 praedicet
872 2857 880 2869 ,
898 2836 946 2864 sed
963 2836 1003 2863 eis

215 2885 356 2912 contraire
373 2890 507 2920 conetur,
529 2884 675 2912 anathema
696 2883 732 2911 sit
746 2881 899 2911 secundum
918 2888 1002 2910 cano-

1045 251 1204 279 Christiano
1225 253 1365 279 consortio
1389 257 1517 285 tanquam
1539 251 1646 278 alienus
1667 252 1789 286 pellatur
1805 258 1837 282 et

1047 297 1219 332 projiciatur.
1237 297 1292 324 Nos
1306 298 1379 324 enim
1408 305 1459 324 uec
1483 297 1586 324 addere
1619 305 1709 331 neque
1725 299 1837 326 auferre

1046 344 1196 378 quidquam
1223 344 1336 371 omnino
1361 344 1400 370 vel
1429 345 1600 377 cogitamus,
1625 343 1667 370 vel
1685 351 1836 378 possumus

1045 398 1167 417 canones
1191 389 1340 424 praedictos
1363 395 1522 423 sequentes.
1549 389 1599 416 llic
1624 397 1713 416 canon
1740 391 1835 417 mani-

1045 437 1115 462 feste
1130 435 1253 462 declarat
1267 435 1339 461 tertii
1354 435 1464 461 concilii
1481 435 1622 462 decretum
1637 454 1643 465 ,
1661 440 1687 462 et
1701 435 1834 467 aliorum,

1045 489 1105 515 qua:
1123 481 1265 512 inhibent,
1281 489 1315 508 ne
1332 481 1395 515 quis
1410 480 1490 506 aliam
1510 480 1638 515 pra-ferat
1658 480 1750 512 fiderit,
1768 489 1834 508 cum

1045 527 1137 559 dicat,
1153 527 1227 562 quod
1246 527 1269 554 si
1286 527 1348 561 quis
1367 527 1509 553 contraire
1527 526 1637 553 Patrum
1656 526 1836 561 dogmatibus

1045 578 1173 606 conetur,
1192 574 1340 600 anathema
1361 574 1396 601 sit
1414 573 1567 601 secundum
1585 580 1706 600 canones
1721 574 1777 607 jam
1796 573 1834 600 ab

1045 619 1086 646 eis
1102 620 1201 653 editos,
1217 619 1268 646 hos
1281 620 1419 652 videlicet,
1434 620 1480 654 qui
1500 619 1626 646 ίιιΙιὶιιιτιιῑ
1641 619 1721 645 aliam
1737 618 1834 645 fidem.

1045 665 1107 693 lltec
1131 666 1215 700 igitur
1234 666 1346 692 decreta
1368 665 1536 692 contrariam
1558 665 1639 691 fidem
1663 665 1834 699 prohibent,

1045 717 1072 740 et
1085 713 1157 747 qttod
1175 713 1297 739 inferunt
1310 733 1316 743 ,
1335 720 1384 739 nos
1399 713 1472 739 enim
1488 721 1538 739 nec
1551 713 1678 738 addimus
1689 733 1695 743 ,
1715 719 1764 738 nec
1781 720 1834 738 au-

1045 758 1158 785 ferimus
1175 759 1277 793 aliquid
1290 779 1296 789 ,
1315 758 1342 785 itt
1361 759 1412 785 fide
1429 759 1556 786 videlicet
1573 758 1748 792 intelligunt,
1778 766 1834 784 non

1045 805 1072 831 in
1094 804 1224 840 Symbolo
1242 813 1248 838 ;
1271 805 1434 837 Symbolum
1457 806 1530 832 enim
1555 805 1613 832 hate
1634 805 1755 840 synodus
1775 813 1834 831 nort

1045 851 1163 877 inseruit
1183 853 1210 877 in
1231 859 1282 877 suo
1299 851 1432 883 decreto,
1455 851 1501 878 sed
1524 851 1603 878 fidem
1624 858 1767 885 exponens
1779 842 1793 880 ξ
1805 855 1835 877 et

1045 899 1172 932 dogmata
1189 902 1345 924 sanctorum
1365 898 1475 925 Patrum
1491 917 1497 930 ,
1515 902 1542 924 et
1557 897 1679 924 omniuut
1697 897 1834 924 concilio-

1045 953 1105 972 rum
1128 945 1227 975 infert,
1252 945 1306 971 Nec
1326 945 1445 976 addere,
1469 952 1520 971 nec
1549 944 1660 970 auferre
1683 944 1834 978 quidquam

1045 992 1220 1025 cogitainus:
1239 997 1266 1018 et
1289 991 1376 1023 ratio,
1400 991 1464 1025 quia
1487 998 1609 1017 canones
1625 989 1770 1023 prtedictos
1787 997 1835 1016 se-

1045 1038 1178 1072 quimur;
1194 1037 1230 1063 ita
1247 1043 1274 1063 ut
1289 1038 1362 1063 clare
1377 1042 1487 1071 pateat,
1503 1044 1566 1064 cum
1581 1037 1655 1063 dicat
1670 1037 1767 1063 Patres
1783 1043 1836 1063 nec

1045 1083 1149 1110 addere
1165 1091 1215 1110 nec
1230 1084 1340 1110 auferre
1365 1083 1451 1110 licere
1463 1105 1470 1116 ,
1495 1091 1550 1110 non
1569 1083 1696 1111 verbales
1712 1083 1835 1109 additio-

1047 1137 1097 1156 nes
1111 1130 1312 1159 etablationes,
1342 1125 1388 1156 sed
1413 1130 1612 1156 contrariarum
1631 1130 1834 1156 sententiarum

1043 1179 1074 1201 et
1097 1174 1156 1201 falsi
1181 1182 1280 1202 sensus
1304 1175 1441 1203 inhibere.
1467 1175 1519 1202 Per
1541 1176 1614 1202 hunc
1639 1175 1722 1208 igitur
1745 1183 1833 1201 unum

1046 1227 1180 1247 canoucm
1204 1221 1292 1247 solutn
1305 1241 1312 1252 ,
1330 1228 1412 1255 queui
1436 1229 1489 1247 non
1508 1221 1578 1248 ratio
1595 1227 1685 1248 nostra
1705 1221 1833 1253 inducit,

1046 1273 1101 1293 nott
1118 1266 1220 1300 aliquis
1241 1266 1364 1301 privatus
1382 1267 1466 1293 homo
1482 1272 1685 1294 commentatur
1701 1267 1838 1301 simplici-

1047 1315 1101 1344 ter,
1117 1312 1162 1339 sed
1180 1320 1261 1346 queui
1279 1320 1332 1339 una
1346 1314 1480 1348 synodus,
1497 1317 1536 1340 tot
1552 1314 1663 1340 Patrum
1679 1319 1838 1340 conventus

1053 1359 1229 1394 composuit,
1252 1367 1308 1394 quo
1334 1361 1417 1387 etiam
1439 1364 1465 1387 et
1484 1361 1600 1388 aliorum
1625 1361 1755 1389 similium
1781 1360 1838 1388 Pa-

1051 1412 1123 1434 truut
1147 1413 1267 1435 mentem
1290 1413 1453 1443 exponunt,
1493 1409 1666 1443 apertissime
1698 1414 1726 1437 et
1747 1409 1837 1436 mani-

1052 1453 1201 1482 festissime
1217 1454 1334 1482 solvitur
1350 1455 1468 1489 qurestio
1483 1463 1537 1482 ttou
1554 1457 1722 1484 contendere
1740 1457 1839 1483 volen-

1051 1501 1135 1527 tibus.
1154 1499 1308 1528 Voluissem
1325 1501 1423 1528 liceret
1441 1501 1550 1534 longius
1563 1503 1695 1537 evagari,-
1712 1503 1838 1530 vidisses

1054 1547 1178 1581 profecto
1195 1547 1296 1574 mttltas
1310 1547 1415 1574 similes
1435 1548 1567 1579 rationes,
1597 1554 1624 1575 et
1648 1549 1759 1582 qu‘dem
1786 1558 1840 1582 po-

1051 1593 1183 1620 tissimas.
1203 1593 1272 1620 Cum
1292 1600 1357 1620 vero
1374 1599 1401 1620 et
1422 1601 1483 1628 quae
1510 1595 1583 1621 dicta
1608 1601 1672 1621 sunt
1699 1596 1734 1622 ita
1761 1597 1839 1622 clazc

1055 1640 1126 1667 hanc
1140 1640 1319 1673 quaestionem
1343 1640 1474 1667 decidant
1489 1660 1496 1674 ,
1525 1646 1554 1667 ut
1583 1641 1620 1667 illi
1641 1642 1752 1675 quidem
1766 1662 1773 1673 ,
1790 1642 1837 1675 qui

1054 1686 1198 1712 veritatem
1231 1685 1348 1720 diligat,
1380 1691 1407 1713 et
1433 1687 1537 1721 absque
1565 1688 1745 1715 contentione
1779 1696 1841 1722 qmc

1050 1732 1124 1759 dicta
1155 1735 1220 1759 sunt
1244 1732 1355 1765 audiat,
1373 1733 1439 1760 satis
1463 1741 1602 1768 superque
1629 1734 1695 1767 sint,
1724 1741 1839 1762 conten-

1050 1779 1115 1806 dere
1136 1786 1201 1806 vero
1217 1779 1319 1805 volenti
1336 1786 1388 1805 nec
1414 1779 1502 1806 multo
1529 1779 1622 1814 plures
1647 1780 1835 1808 sat‘sfaciaut:

1050 1834 1105 1853 uno
1130 1826 1263 1853 duntaxat
1287 1830 1450 1860 argumento
1474 1825 1632 1853 Latinorum
1662 1827 1754 1854 adhuc
1784 1828 1837 1854 ad-

1050 1871 1121 1904 dito,
1136 1871 1251 1898 cessabo
1276 1870 1309 1898 de
1336 1871 1386 1898 hac
1411 1879 1441 1898 re
1457 1871 1534 1906 plura
1549 1872 1651 1900 dicere.
1676 1873 1723 1900 Est
1744 1878 1838 1901 autem

1050 1918 1104 1945 hoc
1119 1917 1294 1952 potissimum
1308 1938 1315 1949 ,
1332 1922 1359 1945 et
1371 1918 1445 1952 quod
1462 1918 1549 1945 solum
1565 1918 1678 1946 sulticiat
1696 1919 1729 1946 ad
1742 1920 1840 1947 redar-

1051 1964 1189 1999 gueudum
1225 1971 1348 1991 errorem
1378 1969 1551 1992 nostrorum.
1583 1965 1638 1992 Nos
1668 1967 1839 1999 asserimus,

1051 2010 1124 2044 quod
1148 2010 1266 2044 primum
1289 2010 1402 2037 tertium
1427 2011 1577 2039 concilium
1600 2011 1671 2039 hanc
1696 2012 1842 2041 iuhibitio-

1052 2064 1114 2083 nem
1131 2056 1272 2089 decrevit,
1289 2061 1320 2084 ut
1336 2057 1417 2091 paulo
1434 2062 1497 2084 ante
1513 2057 1570 2084 dixi
1585 2067 1593 2090 ;
1616 2059 1727 2093 quando
1753 2063 1839 2087 etiam

1052 2110 1174 2134 causam,
1190 2110 1276 2137 qttare
1291 2103 1343 2130 hoc
1357 2103 1476 2131 dicimus
1493 2105 1666 2131 manifestavi
1678 2126 1685 2138 ,
1700 2113 1762 2140 qua:
1777 2112 1817 2133 est
1831 2116 1838 2134 :

1053 2148 1126 2184 quod
1143 2157 1205 2176 curn
1223 2149 1342 2176 secunda
1358 2149 1481 2184 synodus
1497 2149 1572 2184 plura
1595 2150 1752 2183 addiderit,
1778 2153 1839 2187 plu-

1053 2203 1139 2229 raque
1159 2195 1305 2222 abstulerit
1329 2202 1343 2221 a
1367 2195 1497 2230 Symbolo
1513 2195 1624 2223 Niceno
1637 2217 1645 2230 ,
1662 2198 1683 2224 si
1702 2205 1841 2226 asserere-

1014 2251 1041 2282 D
1056 2249 1116 2268 mus
1132 2247 1194 2268 ante
1210 2240 1363 2268 secundum
1379 2241 1527 2268 concilium
1551 2243 1622 2269 hanc
1646 2244 1839 2273 inhibitionem

1056 2287 1140 2314 fuisse
1155 2306 1163 2318 .
1179 2294 1212 2314 ex
1229 2287 1338 2314 duobtts
1361 2295 1447 2314 unum
1470 2293 1645 2322 sequeretur.
1663 2297 1778 2318 necesse
1799 2299 1842 2318 es-

1055 2337 1107 2364 set,
1127 2338 1175 2359 aut
1203 2334 1430 2368 transgressionis
1447 2342 1584 2362 canonunt
1601 2341 1711 2364 sanctos
1726 2338 1839 2366 secundi

1056 2379 1168 2406 concilii
1182 2379 1279 2407 Patres
1293 2387 1434 2412 accusare,
1447 2385 1475 2408 ct
1491 2381 1542 2408 sub
1557 2382 1732 2411 anathetnatc
1743 2383 1839 2416 fuisse,

1054 2431 1102 2452 aut
1115 2433 1177 2452 cum
1194 2426 1246 2452 hoc
1259 2433 1313 2452 non
1325 2427 1412 2453 solum
1426 2427 1576 2454 absurdum
1588 2448 1596 2460 ,
1609 2428 1656 2455 sed
1670 2429 1754 2456 etiam
1770 2431 1841 2458 blas-

1055 2471 1166 2506 phemia
1186 2471 1226 2499 sit
1241 2472 1349 2505 dicere,
1367 2481 1421 2500 non
1438 2481 1550 2500 omnent
1568 2475 1707 2502 verbalem
1725 2476 1842 2504 additio}

1055 2524 1136 2547 nem.
1169 2517 1218 2544 sed
1238 2518 1391 2544 sententias
1412 2517 1495 2545 falsas
1518 2523 1601 2553 atque
1621 2521 1793 2555 contrarias,
1808 2530 1842 2550 ne

1055 2561 1192 2588 addantur
1213 2561 1378 2590 inhibuisse.
1398 2561 1488 2595 Quare
1513 2565 1638 2598 cogimur
1664 2565 1756 2592 dicere
1781 2572 1842 2601 post

1056 2607 1205 2634 secundam
1243 2609 1376 2643 synodum
1407 2609 1477 2636 hanc
1508 2609 1702 2638 inhibitionetu
1743 2612 1841 2640 factam

1056 2653 1157 2686 fuisse,
1175 2661 1230 2680 non
1246 2659 1336 2682 antea.
1352 2650 1439 2689 igitur
1451 2656 1474 2682 si
1488 2655 1550 2690 quis
1566 2664 1581 2682 e
1597 2664 1733 2685 converso
1752 2664 1842 2686 osten-

1057 2701 1103 2725 dat
1127 2700 1204 2733 quod.
1221 2704 1284 2727 ante
1305 2700 1453 2727 secundam
1477 2702 1613 2736 synodum
1637 2703 1695 2730 haec
1713 2705 1842 2732 iubibitio

1054 2744 1140 2772 fuerit
1156 2765 1162 2778 ,
1177 2750 1205 2772 et
1220 2745 1316 2772 iisdem
1333 2746 1390 2773 fere
1404 2748 1514 2781 verbis,
1531 2749 1631 2784 quibus
1649 2750 1760 2777 tertium
1777 2758 1842 2778 cott-

1056 2791 1149 2818 eilium
1178 2799 1258 2819 usum
1283 2797 1344 2825 est,
1367 2793 1513 2828 colligetur
1535 2795 1654 2822 duorum
1671 2797 1842 2831 supradicto-

1056 2844 1116 2863 rum
1129 2837 1246 2865 alterum
1259 2858 1267 2869 ,
1280 2843 1307 2865 et
1321 2846 1382 2866 cutn
1395 2840 1510 2868 secundi
1526 2841 1635 2868 concilii
1647 2841 1743 2869 Patres
1758 2845 1844 2870 traus~

1056 2889 1198 2917 gressores
1211 2891 1350 2914 canonum
1364 2885 1466 2920 dicere,
1484 2885 1657 2922 blasphemia
1674 2887 1710 2916 sit
1723 2906 1730 2922 ,
1747 2891 1841 2922 restat,
