1920 3063
109 157 158 190 421

583 150 633 180 DE
654 143 914 179 PROCESSlONE
933 142 1114 172 SPlRl'l'U’S
1134 141 1278 173 SANCTL

1679 139 1731 170 4ῗὲ

111 203 142 246 ιῆ
162 216 315 245 secundum
335 214 372 242 sit
387 219 501 243 verum,
519 209 647 237 videlicet
674 214 727 234 non
746 205 773 232 id
792 203 893 231 intelli—
906 204 930 233 Α
950 201 1084 234 intelligit,
1100 208 1160 226 rum
1174 199 1242 225 hanc
1256 197 1445 225 inhibitionem
1461 196 1596 228 decernit,
1613 197 1659 224 sed
1678 205 1734 224 ma-

113 272 177 299 gere
196 263 271 290 illam
287 259 484 288 inhibitionem
497 276 504 289 ,
521 255 594 291 quod
611 252 696 281 nostri
717 254 828 286 putant.
846 248 893 275 sed

111 295 277 337 contrariam
297 306 377 333 [idem
403 303 538 331 inhibere.
568 300 624 326 Hoc
642 299 724 332 igitur
748 295 827 322 nobis
852 301 896 320 os-

113 354 262 381 tenderunt
294 350 394 377 Latini.
425 347 576 376 Probatqu
602 348 643 371 cst
667 342 767 370 etenim
793 340 829 367 ab
856 339 896 365 eis

113 401 229 434 primam
262 398 399 425 Nicmnam
430 393 566 429 synodum
602 390 672 417 hanc
703 387 895 415 inhibitiouetn

114 446 209 473 fecisse
223 463 230 473 .
249 443 346 470 iisdem
367 441 435 476 ipsis
459 439 549 467 verbis
562 457 569 468 ,
590 436 691 471 quibus
712 440 739 461 et
760 433 895 462 tertium,

115 496 142 517 ct
159 490 210 517 alia
227 487 343 516 concilia
358 486 543 520 scripserunt.
556 481 711 509 Probarunt
731 483 823 504 autem
846 476 899 502 hoc

119 536 200 563 modo
220 543 225 560 :
244 534 282 560 Ita
300 531 416 560 studiosi
431 535 458 557 et
472 530 615 563 diligentes
632 526 659 553 iu
678 525 808 552 omnibus
829 522 898 550 acti-

116 583 169 610 bus
185 581 242 608 suis
257 584 324 610 sunt
351 577 460 608 Latini,
487 578 570 610 prout
591 579 618 600 et
643 578 687 599 tua
710 570 839 597 nobilitas
864 568 901 594 sit

117 632 232 661 experta
250 626 276 652 in
295 625 390 652 multis
407 629 504 650 eorum
520 619 679 655 sapientiae,
695 621 725 643 ut
741 623 794 643 non
811 615 900 641 solum

119 674 146 700 in
163 673 273 703 divinis,
290 677 384 697 verum
409 669 492 696 etiam
528 667 555 693 in
573 663 701 692 humanis
731 668 758 690 et
776 661 903 689 civilibus

119 720 205 746 rebus
226 718 294 746 nihil
317 724 364 744 eos
387 715 420 742 de
446 713 546 749 priscis
573 711 659 747 gestis
677 710 721 737 vel
736 708 848 743 scriptis
863 707 904 733 la-

121 771 192 798 teat;
209 772 293 800 quare
307 764 332 790 in
348 768 513 796 unaquaque
533 753 619 786 etiani’
631 757 739 784 civitate
750 753 904 789 reperiesin

123 818 219 839 eorum
233 809 365 836 archiviis
384 807 466 834 multa
481 802 681 840 antiquissimis
704 801 788 837 gestis
809 806 904 826 eorum

123 857 288 890 conscripta.
300 853 356 880 Hoc
366 853 448 880 etiam
463 853 488 878 in
499 850 632 877 catholica
647 847 771 875 Ecclesia
791 846 905 879 aliisque

125 904 177 938 piis
193 883 492 929 locisservatur.lllulta
501 897 574 922 enim
586 898 643 921 acta
653 893 822 927 pontilieum,
840 890 907 916 mul-
926 883 945 912 Β

127 956 215 983 neque
246 946 428 974 conciliorum
446 943 570 977 epistola:
597 945 625 967 et
647 946 768 966 canones
789 940 906 964 exstant.

126 981 325 1027 Produxeruut
350 991 434 1025 igitur
454 988 534 1015 nobis
559 987 587 1014 in
612 984 806 1018 antiquissimo
836 981 907 1008 libro

130 1041 309 1070 membraneo
322 1036 467 1072 epistolam
481 1033 582 1061 Liborii
604 1039 680 1067 papae
693 1030 725 1057 ad
746 1030 776 1056 Β.
789 1028 910 1055 Athana-

93 1110 97 1113 .
127 1090 198 1114 simu
225 1082 440 1112 Alexandrinum
458 1079 643 1115 patriareham
659 1097 666 1110 ,
696 1083 756 1111 qua:
783 1073 903 1108 incipit:

128 1133 188 1160 Jam
214 1139 229 1158 a
258 1129 393 1165 principio
415 1132 518 1154 tantam
540 1124 697 1158 accepimus
716 1129 730 1149 a
750 1119 911 1148 beatissimo

130 1181 212 1208 Petro
237 1176 360 1212 principe
389 1173 591 1209 apostolorum.
618 1170 646 1197 In
672 1176 725 1203 qua
744 1171 804 1201 post
827 1171 913 1200 pauca

130 1226 214 1256 dicit,
238 1211 380 1257 accepisse
413 1218 556 1253 epistolam
584 1215 670 1243 sancti
698 1211 858 1242 Athanasii.
887 1213 915 1236 et

130 1280 191 1300 eam
211 1271 324 1306 legisse.
340 1268 445 1297 Deinde
467 1265 560 1293 addit:
576 1263 644 1291 Cum
664 1266 755 1289 autem
771 1260 850 1286 tidem
867 1258 914 1286 Ni-

132 1317 198 1345 cmni
220 1315 328 1343 concilii
349 1315 376 1341 in
396 1322 426 1340 ca
447 1316 546 1339 rectam
564 1308 782 1342 reperissemus,
801 1310 913 1338 magnas

132 1364 234 1399 gratias
250 1362 329 1389 vobis
348 1360 494 1388 retulimus
506 1379 513 1390 ,
531 1364 581 1392 pro
596 1363 648 1390 qua
665 1361 718 1380 non
736 1352 824 1379 solum
840 1357 916 1377 com-

134 1410 189 1445 pati
206 1408 368 1438 vobiscum,
391 1410 421 1432 et
444 1403 663 1439 persecutionem
686 1399 742 1434 pati
765 1395 851 1432 parati
873 1402 918 1421 sll-

135 1464 214 1487 mus,
232 1455 278 1482 scd
300 1461 361 1480 cum
380 1451 532 1479 nrcessitas
549 1449 657 1482 exigat,
675 1446 758 1471 etiam
777 1441 846 1469 mori
866 1449 917 1476 pro

135 1503 243 1530 nomine
255 1499 354 1528 Christi
376 1506 430 1525 non
449 1500 658 1531 postponemus,
675 1493 918 1526 quantumcunque

136 1556 234 1578 sumus
261 1546 423 1574 imbecilles.
449 1542 581 1570 Praedicta
606 1545 725 1573 namque
748 1541 778 1564 ut
802 1535 919 1570 legimus

137 1601 232 1622 sancta
263 1591 388 1620 decrevit
419 1590 527 1617 Nicaaua
557 1585 697 1621 synodus,
725 1583 805 1609 aliam
837 1579 918 1607 (idern

139 1641 205 1668 nulli
226 1640 309 1666 licere
331 1637 454 1672 proferre
470 1655 476 1666 ,
497 1637 545 1661 aut
563 1630 757 1660 conscribere,
779 1632 826 1654 aut
846 1634 922 1654 com.

138 1691 241 1719 ponere
254 1703 261 1713 ,
276 1687 323 1709 aut
345 1688 460 1715 sapere,
485 1683 532 1706 aut
552 1678 633 1704 aliter
655 1676 756 1702 docere
769 1694 776 1706 ,
795 1680 845 1699 nec
866 1672 918 1698 ali-

138 1730 202 1765 quid
214 1730 240 1756 in
258 1729 308 1755 lide
320 1727 360 1755 vel
375 1726 537 1760 intelligere,
552 1724 593 1750 vel
606 1722 727 1757 proferre
739 1719 811 1755 quod
823 1719 922 1745 hormn

140 1764 251 1805 Patrum
272 1774 389 1800 decretis
410 1771 578 1798 contrarium
602 1768 648 1795 sit.
667 1767 716 1799 Qui
741 1773 806 1792 vero
821 1764 922 1791 audeat

139 1823 221 1850 aliam
240 1821 320 1848 (idem
337 1819 474 1854 proferre,
490 1820 537 1843 aut
548 1816 668 1847 docere,
685 1817 733 1839 aut
756 1812 830 1838 alLud
845 1811 924 1846 Sym-

142 1870 234 1896 bolum
253 1866 359 1894 tradere
375 1865 430 1892 illis
449 1864 495 1898 qui
515 1862 548 1889 ad
567 1862 638 1886 viam
657 1858 783 1886 veritatis
801 1865 834 1885 ex
851 1865 921 1891 qua-

141 1922 253 1950 cunque
284 1911 380 1940 ha-rcsi
400 1910 558 1938 desiderant
581 1906 717 1938 converti,
747 1911 794 1933 aut
813 1913 847 1932 ex
877 1904 926 1931 Ju-

145 1961 262 1992 daismo,
279 1963 327 1986 aut
343 1966 376 1984 ex
393 1955 555 1992 gentilitate,
573 1954 595 1981 si
615 1953 761 1988 CpiSqullS
780 1952 820 1978 vel
845 1951 927 1978 elori-

143 2014 194 2034 cus
216 2007 269 2038 sit,
293 2005 416 2039 privetur
432 2003 582 2037 episcopus
599 2000 751 2036 episcopali
775 1999 926 2033 dignitate,

145 2058 174 2080 et
190 2052 308 2080 clericus
325 2050 400 2077 clero
425 2058 431 2075 :
450 2048 471 2076 si
497 2055 562 2074 vero
583 2046 753 2077 monachus,
773 2050 820 2072 ant
842 2045 929 2072 laitus

146 2096 403 2126 anathematizetur.
430 2094 494 2120 llaec
517 2100 592 2120 nunc
615 2091 730 2126 quidem
754 2091 823 2117 actis
847 2089 927 2124 primi

147 2143 255 2171 corrcilii
271 2140 423 2176 deperditis
445 2139 539 2174 ignota
563 2137 644 2164 nobis
666 2140 753 2163 sunt:
775 2139 843 2162 tunc
864 2141 928 2161 vero

149 2197 213 2216 cum
230 2188 320 2215 adhuc
338 2190 478 2214 exstarent
489 2205 496 2217 ,
512 2184 636 2212 sciebant
650 2187 678 2209 et
695 2189 763 2217 papa
783 2180 928 2210 Liberius,

949 247 1045 274 nileste
1065 246 1228 293 contrariam
1247 245 1327 271 ﬁdem
1345 243 1457 270 inhibet.

949 314 1089 341 Conclusio
1119 312 1190 347 quod
1219 315 1329 344 urgente
1365 312 1540 341 necessitate,
1570 314 1601 347 et
1629 310 1734 344 judicio

986 345 1166 378 ΙζεεΙεδὶαιξει
1191 349 1349 374 auctoritate
1377 346 1473 372 summi
1500 345 1632 380 pou/iﬁcis
1660 353 1735 371 arca-

985 385 1072 414 dcule,
1097 383 1158 409 [ἐστι
1184 387 1207 408 cl
1236 381 1412 409 Itccrssurium
1437 387 1474 407 cst
1504 380 1599 406 uthcm
1628 379 1734 405 t‘et'lmm

986 418 1118 454 Symbolo.

988 477 1039 504 Per
1055 477 1113 504 haec
1128 477 1220 511 itaque
1240 476 1331 502 omnia
1354 475 1568 502 clementissime
1593 474 1654 500 lucc
1678 473 1732 498 ela-

953 525 1011 552 rius
1029 525 1172 559 probatth
1190 528 1230 550 est
1246 531 1299 550 non
1317 530 1378 549 csse
1394 522 1566 558 prohibitura
1591 520 1736 546 veritatem

953 571 1056 598 addere
1075 570 1136 597 lidei
1155 569 1294 605 Sytuholo,
1308 569 1363 595 imo
1381 576 1446 595 vero
1459 567 1611 594 declarare.
1628 565 1737 593 Nullum

954 617 1028 644 enim
1046 616 1171 643 \eritatis
1198 615 1295 650 dogma
1319 619 1371 646 est,
1388 614 1460 649 quod
1478 614 1521 640 vel
1538 612 1666 647 explicito
1683 618 1737 637 non

956 661 1130 688 contineatur
1144 660 1286 694 Symbolo,
1305 663 1333 685 ct
1345 659 1462 693 simplici
1479 657 1666 692 apostolottﬁn
1686 661 1741 682 tra-

958 706 1055 734 ditioui
1081 705 1247 733 :declarare
1271 708 1376 735 autem.
1399 709 1427 731 et
1441 704 1584 738 replicare,
1607 710 1638 729 ac
1664 701 1742 735 Sym-

958 753 1022 780 bolo
1037 753 1138 780 addere
1151 759 1205 779 non
1221 759 1330 786 semper
1348 751 1487 782 videlicet,
1502 757 1552 776 nec
1570 757 1677 784 omnem
1694 756 1742 774 vo-

958 799 1071 829 lentetn.
1095 798 1143 825 sed
1170 805 1267 833 magna
1290 796 1455 824 necessitate
1479 800 1604 830 cogente,
1629 798 1656 821 et
1679 794 1741 820 clun

960 845 1090 872 Ecclesia:
1107 845 1252 880 judicium,
1268 848 1296 871 et
1321 842 1472 870 auctoritas
1490 841 1587 868 sunnni
1605 840 1743 876 pontiﬁcis

960 891 1119 923 accesserit,
1138 898 1192 917 non
1219 889 1300 917 modo
1329 897 1383 916 non
1407 895 1467 916 esse
1494 888 1677 923 prohibitum,
1696 885 1743 913 Sctl

960 939 1042 967 etiam
1061 938 1247 966 necessarium
1261 945 1334 965 esse.

996 993 1164 1022 Continuatio
1176 995 1339 1020 narrationis
1358 1002 1458 1024 eorum.
1474 1000 1531 1028 quw
1546 993 1573 1018 in
1594 992 1708 1018 concilio

1253 1029 1323 1063 facta
1341 1029 1457 1064 fuerunt.

999 1076 1047 1103 llis
1063 1076 1146 1110 igitur
1179 1076 1295 1111 aliisque
1313 1075 1451 1103 similibus
1466 1082 1512 1109 per
1529 1074 1640 1101 Latinos
1655 1073 1746 1104 dictis,

964 1124 1175 1151 clementissime
1193 1124 1245 1155 vir,
1263 1131 1313 1150 nos
1337 1131 1399 1150 cum
1415 1123 1483 1150 nihil
1501 1123 1533 1149 ad
1555 1123 1618 1150 haec
1633 1129 1748 1156 respon-

964 1170 1028 1198 dere
1055 1171 1239 1202 haberemus,
1273 1170 1340 1205 quid
1371 1177 1491 1204 namque
1517 1174 1624 1204 poterat
1649 1169 1753 1203 aliquis

965 1221 1060 1244 contra
1074 1217 1153 1244 talem
1167 1217 1309 1244 veritatem
1329 1215 1504 1250 impudenter
1515 1215 1627 1242 dicere?
1643 1215 1751 1242 taceba-

966 1270 1036 1290 muS.
1061 1261 1150 1289 Latini
1168 1269 1235 1289 vero
1251 1262 1366 1296 probato
1382 1261 1454 1296 quod
1472 1261 1536 1288 licet
1551 1261 1653 1288 addere
1670 1259 1749 1294 Syru-

966 1307 1030 1335 bolo
1062 1308 1224 1339 veritatem,
1251 1312 1454 1341 consequenter
1486 1306 1688 1340 pollicebantur
1720 1313 1750 1332 se

968 1353 1134 1388 probaturos
1162 1353 1244 1380 etiam
1265 1353 1364 1387 dogma
1391 1352 1521 1388 Symbolo
1548 1352 1682 1384 additum,
1703 1359 1751 1378 ve-

968 1409 1029 1428 rum
1058 1409 1131 1433 csse,
1159 1401 1306 1431 videlicet,
1331 1401 1403 1434 quod
1431 1399 1553 1434 Spiritus
1579 1404 1689 1426 sanctus
1719 1404 1753 1426 ex

969 1448 1052 1476 Patre
1084 1447 1209 1481 Filioque
1231 1447 1364 1481 procedit.
1384 1446 1419 1472 At
1434 1447 1519 1473 nostri
1536 1445 1563 1472 iu
1580 1445 1669 1480 pritno
1685 1453 1754 1472 con-

971 1495 1052 1526 victi,
1084 1494 1270 1521 formidabant
1297 1493 1448 1520 secundum
1480 1497 1619 1520 certamen
1648 1492 1754 1523 subire.

933 1552 955 1580 ο
972 1539 1094 1573 illudque
1110 1539 1151 1566 eis
1168 1538 1270 1571 evenit,
1287 1539 1360 1573 quod
1376 1546 1426 1573 ego
1438 1539 1492 1572 jam
1510 1546 1523 1564 a
1540 1537 1675 1572 principio
1687 1544 1756 1572 prte-

973 1584 1098 1611 videbam
1119 1584 1253 1616 futurum,
1281 1591 1343 1611 cum
1368 1583 1563 1617 impediebam,
1582 1591 1614 1610 ne
1640 1583 1674 1610 ab
1700 1583 1752 1609 hac

973 1631 1124 1664 quzestione
1143 1630 1341 1664 inciperemus.
1360 1629 1507 1656 Timebant
1523 1629 1618 1663 igitur,
1632 1633 1660 1656 et
1676 1628 1754 1655 nullo

974 1673 1055 1701 modo
1079 1673 1208 1701 volebant
1225 1673 1343 1708 amplius
1366 1681 1530 1708 permanere
1544 1682 1553 1700 ι
1569 1673 1617 1700 sed
1636 1673 1755 1707 quisque

974 1723 1149 1751 desiderabat
1163 1722 1320 1756 discedere,
1333 1726 1361 1749 et
1379 1722 1479 1749 reverti
1494 1721 1526 1749 ad
1539 1722 1659 1757 propria,
1674 1722 1756 1749 nihil-

975 1777 1028 1804 que
1041 1769 1127 1801 aliutl,
1142 1769 1195 1796 nisi
1211 1768 1381 1796 redeundum
1395 1767 1428 1795 ad
1447 1768 1563 1804 patriam
1578 1768 1732 1795 clamabant
1749 1778 1755 1795 :

975 1820 1003 1843 et
1018 1824 1078 1842 cum
1094 1823 1204 1842 causam
1238 1822 1353 1842 curnam
1370 1814 1407 1841 ita
1431 1814 1533 1841 vellent
1553 1814 1759 1849 interrogaren-

977 1867 1032 1894 tur,
1060 1861 1176 1888 reddere
1199 1868 1253 1888 non
1273 1861 1410 1888 volebant.
1438 1860 1509 1893 Quid
1533 1860 1616 1895 igitur
1635 1861 1760 1888 dicemus

979 1907 1084 1934 Latinis
1104 1907 1275 1942 interrogati,
1293 1914 1346 1941 qua
1361 1906 1466 1933 ratione
1483 1906 1510 1933 in
1527 1906 1617 1933 medio
1633 1908 1762 1933 certamiv

978 1961 1024 1984 ne,
1040 1954 1096 1980 imo
1113 1960 1178 1979 vero
1196 1953 1287 1980 adhuc
1302 1953 1328 1978 in
1351 1951 1499 1986 principio,
1521 1959 1582 1986 qua
1598 1952 1673 1980 enim
1690 1953 1761 1979 buc-

979 2006 1065 2031 nsuue
1090 1999 1123 2025 de
1137 2006 1191 2026 non
1210 1998 1293 2024 licere
1316 1997 1418 2025 addere
1443 1997 1515 2024 dicta
1545 2001 1621 2030 sunt,
1640 1997 1708 2024 nihil
1727 1997 1759 2023 ad

980 2052 1037 2071 rem
1050 2048 1128 2071 sunt.
1142 2044 1199 2077 Qua
1216 2043 1300 2078 igitur
1314 2043 1423 2071 ratione
1445 2043 1569 2070 nondum
1592 2043 1666 2070 facto
1681 2043 1762 2070 initio

981 2090 1152 2117 redeundum
1178 2094 1262 2122 esset,
1286 2089 1379 2116 dicere
1407 2096 1462 2116 non
1486 2088 1646 2121 habebant;
1666 2097 1762 2116 verum

980 2136 1083 2170 absque
1110 2136 1163 2173 ulla
1193 2135 1298 2162 ratione
1326 2134 1564 2168 vociferabantur,
1597 2133 1764 2167 Redeamus,

981 2181 1137 2208 redeamus.
1153 2180 1285 2208 Dicebant
1302 2185 1393 2208 autem
1409 2180 1493 2208 etiam
1507 2180 1579 2207 inter
1600 2188 1629 2208 se
1643 2180 1717 2215 quod
1732 2181 1765 2208 ad

148 2242 175 2263 et
198 2240 309 2262 sanctus
330 2232 505 2260 Athanasius.
530 2230 593 2256 llaec
618 2235 710 2256 autem
737 2227 838 2254 similia
867 2229 931 2254 sunt
948 2218 968 2245 υ
984 2234 1078 2254 eortun
1092 2234 1173 2253 aures
1188 2226 1369 2261 pervenisset,
1386 2225 1497 2254 Latinos
1509 2226 1629 2260 possein
1646 2227 1766 2254 medium

150 2282 262 2310 omnino
284 2279 358 2307 tertii
381 2277 494 2305 concilii
511 2276 613 2303 verbis.
629 2274 700 2307 Quid
725 2273 811 2308 igitur
829 2272 863 2299 de
888 2279 931 2298 sc-

152 2328 240 2356 cunda
266 2325 371 2362 synodo
397 2322 473 2351 etB.
492 2321 624 2356 Gregorio
650 2320 825 2347 Nazianzeno
854 2318 932 2344 diee-

151 2381 229 2402 mus.
243 2372 290 2407 qui
301 2391 308 2404 ,
325 2378 388 2398 cum
404 2368 469 2396 huic
486 2367 604 2395 concilio
623 2365 784 2400 prtcsidcret
801 2370 932 2398 tanquam

151 2421 220 2447 alios
248 2417 383 2450 sapientia
409 2414 564 2445 excellens,
588 2413 642 2439 hoc
669 2411 851 2447 Symbolum,
878 2417 934 2444 quo

155 2473 226 2492 nunc
251 2469 306 2491 tota
329 2462 451 2490 Ecclesia
478 2460 577 2492 utitur,
605 2457 804 2492 conscripsisse
820 2457 934 2488 dicitur,

154 2513 182 2539 in
206 2509 330 2546 plurimis
353 2508 493 2535 Nicantum
519 2510 647 2537 mutans,
672 2505 695 2531 si
721 2504 779 2530 haec
805 2501 935 2528 inhibitio

155 2557 228 2584 illam
255 2559 393 2585 tuentem,
422 2560 504 2587 quam
534 2551 622 2578 nostri
639 2549 745 2580 dicunt,
762 2548 855 2574 habet.
882 2547 936 2574 Pro

156 2604 258 2631 sanctis
287 2602 414 2629 Patribus
438 2605 466 2627 et
479 2599 640 2627 doctoribus
653 2617 660 2630 ,
675 2597 750 2624 heu!
774 2595 937 2623 seductorcs

157 2655 185 2678 et
210 2651 369 2682 deecptorcs
385 2647 447 2674 l‘aeti
465 2650 546 2678 sunt,
563 2649 591 2672 et
607 2643 722 2671 secundi
747 2642 859 2670 concilii
883 2641 937 2668 Pa-

159 2702 214 2724 tres
227 2715 234 2726 ,
249 2700 277 2721 et
293 2694 323 2721 Β.
341 2693 489 2731 Gregorius
512 2691 704 2719 Nazianzenus
716 2708 724 2721 ,
748 2689 792 2716 cui
819 2695 866 2722 per
891 2695 939 2714 ex-

159 2743 312 2771 cellentiam
339 2741 493 2775 Tltcologus
527 2745 680 2773 cognomen
707 2736 771 2764 luit.
790 2735 843 2763 Sed
868 2735 940 2762 absit

160 2790 231 2816 hanc
247 2787 443 2822 blasphemiam
459 2786 542 2813 etiam
558 2784 694 2819 cogitare.
710 2782 770 2810 Non
788 2782 872 2817 igitur
889 2787 940 2808 nec

162 2836 266 2872 prima,
282 2842 331 2862 nec
345 2833 444 2866 tertia,
470 2839 520 2859 nec
549 2831 639 2865 aliqua
656 2830 709 2857 alia
738 2827 860 2864 synodus
888 2827 940 2854 hoc

987 2272 1085 2300 aderre
1101 2272 1234 2307 plurimas
1250 2272 1400 2299 multorum
1426 2277 1585 2299 sanctorum
1611 2273 1769 2300 occidenta-

987 2318 1054 2345 liutn
1080 2319 1271 2348 auctoritates.
1287 2317 1389 2352 quibus
1415 2318 1504 2353 palam
1524 2318 1657 2353 probatur
1683 2318 1770 2353 Spiri~

989 2367 1046 2390 tum
1061 2368 1185 2390 sanetum
1211 2371 1244 2391 ex
1268 2363 1349 2389 Patre
1366 2363 1491 2397 Filioque
1516 2363 1681 2397 procedere.
1697 2364 1770 2395 Quid

990 2410 1074 2444 igitur
1092 2410 1126 2437 ad
1143 2410 1192 2437 has
1208 2409 1456 2445 respondebimus?
1471 2409 1659 2440 discedamus,
1677 2410 1771 2436 redea-

991 2463 1063 2488 mus,
1101 2456 1242 2483 abeamus.
1275 2456 1398 2482 Audisne
1426 2455 1540 2482 Patrum
1566 2459 1594 2482 et
1623 2455 1770 2482 doctorum

991 2501 1176 2528 sententiam?
1192 2501 1338 2534 Quoniam,
1362 2500 1503 2534 inquiunt,
1525 2500 1626 2528 multas
1651 2500 1773 2526 auetori-
1807 2490 1810 2493 λ

993 2551 1063 2574 tates
1086 2551 1244 2574 sanctorum
1265 2547 1358 2574 Latini
1382 2546 1482 2574 afferre
1505 2546 1618 2579 habent,
1648 2546 1681 2574 ad
1705 2553 1773 2581 quas

993 2601 1043 2620 nos
1065 2593 1233 2628 respondere
1247 2601 1302 2620 non
1319 2594 1462 2625 habemus,
1478 2593 1652 2620 discedamus
1669 2593 1703 2619 ab
1719 2593 1772 2619 eis.

994 2640 1042 2666 Vix
1058 2643 1149 2666 tamen
1166 2639 1318 2667 sentientes
1333 2639 1531 2667 absurditatem
1548 2639 1693 2666 sententia:
1705 2646 1773 2670 suae,

994 2691 1022 2713 et
1041 2693 1056 2711 a
1079 2686 1256 2713 serenissimo
1277 2686 1447 2720 imperatore
1469 2685 1594 2720 persuasi
1620 2690 1774 2717 cesserunt,

995 2736 1023 2760 et
1038 2740 1148 2760 manere
1163 2732 1357 2760 decreverunt.
1373 2733 1484 2760 lnterttn
1507 2739 1552 2759 res
1575 2732 1640 2767 'rpsze
1658 2731 1691 2759 de
1709 2731 1776 2758 Fer-

995 2779 1067 2806 raria
1091 2779 1119 2806 in
1146 2778 1311 2806 Florentiam
1340 2785 1481 2805 accessum
1508 2777 1608 2804 summi
1636 2776 1776 2812 pontiﬁcis

997 2829 1156 2861 eor-gerunt,
1183 2828 1210 2852 et
1233 2824 1298 2852 inde
1323 2824 1388 2852 illuc
1416 2823 1625 2851 translationem
1651 2822 1776 2850 concilii.
