1920 3063
181 147 232 181 4ἓ3

664 149 915 181 BESSARIONiS
937 149 967 180 S.
987 150 1023 180 Β.
1039 148 1072 179 Ε.
1095 142 1325 179 ΟᾹΒΟΙΝΛΙᾸΞ

1747 150 1803 182 424

181 200 316 233 Abierunt
341 205 422 241 igitur
446 206 546 238 Latini,
570 207 734 235 recessimus
757 210 840 235 etiam
858 215 920 238 nos,
935 211 962 234 et
978 211 996 238 Α
1013 210 1134 240 apparet.
1152 205 1307 231 Attulerunt
1321 211 1384 231 vero
1397 211 1450 231 non
1476 205 1563 231 solum
1576 204 1802 240 occidentalium,

181 259 243 278 cum
259 258 354 278 omnes
367 252 421 286 jam
441 252 640 287 appulissmms
654 253 830 284 Florentiam,
854 253 962 279 decreta

183 295 233 323 fuit
257 296 328 327 dies,
354 296 381 323 in
402 305 454 332 qua
481 297 667 331 incipiendum
699 302 781 331 atque
799 299 962 323 continuan-

181 342 245 368 dum
271 347 330 369 erat
349 342 505 373 conedium,
523 347 551 369 et
575 342 693 369 termino
720 342 885 369 adveniente
903 349 962 367 rur-

181 395 228 415 sus
246 396 296 414 nos
315 395 444 415 accusare
461 388 575 415 Latinos
596 389 760 423 incepimus.
776 387 963 420 Quemadmo-

181 433 245 460 dum
275 434 348 460 enitn
376 434 403 460 in
433 433 479 461 illa
509 433 671 468 quastione,
689 441 722 461 an
755 434 837 461 liceat
861 433 963 460 addere

180 479 340 513 quidquam,
356 486 407 506 nos
431 484 634 510 accusatorum,
653 479 743 506 Latitti
763 487 829 506 vero
848 487 962 514 respon-

180 524 303 551 di-ntinnt
320 529 471 551 tenuerunt
483 525 586 557 locum,
603 530 630 552 et
649 526 686 552 ita
704 525 918 560 responderunt,
932 529 963 551 ut

179 571 217 596 nil
233 577 282 597 nos
297 571 331 598 ad
355 570 400 606 illa
420 572 555 606 replicare
573 571 760 606 potucrimtts,
776 571 814 598 ita
831 572 914 598 etiant
934 571 960 598 in

180 615 238 649 ipso
265 615 392 651 dogmate
417 624 467 644 nos
492 618 603 652 quidem
639 621 769 652 tanquam
800 622 961 645 accusantes

179 663 394 695 proposuimus;
412 662 451 689 illi
466 670 532 689 vero
549 662 763 697 respondebant.
784 662 813 689 In
831 663 961 690 omnibus

179 707 252 732 enim
268 706 300 732 ad
318 707 426 734 libitttm
445 712 581 739 nostrum,
597 712 624 734 et
638 712 719 742 prout
735 707 908 739 volebamus,
923 707 961 734 ita

179 751 271 778 facere
286 752 366 779 ttohis
379 752 499 784 licebat;
525 758 554 779 ct
578 757 667 779 tamen
684 760 738 779 non
754 753 838 788 pudct
854 753 961 787 aliquos

179 798 270 824 dicere
291 798 345 824 vim
370 798 449 826 nobis
473 799 573 826 illatam
598 798 682 826 fuisse
699 807 704 824 :
722 798 795 842 qugd
819 806 960 833 nunquam

178 843 228 870 lu‘t
247 848 316 870 teste
338 844 452 871 veritate
473 845 518 879 qui
535 844 606 871 Deus
625 849 677 871 est.
694 843 897 878 Proposuimus
912 844 961 879 igi-

1017 259 1110 278 vcrum
1143 251 1225 277 etiam
1267 250 1445 277 orientalium
1475 251 1585 277 Patrum
1623 252 1802 286 testimonia,

1014 303 1131 329 quorum
1148 295 1249 330 aliqua,
1269 303 1331 330 qua:
1354 296 1420 322 mibi
1440 296 1497 322 visa
1515 296 1628 324 fuerunt
1655 298 1740 332 magis
1767 299 1802 325 ad

1014 345 1139 368 nostrum
1155 342 1326 375 propositunt
1346 341 1448 374 facere,
1468 342 1516 368 tibi
1528 350 1590 369 cum
1612 343 1654 369 his
1671 343 1703 370 ad
1729 351 1801 378 prte-

1014 393 1076 414 sens
1093 386 1183 418 mitto,
1202 392 1230 413 ut
1247 387 1384 421 intelligas
1399 387 1464 422 quid
1481 387 1514 414 de
1527 387 1577 414 ltac
1596 396 1625 414 re
1652 389 1799 423 ipsietiam

1015 431 1201 459 occidentales
1224 432 1351 460 doctores
1367 433 1488 467 sapittnt.
1512 433 1552 460 Ad
1577 441 1637 468 qua:
1654 442 1704 461 nos
1728 435 1800 462 nihil

1015 478 1181 512 respondere
1199 478 1380 511 habebamus,
1407 478 1460 505 nisi
1479 479 1551 514 quod
1577 485 1706 514 corrupta
1730 481 1799 512 sint,

1013 527 1041 550 ct
1065 531 1079 550 a
1101 523 1205 550 Latinis
1221 529 1352 558 corrupta
1380 524 1505 552 luerunt.
1533 525 1727 553 Produxcrnnt
1751 534 1802 553 no-

1014 572 1101 594 strum
1129 568 1312 603 Epiphanium
1338 569 1434 596 tttultis
1459 569 1486 596 iit
1516 570 1586 598 locis
1610 578 1642 597 cx
1668 571 1746 598 Patre
1771 576 1801 598 et

1014 613 1083 640 Filio
1101 614 1174 641 clare
1197 614 1333 641 dicentem
1348 622 1409 642 esse
1427 615 1559 650 Spiritum
1583 621 1717 649 sancttuu,
1737 625 1800 644 cor-

1013 664 1124 694 ruptum
1141 659 1227 686 luisse
1244 660 1416 687 dicebamus.
1441 661 1600 695 Allegarnnt
1617 662 1710 697 Cyrilli
1729 671 1801 689 non-

1014 705 1100 736 nulla,
1121 710 1149 733 et
1176 706 1306 738 aliorum,
1335 706 1407 733 idctn
1439 707 1589 735 aiebamus.
1619 708 1801 735 Addnxcrunt

1015 750 1227 778 occidentalium
1255 752 1401 779 doctorum
1426 753 1616 785 auctoritates,
1635 754 1724 780 omnis
1751 762 1802 780 no-

1014 800 1069 823 stra
1091 797 1235 832 rcspousio
1261 797 1357 824 eadem
1388 803 1415 824 et
1438 798 1511 824 nulla
1537 798 1589 825 alia
1616 804 1688 825 crat.
1727 798 1796 826 Cum

1015 841 1098 876 igitur
1115 843 1209 869 multis
1230 843 1327 870 diebus
1351 843 1424 871 inter
1442 851 1492 871 ttos
1507 844 1582 878 ipsos
1606 844 1799 871 considerare-

178 895 223 915 t'ur
235 890 268 916 ab
283 889 349 924 ipsis
361 890 493 924 apostolis
507 894 533 916 ct
557 890 644 917 sacris
659 890 771 925 synodis
783 889 958 925 incipientes,
978 889 996 917 B
1013 895 1073 914 mus
1087 888 1219 922 quidnam
1235 889 1266 915 ad
1284 889 1341 917 haec
1355 890 1578 924 respondendum
1593 894 1676 922 esset,
1695 890 1799 916 nullam

178 942 331 969 eorumque
358 941 440 969 atqtte
466 935 588 962 omnium
611 935 787 962 orientalium
814 936 959 962 doctorutit

179 981 395 1007 auctoritatibus
411 981 463 1012 usi,
477 982 578 1015 quibus
594 983 726 1016 probatur
743 981 876 1016 Spiritum
894 989 960 1008 san-

178 1032 252 1052 ctum
275 1034 328 1053 non
350 1027 459 1061 quidem
480 1035 533 1054 non
551 1028 701 1062 procedere
716 1036 748 1054 ex
768 1028 847 1060 Filio,
881 1028 960 1055 talem

178 1082 295 1108 uanique
312 1075 414 1101 nullam
433 1075 624 1101 auctoritatem
650 1075 800 1106 habemus;
828 1080 909 1109 prout
932 1079 960 1101 tu

178 1121 259 1147 ctiatn
282 1121 347 1152 scis,
367 1126 464 1155 prancr
487 1121 560 1147 illam
581 1121 695 1148 Joannis
717 1120 888 1151 Damasceni,
913 1121 960 1155 qui

178 1166 404 1200 i‘icit,‘5piritum
420 1166 479 1194 Filii
492 1167 618 1198 dicimus,
632 1174 664 1192 ex
680 1166 748 1193 lt‘dio
765 1174 828 1193 vero
844 1174 897 1193 non
916 1167 960 1194 di-

177 1213 276 1239 cimus.
293 1213 358 1239 Alite
375 1219 438 1239 vero
455 1213 633 1239 auctoritates
645 1220 741 1239 omnes
757 1212 810 1239 ltoe
832 1213 959 1247 probattt,

178 1261 310 1286 duntaxat
325 1258 397 1293 quod
418 1258 538 1292 Spiritus
553 1263 664 1285 sattctus
677 1265 709 1285 ex
726 1257 804 1284 Patre
826 1259 960 1292 procedit.

179 1304 233 1332 llas
253 1304 335 1339 igitur
356 1311 407 1331 nos
427 1304 573 1331 allcrentes
599 1304 625 1330 iu
652 1303 772 1330 medium
798 1304 961 1337 putabamus

179 1351 318 1384 probasse,
337 1350 434 1376 falsum
452 1357 526 1382 esse,
543 1349 614 1384 qunti
630 1357 663 1376 ex
679 1349 748 1376 Filio
763 1348 848 1375 etiam
864 1356 960 1382 proce-

178 1397 224 1422 dat
247 1395 367 1430 Spiritus
383 1400 512 1422 sanctus:
531 1394 620 1421 Latini
640 1402 706 1421 vero
724 1393 756 1421 ad
784 1394 833 1420 has
849 1393 960 1428 quidem

177 1447 274 1467 omnes
286 1440 465 1467 auctoritates
480 1448 561 1467 unam
580 1440 649 1466 hanc
666 1439 871 1474 responsionth
884 1446 962 1465 com-

177 1494 287 1514 munem
303 1486 451 1518 dedcrunt,
467 1486 538 1521 quod
552 1493 648 1512 outnes
661 1485 788 1512 videlicet
803 1491 874 1511 verte
885 1488 959 1516 sunt,

177 1538 205 1560 et
224 1533 260 1560 ita
278 1533 360 1560 etiam
374 1533 415 1560 eis
436 1532 542 1559 videri:
560 1531 608 1558 sed
626 1531 710 1558 etiam
734 1531 785 1557 ltoc
809 1530 881 1557 idettt
902 1537 961 1556 cre-

177 1579 242 1606 dere
259 1578 391 1613 Spiritum
402 1582 527 1604 sanctum
539 1577 642 1604 scilicet
656 1584 687 1603 ex
701 1576 781 1603 Patre
797 1576 958 1611 procedere:

177 1626 229 1653 hoc
248 1630 336 1652 tanien
365 1632 419 1651 non
447 1627 476 1650 ιιι
496 1623 676 1654 contrarium,
698 1630 748 1650 nec
773 1627 803 1649 ttt
822 1621 961 1649 contradi-

178 1671 295 1698 ctorinm
309 1668 475 1704 appositioni
490 1667 703 1695 auctoritatibus
717 1667 873 1694 dicentibus
895 1674 958 1693 eum

177 1717 260 1743 etiam
281 1723 314 1742 ex
327 1715 401 1742 Filio
414 1714 575 1749 procedere.
597 1712 625 1740 Si
642 1713 715 1740 enim
736 1713 824 1739 altero
846 1713 958 1739 illorum

178 1761 320 1789 modorum
335 1761 389 1787 illis
404 1763 600 1795 apponerctur,
617 1764 684 1785 tunc
700 1765 755 1785 uno
775 1758 875 1793 posito,
888 1758 956 1785 alte-

178 1815 238 1835 runt
251 1807 435 1842 peritnerctur
449 1807 560 1834 omnino
574 1815 582 1832 :
604 1813 678 1833 ttunc
695 1812 760 1833 vero
777 1805 815 1832 nil
831 1804 960 1838 prohibet

177 1859 326 1889 utrumque
351 1861 445 1881 verum
470 1861 543 1887 esse,
561 1853 689 1880 videlicet
714 1851 788 1887 quod
815 1859 849 1878 ex
879 1851 959 1878 Patre

177 1901 317 1936 procedat,
338 1906 365 1928 et
382 1900 453 1935 quod
477 1907 511 1927 ex
526 1899 604 1927 Filio.
622 1897 860 1932 Quemadmodum
877 1898 900 1926 si
917 1898 960 1925 di-

176 1955 271 1975 cantus
298 1946 428 1982 Spiritum
456 1951 580 1974 sattetunt
607 1945 679 1972 mitti
704 1953 736 1972 cx
765 1945 862 1978 Patre,
888 1944 959 1971 alius

176 2001 242 2022 vero
255 1994 330 2021 dicat
349 2001 411 2021 eum
426 2001 459 2020 ex
473 1992 553 2019 Patre
566 1997 594 2020 et
609 1990 677 2018 Filio
693 1991 774 2018 mitti.
804 1991 959 2025 Utrumque

176 2048 273 2067 rerum
294 2040 411 2071 dicetur,
437 2044 464 2066 et
490 2038 607 2065 alterum
635 2045 689 2064 non
708 2041 844 2072 repugnat
867 2036 959 2063 alteri.

177 2087 205 2113 Si
227 2087 309 2121 igitur
324 2085 411 2112 sancti
427 2085 523 2111 Pal-res
536 2083 671 2115 dicereut,
694 2082 734 2109 vel
749 2081 822 2116 quod
840 2081 960 2116 Spiritus

176 2137 289 2160 sanctus
311 2140 343 2158 ex
367 2131 426 2158 solo
445 2131 524 2157 Patre
541 2128 676 2164 procedit,
692 2129 734 2155 vel
751 2128 824 2163 quod
840 2136 872 2155 ex
892 2128 960 2155 Filio

177 2187 231 2206 non
259 2177 394 2213 procedit,
412 2182 478 2203 tunc
499 2175 565 2202 falsa
593 2180 687 2202 nostra
704 2178 777 2201 esset
794 2173 872 2200 ﬁdes.
889 2173 958 2200 Cum

175 2231 268 2252 autem
291 2229 419 2250 neutrunt
446 2222 544 2248 ltorunt
575 2221 697 2247 nondum
718 2220 818 2254 aliquis
846 2225 958 2246 sancttts
973 2227 998 2258 Ι)

177 2271 278 2297 dixerit
290 2269 374 2300 istud,
389 2267 461 2303 quod
478 2268 571 2294 dicunt
582 2275 615 2294 c1
629 2267 708 2294 Patre
722 2273 784 2293 cum
797 2267 958 2301 procedere,

177 2323 232 2343 non
251 2315 360 2350 perimit
376 2313 448 2348 quod
469 2320 520 2340 nos
535 2313 653 2340 dicimus
670 2320 702 2339 ex
719 2311 789 2339 Filio
800 2312 882 2339 etiam
895 2319 959 2338 eum

178 2360 337 2395 procedere.
354 2359 386 2386 Et
398 2359 454 2386 haec
466 2358 576 2393 quidem
591 2357 623 2383 ad
638 2362 744 2384 nostras
757 2355 960 2390 responderunt

177 2406 365 2434 auctoritates.
397 2405 437 2431 Ad
461 2404 535 2431 illam
563 2410 628 2430 vero
654 2402 768 2429 Joannis
797 2401 958 2428 Damasceni

175 2452 369 2481 auctoritatem
388 2450 456 2477 nihil
472 2449 683 2484 responderunt,
698 2455 759 2474 cum
774 2455 824 2474 nec
836 2455 886 2474 ttos
899 2455 958 2474 catn

178 2496 414 2533 proposuerimus.
431 2495 459 2522 la
477 2495 530 2521 fine
546 2499 635 2521 tamen
652 2493 734 2528 hujus
757 2493 861 2527 operis,
884 2494 959 2520 illius

175 2549 287 2578 quoque
302 2541 466 2570 solutionem
479 2545 524 2566 tua
534 2539 621 2574 gratia
634 2539 676 2566 his
691 2546 846 2572 apponam;
859 2538 959 2566 deinde

176 2590 266 2618 Latini
292 2593 423 2622 tanquam
440 2594 454 2613 a
470 2585 605 2620 principio
622 2585 796 2618 incipientes,
815 2585 893 2619 plura
926 2592 958 2612 ac

176 2637 252 2665 varia
270 2634 399 2670 pluribus
415 2633 443 2659 in
459 2631 630 2659 sessionibus
644 2635 804 2666 argumenta
829 2631 960 2659 dixerunt

173 2693 187 2708 5|
201 2687 293 2711 sancta
306 2680 448 2714 Scriptura
461 2682 488 2705 ct
503 2676 631 2704 Ecclesia:
647 2676 819 2710 doctoribus,
837 2677 959 2705 minores

176 2733 206 2752 ut
219 2728 366 2760 plurimum
388 2723 592 2758 propositiones
609 2723 744 2750 habentes
759 2731 765 2749 :
782 2724 882 2757 quibus
897 2732 957 2758 pro-

175 2771 279 2797 barunt
302 2770 434 2803 Spiritum
452 2772 578 2795 sanctum
593 2775 626 2795 ex
642 2767 721 2795 Patre
751 2768 875 2803 Filioque
895 2777 958 2803 pro-

168 2816 284 2841 cedere.
296 2814 330 2840 Et
347 2813 455 2840 tandem
471 2813 647 2841 auctoritates
663 2814 775 2841 Patrum
792 2813 955 2845 attttleruttt,

176 2859 277 2895 quibus
302 2858 375 2886 clare
403 2863 430 2886 ct
457 2859 545 2894 palam
571 2858 651 2894 hujus
685 2858 821 2894 dogmatis
852 2859 956 2887 veritas

1013 933 1093 960 aliaat
1121 934 1329 968 reperiebamus
1356 936 1579 970 responsionem,
1609 940 1706 970 praeter
1730 944 1798 970 prat-

1013 979 1125 1012 dietant,
1141 981 1214 1007 illam
1236 989 1302 1008 vero
1328 985 1457 1016 tauquam
1475 982 1573 1012 levent,
1602 986 1629 1009 et
1652 990 1667 1019 a
1689 983 1799 1009 cunctis

1012 1024 1190 1052 deridendam
1217 1025 1244 1052 itt
1273 1026 1394 1053 medium
1420 1026 1519 1054 all'erre
1551 1035 1608 1054 non
1639 1027 1798 1055 videbatur.

1012 1069 1115 1103 Primo,
1145 1071 1209 1105 quia
1247 1079 1279 1099 ex
1308 1072 1538 1100 antecedentibus
1563 1078 1591 1100 et
1618 1073 1801 1108 sequentibus

1013 1114 1070 1141 hate
1092 1115 1187 1149 opinio
1205 1117 1352 1144 videbatur
1375 1117 1409 1144 de
1429 1124 1519 1145 mente
1544 1125 1605 1145 esse
1625 1123 1798 1146 sanctorum.

1013 1161 1115 1190 Deinde
1140 1163 1265 1197 plurimis
1284 1163 1374 1196 libris,
1389 1167 1416 1191 et
1433 1164 1635 1198 antiquissimis
1658 1164 1729 1192 idem
1746 1164 1798 1191 ha-

1012 1207 1142 1236 bentibus
1161 1216 1214 1236 non
1231 1214 1291 1236 erat
1303 1209 1383 1236 facile
1396 1217 1430 1236 ea
1447 1210 1629 1243 calumniari;
1646 1211 1799 1245 praesertim

1004 1261 1075 1281 cum
1104 1255 1209 1282 nttllum
1235 1263 1285 1282 tios
1312 1255 1414 1282 librum
1439 1257 1524 1283 aliurtt
1554 1257 1719 1284 haberemus
1742 1264 1798 1284 non

1012 1300 1120 1331 Latine,
1138 1309 1192 1327 non
1206 1301 1300 1328 Grtcce
1319 1302 1468 1336 scripturn,
1487 1303 1535 1337 qui
1557 1303 1635 1330 aliter
1651 1303 1799 1330 ancterita-

1013 1349 1053 1371 tes
1074 1346 1218 1379 praedictas
1241 1347 1358 1381 scriptas
1375 1347 1500 1380 haberet,
1515 1356 1598 1383 qttam
1614 1348 1704 1376 Latini
1721 1349 1800 1376 dice-

1013 1391 1088 1419 bant.
1122 1392 1257 1420 Przcterca
1287 1401 1337 1421 nos
1376 1395 1446 1422 alios
1469 1396 1595 1424 doctores
1628 1397 1799 1424 contrarium

1013 1437 1136 1466 dicentes
1154 1439 1304 1473 producere
1321 1448 1374 1467 non
1398 1442 1578 1474 habebamus,
1599 1443 1709 1470 eosdem
1723 1444 1798 1471 occi-

1013 1483 1136 1511 dentales
1151 1484 1230 1512 aliter
1252 1486 1315 1512 alibi
1339 1486 1464 1514 dicentes
1482 1488 1599 1522 probare
1617 1489 1729 1516 minime
1748 1497 1801 1524 po-

1015 1535 1135 1558 teramus
1159 1540 1165 1557 :
1194 1532 1367 1559 naturalibus
1396 1534 1550 1562 rationibus
1575 1543 1622 1562 eos
1648 1536 1798 1563 ostendere

1014 1575 1080 1602 falsa
1104 1576 1206 1609 dicere,
1230 1578 1343 1606 minime
1363 1584 1424 1606 erat
1446 1580 1590 1613 possibile.
1616 1581 1683 1608 Cum
1714 1583 1799 1616 igitur

1012 1622 1113 1648 nullant
1130 1622 1209 1649 nobis
1227 1624 1448 1657 responsionem,
1469 1633 1530 1659 qua:
1548 1626 1630 1660 digna
1648 1633 1732 1659 esset,
1751 1636 1796 1654 re-

1011 1665 1102 1693 lictattt
1119 1667 1287 1699 videremus,
1316 1669 1462 1701 tacuintus,
1478 1677 1527 1705 per
1555 1671 1709 1706 multosque
1737 1674 1800 1701 dies

1012 1719 1066 1739 non
1082 1715 1262 1742 convenimus
1277 1722 1340 1742 cum
1357 1715 1472 1743 Latinis.
1488 1717 1590 1744 Verum
1615 1718 1727 1746 luerunt
1750 1721 1798 1754 qui

1013 1759 1164 1787 subtilitate
1180 1760 1280 1796 ingenii
1293 1762 1372 1788 aliam
1387 1762 1552 1790 invenerunt
1566 1765 1774 1798 responsionem
1789 1775 1798 1794 :

1011 1813 1066 1832 non
1086 1813 1147 1834 esse
1172 1807 1270 1834 mirum
1285 1808 1402 1842 scilicet,
1424 1810 1446 1836 si
1468 1810 1495 1836 in
1512 1811 1604 1846 aliquo
1621 1812 1708 1838 sancti
1738 1818 1801 1840 tan-

1012 1860 1094 1888 quam
1122 1853 1247 1881 homines
1272 1860 1412 1882 errasseut
1433 1864 1440 1882 :
1461 1860 1488 1882 et
1526 1857 1588 1884 ideo
1612 1857 1799 1886 occidentales

1012 1898 1094 1925 etiam
1119 1899 1247 1927 doctores
1275 1901 1303 1927 in
1330 1901 1384 1928 boc
1409 1903 1530 1930 articulo
1556 1904 1589 1930 de
1620 1905 1798 1938 processione

1012 1943 1132 1978 Spiritus
1153 1945 1240 1973 sancti
1263 1953 1382 1979 errasse,
1407 1949 1592 1984 mentitosquc
1614 1949 1710 1978 fuisse.
1738 1951 1797 1979 lloc

1011 1995 1105 2017 autem
1125 1991 1197 2026 quod
1222 1996 1306 2019 totam
1333 1993 1412 2020 tidem
1432 2000 1553 2022 nostram
1581 2001 1696 2028 evertat,
1722 1997 1797 2025 clare

1012 2041 1096 2072 patet.
1114 2037 1142 2064 Si
1161 2038 1234 2065 euitn
1248 2038 1317 2065 lides
1338 2044 1430 2066 nostra
1445 2048 1459 2066 a
1477 2040 1558 2068 dictis
1576 2041 1710 2068 doctrina:
1734 2050 1799 2070 san-

1012 2086 1118 2110 ctorum
1137 2083 1247 2117 pendet,
1261 2083 1277 2110 ii
1292 2091 1356 2111 vero
1372 2085 1443 2111 circa
1459 2087 1603 2114 veritatem
1619 2093 1726 2120 errant,
1740 2093 1796 2116 tota

1012 2132 1107 2155 nostra
1125 2128 1191 2155 ﬁdes
1208 2129 1354 2156 evertitur.
1373 2129 1488 2164 Propter
1502 2131 1560 2158 haec
1581 2132 1673 2159 omnia
1699 2134 1797 2161 nterito

1011 2177 1102 2199 secuta
1125 2177 1168 2199 est
1189 2173 1266 2204 unio,
1281 2178 1308 2200 et
1326 2181 1422 2201 omnes
1437 2175 1540 2209 absque
1555 2184 1723 2211 quacunque
1738 2179 1797 2204 vio-

1012 2217 1108 2250 lentia,
1123 2223 1218 2252 sponte
1243 2223 1272 2246 ct
1286 2218 1442 2246 voluntarie
1455 2220 1522 2247 huic
1535 2222 1574 2248 rei
1590 2229 1794 2250 concesserunt.

1012 2262 1063 2295 Qui
1078 2271 1142 2290 vero
1154 2264 1308 2292 concedere
1320 2265 1470 2292 noluerunt
1486 2267 1610 2301 (luerunt
1624 2272 1714 2294 autent
1729 2268 1795 2301 duo,

1011 2314 1040 2336 et
1065 2317 1121 2336 non
1148 2310 1261 2344 plures),
1281 2318 1343 2338 cum
1365 2311 1439 2338 omni
1461 2312 1598 2346 libertate,
1617 2314 1677 2341 sine
1704 2315 1795 2349 aliqua

1010 2356 1192 2390 oppressione
1214 2357 1240 2383 in
1267 2364 1318 2384 suo
1334 2357 1450 2385 arbitrio
1472 2359 1572 2392 relicti,
1591 2367 1653 2387 cuttt
1678 2360 1795 2393 honore,

1011 2407 1039 2430 et
1058 2403 1202 2436 charitate,
1219 2400 1376 2438 sumptibus
1388 2405 1516 2433 Ecclesiae
1533 2405 1663 2434 Romanae
1676 2406 1710 2433 ad
1730 2415 1794 2442 pro-

1006 2450 1069 2484 .pria
1084 2455 1252 2477 remearunt.
1273 2450 1301 2477 Si
1317 2459 1380 2478 vero
1394 2452 1467 2486 juste
1484 2456 1512 2480 et
1525 2458 1598 2480 recte
1624 2458 1718 2480 secuta
1734 2454 1796 2481 fue-

1013 2497 1051 2521 rit
1067 2495 1144 2528 unio,
1169 2503 1230 2522 cuin
1256 2496 1359 2524 videris
1379 2501 1407 2524 ct
1436 2498 1588 2532 perlegeris
1615 2500 1796 2528 auctoritates

1011 2545 1183 2572 sanctorum,
1211 2549 1279 2576 qttas
1301 2543 1350 2569 tibi
1367 2550 1440 2570 nunc
1458 2545 1548 2573 mitto.
1567 2545 1624 2579 ipse
1645 2545 1794 2580 iudicabis.

1009 2586 1078 2620 Quis
1102 2594 1221 2622 namque
1245 2588 1403 2616 Christiano
1427 2589 1577 2624 insignitus
1599 2591 1711 2618 nomine
1739 2599 1795 2619 non

1011 2639 1177 2666 sequeretur
1194 2641 1252 2662 eos.
1276 2638 1304 2660 ct
1322 2634 1405 2661 dictis
1423 2643 1532 2668 eorum,
1552 2641 1681 2671 tanquam
1699 2645 1713 2662 a
1733 2637 1796 2671 Spi-

1012 2679 1066 2704 ritu
1082 2683 1180 2706 sancto
1198 2679 1292 2711 editis,
1311 2680 1457 2708 crederet?
1471 2682 1533 2708 dico
1559 2687 1612 2709 tam
1635 2683 1796 2710 occidenta-

1011 2722 1091 2755 lium,
1117 2731 1198 2757 quant
1227 2724 1402 2752 orientalium
1434 2726 1556 2757 Patrum.
1580 2734 1648 2761 quos
1674 2735 1794 2756 consona

1010 2769 1122 2800 dicere,
1143 2769 1324 2804 eamdemque
1348 2773 1491 2799 veritatem
1516 2773 1672 2808 exprimere
1701 2774 1795 2802 verbis

1010 2814 1207 2841 ditl‘erentibus
1221 2815 1337 2843 lirmiter
1353 2817 1500 2844 tenendum
1515 2823 1568 2849 est,
1587 2824 1668 2853 prout
1682 2819 1709 2846 in
1725 2820 1794 2855 dog-

1009 2861 1109 2888 matico
1126 2860 1192 2889 satis
1211 2861 1337 2896 probavi.
1354 2862 1419 2897 [pste
1434 2864 1517 2898 igitur
1535 2865 1713 2894 auctoritates
1730 2865 1794 2894 sola
