1920 3063
119 131 181 180 425,

581 138 629 168 DE
649 139 914 171 PROCESSIONE
932 141 1115 172 SPIRITUS
1136 141 1280 172 SANCTI.

1690 143 1744 175 426

119 197 169 225 per
183 198 212 217 se
234 191 306 226 ipsas
320 192 389 220 satis
409 193 457 220 tibi
486 198 513 220 et
531 194 595 222 aliis
611 200 703 227 erunt.
721 197 906 225 clementissi-
922 203 943 232 Α
960 199 1152 234 sequiturjant
1164 199 1342 226 constitutam
1360 199 1421 233 ejus
1437 205 1595 232 personam.
1608 198 1744 230 Secundo.

117 243 164 263 me
185 236 237 268 vir,
262 237 294 264 ad
321 245 433 265 omnent
455 239 664 274 ambiguitatem
689 242 850 274 tollendam,
878 249 906 271 ct

117 289 201 309 omne
228 283 344 310 dubiant
370 284 552 312 auferendum
579 294 593 313 a
619 295 784 323 quacunque
813 289 905 317 anima

116 335 175 355 non
191 330 375 357 contentiosa.
390 331 498 358 Etenim
513 340 555 359 me
570 334 653 360 etiam
666 341 720 361 non
741 335 906 370 syllogismi,

118 381 172 401 nec
188 374 457 403 deutonstrationum
479 379 642 409 necessitas.
660 388 714 407 tton
731 388 908 415 argumenta-

119 419 225 446 tionum
244 420 298 453 vis,
314 421 362 448 sed
379 422 444 456 ipsa:
461 423 540 450 nudat
566 425 746 452 auctoritates
764 427 907 454 doctoruttt

118 464 153 492 ad
175 465 342 493 credendam
369 467 440 495 hanc
465 469 607 496 veritatem
633 470 814 498 induxerunt.
839 471 907 500 Cum

116 508 192 536 enim
217 511 348 538 vidissent
373 517 401 539 et
427 514 598 541 audivissent
626 523 690 548 cas,
716 517 807 544 subito
834 519 908 546 omni

119 557 295 584 contentione
312 562 340 584 ct
361 559 579 587 contradictione
608 563 770 596 postposita,
784 565 908 598 acquievi

118 603 280 629 auctoritati
307 603 473 631 dicentium.
499 605 624 633 iudicavi
653 616 772 643 namque
799 615 910 637 sanctos

119 647 216 674 Patres
245 647 353 682 Spiritu
377 655 472 677 sancto
494 650 653 685 loquentes.
679 661 733 679 non
754 655 877 688 potuisse
896 663 911 682 a

119 691 238 720 veritate
263 693 434 722 discessisse.
460 695 551 728 Quare
588 705 644 724 nott
672 698 760 724 solutn
777 699 911 733 acquievi,

119 745 217 765 verum
233 739 316 765 etiam
330 741 434 774 gratias
446 741 488 776 cgi
503 741 638 770 Salvatori
655 749 759 776 nostro,
776 745 821 778 qui
841 745 907 772 mibi

119 784 244 816 donavit,
258 790 285 812 et
300 785 448 819 audivisse,
461 792 488 813 ct
500 787 678 820 intellexisse,
694 797 754 824 qua:
765 797 906 824 nunquam

124 836 191 858 ante
211 831 316 859 audivi.
335 833 433 860 Nullas
449 834 522 861 enim
539 839 696 861 nostrorum
715 843 833 870 unquam
850 844 908 863 cre-

121 877 190 903 didit
205 882 244 904 tot
258 879 470 907 auctoritatibus
483 879 626 907 doctorum
641 882 809 916 propositam
830 891 904 917 quat-
923 874 942 900 Β

120 922 239 949 stionem
256 931 335 957 posse
351 924 473 958 probari.
492 925 526 953 Et
544 926 591 953 tibi
615 926 710 962 igitur,
726 928 770 955 cui
785 936 833 955 cor
850 928 903 955 ltu-

124 968 200 1000 mile,
228 974 255 996 ct
281 970 371 997 anima
395 971 453 997 vcri
480 976 612 1006 appetens
632 977 684 1005 est,
709 973 770 1001 aliis
795 981 905 1009 quoque

120 1014 290 1043 Christianis
307 1016 356 1043 tibi
370 1016 518 1050 similibus,
536 1019 576 1045 lite
592 1019 657 1046 sola:
671 1020 863 1053 auctoritates,
876 1025 907 1047 ut

123 1062 207 1096 paulo
223 1067 287 1090 ante
303 1063 371 1096 dixi,
388 1063 455 1091 satis
481 1070 575 1092 erunt.
589 1065 658 1092 Cum
675 1073 743 1093 vero
757 1066 841 1093 etiam
860 1067 910 1093 ali-

121 1117 194 1144 quas
225 1110 347 1137 rationes
371 1115 399 1138 et
424 1111 604 1146 probationes
623 1121 636 1139 a
657 1121 701 1140 me
716 1113 842 1148 petieris,
863 1118 909 1141 tua

121 1155 210 1190 gratia
225 1156 284 1184 lucc
296 1164 418 1191 quoque,
434 1159 523 1191 quoad
540 1163 649 1192 potero,
662 1159 785 1186 breviter
800 1159 908 1191 faciam,

122 1209 137 1229 a
153 1210 231 1230 sacra
246 1203 387 1238 Scriptura
419 1209 446 1232 et
465 1205 609 1232 doctorum
630 1206 841 1233 auctoritatibus
858 1213 906 1232 ar-

121 1257 221 1285 guens,
243 1251 314 1285 quod
338 1255 366 1279 et
389 1252 411 1279 si
438 1252 465 1279 in
489 1260 626 1283 sermone.
643 1260 724 1288 quem
747 1253 784 1280 de
809 1253 910 1281 unione

124 1296 264 1324 edidimus
287 1297 389 1325 factum
412 1298 458 1330 sit,
480 1298 548 1326 satis
567 1303 658 1326 tanton
674 1299 720 1326 ltic
734 1299 816 1326 etiam
832 1299 904 1326 ident

123 1341 234 1381 faciant,
258 1343 422 1378 aliquasque
449 1345 570 1372 rationes
596 1345 622 1372 in
643 1345 764 1372 medium
786 1344 909 1372 atteram.

124 1386 177 1414 Sed
193 1394 340 1423 antequam
352 1389 385 1416 ad
397 1397 444 1417 eas
455 1389 631 1422 descendam,
647 1397 762 1418 necesse
773 1398 833 1418 esse
846 1394 911 1424 puto

125 1432 217 1467 aliqua
235 1441 461 1469 pra‘supponere,
478 1439 506 1462 ul
520 1443 552 1464 ea
563 1443 624 1471 quae
637 1440 798 1470 sequentur,
812 1435 910 1463 clarius

128 1479 329 1514 intelligantur.

123 1536 332 1578 Prwsuppositq‘
354 1537 390 1563 ad
421 1542 581 1578 argilltttenta
612 1537 751 1578 probatﬂiu
779 1537 911 1578 $pirituttt
928 1550 949 1578 α

161 1576 282 1611 structum
298 1572 377 1598 etiam
391 1580 423 1598 ex
437 1571 509 1598 Filio
529 1571 678 1611 procedere.
697 1573 730 1599 Et
747 1574 832 1608 primo
848 1573 911 1606 quid

161 1608 192 1632 ait
208 1610 326 1640 paterna:
341 1615 460 1642 persona:
474 1608 682 1634 constitutivum.

162 1661 230 1691 Cum
257 1663 408 1698 unicuique
423 1664 479 1691 enti
493 1664 529 1691 sit
545 1664 670 1698 quazdam
685 1664 772 1692 forma
786 1672 912 1692 commu-

127 1709 182 1740 nis,
201 1709 236 1736 sil
253 1710 319 1736 item
336 1710 388 1736 alia
405 1711 528 1745 propria,
541 1718 595 1745 qua
608 1711 814 1744 eoustituimnr,
832 1716 860 1738 ct
873 1715 915 1738 est

129 1756 181 1782 hoe
207 1756 323 1791 aliquid,
351 1757 584 1791 quemadmodum
612 1758 695 1793 hujus
723 1757 856 1790 hominis,
886 1762 916 1784 ut

128 1807 195 1837 puta
211 1801 296 1835 Petri,
315 1811 367 1830 una
386 1811 447 1830 cum
463 1803 550 1830 forma
565 1803 717 1835 communi,
731 1811 793 1837 qua:
807 1809 848 1830 est
867 1803 916 1830 ltu-

130 1849 259 1881 tuanitas,
276 1849 428 1876 secundum
447 1857 529 1884 quam
545 1849 649 1876 dicitur
671 1849 762 1878 homo.
777 1854 819 1876 est
834 1849 915 1875 etiam

129 1897 182 1923 alia
196 1896 308 1931 propria
326 1896 426 1927 forma,
452 1903 501 1930 per
524 1903 605 1929 quam
623 1895 735 1926 dicitur,
754 1895 798 1921 bic
823 1895 916 1926 ltomo,

131 1944 232 1970 Petrus
257 1942 397 1973 videlicet,
415 1942 458 1968 vcl
473 1941 585 1973 Paulus,
602 1940 676 1975 quod
690 1944 717 1968 et
734 1939 918 1967 incommuni-

131 1989 220 2016 cabile
233 1987 311 2015 alteri
331 1993 373 2015 cst
394 1992 508 2022 propter
523 1987 613 2014 varias
631 1986 778 2021 opiniones
794 1987 828 2013 de
844 1986 920 2020 prin-

131 2035 213 2069 cipiis
229 2033 470 2065 individuationis,
495 2033 577 2060 etiam
597 2032 642 2059 hic
659 2032 735 2059 varia
756 2036 918 2066 portantur;

131 2085 159 2108 et
172 2088 234 2108 cum
259 2079 388 2112 dicimus,
413 2084 460 2106 aut
483 2085 584 2113 corpus
600 2085 662 2105 esse
678 2077 818 2112 propriam
835 2076 921 2104 alicu-

130 2127 176 2162 jus
194 2127 321 2157 t'ormam,
344 2125 395 2151 hoc
407 2131 463 2151 non
483 2124 665 2158 intelligimus
682 2123 857 2157 simpliciter,
872 2121 920 2149 sed

133 2171 221 2198 sutum
250 2169 404 2198 secundum
435 2168 579 2204 quamdam
607 2168 827 2195 similitudinem.
859 2167 922 2194 Πωο

957 252 992 272 an
1023 245 1060 272 sit
1089 245 1150 277 hoc,
1170 244 1242 280 quod
1269 244 1372 271 dicitur
1389 251 1470 272 causa
1489 244 1546 272 sive
1569 245 1744 279 principium.

957 290 1014 318 Nec
1031 295 1120 318 tantett
1138 291 1190 318 ltoc
1206 297 1299 318 verum
1319 294 1372 318 est.
1391 291 1458 317 Nam
1474 291 1496 317 si
1521 291 1577 317 hare
1594 296 1667 317 esset
1681 299 1746 317 con-

958 337 1080 364 stitutiva
1101 337 1161 371 ejus
1177 337 1275 370 forma,
1290 345 1372 364 causa
1389 336 1447 364 sive
1466 336 1629 371 principium
1644 337 1745 371 potius.

958 390 1041 417 quant
1058 383 1140 409 Pater
1155 382 1305 410 diceretur.
1331 383 1366 410 At
1388 383 1422 410 ab
1440 383 1569 409 omnibus
1585 382 1746 409 doctoribus

959 428 1142 455 communiter
1168 429 1250 455 Pater
1286 428 1456 455 nominatur.
1482 428 1550 455 ltcm
1574 435 1635 454 cutn
1663 435 1744 457 causa

959 474 1017 501 sive
1041 474 1209 509 principium
1229 474 1384 501 universale
1405 473 1536 508 quiddam
1563 473 1609 504 sit,
1633 473 1684 500 hoc
1703 473 1745 499 di-

961 523 1035 546 ctum
1056 525 1099 547 est
1123 520 1275 546 secundent
1302 519 1364 546 illos
1381 519 1568 554 philosophos,
1587 519 1633 553 qui
1653 524 1747 546 tenent

963 565 1198 592 universalitatem
1214 565 1271 591 fieri
1292 573 1340 599 per
1355 565 1524 592 intellectum
1540 573 1546 591 :
1560 565 1581 591 si
1599 569 1690 592 tamen
1705 565 1747 591 di-

963 615 1072 638 ccrctur
1097 611 1272 642 universalia,
1295 611 1369 638 nullo
1393 610 1473 637 modo
1492 610 1525 637 ab
1542 610 1682 637 intellectu
1698 611 1748 638 dc-

962 655 1094 690 pcuderc,
1117 655 1208 683 adltuc
1233 663 1287 682 non
1311 663 1373 682 esse
1399 655 1560 688 dicendum,
1580 654 1651 689 quod
1679 654 1749 681 illud

963 708 1109 727 commune
1134 700 1300 734 principium
1319 704 1393 727 esset
1412 700 1528 734 alicujus
1549 705 1673 733 persome
1695 698 1749 725 for-

964 746 1071 772 maliter
1098 746 1320 776 constitutivum,
1346 753 1409 772 cum
1434 744 1662 772 commutticabile
1681 744 1749 770 nulli

964 791 1010 818 det
1035 790 1188 818 formaliter
1212 798 1273 818 csse
1300 790 1572 822 incommunicahile,
1589 790 1660 824 quod
1684 789 1751 816 facit

965 844 1028 871 erga
1055 843 1200 870 personam
1226 836 1340 863 fortnale
1365 836 1452 870 ipsius
1478 835 1698 866 constitutivutu,
1724 839 1750 861 et

962 887 1016 909 tant
1029 882 1062 909 de
1078 883 1169 914 Patre,
1187 890 1268 917 quant
1286 881 1319 908 de
1337 881 1459 916 spirante
1475 881 1647 916 praedicetur,
1660 881 1750 907 inten-

963 929 1001 956 tio
1028 929 1151 963 qutedam
1176 932 1227 960 est,
1252 936 1306 954 non
1334 935 1397 954 res:
1415 927 1488 962 quod
1506 932 1596 953 autent
1616 931 1668 958 est,
1697 927 1750 955 tale

962 980 1003 1003 CSl
1019 982 1072 1001 non
1087 982 1154 1006 eus;
1169 982 1222 1001 non
1239 982 1288 1001 BIIS
1301 978 1392 1001 autem
1412 981 1466 1000 11011
1481 978 1525 1000 εει
1539 973 1749 1000 cottstitutivnut

962 1015 1032 1056 ejus,
1046 1020 1092 1054 qui
1108 1027 1191 1054 super
1204 1027 1291 1046 omne
1309 1027 1370 1047 ens.
1393 1019 1487 1047 Restat.
1504 1019 1586 1053 igitur
1602 1024 1648 1046 aut
1661 1024 1752 1053 pater-

963 1066 1078 1092 nitatem
1097 1065 1192 1097 solam,
1209 1069 1255 1092 aut
1279 1065 1456 1097 spirationem
1478 1065 1576 1098 solam,
1592 1069 1640 1091 aut
1656 1064 1752 1091 ambas

964 1112 1157 1140 constitutivas
1173 1119 1234 1139 esse
1249 1119 1374 1146 persona:
1389 1116 1520 1146 patcrme.
1537 1111 1569 1136 At
1593 1109 1686 1136 ambas
1700 1111 1752 1136 im-

964 1159 1096 1193 possibile
1118 1163 1161 1185 est
1185 1165 1246 1186 esse
1273 1157 1306 1184 iis
1333 1157 1495 1184 rationibus.
1521 1156 1548 1183 Si
1574 1156 1647 1183 eniut
1664 1156 1750 1183 amba:

963 1204 1165 1231 constituerent
1182 1203 1270 1230 Patris
1281 1211 1438 1238 personam,
1450 1207 1498 1229 aut
1508 1202 1545 1229 ita
1558 1202 1645 1228 ambae
1656 1201 1751 1234 simul,

964 1253 993 1276 ct
1023 1249 1161 1283 siquidem
1189 1253 1305 1283 utraque
1331 1256 1380 1283 per
1401 1255 1431 1275 se
1457 1248 1657 1280 constitueret,
1684 1247 1753 1276 duas

967 1295 1069 1322 formas
1086 1295 1168 1322 Pater
1194 1295 1320 1327 haberet,
1338 1299 1365 1321 et
1391 1299 1593 1328 consequenter
1608 1293 1668 1320 duae
1687 1301 1753 1327 pere

964 1347 1038 1367 sonat
1062 1344 1164 1367 essent.
1186 1340 1242 1367 lloc
1259 1339 1333 1375 quod
1349 1339 1469 1366 diximus
1484 1343 1557 1374 patet
1571 1347 1578 1372 ;
1594 1346 1656 1366 euttt
1676 1339 1752 1368 enim

966 1386 1019 1414 illa:
1050 1386 1249 1413 sint.rationes
1270 1385 1422 1419 distincta},
1452 1386 1475 1413 si
1503 1386 1633 1420 qurelibet
1655 1393 1751 1412 earum

965 1436 1040 1458 esset
1056 1439 1179 1465 personae
1201 1431 1399 1463 constitutivze,
1416 1438 1477 1458 cunt
1493 1431 1679 1459 constitutivte
1695 1431 1752 1470 fore

967 1477 1076 1505 utaliter
1091 1478 1206 1505 diversa:
1220 1479 1276 1505 sint
1290 1483 1417 1511 respectu
1435 1477 1606 1504 diversorum
1619 1477 1755 1506 constitu-

967 1528 1070 1555 torum,
1089 1524 1214 1558 sequitur
1230 1524 1269 1556 id,
1285 1523 1358 1558 quod
1382 1523 1513 1555 diximus,
1529 1527 1660 1557 tanquam
1683 1523 1752 1550 duas

967 1569 1127 1604 personales
1145 1568 1248 1595 fortnas
1262 1568 1385 1601 habens;
1402 1567 1636 1603 quemadmodum
1654 1567 1676 1594 si
1691 1567 1755 1602 quis

965 1615 1048 1642 homo
1064 1614 1133 1642 duas
1164 1614 1280 1642 haberet
1295 1615 1412 1645 animas,
1433 1614 1506 1648 quod
1524 1613 1674 1641 absurdum
1701 1617 1753 1640 est.

964 1659 1042 1693 Quod
1071 1661 1093 1688 si
1116 1668 1172 1688 tton
1190 1666 1306 1696 utraque
1334 1669 1383 1694 per
1408 1668 1449 1693 se,
1475 1659 1522 1687 scd
1544 1660 1630 1687 ambte
1657 1659 1752 1690 sitnul,

966 1714 1056 1741 neque
1070 1706 1117 1741 qui
1134 1706 1240 1734 diceret
1260 1706 1369 1733 Patrem
1387 1706 1488 1738 solum,
1507 1705 1674 1740 significaret
1689 1712 1753 1739 per-

966 1759 1062 1778 sonam
1088 1756 1251 1786 paternam,
1270 1759 1359 1787 neque
1383 1752 1430 1786 qui
1459 1752 1565 1779 diceret
1590 1751 1755 1784 spirantem,

967 1796 1050 1831 hujus
1065 1801 1154 1824 tanten
1173 1802 1260 1825 totum
1274 1799 1445 1825 contrarium
1464 1803 1506 1825 est
1522 1798 1547 1824 in
1564 1805 1613 1824 usu
1627 1795 1634 1830 ξ
1656 1804 1754 1824 omnes

967 1840 1040 1869 eniut
1066 1840 1204 1874 doctores,
1230 1847 1258 1869 et
1292 1843 1382 1870 omnis
1404 1842 1548 1877 Scriptura
1573 1850 1636 1869 cum
1661 1842 1758 1873 dicunt

969 1887 1089 1920 Patrem,
1107 1888 1230 1915 divinam
1247 1889 1307 1924 ejus
1323 1896 1469 1923 personam
1484 1888 1656 1923 significant;
1670 1889 1757 1916 nostri

970 1934 1064 1964 etiam.
1083 1942 1145 1962 cum
1164 1935 1262 1962 dicunt
1278 1935 1442 1969 spirantem,
1467 1935 1556 1969 ipsum
1581 1935 1689 1962 Patrem
1713 1942 1758 1962 so-

970 1979 1026 2006 lum
1046 1983 1144 2014 putant
1160 1979 1326 2014 significare.
1344 1980 1431 2014 Igitur
1446 1987 1498 2008 nec
1519 1982 1556 2007 ita
1573 1980 1661 2007 amba:
1675 1979 1759 2008 simul

971 2028 1036 2051 sunt
1050 2024 1236 2052 constitutivre
1245 2032 1379 2059 personas,
1393 2029 1423 2052 ut
1435 2029 1554 2059 utroque
1566 2025 1643 2052 nullo
1665 2024 1758 2058 modo,

971 2068 1018 2096 sed
1028 2068 1114 2096 amitte
1128 2069 1211 2096 simul
1222 2069 1402 2102 constituant,
1419 2077 1471 2096 nee
1484 2073 1513 2096 ut
1530 2075 1646 2104 utraque
1663 2077 1713 2105 per
1730 2077 1760 2097 se

972 2117 1135 2144 constituat.
1159 2115 1213 2143 Sed
1229 2114 1387 2143 necessario
1402 2115 1519 2142 alterum
1543 2114 1654 2149 quidem
1671 2116 1760 2142 soluat

973 2162 1117 2190 constituit
1138 2169 1297 2197 personam,
1322 2161 1440 2188 alterum
1465 2169 1530 2189 vero
1558 2161 1683 2196 sequitur
1704 2161 1761 2197 jam

134 2223 224 2245 autent
251 2221 293 2244 est
322 2216 412 2242 aninta
437 2216 508 2251 ejus,
536 2215 577 2242 vel
605 2222 717 2248 corpus,
742 2218 790 2241 aut
816 2212 920 2248 aliquid
938 2216 959 2244 ι)
974 2209 1152 2237 constitutam
1170 2215 1325 2243 personam.
1340 2207 1436 2235 Restat
1448 2206 1532 2242 igitur
1547 2211 1594 2235 aut
1611 2208 1762 2242 paternita-

134 2264 229 2294 aliud.
259 2263 333 2298 quod
360 2266 403 2290 est
427 2262 451 2289 ei
483 2261 649 2296 principium
677 2259 919 2289 individuationis.

133 2309 370 2344 Quemadmodum
386 2312 428 2335 est
441 2308 524 2334 etiam
539 2307 572 2335 de
591 2307 646 2334 Deo
678 2311 706 2334 et
723 2307 816 2339 Patre,
841 2314 918 2340 quas-

134 2363 197 2383 nam
211 2356 247 2383 sit
263 2355 378 2390 propria
392 2354 452 2389 ejus
472 2353 561 2380 forma
579 2360 725 2387 personam
741 2353 800 2388 ejus
817 2351 922 2379 consti-

135 2408 235 2430 tuens:
252 2407 293 2429 est
309 2402 382 2428 enim
400 2401 425 2427 ei
438 2400 594 2427 contmunis
605 2400 637 2426 ad
653 2399 751 2426 Filium
786 2403 815 2426 et
832 2398 922 2433 Spiri-

135 2454 193 2477 tum
221 2448 313 2476 divina
339 2455 371 2475 ac
407 2447 562 2474 essentialis
589 2446 687 2478 forma,
723 2453 783 2480 qua:
811 2452 865 2472 una
891 2450 918 2473 et

135 2495 231 2523 eadem
250 2501 365 2521 numero
380 2494 407 2520 itt
422 2493 462 2519 eis
480 2497 532 2524 est,
551 2492 643 2519 Deitas
668 2491 807 2523 videlicet,
824 2498 924 2518 secun-

136 2543 202 2570 dum
221 2549 303 2575 quam
320 2547 391 2566 unus
411 2543 453 2566 est
475 2546 537 2565 cum
559 2539 600 2565 eis
614 2538 687 2564 Deus
703 2546 709 2564 :
728 2537 811 2564 habet
825 2537 925 2563 nihilo-

137 2589 230 2616 minus
243 2588 323 2614 aliatn
340 2586 424 2613 etiaut
440 2585 580 2620 propriam
595 2585 711 2611 formam
725 2583 786 2610 aliis
799 2583 924 2618 personis

137 2632 442 2663 incommunicabilcm,
467 2631 619 2657 secundum
645 2637 727 2664 quant
746 2629 798 2656 ltoc
819 2629 924 2664 aliquid

137 2686 166 2710 et
182 2687 299 2716 persona
319 2679 346 2705 in
368 2682 466 2705 sancta
481 2677 617 2704 Trinitate
634 2681 694 2703 est:
713 2677 853 2711 quodnam
873 2676 925 2711 lgi-

140 2732 186 2754 tur
206 2726 252 2757 sit,
276 2723 455 2759 querendum
481 2726 534 2749 est.
553 2722 587 2748 Et
610 2721 711 2756 primo,
728 2729 762 2748 an
782 2721 817 2748 sit
836 2721 925 2756 ipsum

140 2773 292 2807 ingenitum
306 2777 378 2801 esse,
398 2773 425 2796 at
445 2776 500 2795 non
522 2767 647 2800 videtur;
664 2767 715 2795 hoc
731 2768 804 2795 enim
821 2773 864 2795 est
879 2776 927 2795 ne-

141 2821 223 2856 gatio,
241 2819 308 2846 nihil
324 2823 415 2844 autent
430 2815 623 2843 cxsistcntiunt
640 2815 792 2842 secundum
807 2814 927 2849 negatio-

144 2873 206 2894 ncm
224 2865 275 2894 ltoc
291 2863 393 2899 aliquid
409 2867 450 2890 est
466 2871 471 2890 :
489 2861 535 2889 sed
553 2865 594 2889 est
610 2861 670 2896 ejus
686 2860 851 2896 proprietas,
866 2867 926 2895 quae

976 2260 1032 2284 tem
1054 2262 1115 2283 esse
1140 2255 1348 2282 constitulivam
1374 2258 1401 2282 et
1426 2254 1567 2289 propriam
1591 2254 1680 2282 Patris
1707 2254 1762 2282 for-

973 2310 1059 2336 mam,
1074 2302 1255 2338 spirationem
1272 2309 1337 2329 vero
1362 2301 1440 2336 sequi
1464 2309 1528 2329 euttt
1549 2301 1605 2336 jam
1628 2302 1762 2329 constitu~

975 2354 1048 2383 tum;
1059 2354 1106 2376 aut
1117 2357 1132 2377 e
1145 2355 1279 2376 converso
1290 2348 1469 2382 spirationem
1482 2353 1543 2374 esse
1555 2346 1763 2375 constitutivam

975 2403 1100 2431 persona:
1128 2398 1262 2429 paternae,
1286 2393 1484 2428 paternitatent
1510 2392 1589 2426 sequi
1617 2399 1762 2427 personant

972 2443 1029 2478 jam
1046 2442 1236 2469 constitutam.
1263 2441 1297 2468 At
1313 2441 1336 2468 si
1353 2441 1460 2474 spirare
1477 2439 1589 2474 quidem
1606 2439 1762 2470 constituit,

974 2489 1129 2523 paternitas
1153 2495 1220 2515 vero
1246 2492 1274 2514 et
1290 2487 1380 2521 ipsunt
1403 2493 1536 2522 generare
1559 2485 1696 2520 sequitur,
1715 2485 1764 2512 ab-

975 2535 1088 2562 surdum
1105 2534 1182 2569 quid,
1208 2538 1236 2561 et
1252 2533 1326 2568 quod
1351 2536 1451 2567 praeter
1477 2531 1601 2570 omnium
1617 2531 1763 2558 doctorum

976 2579 1155 2607 traditionem
1175 2583 1228 2611 est,
1264 2578 1391 2613 sequitur
1415 2586 1421 2604 :
1446 2577 1518 2612 quod
1543 2577 1597 2604 tale
1621 2576 1686 2611 quid
1710 2581 1762 2609 est,

976 2627 1124 2661 principia,
1139 2630 1167 2652 et
1187 2625 1347 2652 immediata
1366 2623 1502 2658 cujusque
1515 2623 1642 2658 operatio
1657 2623 1691 2650 ab
1704 2623 1764 2657 ejus

977 2672 1159 2700 constitutiva
1177 2671 1265 2698 forma
1280 2670 1389 2704 prodit;
1407 2677 1504 2697 omnes
1519 2673 1610 2696 autent
1626 2669 1686 2696 alia:
1698 2676 1765 2702 ope-

979 2720 1100 2747 rationes
1117 2726 1166 2752 per
1184 2718 1255 2745 ltanc
1272 2717 1390 2751 primaut
1409 2715 1537 2743 videlicet
1561 2715 1763 2750 operationem,

978 2770 1007 2792 ut
1019 2769 1083 2800 puta
1096 2772 1129 2791 ex
1140 2764 1241 2794 anima,
1258 2769 1319 2796 quae
1330 2766 1371 2788 est
1385 2760 1566 2789 constitutiva
1578 2760 1650 2788 Petri
1664 2760 1763 2793 forma,

979 2812 1066 2846 priuta
1083 2815 1110 2839 et
1124 2810 1283 2837 imntcdiata
1299 2807 1424 2844 operatio
1439 2808 1498 2843 ejus
1514 2807 1616 2842 prodit,
1637 2807 1710 2842 quod
1723 2812 1765 2834 est

978 2859 1070 2886 vivere
1085 2866 1091 2884 :
1109 2856 1208 2885 deinde
1222 2864 1270 2891 per
1284 2863 1355 2890 eam,
1367 2855 1471 2883 scilicet
1488 2859 1617 2890 tanquam
1632 2861 1681 2890 per
1697 2860 1765 2881 cau-
