1920 3063
198 155 250 187 4E7

681 157 932 188 BESSARIONIS
952 157 983 188 S.
1005 158 1039 189 li.
1060 159 1092 189 E.
1110 160 1343 190 CARDINALIS

1760 162 1826 194 «£23

193 218 250 238 sam
276 211 336 238 sine
358 218 411 246 qua
433 219 487 238 non
514 218 610 239 omnes
632 212 692 240 alia:
716 214 894 248 operatioues
912 222 976 247 pro~
991 217 1013 244 Λ
1029 213 1191 248 Argumenm
1217 216 1357 249 probanlia
1379 214 1506 247 Spiritum
1532 219 1654 242 sanctum
1676 224 1707 243 ea:
1736 215 1826 244 Patre

192 255 287 288 dcunt,
304 255 441 290 speculari
456 256 596 288 videlicet,
616 257 729 289 docere,
748 262 839 286 texere
855 266 910 286 etc.
925 260 976 286 Per

191 301 283 328 vivere
300 309 428 336 namque,
446 310 506 337 quae
521 307 563 330 est
586 303 674 338 priora
701 309 728 331 et
746 305 903 333 immediata
916 306 976 340 ejus

191 348 323 381 operatio,
346 356 443 376 omnes
459 349 520 376 alia:
539 349 706 377 eﬂiciuntur.
726 351 754 378 Si
777 352 859 386 igitur
873 357 900 379 et
914 360 976 387 per-

191 401 264 421 sonte
293 398 419 428 paterna;
446 395 536 429 ipsum
564 397 671 431 spirare
696 401 769 424 esset
797 400 975 426 constitutiva

190 440 289 470 iorma.
304 446 376 468 esset
403 442 518 476 spiratio
535 442 647 477 quidem
667 444 753 477 prima
786 444 846 477 ejus
871 449 898 472 ct
923 445 976 472 im-

191 487 310 513 mediata
336 487 480 521 operatio;
508 496 557 522 per
582 489 652 516 hanc
680 494 771 517 autem
796 497 977 525 generaretur

190 532 288 565 Filius,
304 541 358 568 quo
374 533 452 561 ﬂeret
472 539 502 561 ut
526 543 581 562 non
599 535 719 570 Spiritus
734 545 783 572 per
798 537 896 564 Filium
913 545 975 572 pro-

189 579 310 610 cederet,
333 583 362 606 ut
381 580 501 615 theologi
517 585 657 614 asserunt,
674 583 721 609 sed
738 583 824 609 Filius
841 590 890 618 per
911 583 974 618 Spi-

190 625 272 651 ritum
285 631 482 660 generaretur.
504 626 570 658 ρυω
585 632 684 654 cuncta
701 628 808 655 veritati
826 629 973 660 contraria,

188 675 215 697 et
232 671 344 698 Patrum
370 671 580 706 traditionibus,
596 678 623 700 et
639 675 779 701 Communi
796 682 893 702 eorum
912 675 974 703 usui

189 721 263 742 sunt.
284 715 394 743 Etcum
411 716 470 745 haec
491 717 612 745 absurda
627 719 694 751 sint,
716 725 802 747 restat
823 721 973 755 paternita-

189 768 242 790 tem
256 765 428 791 constituere
442 773 589 799 personam
615 771 770 800 paternam,
788 772 814 794 et
832 769 901 794 hanc
914 768 975 803 ejus

188 817 248 836 esse
265 810 551 839 incommunicabilcm
563 812 692 846 formam,
705 813 883 848 spirationem
896 815 974 850 sequi

188 855 242 890 jam
256 856 434 884 constitutam
451 858 512 892 ejus
525 866 684 892 personam.

223 901 283 929 Non
296 902 408 937 quidem
423 904 561 938 accipitur
575 904 621 932 hic
636 907 765 935 accidens
777 908 886 943 proprie
903 908 976 943 quod
992 892 1013 920 Β

189 948 299 975 realiter
315 950 348 976 ab
361 957 404 980 eo,
420 950 462 977 cui
480 950 590 985 accidit,
603 952 782 987 distinguitur
794 959 821 980 ut
832 954 972 987 accidens,

188 1001 249 1020 cum
267 994 336 1021 nihil
353 994 380 1021 in
397 995 532 1024 Trinitate
548 997 583 1023 sit
596 998 735 1025 accidens.
754 999 854 1026 Verum
877 1007 976 1027 secun-

189 1037 253 1064 dum
277 1043 416 1071 naturam.
437 1045 465 1067 et
483 1042 681 1076 essentialiter,
699 1043 724 1069 id
744 1048 785 1070 cst
809 1045 976 1078 necessario,

189 1088 216 1110 et
230 1091 278 1118 per
292 1092 321 1111 sc
337 1089 464 1119 tanquam
481 1087 618 1121 quoddam
635 1088 677 1115 sui
692 1094 817 1116 naturam
844 1095 870 1116 et
883 1097 976 1118 essen-

189 1130 252 1156 tiam
280 1130 307 1156 in
328 1138 361 1158 co
383 1132 538 1159 necessario
559 1141 745 1168 consequens,
762 1139 789 1162 et
804 1135 892 1170 ipsum
916 1137 975 1170 qui-

188 1175 250 1203 dem
268 1184 400 1210 generarc
415 1177 530 1212 primam
545 1184 570 1206 et
587 1179 770 1207 immediatam
787 1182 976 1216 operationem

189 1228 312 1255 personat
325 1227 446 1256 paterna:
460 1231 531 1256 esse,
547 1224 635 1259 ipsum
648 1233 714 1253 vero
728 1227 834 1261 spirare
854 1227 911 1254 lieni
928 1235 976 1262 per

188 1275 329 1302 generare,
349 1275 402 1295 non
415 1273 542 1303 tanquam
556 1278 605 1304 per
620 1271 794 1305 principium,
806 1273 852 1300 sed
867 1281 915 1308 per
927 1274 975 1300 ali-

188 1313 252 1347 quid
265 1313 460 1346 necessarium,
470 1315 542 1348 quod
555 1316 742 1350 prmexigilur.
754 1316 787 1344 Et
798 1318 854 1345 haec
864 1319 976 1352 quidem

188 1358 314 1392 prtedicta
327 1359 382 1386 sint
392 1364 519 1395 tanquam
527 1361 559 1387 ad
578 1369 638 1396 quae
649 1367 802 1396 sequuntur
811 1365 974 1391 necessaria.

224 1405 291 1432 item
312 1406 372 1433 haec
388 1407 472 1434 etiam
488 1412 617 1443 tanquam
644 1411 800 1437 communia
815 1419 976 1447 prtesuppo-

188 1457 309 1485 mutor;
328 1460 424 1480 eorum
441 1462 501 1488 quae
514 1455 541 1481 in
556 1454 610 1482 Deo
625 1456 756 1484 dicuntur
773 1459 896 1492 quzudam
913 1464 976 1486 sunt

187 1499 343 1525 communia
354 1499 483 1526 omnibus
501 1502 638 1534 personis,
652 1507 681 1529 ut
698 1503 798 1535 bonus,
812 1505 932 1539 sapiens.
949 1509 976 1533 et

1094 258 1140 284 per
1153 250 1261 283 Filium,
1278 255 1302 277 et
1319 259 1352 277 ea:
1373 250 1457 276 Patre
1480 250 1599 285 Filioque
1614 252 1763 286 procedere.

1064 306 1117 334 Per
1131 308 1246 341 primum
1269 312 1296 334 et
1311 307 1498 334 immedialam
1511 307 1729 343 uniuscujusque
1753 317 1823 343 ope-

1028 353 1172 383 rationem.
1188 361 1283 380 omnes
1293 353 1351 380 aliae
1368 353 1543 388 operationes
1557 353 1616 389 ejus
1634 353 1714 386 ﬁunt,
1729 355 1822 389 prima

1029 406 1095 425 vero
1121 403 1149 425 ct
1167 399 1324 426 immediala
1350 399 1440 427 Patris
1465 399 1587 434 operatio
1611 405 1651 427 est
1666 408 1820 435 generare:

1028 452 1077 479 per
1090 451 1224 478 generare
1244 445 1326 479 igitur
1345 445 1468 480 spirandi
1484 446 1556 472 actio
1583 446 1628 478 fit,
1643 451 1669 473 et
1684 454 1717 473 ex
1738 447 1822 474 Patre

1028 498 1077 525 per
1096 489 1194 517 Filium
1210 491 1330 524 Spiritus
1348 495 1461 518 sanctus
1473 491 1611 524 procedit.
1626 492 1703 525 Quod
1724 498 1820 520 autem

1027 536 1093 564 velit
1108 536 1169 568 hoc,
1186 537 1258 571 quod
1275 536 1393 564 dicimus
1409 544 1458 570 per
1476 536 1586 568 Filium,
1601 538 1712 572 etquod
1727 539 1819 572 ipsum

1027 590 1075 617 per
1104 590 1213 610 causam
1243 583 1301 610 sive
1326 582 1494 618 principium
1521 583 1644 610 medians
1669 584 1819 618 signiﬁcet,

1026 636 1060 656 ex
1076 628 1127 656 hoc
1143 636 1198 655 non
1211 629 1399 664 intelligimus,
1411 627 1484 663 quod
1500 628 1583 655 Filius
1600 628 1636 656 sit
1648 630 1819 664 principium

1027 675 1150 702 medians
1168 680 1302 710 quantum
1317 675 1350 702 ad
1368 675 1486 710 spirare.
1506 675 1541 702 ita
1566 676 1639 710 quod
1659 676 1742 703 Pater
1762 685 1818 702 non

1026 720 1184 748 immediate
1194 721 1281 754 spiret
1295 721 1429 755 Spiritum
1442 725 1582 754 sanctum;
1596 721 1644 748 sed
1655 721 1739 755 spiret
1753 729 1818 748 eum

1026 765 1165 792 mediante
1183 765 1263 797 Filio,
1290 769 1420 799 tanquam
1438 772 1521 792 causa
1542 764 1718 795 secundaria,
1743 765 1819 791 sicut

1026 811 1100 838 Deus
1122 815 1212 838 movet
1230 811 1330 838 corium
1349 810 1530 846 intelligentia
1551 810 1702 838 mediante.
1720 809 1818 836 Tene-

1028 865 1090 885 mus
1105 858 1180 885 enim
1196 865 1258 884 cum
1268 856 1433 891 Augustino,
1447 857 1519 891 quod
1532 856 1819 891 Spiritusimmcdiate

1029 903 1062 930 ab
1077 908 1196 938 utroque
1211 902 1338 937 procedit
1357 911 1363 928 :
1381 901 1428 929 sed
1443 901 1623 936 intelligimus
1640 899 1713 934 quod
1730 899 1819 926 Filius

1029 950 1128 984 quiest
1143 949 1266 984 Spiritus
1281 948 1448 983 principium
1469 956 1476 974 :
1492 952 1534 974 est
1548 946 1671 974 medians
1683 951 1818 980 quantum

1028 996 1060 1022 ad
1076 1003 1137 1023 esse
1152 995 1226 1022 inter
1245 995 1354 1022 Patrem
1385 997 1413 1020 et
1436 993 1566 1028 Spiritum
1590 999 1726 1023 sanctum,
1753 998 1817 1018 cum

1028 1043 1106 1077 prius
1137 1041 1303 1069 naturaliter
1331 1040 1501 1074 intelligatur
1516 1047 1531 1066 a
1549 1039 1628 1066 Patre
1651 1038 1816 1072 productus.

1028 1097 1109 1124 quam
1136 1088 1256 1123 Spiritus
1271 1091 1383 1114 sanctus
1399 1086 1433 1113 ab
1450 1089 1578 1120 utroque,
1596 1084 1765 1112 sufﬁcienter
1788 1085 1817 1111 in

1028 1142 1155 1162 sermone
1171 1136 1203 1161 de
1219 1133 1322 1161 unione
1336 1132 1528 1168 probavimus.

1064 1189 1127 1216 Item
1142 1189 1260 1223 Spiritus
1274 1192 1386 1216 sanctus
1403 1192 1452 1215 aut
1463 1195 1494 1215 ex
1507 1187 1565 1215 solo
1581 1187 1659 1214 Patre
1676 1186 1814 1227 procedit,

1028 1241 1074 1264 aut
1091 1245 1144 1264 non
1167 1245 1200 1263 cx
1217 1236 1275 1263 solo
1291 1237 1370 1264 Patre
1387 1244 1394 1262 :
1411 1235 1484 1262 inter
1507 1234 1720 1262 coutradictoria
1738 1241 1816 1260 nani-

1027 1291 1081 1318 que
1094 1283 1164 1309 nihil
1182 1287 1224 1310 est
1243 1282 1375 1310 medium.
1391 1282 1426 1309 At
1441 1289 1496 1308 non
1513 1285 1604 1316 potest
1621 1279 1675 1307 dici
1693 1280 1766 1314 quod
1781 1287 1816 1305 cx

1027 1329 1086 1356 solo
1116 1329 1196 1356 Patre
1229 1328 1360 1363 procedat
1393 1327 1496 1362 :igitur
1513 1334 1567 1352 non
1595 1333 1628 1352 ex
1644 1325 1701 1353 solo
1720 1325 1814 1352 Patre.

1027 1375 1104 1408 Quod
1135 1375 1157 1402 si
1192 1383 1246 1403 non
1280 1383 1312 1402 ex
1345 1375 1403 1401 solo
1437 1375 1529 1405 Patre,
1561 1372 1645 1408 igitur
1668 1372 1750 1399 etiam
1780 1378 1815 1398 ex

1027 1422 1106 1450 Filio.
1135 1421 1211 1456 Quod
1242 1426 1334 1448 autem
1363 1429 1418 1448 non
1455 1427 1489 1447 ex
1522 1419 1581 1447 solo
1610 1418 1691 1445 Patre
1716 1425 1814 1452 proce-

1027 1469 1084 1502 dat,
1116 1468 1250 1503 probatur
1281 1467 1370 1502 primo
1399 1466 1535 1502 quidem:
1563 1472 1698 1500 nusquam
1733 1471 1812 1498 repe-

1029 1515 1100 1542 ritur
1121 1514 1173 1540 hoc
1187 1514 1301 1545 dictum,
1321 1520 1409 1546 neque
1427 1512 1499 1546 apud
1518 1511 1685 1545 scripturam
1700 1509 1815 1542 canoni-

188 1544 279 1570 omnia
298 1543 433 1576 absoluta,
446 1545 672 1573 similitcromncs
683 1548 921 1584 uegatioues,qu:e
930 1559 976 1585 per
989 1557 1012 1587 ο
1028 1568 1100 1591 eam,
1119 1566 1208 1593 neque
1222 1543 1299 1592 apud.
1311 1543 1452 1585 doc-tores:
1466 1556 1544 1589 Quod
1561 1543 1626 1583 vero
1643 1563 1697 1582 non
1711 1554 1761 1581 Γιιὶῐ
1778 1553 1814 1579 ab

187 1589 377 1616 excellentiam
386 1594 511 1624 respectu
526 1591 558 1617 ad
574 1596 727 1618 creaturam
744 1593 777 1619 de
790 1601 823 1621 eo
836 1594 973 1626 dicuntur,

188 1641 218 1662 ut
234 1635 385 1667 invisibile,
413 1635 708 1670 incomprehensibilc,
724 1643 751 1664 et
774 1637 973 1673 hujuscemodi.

224 1681 290 1708 item
304 1688 475 1715 qmrcunque
490 1680 657 1708 relationem
676 1682 709 1708 ad
727 1687 880 1710 creaturam
893 1683 975 1719 signi-

188 1727 282 1759 ilcant,
315 1732 344 1754 ut
367 1732 487 1758 creator,
501 1727 598 1761 judex,
614 1733 638 1754 et
658 1728 758 1755 similia
777 1739 783 1755 :
801 1729 858 1756 haec
884 1730 975 1764 itaque

189 1773 346 1800 communia
375 1777 439 1800 sunt
462 1772 593 1799 omnibus
612 1773 755 1807 personis;
773 1774 895 1809 quaedam
911 1783 975 1803 vero

189 1825 255 1846 sunt
271 1819 391 1854 propria.
412 1824 440 1846 ct
460 1820 558 1846 horum
573 1819 695 1854 quzedam
713 1826 776 1847 sunt
788 1822 897 1856 propria
909 1822 976 1849 dua-

191 1867 241 1892 bus
258 1866 383 1900 perSonis
399 1865 605 1900 comparatione
619 1866 652 1893 ad
670 1866 812 1901 reliquam,
839 1868 973 1902 quemad-

188 1911 300 1938 modum
317 1911 386 1938 Filio
414 1916 443 1938 et
473 1911 589 1946 Spiritui
607 1920 621 1938 a
648 1912 787 1946 principio
809 1921 881 1945 esse,
901 1914 975 1941 Patri

188 1961 216 1983 et
233 1956 302 1983 Filio
319 1956 428 1984 mittere
448 1956 581 1991 Spiritum
598 1966 605 1984 :
623 1957 667 1984 hic
679 1958 788 1992 capitur
805 1959 925 1992 mittere,
946 1965 975 1987 ut

188 2002 319 2036 importat
350 2002 513 2029 relationem
547 2001 664 2038 originis
685 2003 759 2030 inter
773 2003 927 2032 mittentem
947 2011 975 2033 et

187 2048 314 2080 missum,
331 2053 358 2075 et
376 2056 425 2083 per
440 2056 614 2083 consequens
631 2049 837 2078 distinctionem
855 2052 973 2084 reaiem;

188 2094 322 2129 autquod
337 2094 455 2128 Spiritus
482 2094 591 2121 dicatur
605 2095 695 2122 Patris
708 2100 735 2122 et
752 2095 825 2123 Filii.
843 2096 970 2129 Quiedam

191 2142 300 2175 propria
319 2140 400 2167 unius
424 2148 560 2175 personze,
574 2145 601 2168 et
621 2141 720 2169 horum
740 2149 834 2170 rursus
848 2143 973 2178 quredam

189 2188 226 2214 ita
242 2187 351 2222 propria
371 2187 526 2220 personalia
540 2191 614 2219 sunt,
642 2193 672 2213 ut
688 2188 770 2214 etiam
792 2189 972 2216 constitutiva

190 2232 255 2264 sint,
276 2236 305 2258 ut
317 2232 481 2266 paternitas,
498 2232 604 2266 iiliatio,
620 2233 735 2267 spiratio
751 2233 869 2268 passiva.
889 2233 971 2267 Quze-
990 2228 1011 2256 ι)

188 2279 250 2305 dam
283 2278 334 2304 etsi
358 2278 403 2304 uni
422 2278 472 2304 soli
495 2278 601 2310 insunt,
615 2287 670 2305 non
687 2285 777 2306 tatneu
793 2280 971 2307 constitutiva

189 2331 371 2359 personarum
387 2330 461 2357 sunt,
481 2325 527 2352 sed
543 2325 664 2359 quaedam
683 2327 820 2359 notiones,
843 2327 974 2361 quemad-

189 2371 301 2397 modum
324 2370 398 2397 Palri
412 2371 551 2398 notionaie
566 2371 718 2406 ingenitum
737 2380 807 2405 esse,
822 2372 973 2407 ingenitum

189 2417 298 2451 capitur
310 2416 356 2443 hic
376 2423 426 2450 pro
439 2416 623 2450 improducto.
640 2417 703 2444 time
720 2418 802 2452 igitur
818 2419 898 2445 trium
912 2427 974 2454 per—

188 2471 316 2490 sonarum
335 2463 492 2490 communia
509 2463 664 2497 personalia
683 2469 757 2496 sunt,
773 2473 823 2491 nec
841 2465 898 2498 illa,
913 2474 973 2500 qua:

190 2509 297 2536 duabus
312 2508 518 2544 comparatione
531 2508 564 2534 ad
583 2509 690 2535 tertiam
701 2509 810 2544 propria
826 2516 906 2544 sunt;
923 2518 974 2538 nec.

188 2556 248 2588 illa,
262 2564 322 2590 qum
336 2556 382 2583 uni
397 2555 506 2589 quidem
523 2556 633 2589 propria
645 2561 720 2588 sunt,
740 2556 786 2583 sed
805 2556 839 2582 ita
860 2558 971 2592 propria

190 2607 219 2629 ut
241 2602 403 2634 notionalia,
426 2606 453 2629 et
481 2601 645 2636 sequentia:
667 2601 712 2628 illa
739 2610 804 2630 vero
830 2604 887 2630 sola
909 2609 973 2631 sunt

188 2648 353 2683 personalia,
373 2652 400 2675 et
417 2654 596 2681 personarum
614 2648 790 2677 constitutiva
805 2651 914 2684 propria
927 2659 974 2685 pa-

187 2694 312 2726 ternitas,
323 2693 426 2721 scilicet
436 2693 540 2725 ﬁliatio,
548 2699 575 2721 et
587 2695 694 2729 passiva
703 2696 817 2730 spiratio
825 2706 831 2729 ;
840 2705 900 2731 quae
907 2705 972 2724 vero

187 2740 291 2766 duabus
307 2740 416 2774 propria
432 2741 636 2775 comparatione
651 2742 684 2769 ad
700 2743 807 2770 tertiatur
826 2750 900 2775 sunt,
914 2744 972 2770 hare

186 2785 338 2812 notionaiia
349 2791 412 2813 sunt
422 2786 537 2813 duarum
550 2795 741 2822 personarum.
753 2789 800 2816 His
810 2798 972 2825 priesuppo-

186 2831 249 2859 sitis
262 2831 438 2865 probabimus
454 2832 584 2867 Spiritum
597 2839 721 2861 sanctum
740 2843 773 2862 ex
786 2835 865 2862 Patre
876 2835 972 2870 [ιρι-ιδί-

143 2915 148 2916 7
189 2878 267 2911 lium,
284 2879 341 2913 ipso
353 2877 478 2913 juvante,
491 2885 517 2907 et
529 2887 560 2908 ex
573 2880 654 2909 Patre
677 2881 801 2916 Filioque
813 2882 967 2918 procedere

1027 1605 1118 1639 aliquo
1133 1605 1248 1631 istorum
1268 1603 1382 1634 dictum,
1398 1610 1452 1630 non
1475 1607 1517 1630 est
1535 1602 1691 1628 audendum
1708 1601 1812 1628 dicere.

1026 1650 1131 1677 Deinde
1147 1657 1208 1677 cum
1223 1649 1329 1683 spirate
1348 1657 1402 1675 non
1419 1649 1518 1682 prima,
1538 1655 1589 1674 nec
1603 1647 1761 1674 immediala
1778 1647 1815 1674 sit

1025 1696 1181 1723 essentiaiis
1197 1696 1269 1723 actio
1290 1695 1390 1726 Patris,
1407 1695 1442 1722 sit
1457 1702 1504 1729 per
1519 1694 1648 1728 primam,
1665 1697 1694 1719 ut
1709 1693 1813 1719 dittum

1026 1746 1078 1770 est.
1097 1742 1240 1776 Accipitur
1272 1741 1318 1768 hic
1333 1749 1381 1775 per
1415 1744 1498 1776 prout
1520 1741 1652 1774 importat
1673 1738 1813 1765 habitudi-

1026 1795 1089 1815 nem
1105 1794 1205 1820 causae,
1219 1786 1279 1813 sine
1298 1794 1352 1821 qua
1367 1794 1421 1813 non
1437 1785 1521 1820 :quia
1539 1785 1643 1819 spirare
1656 1784 1813 1811 necessario

1026 1832 1215 1868 prmsupponit
1230 1840 1372 1867 generare,
1392 1839 1446 1859 non
1459 1836 1541 1866 prout
1557 1831 1686 1865 importat
1702 1830 1814 1857 habitu-

1026 1880 1120 1907 dinem
1142 1879 1288 1914 principii;
1308 1879 1372 1913 quia
1400 1878 1541 1913 generatio
1558 1885 1612 1904 non
1638 1881 1681 1904 est
1708 1877 1813 1912 princi-

1026 1925 1100 1960 pium
1116 1924 1275 1959 spiratiouis
1287 1933 1294 1956 ;
1307 1931 1369 1950 cum
1384 1923 1497 1958 spiratio
1512 1923 1580 1950 Filio
1597 1922 1811 1971 conveniatgcui

1026 1979 1081 1998 non
1097 1971 1226 1997 convenit
1243 1977 1337 1997 actura
1360 1969 1514 2004 generatio,
1531 1976 1592 2003 quire
1607 1974 1648 1996 est
1661 1969 1757 2003 ipsum
1765 1976 1810 2002 ge-

1025 2024 1137 2049 nerare,
1157 2020 1186 2044 et
1208 2016 1350 2051 generatio
1367 2025 1372 2042 :
1389 2022 1474 2049 quare
1490 2022 1603 2041 necesse
1619 2019 1662 2041 est
1680 2019 1708 2041 ut
1724 2015 1810 2041 Filius

1024 2070 1057 2090 ex
1079 2063 1131 2090 hac
1145 2062 1306 2097 operatione
1332 2061 1487 2096 participat,
1506 2065 1533 2087 et
1547 2067 1595 2094 per
1612 2067 1673 2087 eum
1691 2059 1810 2091 Spit-itus

1025 2112 1138 2134 sanctus
1160 2106 1310 2142 procedat;
1329 2113 1390 2132 cum
1409 2105 1483 2132 enim
1500 2105 1594 2132 onmia
1609 2105 1664 2131 sint
1688 2112 1810 2131 conmm—

1024 2152 1069 2179 nia
1082 2151 1153 2180 Patri
1180 2156 1207 2178 et
1218 2151 1287 2178 Filio
1301 2156 1401 2185 przeter
1416 2150 1611 2178 constitutivas
1628 2158 1808 2186 personarum

1026 2198 1220 2233 proprietates,
1236 2197 1392 2232 communis
1406 2197 1430 2224 ei
1446 2197 1499 2224 erit
1518 2197 1559 2224 vis
1574 2198 1658 2224 etiam
1676 2197 1807 2231 spirandi.

1025 2251 1085 2278 qua:
1099 2243 1233 2270 naturalis
1248 2243 1358 2277 quidem
1381 2242 1465 2273 Patri,
1493 2250 1548 2268 non
1571 2247 1660 2268 tarrcn
1675 2242 1808 2269 constitu-

1026 2290 1079 2317 tiva
1095 2296 1218 2324 personae
1232 2288 1292 2324 ejus
1306 2292 1362 2320 est,
1382 2293 1412 2315 ut
1425 2287 1531 2315 dictum
1545 2292 1597 2314 est.
1613 2288 1703 2320 Quare
1723 2287 1808 2322 Spiri-

1024 2339 1068 2362 tus
1092 2343 1124 2362 ex
1150 2335 1231 2361 Patre
1261 2339 1288 2361 et
1308 2334 1388 2366 Filio,
1421 2334 1465 2361 vol
1487 2341 1520 2361 ex
1536 2334 1615 2360 Patre
1634 2341 1682 2368 per
1708 2333 1807 2360 Filium

1023 2381 1161 2416 procedit.
1185 2380 1214 2407 In
1238 2380 1375 2414 theologia
1392 2388 1510 2414 namque
1524 2387 1570 2414 per
1584 2384 1611 2406 et
1628 2388 1660 2405 ca-
1675 2380 1743 2406 nihii
1759 2380 1774 2406 d
1788 2380 1808 2406 i-

1023 2427 1124 2454 ferunt.
1135 2425 1212 2460 Quod
1225 2426 1246 2452 si
1262 2425 1323 2460 quis
1336 2425 1409 2452 dicat
1423 2433 1610 2456 communem,
1627 2434 1692 2460 ergo
1709 2426 1807 2452 licetet

1024 2471 1137 2507 Spiritui
1156 2476 1252 2498 sancto
1271 2471 1342 2498 hanc
1361 2471 1414 2497 vim
1430 2471 1551 2505 spirandi
1575 2479 1646 2503 esse,
1673 2472 1726 2497 vim
1751 2472 1807 2505 spi-

1026 2518 1116 2551 randi,
1149 2518 1177 2545 id
1195 2523 1246 2548 est.
1264 2519 1381 2545 activam
1401 2518 1592 2553 spirationcm,
1617 2518 1674 2544 sive
1689 2518 1808 2544 divinam

1025 2569 1152 2591 naturam
1183 2564 1359 2596 coniunctam
1388 2563 1483 2590 activm
1509 2564 1653 2598 spirationi
1680 2569 1806 2598 tanquam

1025 2610 1199 2638 essentiaicm
1212 2614 1240 2636 et
1255 2609 1418 2637 naturalem.
1451 2609 1548 2636 Omnia
1562 2610 1636 2636 cnim
1652 2610 1807 2636 ρεξριιιὶηιιιι

1025 2656 1076 2691 ipsi
1092 2663 1202 2690 quoque
1215 2655 1371 2682 communia
1390 2659 1464 2682 sunt.
1482 2655 1574 2682 Discat
1596 2655 1619 2682 is
1640 2656 1691 2682 hoc
1709 2656 1806 2690 intan-

1025 2689 1107 2729 sibile
1126 2689 1197 2732 esse,
1215 2708 1247 2727 eo
1265 2700 1338 2735 quod
1366 2701 1517 2736 opponitur
1546 2702 1605 2734 ejus
1631 2702 1806 2736 proprietati;

1026 2755 1080 2774 non
1097 2747 1170 2773 enim
1193 2751 1282 2781 potest
1307 2746 1379 2773 idem
1396 2747 1438 2774 sui
1458 2748 1545 2782 ipsius
1560 2755 1620 2774 esse
1632 2747 1806 2782 principium.

1024 2792 1201 2826 Unaqumquo
1223 2792 1296 2818 enim
1316 2792 1470 2819 divinarum
1496 2801 1678 2827 personarum
1696 2801 1807 2820 manens

1025 2837 1052 2865 in
1067 2845 1110 2869 eo,
1127 2837 1199 2872 quod
1214 2842 1265 2870 est,
1284 2842 1311 2864 et
1327 2845 1403 2864 suam
1422 2839 1619 2873 proprietatem
1637 2838 1806 2873 personnlum

1026 2892 1163 2913 servans:
1183 2885 1338 2913 communia
1365 2885 1447 2913 etiam
1465 2885 1581 2912 invicem
1610 2885 1692 2912 habet
1717 2883 1805 2912 omnia
