1920 3063
82 110 148 144 429

564 117 613 148 DE
634 117 900 150 PROCESSIONE
922 120 1105 151 SPlRlTUS
1125 120 1270 153 SANCTI.

1676 125 1731 156 430

82 169 263 197 essctttialia.
282 170 396 199 Manens
411 171 484 199 enim
498 171 584 200 Filius
602 173 629 200 in
644 181 678 201 eo
694 175 768 209 quod
793 174 880 202 Filius
896 177 917 205 Δ
933 176 1083 210 telligintus
1102 178 1237 212 principia
1264 178 1362 205 harum
1388 178 1506 206 duarum
1534 182 1728 214 operatiouum

82 220 148 249 est,
162 221 192 243 ut
209 216 307 244 beatus
318 217 437 245 Basilius
445 217 496 250 ait,
513 218 598 246 habet
612 220 704 246 omnia
714 227 885 255 quaecunque

82 264 117 287 et
154 260 258 293 Pater;
287 261 369 296 igitur
392 262 511 297 Spiritus
535 263 617 290 etiam
652 272 765 292 manens
791 265 817 293 in
852 272 887 292 eo

83 306 168 341 quod
203 307 322 341 Spiritus
347 313 400 341 est,
432 308 516 337 habet
546 310 638 338 omnia
660 318 830 346 quaecunque
859 317 886 339 et

84 353 176 381 Pater
200 359 228 381 et
249 354 344 382 Filius.
372 356 537 391 Proprietati
554 357 648 392 itaque
660 365 718 393 ejus
746 362 887 393 Oppugnat

85 399 135 426 sui
167 399 256 434 ipsius
285 401 452 436 principium
466 410 528 430 esse
546 407 595 430 :et
611 402 674 430 ideo
700 403 882 438 spiratiouem

88 446 217 473 activam
234 447 336 475 ltabere
360 455 415 475 non
432 453 532 483 potest.
551 447 606 476 Sed
621 449 694 476 dicet
711 449 813 484 aliquis
830 449 886 477 for-

87 496 181 525 tasse,
205 494 278 528 quod
294 494 316 521 si
337 502 392 521 non
410 496 447 522 sit
465 496 491 522 ci
512 495 668 523 communis
690 495 816 530 spirandi
831 496 883 526 vis.

85 538 148 565 erit
155 539 182 566 ei
196 539 291 567 saltetn
307 541 463 568 communis
475 542 634 576 generativa
650 542 888 576 potentia,quem-

87 583 246 611 admodum
265 584 334 612 Filio
354 586 504 621 spirativa:
533 592 561 614 at
574 594 629 613 non
648 587 732 614 lateat
747 588 886 618 eum,hoc

87 630 179 658 etiam
198 631 367 666 itupossibile
383 641 444 660 esse
461 642 468 660 :
485 633 622 668 principio
637 634 710 668 quod
725 641 787 661 cum
804 641 885 670 gene-

88 677 174 703 randi
194 678 330 712 potentia,
347 678 374 705 id
391 684 433 706 est
459 680 576 707 actualis
590 680 732 714 generatio
748 680 885 708 constitu-

89 723 150 750 tiva
167 723 203 750 sit
218 731 342 758 personat
356 729 489 758 paternaz,
504 729 533 753 et
549 725 825 754 incommunicabilis
843 726 883 753 al-

90 769 159 801 teri,
179 773 208 796 ut
235 770 380 803 probatum
398 776 453 802 est,
468 771 642 806 impossibile
658 777 701 799 est
720 772 801 799 alteri
824 779 884 807 per-

91 821 170 841 SOlliB
198 821 258 841 eam
275 822 335 842 esse
367 823 554 849 communem,
581 817 814 851 quemadmodum
841 823 884 846 est

91 860 166 888 Filio
177 861 318 896 spirativa.
339 861 445 889 Deinde
458 863 522 897 quia
543 863 667 897 implicat
690 865 888 893 contradictio—
901 857 924 887 Β

93 914 179 939 nem;
197 907 220 934 si
235 907 308 934 enim
323 908 396 935 idem
409 914 555 944 generaret
576 909 686 942 Filium,
706 916 735 938 et
754 913 888 946 procede-

94 958 140 980 ret
165 961 197 980 ex
217 961 260 984 eo.
278 958 351 981 esset
372 954 406 981 ad
429 955 501 983 idem
520 959 547 983 et
572 956 750 991 principium,
765 961 794 984 et
814 957 886 992 quod

93 1002 138 1025 est
151 1007 166 1026 a
179 1000 324 1035 principio,
339 1001 411 1035 quod
426 1005 467 1029 est
479 1003 674 1031 contradictio.
686 1003 801 1037 Atideo,
815 1004 888 1032 dicet

96 1043 248 1078 quispiam,
278 1045 330 1072 hoc
356 1046 557 1074 incenveniens
574 1052 717 1082 sequetur,
733 1048 796 1083 quia
819 1056 889 1083 pras-

96 1090 264 1124 supponitur
290 1090 388 1118 Fllllllll
413 1091 520 1126 spirare
536 1092 680 1127 Spiritum.
693 1093 770 1126 Quod
795 1095 816 1121 si
833 1102 887 1133 non

96 1141 374 1170 praesupponeretur,
402 1137 468 1164 licet
492 1138 580 1165 solum
594 1139 666 1173 quod
682 1139 800 1172 Spiritus
825 1148 887 1168 cum

96 1180 180 1207 Patre
191 1187 301 1215 generet
312 1181 423 1215 Filium,
437 1190 493 1210 non
508 1183 681 1219 relinquetur
697 1185 763 1212 huic
790 1185 888 1213 incon-

97 1226 222 1253 vcnienti
238 1227 327 1254 locus.
346 1228 403 1255 Cur
420 1229 495 1256 enim
511 1237 567 1256 nou
584 1230 675 1264 potius
690 1230 811 1265 Spiritus
826 1239 888 1259 cunt

97 1270 180 1298 Patre
193 1277 305 1306 generet
318 1272 432 1306 Filium,
446 1282 528 1308 quam
541 1275 628 1302 Filius
638 1283 698 1302 cum
715 1276 794 1303 Patre
804 1278 889 1311 spiret

98 1317 252 1352 Spiritum?
271 1317 299 1345 Si
313 1319 375 1353 quis
390 1319 447 1347 haec
462 1321 540 1352 dicit,
556 1322 644 1356 primo
659 1322 770 1357 quidem
781 1330 810 1350 se
821 1323 890 1351 sciat

98 1371 225 1398 quaerere
241 1372 303 1399 qua:
320 1373 401 1392 ttemo
420 1374 540 1401 unquam
564 1375 616 1395 nec
641 1369 761 1403 cogitare
777 1370 889 1404 quidem

100 1417 185 1438 ausus
202 1415 260 1443 est;
279 1411 380 1439 deinde
396 1413 531 1446 potentia,
549 1414 576 1440 id
599 1419 653 1448 est,
670 1416 786 1443 actualis
808 1423 890 1451 gene-

100 1456 184 1490 ratio,
197 1456 309 1491 quidem
327 1458 488 1492 generativa
508 1461 640 1494 praecedit
655 1462 776 1496 spirandi
790 1467 888 1497 poten-

99 1503 166 1531 tiam
181 1509 309 1541 tanquam
331 1506 420 1541 prima
436 1511 463 1533 et
477 1507 635 1534 immediata
650 1507 738 1536 l'atris
753 1509 888 1543 operatio,
901 1525 924 1556 ο

100 1558 131 1581 ut
147 1554 291 1588 probatum
307 1557 371 1587 est;
394 1560 423 1581 et
437 1554 500 1581 ideo
513 1562 567 1581 non
585 1559 675 1589 potest
688 1563 749 1582 esse
765 1563 889 1582 commu-

100 1600 145 1628 nis
160 1600 294 1635 Spiritui;
315 1600 438 1635 spirandi
451 1607 517 1627 vero
534 1600 655 1635 potentia
673 1608 737 1627 cum
755 1606 888 1635 sequetur

101 1646 163 1674 Filii
180 1647 399 1682 generationem,
417 1652 447 1673 et
466 1653 514 1681 per
538 1646 601 1681 ejus
621 1647 839 1680 generationem,
859 1652 891 1675 ut

102 1693 248 1728 probatum
262 1698 316 1724 est,
337 1692 396 1724 fiat,
412 1699 468 1719 non
493 1691 673 1726 impossibile.
691 1692 746 1719 imo
761 1700 889 1720 necessa-

102 1739 173 1765 rium
189 1743 242 1770 est,
268 1743 298 1765 ut
312 1739 349 1765 sit
364 1738 389 1765 ei
408 1737 563 1764 communis
582 1744 644 1764 cum
663 1738 752 1765 Patre.
770 1738 850 1770 Quod
866 1739 889 1766 si

102 1791 165 1819 quis
190 1790 286 1811 rursus
316 1787 428 1818 propter
443 1783 502 1810 haec
518 1783 604 1815 dicat,
632 1783 715 1818 igitur
737 1784 828 1810 minor
847 1788 890 1812 est

103 1830 226 1866 Spiritus
243 1835 355 1857 sanctus
367 1834 394 1857 et
411 1830 491 1856 Patre
523 1833 551 1856 et
568 1828 652 1861 Filio,
667 1829 689 1856 si
706 1830 817 1863 quidem
839 1830 891 1857 Pa-

104 1882 145 1904 ter
167 1880 281 1911 generat
302 1876 414 1907 Filium,
432 1879 460 1902 et
481 1875 567 1909 spirat
583 1869 714 1909 Spiritum
734 1884 740 1902 :
759 1875 845 1903 Filius
863 1880 890 1903 et

103 1923 159 1956 ipse
177 1929 238 1949 cum
250 1921 332 1948 Patre
346 1922 433 1956 spirat
449 1921 595 1955 Spiritum,
618 1920 739 1955 Spiritus
756 1928 822 1948 vero
839 1928 891 1949 nec

104 1968 201 1996 Filium
219 1973 344 2002 generat,
363 1974 414 1994 nec
429 1974 458 1994 se
472 1968 575 2000 ipsum,
587 1973 639 1993 ncc
654 1966 740 1993 aliutn
755 1966 889 2000 Spiritum

104 2015 197 2049 spirat.
217 2013 292 2040 Vana
306 2013 377 2040 ratio
394 2013 455 2047 ejus
467 2016 521 2042 est.
537 2016 565 2039 et
581 2016 676 2038 contra
688 2018 716 2038 se
732 2011 832 2046 ipsum.
843 2011 889 2046 qui

105 2061 162 2087 haec
178 2059 257 2092 dicit,
271 2059 425 2086 concludit.
443 2058 472 2085 Si
484 2058 559 2085 enim
574 2057 677 2085 nullius
685 2064 807 2092 persoum
816 2058 891 2092 prin-

107 2107 205 2141 cipium
222 2104 525 2139 essc,imperfectiouis
553 2108 582 2131 et
600 2103 763 2131 minutionis
781 2104 889 2138 signum

108 2153 133 2179 in
157 2152 292 2178 Triuitate
313 2150 466 2185 putandum
489 2154 574 2182 esset,
595 2150 756 2184 pauciorum
780 2156 890 2184 quoque

938 226 1032 249 essent
1057 222 1203 257 principia.
1232 222 1286 250 Sed
1314 230 1485 258 unaquaaque
1508 223 1608 256 forma,
1637 224 1663 251 id
1690 226 1731 252 est

940 268 1156 303 unumquodque
1173 269 1338 304 principium
1357 270 1528 304 operationis
1544 270 1729 297 C0nSlllutiYJ)

939 321 1000 341 cum
1014 315 1060 342 illa
1074 315 1236 349 operatione
1262 316 1382 350 aliquam
1404 323 1550 351 personant
1568 317 1729 350 constituit;

938 360 1010 387 sicut
1025 361 1158 392 essentia,
1170 369 1229 396 qua:
1239 366 1281 388 est
1295 362 1460 396 principium
1475 361 1664 398 generationis
1687 369 1730 388 ac-

941 407 1003 433 tiva!
1015 414 1077 434 cum
1096 406 1155 442 ipsa
1170 408 1348 442 generatione
1365 409 1470 435 Patrem
1486 408 1640 439 constituit,
1651 412 1678 434 et
1690 408 1730 435 sic

939 453 1021 480 Pater
1033 457 1126 480 essent
1135 453 1196 481 dum
1204 462 1339 489 personae.
1352 455 1409 482 Hoc
1426 460 1516 482 autem
1532 453 1729 482 ittcouveniens

937 501 989 525 est.
1005 497 1050 524 Vis
1063 498 1147 532 igitur
1163 498 1297 533 spirandi,
1316 499 1340 526 id
1354 503 1405 531 est,
1421 500 1511 526 activa
1529 499 1656 534 spiratio,
1672 506 1728 525 non

936 543 1077 571 constituit
1091 551 1235 579 personam
1255 545 1353 572 Patris.
1378 545 1456 579 Quod
1475 546 1498 573 si
1510 553 1563 572 non
1575 544 1727 576 constituit,

936 589 1089 617 communis
1100 589 1184 624 igitur
1197 595 1240 618 est
1250 590 1332 618 etiam
1343 591 1384 618 vel
1396 591 1456 619 aliis
1468 592 1592 626 personis
1604 611 1610 623 ,
1624 591 1666 618 vel
1679 591 1728 617 ali-

936 634 981 661 cui
1013 642 1107 662 carum
1129 644 1136 662 ε
1160 643 1215 663 non
1243 637 1367 671 utrisque
1386 637 1479 669 simul,
1497 644 1586 671 neque
1613 636 1728 671 Spiritui

936 681 1036 713 solum,
1059 688 1121 708 cum
1143 682 1200 717 ipse
1223 682 1342 717 seipsum
1365 683 1471 717 spirare
1493 690 1547 710 non
1568 682 1665 717 possit.
1681 682 1729 709 Est

936 725 1018 760 igitur
1041 727 1197 754 communis
1218 727 1296 755 Filio.
1326 728 1446 763 Spiritus
1478 729 1562 763 igitur
1588 735 1621 756 ex
1647 728 1727 755 Patre

935 771 1060 806 Filioque
1073 773 1206 807 procedit.

971 819 1038 846 Item
1063 820 1248 848 communiter
1271 828 1369 848 omnes
1386 821 1515 848 doctores
1531 820 1652 848 fatentur
1668 819 1728 854 Spi-

940 865 1022 892 ritum
1037 870 1162 893 sanctttm
1186 866 1297 901 prodire
1312 875 1344 894 ex
1357 866 1429 894 Filio
1444 875 1450 893 :
1467 867 1520 895 hoc
1538 871 1630 894 autem
1647 871 1727 893 natu-

940 911 1035 939 raliter
1055 911 1266 947 intelligendum
1280 917 1343 946 est;
1369 913 1440 940 nihil
1457 913 1530 940 enim
1559 913 1586 940 in
1613 912 1669 939 Deo
1686 915 1729 940 est

939 961 1039 992 pra-ter
1050 962 1189 989 naturam,
1205 965 1296 992 neque
1312 965 1362 994 per
1375 958 1516 986 accidens.
1533 958 1561 985 Si
1581 958 1664 993 igitur
1678 965 1728 984 na-

941 1003 1081 1033 turaliter,
1099 1006 1126 1030 et
1151 1003 1306 1030 secundum
1328 1009 1454 1030 naturam
1473 1003 1595 1038 Spiritus
1606 1011 1639 1030 ex
1659 1003 1729 1030 Filio

939 1048 1043 1083 prodit,
1070 1048 1099 1075 in
1124 1048 1226 1077 divinis
1253 1057 1320 1077 vero
1347 1049 1495 1084 dupliciter
1513 1054 1604 1084 potest
1624 1047 1727 1083 aliquid

939 1095 1094 1122 secundum
1109 1099 1236 1122 naturam
1253 1096 1375 1130 prodire,
1388 1094 1434 1123 aut
1451 1102 1500 1130 per
1512 1096 1727 1131 generationem,

939 1145 988 1167 aut
1004 1148 1053 1175 per
1074 1141 1269 1176 spirationem:
1296 1149 1345 1176 per
1360 1142 1566 1177 generationem
1592 1149 1657 1181 vero
1673 1149 1727 1168 non

941 1187 1034 1222 prodit
1049 1195 1082 1214 ex
1097 1195 1142 1220 eo,
1155 1192 1228 1216 esset
1239 1188 1312 1215 enim
1330 1188 1454 1222 Spiritus
1467 1187 1553 1216 Filius
1569 1187 1650 1220 Filii;
1664 1194 1726 1222 pro-

940 1233 981 1260 dit
995 1234 1079 1268 igitur
1095 1241 1144 1268 per
1160 1235 1348 1268 spirationem,
1363 1239 1390 1262 et
1405 1242 1438 1261 ex
1456 1242 1489 1261 eo
1505 1233 1638 1268 procedit.

945 1305 949 1309 ,
976 1279 1054 1313 Quod
1068 1281 1090 1307 si
1107 1280 1171 1314 quis
1193 1280 1280 1312 dicat,
1305 1280 1398 1308 dicere
1409 1287 1471 1308 eum
1488 1279 1598 1315 prodire
1613 1287 1628 1306 a
1645 1278 1728 1310 Filio,

940 1326 1056 1361 gratiam
1083 1330 1109 1353 et
1136 1326 1328 1360 operationem
1353 1327 1412 1361 ejus
1436 1326 1464 1353 itt
1491 1333 1542 1353 nos
1574 1325 1726 1360 signiﬁcat,

941 1380 1027 1399 tinum
1041 1373 1093 1400 hoc
1108 1373 1244 1407 refugium
1263 1377 1315 1399 est.
1336 1371 1404 1399 Nam
1419 1377 1447 1399 et
1462 1371 1484 1399 si
1500 1371 1615 1406 gratiam
1631 1378 1729 1405 quant-

940 1418 1004 1446 dam
1025 1426 1074 1446 nos
1095 1419 1304 1454 participamus,
1322 1423 1349 1446 et
1365 1426 1418 1445 non
1436 1418 1620 1446 substantiam
1638 1417 1728 1452 Spiri-

941 1469 986 1492 tus
1002 1465 1167 1500 (substantia
1194 1471 1313 1499 namque
1331 1463 1378 1491 Dei
1401 1462 1639 1498 imparticipabilis
1662 1462 1727 1496 est),

941 1518 996 1538 non
1014 1516 1106 1538 tamen
1121 1511 1218 1545 prodit
1234 1518 1268 1537 ex
1293 1510 1362 1537 Filio
1375 1517 1428 1537 non
1453 1509 1607 1537 subsistens
1626 1508 1728 1544 gratia,

940 1555 988 1582 sed
1010 1556 1069 1590 ipsa
1088 1555 1181 1583 divina
1198 1555 1319 1590 Spiritus
1348 1562 1477 1589 persona.
1503 1554 1578 1587 Quod
1606 1558 1679 1588 patet
1695 1560 1729 1579 ex

940 1601 1004 1628 aliis
1020 1601 1187 1629 clarioribus
1211 1605 1239 1628 et
1260 1600 1445 1635 apertioribus
1464 1599 1607 1626 doctorum
1623 1597 1727 1629 verbis,

940 1656 1003 1675 cum
1014 1655 1077 1675 eum
1093 1647 1192 1675 dicunt
1205 1654 1346 1678 emanare,
1374 1646 1452 1677 oriri,
1470 1645 1616 1677 scaturire,
1636 1644 1728 1671 eluce-
1743 1679 1745 1681 _

940 1701 1019 1722 scere
1034 1702 1049 1721 a
1066 1693 1146 1722 Filio.
1164 1693 1230 1727 Qua:
1247 1694 1400 1728 cuicunque
1413 1700 1468 1719 non
1482 1696 1618 1719 excaecato
1641 1691 1727 1726 ipsam

940 1740 1123 1768 substantiam
1152 1739 1274 1775 Spiritus
1300 1746 1354 1766 non
1381 1737 1641 1773 participationem,
1678 1743 1729 1762 nec

941 1786 1118 1820 temporalem
1134 1785 1266 1812 duntaxat
1280 1784 1453 1811 emissionem
1472 1783 1637 1818 signiﬁcant.
1655 1780 1702 1808 Tal
1715 1788 1728 1809 s

940 1832 1023 1867 igitur
1041 1832 1194 1866 personalis
1212 1830 1334 1866 Spiritus
1346 1839 1380 1858 ex
1405 1830 1474 1857 Filio
1491 1832 1661 1865 progressus,
1681 1832 1729 1855 aut

940 1877 1072 1905 naturalis
1094 1881 1143 1904 aut
1158 1876 1265 1904 servilis
1279 1882 1339 1908 est;
1351 1880 1378 1903 et
1393 1884 1455 1903 cum
1468 1883 1523 1902 non
1545 1875 1580 1902 sit
1607 1873 1727 1905 servilis,

939 1923 1097 1951 necessario
1107 1922 1241 1960 naturalis
1253 1927 1305 1949 est.
1321 1922 1459 1949 Naturalis
1474 1928 1578 1948 veroex
1587 1919 1646 1946 Filii
1661 1919 1730 1960 sub-

941 1969 1043 1997 stantia
1056 1957 1177 2003 Spiritus
1188 1968 1274 1995 sancti
1287 1974 1447 2003 progressus
1456 1966 1587 2001 quidnam
1601 1957 1729 1992 aliud.sit

940 2020 1039 2051 praeter
1052 2015 1112 2049 ejus
1128 2014 1345 2049 proccssionem,
1361 2020 1447 2047 neque
1464 2013 1566 2047 ﬁngere
1581 2011 1659 2039 facile
1672 2015 1727 2038 est.

977 2061 1044 2089 ltcm
1059 2061 1196 2095 Spiritum
1219 2064 1345 2087 sanctum
1362 2067 1394 2086 ex
1410 2057 1563 2085 substantia
1581 2057 1672 2084 Patris
1696 2061 1726 2084 et

942 2106 1004 2135 Filii
1019 2114 1090 2138 esse,
1107 2110 1178 2134 ctex
1193 2105 1346 2134 substantia
1362 2111 1460 2131 eorum
1473 2111 1535 2131 esse
1547 2103 1728 2131 communiter

941 2160 1038 2181 omnes
1064 2152 1214 2180 orientales
1234 2151 1477 2185 occidentalesth
1490 2149 1585 2177 Patres
1598 2149 1726 2176 clamant.

107 2204 287 2232 personarum
307 2204 419 2223 causam
436 2203 497 2223 esse
514 2195 733 2230 imperfectionis
744 2200 817 2222 esset
828 2204 835 2222 :
846 2195 890 2222 Fi-
909 2193 929 2221 ι)
941 2198 977 2225 Αι
992 2199 1019 2225 in
1037 2202 1132 2225 sancta
1147 2197 1284 2224 Trinitale
1298 2196 1371 2230 quod
1391 2203 1425 2223 ex
1442 2195 1596 2223 subStantia
1613 2195 1729 2229 alicujus

107 2243 158 2270 lius
174 2242 270 2277 igitur,
288 2250 350 2269 cttm
368 2241 450 2268 unius
461 2248 586 2275 personae
604 2240 748 2273 duntaxat,
763 2239 891 2267 videlicet

108 2288 226 2323 Spiritus
253 2287 421 2323 principium
443 2287 489 2317 sit.
506 2287 598 2314 minor
618 2291 693 2314 esset
716 2286 768 2313 hac
783 2286 891 2314 ratione

108 2335 196 2368 Patre,
213 2334 261 2370 qui
283 2334 427 2361 ambarum
446 2340 627 2367 personarum
651 2336 696 2360 est
712 2333 889 2367 principium.

107 2382 139 2409 At
151 2382 203 2409 hoc
215 2381 414 2409 inconveniens
424 2384 466 2407 est
483 2380 564 2406 etiam
582 2379 671 2406 solum
683 2379 815 2413 cogitare.
836 2378 890 2413 lgi-

109 2433 149 2455 tur
163 2427 230 2454 illud
246 2434 357 2462 quoque
370 2425 534 2461 simpliciter
546 2424 701 2452 absurd-tm
713 2429 765 2451 est.
785 2424 891 2451 Princi-

109 2475 179 2510 pium
198 2473 271 2501 enim
288 2478 369 2508 prout
382 2477 423 2499 est
437 2472 511 2499 actui
525 2471 714 2506 coniunctum,
732 2471 804 2497 vela
817 2469 891 2505 prin-

109 2521 178 2554 cipio
190 2527 252 2547 esse
268 2527 331 2546 cum
348 2519 382 2546 de
399 2518 594 2553 personalibus
610 2517 828 2552 proprietatibus
843 2516 889 2549 sit,

110 2574 195 2601 neque
215 2567 305 2601 majus
329 2573 420 2600 neque
437 2566 528 2593 ntinus
542 2566 660 2593 alterum
675 2565 761 2592 altero
777 2564 819 2591 vel
831 2570 891 2591 esse

110 2613 149 2640 vel
163 2612 217 2639 dici
231 2612 306 2639 facit.

143 2658 208 2684 Item
229 2658 252 2684 si
274 2657 315 2684 vis
337 2657 452 2685 actualis
474 2657 617 2692 generatio
629 2655 780 2692 generandi
808 2659 891 2689 atque

112 2701 240 2737 spirandi,
264 2702 291 2729 id
318 2707 361 2729 est
374 2702 490 2729 actualis
504 2702 620 2737 spiratio
635 2702 672 2729 ita
693 2705 766 2728 esset
782 2701 891 2735 propria

112 2756 232 2784 personte
252 2752 382 2783 paterna),
405 2753 434 2775 ut
449 2752 566 2783 utraque
582 2755 631 2783 per
655 2755 685 2775 se
710 2747 892 2775 constitueret

113 2795 168 2830 ejus
197 2803 354 2830 personam,
387 2795 607 2830 uniuscujusque
628 2802 695 2821 vero
721 2793 893 2828 operationis

118 2843 277 2878 principium
294 2849 335 2872 est
353 2843 462 2877 forma;
481 2842 542 2871 duae
554 2843 649 2871 formze
662 2844 722 2877 (per
735 2842 837 2869 fortnas
851 2841 894 2868 in-

943 2249 995 2275 est,
1012 2251 1046 2270 ex
1072 2250 1191 2278 persona
1205 2249 1316 2277 quoque
1332 2242 1392 2277 ejus
1419 2241 1456 2268 sit
1471 2248 1585 2268 necesse
1602 2244 1645 2267 est
1660 2248 1666 2266 :
1680 2240 1728 2274 igi-

942 2295 988 2317 tur
1005 2288 1138 2323 Spiritus,
1155 2295 1217 2315 cunt
1240 2295 1272 2314 cx
1294 2286 1452 2314 substantia
1469 2285 1531 2313 Filii
1545 2293 1606 2313 esse
1622 2285 1729 2312 dicatur

941 2334 976 2361 ab
992 2333 1121 2361 omnibus
1149 2332 1320 2365 doctoribus,
1345 2340 1378 2359 ex
1398 2332 1459 2367 ejus
1481 2338 1592 2366 qttoque
1609 2337 1728 2364 persona

941 2383 996 2407 est.
1012 2378 1092 2412 Quod
1116 2382 1209 2405 autem
1227 2377 1265 2410 id,
1287 2377 1360 2412 quod
1374 2381 1417 2404 est
1432 2376 1459 2403 in
1475 2375 1612 2402 Trinitate
1630 2382 1661 2401 ex
1679 2373 1729 2400 ali-

942 2424 1023 2457 cujus
1037 2423 1204 2455 substantia,
1226 2429 1269 2450 est
1284 2423 1366 2450 etiam
1380 2430 1414 2449 ex
1434 2422 1493 2457 ejus
1512 2420 1652 2456 bypostasi
1670 2419 1729 2447 sive

941 2478 1070 2506 persona,
1097 2470 1163 2498 hinc
1193 2474 1269 2505 patet
1283 2479 1289 2497 :
1305 2470 1473 2502 substantia,
1488 2469 1531 2496 vel
1546 2468 1676 2501 essentia,
1701 2472 1729 2495 et

942 2517 1108 2553 bypostasis,
1124 2518 1183 2544 sive
1203 2524 1320 2552 persona
1335 2517 1362 2543 in
1375 2523 1537 2551 unaquaque
1566 2515 1725 2542 divinarum

941 2569 1123 2597 personarum
1145 2570 1230 2589 unum
1253 2566 1317 2589 sunt
1341 2561 1500 2592 realiter,ct
1524 2561 1560 2588 ita
1584 2568 1681 2591 unum,
1699 2563 1731 2588 ut

942 2607 1051 2634 ratione
1065 2612 1172 2634 tantum
1182 2608 1400 2642 distinguantur.
1414 2608 1442 2634 Si
1453 2607 1526 2634 enim
1538 2607 1649 2634 rcaliter
1660 2606 1729 2633 suba

943 2654 1044 2680 stantia
1072 2658 1100 2680 et
1128 2661 1254 2687 persona:
1275 2654 1526 2689 distinguercutur,
1548 2658 1641 2680 essent
1662 2660 1729 2686 pro-

943 2699 1016 2727 fecto
1034 2700 1114 2726 sicuti
1133 2705 1188 2726 tres
1201 2707 1327 2734 personae
1342 2700 1463 2732 realiter,
1482 2699 1518 2726 ita
1535 2704 1590 2726 tres
1602 2699 1730 2727 essentia:

943 2747 986 2774 vel
1006 2747 1180 2780 substantiae,
1195 2747 1238 2774 vel
1254 2752 1406 2781 poneretur
1421 2747 1448 2774 in
1467 2747 1601 2773 Triuitatc
1616 2751 1728 2779 quater-

944 2794 1015 2821 nitas
1036 2801 1139 2820 rerum.
1166 2793 1234 2820 Tres
1253 2793 1382 2820 videlicet
1397 2800 1522 2827 persona:
1543 2792 1652 2818 realitcr
1667 2792 1726 2818 dis-

945 2841 1046 2874 tinctae,
1068 2845 1095 2868 ct
1114 2845 1168 2869 tres
1187 2839 1250 2868 ideo
1279 2849 1333 2873 res,
1353 2845 1380 2867 et
1397 2839 1526 2871 essentia,
1554 2845 1614 2873 quae
1629 2841 1728 2873 quarta
