1920 3063
226 126 275 159 421

227 189 270 209 res
282 190 355 212 eSset
371 193 384 212 a
402 190 526 221 personis
534 192 792 225 realiterdislincta.
808 198 908 228 Horum
920 208 1011 230 autem

227 232 375 263 utrumpte
395 238 491 260 contra
513 236 593 264 [idem
610 245 661 267 est.
678 241 768 274 Quare
787 244 929 273 distinctio
949 248 1010 282 qui-

225 274 286 301 dem
308 275 461 310 hypostasis
482 286 510 308 et.
531 285 660 312 essentiae
684 287 800 315 rationis
826 295 879 317 est.
913 274 1011 321 Unitas

225 327 289 347 vero
306 323 400 356 realis,
418 330 513 353 contra
533 336 616 362 quam
631 330 658 357 in
682 333 761 361 nobis
780 335 940 366 hominibus
955 344 1007 371 est,

224 366 325 392 ctenim
341 367 368 394 in
386 370 467 398 nobis
488 372 577 400 unitas
594 375 705 409 quidem
730 383 833 406 natura:
842 381 901 408 sive
913 381 1009 410 humu-

224 412 319 441 uitatis
350 423 412 442 cum
441 418 657 456 uniuscujusque
672 431 789 457 persona
815 427 929 454 rationis
945 433 1006 462 est;

222 459 364 489 distinctio
399 472 464 492 vero
483 467 564 494 realis
580 473 632 496 est.
664 470 722 496 Alia
750 479 867 506 namque
895 481 939 501 res
964 479 1008 501 est

223 505 383 536 humanitas
415 510 483 544 ipsa,
504 512 556 539 alia
576 514 656 548 hujus
669 523 794 550 persona:
811 505 1003 548 individuatio.

221 551 310 584 Quare
325 556 557 588 quemadmodum
583 567 678 588 sumus
704 562 795 589 multm
821 571 953 598 personat,
969 566 1005 593 ita

220 598 302 625 etiam
318 601 396 628 multi
407 602 542 631 homines.
557 604 616 638 Quo
632 607 671 637 ﬁt,
690 612 719 634 ut
736 609 808 642 quod
821 609 850 636 tit
861 618 894 638 ex
909 616 1006 640 natura

220 644 336 680 alicujus
365 647 519 682 hominum,
540 659 596 678 non
624 654 782 681 necessario
805 655 887 683 etiam
913 658 949 685 sit
972 666 1005 686 ex

219 691 279 725 ejus
295 699 428 726 persona;
446 694 471 721 in
487 701 581 724 saneta
598 706 664 726 vero
687 699 825 728 Trinitate
838 710 854 730 e
871 711 1004 732 converso

219 740 272 767 est,
288 741 317 763 ut
332 739 436 766 dictum
456 746 505 768 est.
525 742 623 771 [initas
640 746 769 773 essentia
779 753 807 774 et
821 755 946 783 persona:
962 756 1004 780 est

219 783 312 815 realis,
325 784 469 814 distinctio
487 796 552 816 vero
567 790 683 818 rationis
700 800 805 827 :quare
816 796 889 829 quod
910 804 942 823 ex
961 805 1004 824 es-

217 830 305 856 sentia
317 831 435 867 alicujus
455 841 634 866 personarum
647 842 699 868 est.
716 846 748 866 ex
761 847 876 873 persona
891 850 1001 878 quoque

216 874 276 909 ejus
293 884 407 906 necesse
422 884 464 907 est
477 888 548 908 esse.
565 881 593 909 Si
608 883 693 918 igitur
710 884 829 920 Spiritus
844 895 876 915 ex
891 893 999 923 natura,
1017 892 1036 919 Β

217 923 244 947 et
259 923 379 950 essentia
397 923 458 952 Filii
472 931 525 958 est,
546 933 577 955 ut
594 928 621 955 in
639 929 780 965 plerisque
798 932 867 960 locis
886 939 941 961 tum
956 936 1002 962 alii

216 965 356 1000 doctores,
368 973 424 996 tum
443 971 484 998 vel
503 973 621 1001 maxime
641 975 760 1010 Cyrillus
772 978 880 1012 prohat,
897 987 929 1006 ex
942 988 1002 1015 per-

215 1020 282 1040 sona
304 1022 413 1050 quoque
440 1018 501 1052 ejus
515 1024 568 1047 est.
586 1021 620 1047 At
641 1022 727 1049 nostri
744 1024 833 1057 aiunt,
854 1025 918 1053 ldeo
945 1027 1002 1055 hrec

215 1058 345 1088 dicuntur
356 1070 370 1088 a
382 1063 552 1098 doct0ribus,
564 1071 592 1093 ut
600 1069 869 1100 consubstantialitas
878 1079 1002 1108 compro-

216 1104 309 1138 betur,
322 1111 349 1133 et
370 1111 399 1134 ut
412 1110 573 1138 ostendatur
586 1112 706 1147 Spiritus
725 1115 847 1150 ejusdem
859 1125 921 1146 esse
937 1104 1001 1146 subc

217 1152 326 1180 stantia:
342 1161 404 1180 cum
421 1153 501 1183 Filio.
524 1156 580 1185 lloc
607 1164 698 1186 autent
713 1167 816 1195 quanto
833 1164 924 1191 verius
948 1170 1000 1198 est,

215 1200 292 1226 tanto
319 1200 479 1236 magis.pro
501 1203 605 1232 Latinis
623 1205 698 1233 facit.
717 1207 795 1236 Tune
817 1209 889 1237 enim
914 1212 1000 1246 magis

194 1245 337 1279 .ejusdem
366 1247 528 1277 substantiae
556 1250 675 1286 Spiritus
690 1261 752 1281 cum
782 1255 861 1283 Patre
882 1260 911 1283 et
927 1245 998 1285 Filio

213 1297 266 1325 est,
281 1299 345 1320 eum
362 1301 395 1321 ex
410 1301 506 1322 eorum
523 1297 690 1332 substantia,
709 1301 886 1336 personisque
901 1311 997 1331 eorum

213 1338 338 1372 prodeat,
369 1340 420 1368 huc
435 1346 476 1369 est
494 1344 635 1376 procedat.
665 1345 777 1373 Dicatur
805 1348 878 1375 enim
894 1349 998 1378 clarius

211 1389 324 1419 propter
345 1393 393 1414 eos
407 1387 453 1422 qui
475 1388 528 1415 vim
547 1390 693 1418 verborum
724 1392 859 1428 ignorant.
882 1394 949 1422 Nam
974 1397 997 1423 si

213 1429 267 1457 hoc
297 1431 386 1459 solum
412 1435 726 1465 eousubstantialitatem
761 1439 938 1474 signiﬁcaret,
967 1447 996 1470 ut

212 1478 300 1505 nostri
320 1478 446 1511 homines
473 1487 580 1516 putant,
602 1484 742 1511 diceretur
769 1487 852 1513 etiam
868 1488 946 1516 Pater
960 1496 995 1516 ex

211 1523 366 1552 substantia
393 1521 456 1553 Filii
473 1531 501 1554 et
529 1527 648 1562 Spiritus
677 1530 773 1562 sancti,
789 1532 831 1559 vel
860 1531 946 1562 Filius
959 1542 992 1562 ex

211 1568 365 1597 substantia
390 1570 518 1605 Spiritus.
538 1571 590 1599 Sed
612 1573 664 1600 hoc
690 1582 742 1602 nec
766 1583 852 1604 ausus
878 1582 919 1605 est
942 1586 993 1606 nec

210 1615 324 1642 audebit
336 1615 438 1651 aliquis
451 1617 555 1645 dicere.

244 1660 377 1689 Praeterea
401 1670 463 1689 cum
481 1664 599 1692 essentia
621 1673 672 1693 nec
689 1672 812 1702 generet,
833 1677 883 1697 nec
906 1669 995 1705 spiret

209 1707 360 1734 secundum
377 1709 528 1744 theologos,
546 1711 610 1738 item
626 1713 707 1741 etiam
733 1716 885 1743 secundum
901 1713 993 1752 philo-

211 1753 322 1786 sophos,
346 1759 374 1781 et
399 1754 451 1788 ipsi
476 1756 549 1783 enim
574 1757 674 1793 ubique
697 1759 792 1787 dicunt
817 1763 992 1794 operationes

209 1797 412 1826 individuorum
431 1807 502 1833 esse,
516 1809 568 1829 non
586 1803 781 1832 nuiversalium
795 1809 823 1832 et
849 1815 990 1841 generum.

207 1843 250 1871 Me
262 1844 334 1871 enim
348 1853 401 1873 non
417 1845 499 1874 homo
517 1848 689 1884 simpliciter,
708 1851 756 1878 sed
772 1852 884 1886 quidam
909 1853 991 1881 homo

205 1890 309 1924 genuit.
343 1891 370 1918 Si
402 1893 484 1928 igitur
513 1896 689 1928 operationes
714 1897 917 1926 individuorum
935 1907 990 1927 non

207 1936 404 1965 universalium
416 1944 490 1973 sunt,
502 1948 553 1968 nec
565 1941 724 1970 substantia:
739 1943 911 1983 simpliciter,
925 1946 990 1980 quid

204 1982 277 2010 aliud
294 1983 502 2020 intelligendum
515 1992 567 2019 est,
584 1994 645 2014 cum
671 1988 790 2017 essentia
816 1990 878 2017 Filii
894 1991 988 2019 audia-

207 2037 276 2062 mus,
287 2035 314 2058 et
331 2039 364 2058 ex
379 2039 410 2059 ea
427 2032 559 2067 Spiritum
581 2034 692 2069 prodire
704 2054 711 2067 ,
728 2035 781 2063 nisi
796 2035 916 2065 divinam
930 2038 988 2073 ejus

205 2084 348 2110 personam
355 2077 367 2104 ?

237 2123 362 2159 Amplius
380 2132 431 2152 nec
451 2124 502 2153 hoc
529 2133 580 2154 nos
595 2127 688 2160 lateat,
709 2133 780 2162 quod
795 2129 842 2164 qui
868 2131 924 2158 hinc
948 2130 988 2158 di-

203 2170 301 2203 cebant
321 2171 408 2199 sancti
431 2171 568 2206 doctores,
590 2178 685 2201 contra
701 2175 826 2210 Arianos,
854 2181 881 2203 et
899 2176 987 2205 Euno-

705 139 1006 175 BESSARIONIS‘S.
1027 145 1061 178 Il.
1087 148 1119 178 E.
1139 123 1370 183 CAllDlNALlS

1799 159 1856 194 432

1027 207 1049 235 Α
1065 208 1203 240 quomodo
1222 209 1254 236 ad
1279 211 1341 243 hoc,
1364 212 1435 246 quod
1461 212 1581 242 lnrretici
1607 216 1731 245 dicebant
1747 226 1779 246 ex
1806 228 1857 246 vo—

1062 251 1178 286 luntate,
1192 263 1246 282 non
1264 258 1383 284 essentia
1404 257 1465 285 Filii
1484 259 1615 293 Spiritum
1631 270 1702 295 esse,
1719 271 1748 291 se
1763 272 1854 299 oppo-

1061 297 1164 325 nebant
1177 299 1315 332 doctores,
1330 310 1362 329 ex
1385 305 1503 332 essentia
1529 305 1589 333 Filii
1610 307 1685 334 illum
1701 316 1762 337 esse
1774 318 1853 337 asse-

1061 348 1213 373 verantes:
1242 346 1276 373 ad
1305 347 1357 375 hoc
1383 354 1485 382 autem,
1511 352 1582 385 quod
1603 353 1640 380 illi
1660 354 1790 382 dicebant
1816 364 1851 383 ex

1060 390 1129 419 Filio
1145 400 1217 424 esse.
1234 394 1327 422 nullus
1343 397 1528 430 contradixit,
1551 407 1601 426 nec
1612 400 1690 428 dixit
1706 409 1759 428 non
1785 410 1851 430 esse

1060 436 1136 465 illum
1148 447 1179 465 ex
1192 439 1271 472 Filio,
1282 445 1410 476 tanquam
1421 447 1448 470 et
1460 444 1510 478 ipsi
1527 445 1578 472 hoc
1595 446 1666 473 idem
1679 448 1847 482 sentientes,

1059 489 1085 511 et
1100 484 1223 512 dicentes
1238 493 1299 513 esse
1314 494 1347 514 ex
1367 489 1486 515 essentia
1501 489 1578 518 Filii:
1605 490 1676 518 idem
1691 497 1719 519 et
1734 492 1786 526 ipsi
1804 494 1850 520 in-

1060 530 1231 565 telligentes,
1247 539 1278 559 ac
1302 532 1323 559 si
1341 533 1463 561 dicerent
1483 542 1514 561 ex
1540 535 1658 564 essentia
1674 542 1701 564 et
1727 545 1849 572 persona

1057 577 1116 611 ejus
1130 585 1137 609 ;
1151 581 1179 604 et
1193 585 1243 604 nos
1262 578 1314 605 hoc
1334 578 1405 606 idem
1423 580 1558 610 dicentes.

1094 622 1157 650 Item
1184 624 1280 652 beatus
1305 626 1416 660 quidem
1451 628 1567 656 Basilius
1589 630 1615 657 iu
1637 630 1727 665 primo
1748 637 1846 659 contra

1057 669 1233 703 Eunomium,
1261 671 1357 698 Filium
1374 672 1412 698 ait
1429 673 1553 702 ordinem
1570 674 1671 703 habere
1689 677 1845 704 naturalem

1056 714 1088 740 ad
1103 714 1222 748 Patroni,
1240 720 1262 742 et
1279 717 1387 750 qualem
1413 719 1477 746 illud
1494 720 1526 747 ad
1545 721 1645 756 ignem,
1663 722 1735 756 quod
1761 731 1794 750 ex
1810 730 1845 750 eo

1055 765 1107 793 est,
1121 765 1149 787 et
1163 766 1304 789 causatum
1326 764 1358 790 ad
1374 772 1495 793 causam.
1513 765 1584 794 Idem
1607 769 1689 795 etiam
1707 769 1842 804 Spiritum

1056 806 1172 833 similent
1189 807 1313 835 ordinem
1331 809 1364 836 ad
1374 810 1473 838 Filium
1490 812 1591 839 [rabere
1608 821 1767 847 asseverat;
1785 823 1844 842 ma-

1055 859 1124 886 gnus
1135 860 1198 879 vero
1211 853 1375 882 Athanasius
1387 860 1414 882 et
1434 857 1556 891 apertius
1573 858 1621 890 ait,
1638 859 1750 892 Qualem
1768 861 1844 888 ordi-

1053 905 1115 924 nem
1136 904 1164 926 et
1198 904 1323 928 naturam
1350 901 1432 930 habet
1452 904 1536 931 Filius
1557 905 1590 932 ad
1612 906 1730 939 Patrem,
1758 909 1842 935 talem

1055 944 1191 977 ordinem,
1205 951 1232 973 et
1248 951 1373 975 naturam
1392 949 1475 977 habet
1494 951 1614 986 Spiritus
1631 953 1664 979 ad
1680 953 1789 982 Filium.
1803 955 1843 982 Ex

1054 990 1096 1018 his
1111 991 1172 1019 talis
1196 992 1225 1020 tit
1241 993 1422 1029 syllogismus,
1435 997 1513 1023 talem
1528 997 1652 1025 ordinem
1669 1004 1696 1026 et
1714 1005 1841 1028 naturam

1054 1035 1137 1064 habet
1155 1037 1274 1072 Spiritus
1301 1040 1335 1067 ad
1367 1040 1465 1068 Filium
1481 1062 1488 1075 ,
1506 1043 1614 1076 qualem
1633 1043 1718 1072 Filius
1739 1046 1772 1073 ad
1790 1046 1843 1073 Pa-

1054 1087 1142 1112 trem:
1167 1084 1214 1111 sed
1238 1085 1323 1113 Filius
1356 1087 1388 1114 ad
1420 1087 1527 1116 Patrem
1544 1091 1694 1118 naturalem
1713 1093 1840 1120 ordinem

1053 1127 1157 1161 habet,
1185 1130 1294 1163 qualem
1316 1136 1457 1159 causatum
1484 1133 1517 1160 ad
1541 1141 1670 1168 causam;
1702 1137 1785 1171 igitur
1812 1142 1842 1164 et

1052 1173 1172 1207 Spiritus
1182 1180 1293 1203 sanctus
1319 1178 1468 1206 naturalem
1487 1180 1612 1207 ordinem
1629 1181 1711 1209 habet
1733 1184 1766 1210 ad
1793 1184 1840 1210 Fi-

1050 1219 1128 1251 lium,
1142 1221 1249 1255 qualem
1275 1227 1418 1250 causatum
1442 1224 1474 1250 ad
1493 1232 1621 1259 causam;
1641 1227 1725 1262 igitur
1750 1229 1840 1256 Filius

1049 1265 1131 1293 etiam
1145 1273 1226 1295 causa
1240 1267 1298 1295 sive
1332 1269 1499 1304 principium
1519 1277 1560 1298 est
1575 1279 1699 1307 personae
1719 1274 1840 1310 Spiritus

1049 1311 1149 1339 sancti.

1085 1355 1150 1383 Item
1168 1364 1229 1384 cum
1244 1360 1415 1388 naturalibus
1429 1361 1512 1390 rebus
1530 1363 1620 1391 omnis
1636 1371 1717 1392 causa
1733 1373 1837 1400 prmec-

1049 1400 1096 1428 dat
1105 1407 1245 1431 causalum
1261 1409 1395 1440 tempore,
1409 1413 1550 1436 causatnm
1571 1417 1635 1438 vero
1652 1411 1788 1445 posterius
1801 1413 1837 1439 sit

1048 1454 1097 1474 sua
1135 1456 1233 1483 causa;
1268 1450 1328 1479 ideo
1358 1453 1469 1488 quidam
1498 1456 1644 1485 audientes
1670 1466 1782 1486 causam
1808 1465 1836 1486 et

1048 1496 1375 1531 causatumiuTrinitate.
1389 1504 1417 1527 et
1433 1503 1582 1535 prmsnrtim
1602 1504 1694 1531 Ariani
1706 1506 1836 1533 etEuno-

1048 1541 1130 1567 miani
1144 1549 1177 1568 ex
1192 1542 1320 1571 humanis
1344 1549 1370 1571 et
1391 1548 1561 1576 naturalibus
1583 1551 1715 1585 exemplis
1735 1559 1835 1587 argue-

1048 1586 1114 1613 bant
1132 1593 1225 1615 contra
1243 1591 1457 1619 comternitatem
1484 1593 1625 1623 Trinitatis
1637 1616 1644 1628 ,
1663 1597 1760 1624 Filiqu
1772 1586 1835 1632 ipo-

1047 1630 1188 1658 steriorem
1219 1633 1299 1660 Patre
1331 1639 1457 1670 tanquam
1488 1644 1628 1666 causatum
1662 1641 1697 1668 ab
1730 1649 1774 1674 eo,
1806 1647 1834 1670 et

1047 1675 1179 1710 Spiritum
1197 1678 1264 1705 Filio
1285 1682 1464 1713 posteriorem
1491 1689 1618 1718 tanquam
1630 1692 1774 1715 causaturn
1797 1689 1833 1716 ab

1045 1729 1078 1749 eo
1105 1723 1220 1756 probare
1235 1725 1367 1754 volentes.
1386 1727 1518 1762 Egregius
1542 1731 1684 1766 Nyssenus
1705 1734 1745 1761 eis
1767 1743 1834 1762 con-

1045 1767 1202 1801 tradicens,
1230 1775 1258 1797 et
1288 1773 1502 1801 eoreternitatem
1541 1777 1623 1804 trium
1649 1786 1831 1813 personarum

1043 1812 1160 1847 probare
1173 1822 1329 1849 proponens
1349 1817 1375 1844 in
1388 1819 1477 1852 primo
1491 1828 1603 1848 suorum
1626 1812 1721 1850 contra
1734 1824 1830 1852 Euno-

1044 1858 1128 1885 mium
1143 1858 1287 1892 librorum.
1314 1863 1517 1896 proportionem
1534 1867 1679 1900 quamdam
1705 1867 1765 1895 Filii
1795 1869 1829 1897 ad

1043 1905 1150 1933 Patrem
1163 1911 1191 1934 et
1207 1907 1327 1942 Spiritus
1338 1909 1370 1936 ad
1391 1910 1489 1938 Filium
1508 1911 1580 1946 facit,
1597 1914 1703 1941 Patrem
1715 1916 1828 1950 quidem

1042 1950 1138 1978 dicens
1158 1953 1327 1980 causalitatis
1341 1955 1446 1983 ratione
1473 1957 1561 1984 solum
1574 1959 1745 1996 prmiutelligi
1761 1967 1828 1989 ante

1043 1996 1152 2031 Filium,
1181 2005 1235 2025 non
1258 2004 1349 2027 autem
1373 2005 1506 2036 tempore,
1527 2007 1554 2030 ct
1579 2003 1641 2031 ideo
1664 2012 1717 2032 non
1746 2014 1827 2040 posse

1041 2043 1129 2077 sequi,
1147 2044 1220 2078 quod
1238 2052 1292 2072 non
1320 2045 1374 2073 sint
1396 2048 1535 2081 eoa-terni,
1560 2049 1659 2077 Filium
1685 2057 1777 2079 autem
1799 2058 1827 2081 et

1042 2097 1131 2122 ipsum
1158 2091 1331 2126 prasintelligi
1353 2097 1416 2120 ante
1436 2094 1568 2128 Spiritum
1586 2096 1691 2125 ratione
1708 2100 1825 2126 causali-

1042 2135 1114 2167 tatis,
1132 2141 1161 2162 et
1176 2144 1229 2162 non
1244 2137 1334 2164 aliter.
1354 2137 1392 2165 lta
1415 2143 1445 2165 ut
1469 2140 1544 2168 clare
1568 2147 1660 2176 pateat
1683 2151 1733 2178 per
1750 2145 1825 2173 hunc

1040 2186 1165 2208 sanctum
1191 2181 1331 2210 doctorem
1352 2182 1451 2211 Filium
1475 2193 1583 2214 causam
1602 2195 1663 2215 esse
1693 2188 1824 2224 Spiritus.

203 2215 311 2243 mianos
325 2223 355 2243 se
364 2223 536 2251 opponentes
549 2218 606 2246 haec
623 2219 761 2248 dicebant.
779 2221 829 2254 Qui
842 2222 941 2250 Filium
953 2231 985 2250 ex
1004 2235 1025 2262 υ
1039 2225 1275 2259 Quemadmodum
1302 2230 1386 2262 enim,
1413 2230 1517 2266 inquit,
1545 2233 1720 2270 conjungitur
1749 2236 1824 2265 Patri

201 2261 292 2293 Patre,
312 2266 340 2289 et
355 2261 489 2297 Spiritum
504 2272 535 2291 ex
553 2265 622 2293 Filio
642 2274 702 2294 esse
722 2267 856 2299 dicentes,
871 2276 903 2295 ex
921 2269 986 2296 sub-

200 2307 300 2334 stantia
318 2311 409 2335 tamen
423 2317 518 2337 eorum
539 2318 599 2338 esse
614 2312 768 2347 negabant;
786 2321 848 2340 cum
863 2313 987 2341 dicerent

201 2353 301 2381 Filium
319 2353 372 2381 etsi
396 2362 429 2382 ex
445 2355 535 2388 Patre,
553 2364 607 2383 non
624 2361 714 2384 tamen
732 2366 764 2385 ex
781 2359 841 2393 ejus
856 2361 984 2393 essentia,

202 2399 260 2427 sive
275 2406 385 2434 natura,
403 2402 451 2429 sed
471 2403 613 2430 voluntate
627 2408 721 2430 natum
743 2404 836 2432 fuisse.
853 2405 985 2440 Spiritum

200 2454 266 2474 vero
280 2447 370 2482 ipsum
386 2449 469 2476 etiam
481 2456 513 2475 ex
524 2448 602 2482 Filio,
617 2457 672 2476 non
687 2454 777 2477 tamen
793 2452 985 2486 essentialiter,

200 2493 258 2520 sive
274 2494 446 2527 naturaliter,
461 2494 508 2522 sed
522 2495 687 2522 voluntarie.
707 2495 798 2529 Quare
819 2498 917 2525 Filium
934 2498 985 2525 mi-

199 2546 294 2566 norem
308 2538 398 2572 Patre,
417 2545 445 2568 et
460 2540 573 2567 alterius
593 2541 752 2569 substantiae
764 2561 771 2573 ,
787 2542 917 2577 Spiritum
934 2545 985 2572 mi—

201 2593 295 2612 norem
327 2585 417 2618 Filio,
449 2590 477 2613 et
504 2586 616 2614 alterius
649 2587 777 2615 essentia:
803 2589 981 2617 asserebant:

198 2636 310 2666 tresque
332 2632 359 2660 in
388 2632 532 2659 divinitate
560 2633 699 2668 ponebant
725 2635 871 2663 essentias.
889 2637 983 2663 Patres

198 2678 283 2711 igitur
305 2683 333 2706 et
356 2679 443 2706 sancti
471 2679 600 2707 doctores
620 2680 776 2715 opinionem
798 2689 892 2709 eorum
925 2688 984 2710 tart-

198 2731 279 2758 quam
303 2724 397 2752 falsam
418 2724 574 2754 refelleutcs
598 2735 651 2753 non
669 2735 702 2754 ex
725 2727 793 2755 Filio
813 2728 916 2761 solum,
934 2730 982 2756 sed

196 2779 230 2797 rx
247 2771 307 2805 ejus
331 2771 482 2799 substantia
502 2773 671 2800 conabantur
696 2773 829 2808 Spiritum
857 2781 979 2802 sanctum

196 2823 260 2843 esse
273 2817 400 2852 probare.
415 2818 548 2846 Similiter
558 2818 656 2846 Filium
668 2827 723 2846 non
737 2827 768 2846 cx
786 2819 866 2847 Patre
881 2821 980 2852 solutn,

196 2869 291 2890 vcrum
315 2863 398 2892 etiam
427 2873 459 2894 ex
494 2865 553 2901 ejus
578 2866 707 2896 essentia.
730 2866 878 2895 Considera
901 2874 976 2902 ergo,

1039 2271 1136 2305 Filius,
1155 2273 1191 2300 ita
1204 2278 1232 2301 et
1250 2274 1368 2308 Spiritus
1385 2277 1561 2313 coujungitnr
1574 2279 1662 2308 Filio:
1677 2286 1705 2309 et
1716 2290 1822 2317 rursus,

1039 2318 1270 2351 quemadmodum
1287 2319 1367 2347 Pater
1386 2322 1601 2358 prmintelligitur
1624 2330 1687 2353 ante
1711 2326 1821 2359 Filium,

1039 2371 1092 2390 non
1118 2364 1208 2399 aliqua
1233 2367 1376 2401 temporali
1401 2368 1539 2401 distantia,
1564 2378 1615 2396 nec
1630 2371 1751 2405 realiter,
1774 2373 1822 2401 sed

1038 2409 1200 2443 intentione,
1211 2411 1316 2439 ratione
1334 2414 1501 2442 causalitatis
1514 2422 1521 2441 :
1534 2416 1570 2443 ita
1586 2421 1613 2444 et
1625 2416 1711 2445 Filius
1726 2419 1823 2453 prmiu-

1039 2455 1171 2490 telligitur
1181 2461 1244 2485 ante
1259 2457 1392 2493 Spiritutn
1412 2460 1539 2489 similiter
1550 2462 1702 2492 intentione
1716 2467 1823 2495 ratione

1037 2508 1067 2527 ea
1073 2501 1216 2530 usalitatis.

1072 2546 1138 2574 Item
1166 2548 1217 2575 etsi
1242 2548 1268 2575 in
1299 2549 1382 2577 rebus
1408 2550 1537 2580 humanis
1563 2555 1743 2584 sensibilibus
1766 2565 1820 2585 non

1037 2598 1119 2619 omne
1131 2594 1272 2628 exemplar
1289 2595 1406 2631 alicujus
1420 2605 1502 2625 causa
1528 2599 1611 2627 etiam
1626 2601 1686 2636 ejus
1702 2608 1742 2630 est
1756 2612 1763 2636 ;
1792 2604 1819 2631 in

1037 2637 1191 2666 artiﬁcialis
1205 2640 1278 2666 enim
1296 2643 1421 2676 exempla
1437 2651 1533 2671 eorum
1560 2653 1615 2673 non
1645 2652 1710 2674 sunt
1736 2650 1819 2676 etiam

1036 2683 1164 2710 ctl'ective
1181 2691 1262 2712 causa
1289 2694 1403 2721 eorum;
1427 2694 1546 2717 attamen
1561 2693 1633 2725 quod
1659 2695 1821 2722 naturaliter

1036 2734 1078 2756 est
1095 2731 1212 2765 alicujus
1232 2733 1382 2768 exemplar,
1398 2736 1486 2762 ctiam-
1499 2737 1526 2763 in
1545 2737 1611 2772 ipsis
1626 2740 1708 2767 rebus
1725 2741 1820 2769 huma-

1037 2776 1079 2802 nis
1093 2784 1174 2804 causa
1194 2784 1233 2804 cst
1250 2779 1387 2814 imaginis,
1403 2782 1480 2816 cujus
1496 2785 1637 2819 exemplar
1649 2791 1708 2819 est;
1733 2789 1819 2815 multo

1037 2820 1121 2855 igitur
1150 2823 1236 2857 magis
1267 2824 1292 2850 in
1323 2825 1435 2860 divinis,
1465 2829 1510 2856 ubi
1527 2834 1555 2857 et
1581 2831 1672 2858 omnia
1701 2832 1764 2864 alia,
1792 2839 1819 2861 et

1036 2868 1125 2904 ipsum
1142 2871 1281 2906 exemplar
1309 2874 1471 2904 naturaliter
1497 2876 1632 2912 accipitur
1645 2878 1725 2913 (nihil
1745 2881 1816 2909 enim
