1920 3063
100 150 156 184 433

563 150 612 182 DE
634 151 896 184 PROCESSIONE
920 154 1099 186 SPIRITUS
1120 156 1265 187 SANCTI.

1676 154 1730 187 434

99 207 138 235 ibi
156 211 254 242 prmter
267 211 392 234 naturam
408 206 461 242 est)
477 206 535 234 hate
548 208 701 242 propositio
717 209 886 242 veriﬁcalur,
903 213 924 240 A
940 211 1056 239 Arianos
1075 217 1232 247 qumrtmtes
1245 211 1384 247 quomodo
1404 211 1525 247 ejusdem
1549 216 1619 238 esset
1636 219 1728 238 esseu-

99 253 232 281 videlicct
246 253 318 288 quod
345 253 372 280 iu
402 253 504 281 divinis
522 255 647 288 personis
663 255 780 290 alicujus
795 263 887 283 exem-

99 300 160 335 plar
173 293 229 331 est,
241 304 268 327 et
284 307 367 327 causa
387 300 446 335 ejus
465 305 508 327 est
529 301 608 334 cujus
625 306 668 328 est
689 301 839 337 exemplar.
855 303 888 328 At

101 346 148 373 ille
162 354 274 381 magnus
284 346 432 381 Gregorius
450 346 646 373 miraculorum
660 351 767 379 auctor,
781 351 809 374 ct
825 347 888 374 inde

101 392 270 424 nominatus,
290 392 387 419 Filium
411 392 550 427 exemplar
574 392 694 426 Spiritus
719 393 796 420 dicit.
812 393 890 420 Patet

102 437 186 473 igitur
206 437 278 472 quod
293 437 376 464 etiam
390 445 500 464 causam
522 437 581 471 ejus
606 438 730 472 putabat.
745 438 800 465 lloc
815 439 888 466 idem

102 492 117 511 a
142 483 225 511 simili
256 483 366 518 probari
398 488 499 518 potest.
533 483 645 519 Magnus
674 484 747 511 enini
774 484 889 511 Basilius

101 529 242 564 exemplar
259 528 319 556 Filii
335 529 441 557 Patrem
467 529 546 564 ponit
570 529 597 556 in
611 533 710 564 quarto
723 535 817 557 contra
835 530 888 557 Eu-

102 576 240 609 nominm;
253 575 404 610 Gregorius
424 583 488 602 vero
507 575 655 610 praedictus
675 576 812 608 oratione,
828 583 890 611 qute

103 622 210 656 incipit,
230 621 324 649 Hostes
349 627 372 648 et
401 622 482 649 alieni
504 630 520 648 α
537 621 666 648 catholica
682 621 733 655 [ide
748 626 819 653 sunt,
844 622 889 656 qui

103 665 206 694 Filium
221 675 252 694 ea:
264 675 314 694 non
330 670 388 694 ante
401 667 500 699 dirum,
510 667 608 694 Filium
623 668 761 702 exemplar
770 668 890 702 Spiritus

102 713 195 740 docet.
213 714 247 740 At
277 713 394 741 Basilius
412 713 520 741 Patrem
546 719 675 748 tauquam
697 722 806 741 causanti
830 713 890 741 Filii

101 760 163 794 ejus
179 760 317 795 exemplar
330 760 422 795 ponit;
440 760 522 795 igitur
536 760 685 795 Gregorius
694 760 775 787 etiam
792 760 890 787 Filium

103 811 232 840 tauquam
249 813 357 833 causam
373 805 491 840 Spiritus
505 805 564 840 ejus
583 806 723 840 exemplar
738 811 887 833 asseicrat.

142 851 209 878 Item
225 856 338 879 sanctus
357 851 489 883 Basilius,
506 856 534 878 et
550 851 663 886 plurimi
691 851 737 878 alii
763 851 891 879 doctores

103 895 203 924 Filium
217 897 362 932 imaginem
378 896 478 929 Patris,
498 896 633 931 Spiritum
656 897 801 930 imaginem
827 896 889 924 Filii

103 944 209 970 dicunt.
223 943 320 970 Filium
339 943 402 970 item
427 943 615 976 operationem
639 942 737 975 Patris,
756 942 889 977 Spiritum

104 990 291 1024 operationem
319 988 397 1021 Filii;
414 988 512 1016 Filium
538 989 652 1016 verbum
680 989 889 1023 Patris,Spiri~

105 1039 164 1061 tum
188 1033 303 1061 verbum
333 1032 414 1066 Filii;
443 1033 542 1060 Filiunt
579 1033 754 1068 fragrantiam
789 1033 890 1066 Patris,

106 1079 241 1114 Spiritum
267 1079 444 1114 fragrantiam
480 1078 553 1106 Filii.
582 1078 635 1106 Sed
666 1079 818 1106 secundum
845 1079 889 1106 illa

105 1125 200 1152 omnia
211 1123 312 1152 dicitur
322 1124 408 1152 Filius
420 1132 481 1152 esse
493 1124 582 1152 Patris
598 1129 726 1159 tanquam
742 1132 774 1151 ex
790 1124 868 1151 Patre
881 1133 888 1157 ;

107 1173 190 1207 igitur
205 1177 233 1199 et
248 1172 368 1207 Spiritus
383 1177 495 1210 sanctus
509 1171 659 1199 secundum
678 1170 772 1198 eadem
789 1170 890 1198 dicitur

105 1226 166 1246 esse
180 1218 240 1245 Filii
258 1222 386 1252 tanquam
401 1226 433 1245 ex
445 1217 524 1244 Filio.

143 1265 208 1292 Item
225 1265 248 1292 si
266 1264 383 1300 Spiritus
397 1273 452 1292 non
469 1270 543 1292 esset
557 1272 590 1292 ex
607 1264 676 1291 Filio
687 1284 695 1297 ,
717 1272 770 1291 non
794 1264 892 1292 distiu—

106 1315 238 1344 gueretur
251 1310 284 1337 ab
312 1318 345 1338 eo
366 1311 549 1346 personaliter
564 1319 572 1338 :
585 1310 657 1345 quod
674 1318 736 1338 cum
750 1310 848 1338 falsum
864 1314 892 1338 et

107 1357 257 1384 absurdum
273 1357 319 1390 sit,
335 1361 429 1389 restat,
445 1362 476 1385 ut
495 1365 528 1385 ex
545 1356 614 1384 Filio
632 1357 678 1384 sit.
694 1356 772 1390 Quod
801 1361 892 1384 autem

87 1421 90 1423 μ
109 1412 163 1430 non
179 1403 394 1438 distingueretur
409 1403 443 1431 ab
460 1411 493 1431 eo
512 1403 702 1438 personaliter,
718 1403 741 1430 si
754 1411 807 1430 non
820 1409 894 1431 esset

107 1458 141 1477 ex
155 1457 199 1484 eo,
227 1449 292 1477 hinc
307 1453 392 1484 patet.
422 1450 599 1484 Unaquaeque
625 1457 708 1477 causa
726 1450 767 1477 vel
792 1450 894 1485 princi-

110 1497 183 1530 pium
210 1496 326 1532 alicujus
348 1496 388 1523 rei
416 1496 564 1531 dupliciter
597 1496 698 1524 dicitur
729 1496 894 1531 principium

107 1544 169 1577 ejus
190 1547 218 1570 et
234 1550 335 1575 causa;
362 1549 417 1569 uno
434 1541 521 1569 modo
549 1546 578 1568 ut
591 1541 681 1576 quod,
696 1541 751 1568 alio
769 1545 798 1568 ut
826 1548 891 1576 quo,

110 1593 172 1623 puta
193 1588 289 1620 forma,
302 1596 362 1623 quae
375 1592 417 1615 est
441 1588 469 1615 in
483 1587 576 1614 anima
597 1587 734 1619 facientis,
750 1595 804 1622 qua
820 1587 894 1614 simi-

109 1635 162 1662 lcui
176 1634 240 1662 facit
255 1634 381 1661 eﬂ‘ectum
396 1633 422 1660 id
434 1633 506 1668 quod
526 1633 602 1660 facit.
617 1633 707 1666 Quare
717 1640 798 1660 omne
811 1640 894 1667 agens

109 1681 197 1708 simile
209 1680 260 1707 sibi
270 1680 325 1715 agit
338 1679 488 1707 secundum
504 1679 630 1712 formam,
644 1686 706 1713 quae
721 1678 793 1713 agit;
814 1678 892 1705 verbi

109 1729 195 1760 gratia
210 1735 217 1753 :
231 1726 312 1761 hujus
328 1725 455 1760 imaginis
467 1733 547 1752 causa
560 1729 602 1752 est
616 1729 643 1752 et
658 1724 717 1759 ipse
729 1724 818 1759 pictor
835 1729 895 1752 tan-

110 1781 191 1808 quam
215 1772 298 1807 quod,
317 1776 345 1799 et
367 1771 453 1798 forma
477 1771 590 1802 pictoris
616 1775 743 1805 tanquam
759 1778 824 1805 quo,
848 1771 892 1798 cui

109 1818 227 1846 similem
244 1817 331 1852 pictor
353 1817 418 1844 facit
433 1816 591 1851 imaginem.
606 1815 694 1843 Simili
711 1816 792 1843 modo
810 1816 893 1843 etiam

109 1865 137 1891 in
161 1863 262 1891 divinis
287 1861 412 1897 personis
431 1862 511 1889 Pater
534 1861 664 1896 quidem,
694 1861 746 1888 hoc
767 1865 810 1888 est
834 1861 894 1894 ejus

109 1911 203 1939 divina
218 1916 344 1944 persona,
356 1915 438 1936 causa
454 1911 582 1942 tanquam
605 1907 677 1941 quod
692 1915 698 1939 ;
714 1906 806 1934 divina
829 1914 894 1934 vero

109 1957 168 1992 ejus
181 1956 300 1983 essentia
318 1959 447 1989 tanquam
467 1960 539 1988 quo:
567 1953 626 1979 haec
645 1952 718 1980 enim
736 1956 778 1979 est
794 1951 892 1984 forma,

108 2003 154 2031 cui
170 2002 269 2030 similia
285 2000 354 2028 ﬁunt
368 2008 429 2035 qua:
440 2008 474 2028 ex
496 2007 530 2026 eo
546 1999 693 2034 prodeunt.
706 1998 796 2032 Quare
809 1997 894 2025 Filius

109 2056 219 2084 quoque
244 2052 272 2075 et
300 2046 420 2082 Spiritus
450 2050 561 2073 sanctus
585 2043 838 2072 eonsubstautiales
868 2043 893 2070 ei

109 2100 184 2128 sunt,
198 2103 231 2122 eo
247 2094 318 2130 quod
330 2101 411 2121 omne
423 2092 534 2128 quidem
558 2091 714 2127 producens
729 2091 818 2118 simile
833 2097 894 2125 pro-

110 2142 185 2170 ducit
207 2141 300 2168 formae
321 2148 374 2175 qua
396 2139 535 2174 producit.
564 2138 636 2165 Deus
666 2145 732 2165 vero
762 2141 791 2164 et
814 2136 894 2164 Pater

110 2187 240 2223 producit
268 2186 365 2213 Filium
390 2190 417 2212 et
439 2184 573 2220 Spiritum
597 2184 689 2211 divina
708 2182 844 2214 essentia,
868 2187 895 2209 et

913 277 916 280 ~
942 259 994 290 IIiD,
1011 259 1057 292 qui
1080 259 1174 290 mittit,
1191 263 1218 286 et
1232 258 1278 293 qui
1302 258 1432 291 mittitur,
1452 258 1478 284 in
1496 257 1632 284 tricesima
1657 264 1728 284 non)

940 305 1052 332 humilia
1078 313 1162 339 super
1184 303 1317 331 Joannem
1350 303 1402 330 hoc
1435 303 1515 330 modo
1540 302 1727 336 respondens:

941 352 1045 378 Rut‘stxs
1061 351 1094 377 ad
1108 359 1151 378 res
1166 350 1300 377 humanas
1315 356 1457 376 sermones
1471 352 1531 374 tuos
1543 347 1666 380 adeptas,
1679 354 1729 373 nec

940 396 1101 424 consideras
1125 396 1197 430 quod
1228 397 1284 423 haec
1313 395 1375 422 ideo
1401 394 1472 421 dicta
1495 398 1570 425 sunt,
1589 398 1618 420 ut
1645 393 1727 420 etiam

940 450 1048 470 causam
1062 442 1192 473 sciamus,
1208 446 1234 468 et
1248 449 1302 468 non
1319 440 1474 468 incidamus
1495 441 1522 467 in
1540 439 1650 466 Sabellii
1674 440 1728 466 ha:—

941 489 1044 521 resim;
1073 487 1121 515 sed
1152 486 1271 521 Spiritus
1302 485 1421 513 mittitur
1443 493 1476 512 ex
1494 484 1582 518 Filio;
1598 484 1679 519 igitur
1695 492 1727 510 cx

940 541 973 561 ΕΟ
989 538 1040 561 est.

976 579 1043 606 Item
1066 580 1116 606 ista
1131 578 1258 606 mittendi
1276 577 1399 613 potentia
1415 585 1477 605 cum
1491 576 1526 604 sit
1543 580 1570 603 et
1593 576 1620 602 in
1638 575 1727 606 i‘atre,

941 630 967 653 et
979 626 1005 651 in
1026 624 1096 652 Filio
1107 624 1258 651 secundum
1275 632 1357 658 quam
1370 623 1450 650 ambo
1466 623 1579 649 mittunt
1595 621 1727 655 Spiritum

941 676 1077 703 sanctum,
1098 678 1178 705 quam
1196 670 1277 697 etiam
1296 670 1381 696 nostri
1394 668 1560 696 concedunt.
1576 667 1726 694 aute-adem

941 721 982 744 est
999 716 1024 743 in
1050 716 1132 743 Patre
1147 720 1172 742 et
1190 713 1272 748 Filio,
1289 719 1336 741 aut
1351 714 1414 745 alia,
1436 718 1464 740 et
1481 713 1550 747 alia;
1565 712 1611 739 sed
1631 712 1652 740 εἰ
1675 712 1728 738 alia

941 766 969 789 et
999 762 1062 795 alia,
1080 762 1135 788 erit
1161 766 1188 788 et
1203 761 1288 796 major
1308 765 1336 787 ct
1357 760 1456 792 minor,
1477 765 1503 787 et
1530 763 1730 792 consequenter

942 808 1087 835 missiones
1112 807 1244 834 diversae:
1263 814 1348 841 quare
1374 814 1423 833 nec
1444 813 1496 832 una
1517 805 1649 840 potentia,
1678 811 1729 830 uec

943 862 996 881 una
1011 861 1108 881 eorum
1123 853 1246 888 operatio
1265 853 1328 881 crit.
1346 852 1377 879 Et
1392 860 1454 879 cum
1469 859 1585 886 quorum
1601 850 1729 885 potentiae

943 899 1078 932 diversae,
1106 900 1234 926 essentia:
1258 906 1368 933 quoque
1395 896 1634 925 corum'diversm
1663 897 1727 928 sint,

942 947 1056 974 alterius
1080 950 1108 973 et
1123 946 1237 973 alterius
1247 945 1371 972 essentia-
1382 949 1464 971 erunt
1478 944 1558 971 Pater
1585 949 1612 970 et
1625 942 1727 969 Filius:

942 993 989 1021 sed
1004 993 1061 1020 base
1077 992 1168 1019 omnia
1186 991 1314 1024 absurda,
1325 996 1353 1019 et
1364 996 1459 1019 contra
1473 990 1634 1018 catholicam
1648 990 1728 1016 ﬁdem

942 1045 1023 1072 sunt;
1048 1047 1102 1066 non
1135 1039 1218 1074 igitur
1237 1043 1279 1066 est
1301 1038 1355 1066 alia
1379 1041 1405 1065 ct
1422 1038 1492 1070 alia;
1514 1037 1596 1071 igitur
1621 1035 1727 1063 eadem.

943 1085 995 1113 Sed
1016 1085 1044 1112 in
1060 1084 1140 1112 Patre
1155 1084 1276 1119 potentia
1294 1083 1422 1110 mittendi
1445 1083 1576 1118 Spiritum
1602 1087 1727 1109 sanctum

941 1135 985 1159 est
1001 1130 1096 1158 eadem
1125 1138 1186 1158 cum
1213 1130 1334 1164 potentia
1365 1129 1485 1164 spirandi
1511 1128 1605 1158 illum.
1621 1136 1729 1162 semper

942 1180 1014 1206 enim
1042 1178 1128 1213 spirat
1152 1177 1232 1204 Pater
1254 1177 1386 1212 Spiritum
1410 1182 1547 1207 sanctum,
1569 1179 1594 1202 et
1620 1175 1730 1209 spirans

942 1226 1019 1252 illum
1030 1224 1122 1253 mittit.
1133 1224 1217 1260 Igitur
1234 1224 1316 1250 etiam
1332 1223 1418 1250 Filius
1430 1222 1510 1250 simul
1530 1229 1591 1248 eum
1608 1221 1729 1255 polentia

942 1270 1077 1306 spirandi,
1093 1275 1121 1297 et
1147 1270 1258 1304 spirans
1281 1269 1357 1295 illum
1378 1267 1481 1300 mittit;
1502 1274 1566 1302 ergo
1590 1270 1618 1293 et
1645 1265 1731 1292 Filius

943 1316 1031 1343 sancti
1066 1315 1185 1351 Spiritus
1205 1319 1249 1342 est
1274 1313 1465 1348 productivus.
1486 1313 1532 1339 llla
1557 1319 1621 1338 vero
1648 1318 1730 1345 quatit

944 1362 1056 1396 quidam
1088 1362 1167 1388 aiunt
1192 1360 1341 1388 secundum
1369 1364 1397 1386 et
1422 1358 1598 1393 temporalem
1620 1358 1730 1384 missio-

943 1414 1018 1439 nem,
1033 1414 1094 1433 cum
1115 1406 1184 1433 nihil
1199 1410 1251 1437 est,
1264 1410 1320 1432 tuin
1335 1404 1417 1432 etiam
1440 1411 1488 1438 per
1509 1402 1665 1438 praedictam
1678 1401 1732 1428 sol-

945 1453 1018 1480 vitur
1033 1452 1189 1479 rationem:
1215 1457 1370 1485 quanquam
1394 1449 1496 1476 etenim
1510 1455 1643 1482 nusquam
1674 1447 1731 1474 lunt:

945 1499 1094 1534 duplicitas
1122 1498 1329 1532 proeessionum
1356 1495 1525 1530 reperiatur,
1551 1499 1642 1521 tamen
1667 1493 1731 1520 dato

945 1545 1026 1573 etiam
1043 1545 1117 1580 quod
1134 1545 1167 1572 sit
1182 1544 1273 1578 aliqua
1286 1543 1405 1571 secunda
1418 1542 1522 1573 missio,
1537 1549 1596 1575 qum
1609 1547 1732 1567 commuu

945 1592 989 1619 nis
1013 1591 1049 1619 sit
1076 1591 1148 1619 Patri
1164 1596 1191 1618 et
1212 1590 1281 1618 Filio
1308 1589 1459 1616 secundum
1486 1589 1591 1615 Patrem
1609 1594 1668 1614 eam
1702 1590 1731 1613 et

945 1638 1061 1665 similent
1090 1637 1114 1664 ei
1132 1637 1252 1664 habebit.
1274 1635 1347 1662 Nihil
1363 1635 1435 1662 enitn
1457 1637 1552 1661 sortirii
1574 1640 1635 1667 qua:
1656 1639 1731 1658 com—

945 1684 1038 1711 munia
1070 1687 1135 1710 sunt
1162 1683 1234 1710 Patri
1259 1685 1287 1710 et
1313 1681 1400 1714 Filio,
1426 1680 1560 1707 dissimile
1586 1680 1613 1706 in
1645 1678 1733 1705 altero

944 1736 1038 1757 eorum
1054 1734 1106 1756 est.
1121 1729 1173 1756 Sed
1193 1729 1274 1756 Pater
1286 1726 1412 1754 mittendi
1423 1726 1572 1761 potentiam
1588 1724 1730 1751 habetuna

945 1783 1006 1803 cum
1022 1775 1144 1810 potentia
1170 1774 1291 1809 spirandi
1312 1782 1319 1801 :
1336 1773 1419 1808 igitur
1447 1777 1474 1799 et
1494 1770 1579 1798 Filius
1594 1777 1657 1797 cum
1677 1768 1731 1804 spi«

945 1821 1023 1849 randi
1039 1821 1157 1855 potentia
1172 1819 1284 1847 habebit
1304 1818 1453 1854 potentiam
1471 1817 1608 1844 mittendi.

980 1868 1046 1894 Item
1061 1866 1134 1901 quod
1147 1870 1245 1893 natura
1260 1865 1378 1899 alicujus
1400 1869 1455 1895 est,
1472 1863 1556 1891 etiam
1572 1871 1606 1890 ex
1629 1870 1662 1889 co
1677 1866 1730 1892 est,

945 1913 1096 1940 secundum
1112 1911 1185 1946 quod
1202 1910 1304 1938 dicitur
1328 1917 1390 1937 esse
1402 1908 1485 1936 .illius
1502 1915 1508 1934 :
1527 1906 1646 1941 Spiritus
1666 1913 1732 1934 vero

944 1961 1056 1985 sanctus
1076 1960 1118 1983 est
1138 1955 1211 1986 Filii,
1226 1959 1254 1981 et
1281 1958 1355 1988 patet
1368 1953 1441 1988 quod
1458 1957 1568 1983 natura.
1587 1960 1640 1978 non
1656 1952 1730 1978 enim

945 2007 1045 2038 praeter
1061 2005 1197 2033 naturam,
1215 2007 1265 2027 ncc
1282 2006 1310 2027 ut
1328 2006 1434 2026 servus.
1450 1998 1497 2025 Est
1514 1998 1597 2032 igitur
1609 1997 1730 2032 Spiritus

945 2054 1058 2078 sanctus
1085 2053 1115 2075 ut
1144 2046 1263 2081 Spiritus
1291 2050 1413 2078 sanctus,
1438 2044 1564 2071 videlicet
1579 2048 1610 2071 ut
1637 2044 1730 2070 divina

945 2103 1062 2132 persona
1078 2094 1104 2121 in
1120 2093 1253 2120 Trinitatc
1268 2100 1300 2119 ex
1316 2091 1394 2118 Filio.

975 2140 1048 2168 Item
1064 2140 1184 2175 Spiritus
1196 2142 1308 2165 sanctus
1332 2142 1373 2164 est
1388 2144 1488 2163 nomen
1510 2135 1668 2162 relativum.
1683 2135 1731 2162 Di-

946 2187 1018 2214 citur
1032 2186 1103 2212 enim
1119 2184 1237 2219 Spiritus
1254 2182 1359 2214 Patris,
1378 2182 1498 2216 Spiritus
1513 2179 1574 2208 Filii
1588 2189 1595 2211 ;
1613 2181 1634 2207 si
1652 2181 1726 2207 enim

109 2235 171 2263 ideo
185 2232 428 2261 eonsubstantialia
443 2231 495 2258 sibi
514 2229 649 2266 producit.
671 2229 699 2257 Si
715 2229 798 2264 igitur
814 2229 894 2256 Pater
910 2238 931 2265 ο
946 2226 1730 2261 essetabsolutum,noudicereturalieujus.Nullumenim

109 2281 185 2308 solus
202 2279 365 2313 produceret
387 2276 518 2311 Spiritum
541 2275 692 2303 secundum
717 2281 776 2307 eos,
796 2275 842 2309 qui
858 2274 893 2300 ita

109 2330 245 2358 asserunt,
263 2329 327 2352 tunc
343 2324 418 2350 nulla
438 2322 579 2350 distinctio
598 2326 671 2349 esset
683 2321 744 2348 Filii
759 2329 774 2348 a
790 2320 893 2355 Spiritu

109 2377 216 2404 sancto,
231 2378 292 2399 cum
310 2370 382 2397 nulla
396 2369 433 2396 sit
445 2367 707 2401 diﬂ‘erentia,neciu
724 2367 894 2402 producente

110 2418 194 2453 (idem
208 2417 282 2444 enim
294 2420 336 2444 est
350 2415 455 2449 Pater),
469 2422 520 2441 nec
532 2414 559 2441 in
574 2413 673 2447 forma,
690 2421 743 2448 qua
768 2413 896 2447 producit

110 2467 163 2501 (est
177 2466 250 2493 enim
263 2465 357 2493 eadem
378 2463 470 2491 divina
482 2462 623 2497 essentia),
639 2469 690 2489 nec
707 2461 734 2488 iu
750 2461 816 2495 ipsis
833 2468 893 2494 pro-

110 2513 209 2544 ductis,
227 2515 290 2539 sunt
304 2511 376 2538 enim
392 2509 515 2545 ejusdem
541 2508 635 2536 formae
655 2507 736 2534 unius
767 2506 895 2534 videlicet

112 2562 139 2584 et
150 2556 304 2585 communis
322 2555 490 2582 divinitatis:
508 2553 659 2588 praesertim
675 2560 737 2579 cum
755 2552 826 2578 nulla
841 2552 896 2578 illic

111 2603 225 2631 materia
240 2602 286 2635 sit,
301 2609 333 2628 ex
347 2608 399 2635 qua
415 2599 555 2627 distinctio
578 2599 666 2626 ﬁeret.
688 2598 726 2624 Ex
740 2597 840 2631 quibus
855 2604 896 2623 se-

111 2654 246 2684 queretur
268 2648 370 2674 nullam
390 2654 450 2674 esse
474 2653 569 2673 eorum
585 2644 792 2672 distinctionem
810 2643 843 2669 ad
860 2643 896 2668 iii-

111 2696 198 2722 vicetn
209 2704 215 2721 :
226 2693 403 2728 restatigitur
419 2697 466 2720 aut
478 2692 609 2726 Spiritum
626 2698 685 2718 esse
701 2689 762 2717 Filii
773 2696 895 2719 causam,

112 2745 159 2767 aut
183 2739 282 2766 Filium
307 2739 425 2773 Spiritus
439 2758 447 2768 ,
476 2737 508 2763 ad
527 2737 578 2763 hoc
596 2740 625 2762 ut
645 2735 681 2762 sit
697 2734 846 2762 distinctio.
863 2734 897 2760 At

113 2786 232 2821 primum
250 2793 301 2811 non
320 2789 372 2815 est,
388 2784 468 2817 igitur
480 2782 630 2810 secundum
644 2785 686 2808 est
701 2789 807 2808 verum.

149 2832 215 2858 Item
245 2830 314 2857 mitti
343 2830 369 2856 iu
398 2829 499 2856 divinis
524 2837 636 2856 acausa
663 2835 722 2854 esse
747 2826 896 2861 significat.

117 2878 196 2907 cuius
212 2877 289 2905 testis
315 2882 356 2904 est
376 2876 471 2904 beatus
487 2875 604 2903 Joannes
629 2874 843 2905 Chrvsostouius
864 2872 896 2899 ad

946 2277 1102 2303 absolutum
1122 2274 1274 2301 secundum
1290 2272 1364 2308 quod
1389 2272 1559 2307 signiﬁcatur
1582 2282 1596 2299 a
1620 2271 1731 2299 nomine

946 2323 1047 2350 dicitur
1062 2321 1187 2352 alterius,
1213 2319 1260 2347 sed
1285 2318 1438 2347 secundum
1455 2319 1574 2353 aliquem
1591 2319 1673 2345 alium
1690 2326 1732 2344 re-

947 2373 1072 2403 spectum
1090 2365 1341 2402 :queinadmodum
1357 2365 1438 2392 homo
1450 2385 1456 2396 ,
1476 2371 1537 2391 cum
1561 2363 1596 2390 sit
1622 2363 1732 2390 absolu-

948 2418 1016 2445 tum,
1034 2421 1087 2440 non
1103 2412 1204 2439 dicitur
1224 2412 1341 2445 alicujus
1354 2411 1446 2441 homo,
1462 2409 1509 2437 sed
1523 2408 1595 2443 quod
1623 2415 1729 2439 servus,

948 2459 990 2486 vel
1017 2457 1120 2486 Filius:
1152 2458 1199 2485 sed
1218 2457 1338 2491 Spiritus
1370 2455 1520 2482 secundum
1547 2453 1728 2487 signiﬁcatum

947 2504 1028 2539 hujus
1043 2503 1161 2530 nominis
1175 2502 1292 2537 Spiritus
1307 2501 1408 2528 dicitur
1424 2499 1543 2534 Spiritus
1552 2498 1624 2530 Filii,
1637 2506 1732 2532 queui-

947 2550 1094 2576 admudum
1113 2554 1140 2576 et
1155 2548 1251 2575 Patris.
1271 2548 1318 2574 Est
1340 2547 1422 2581 igitur
1448 2545 1608 2576 relativum,
1623 2549 1651 2571 et
1664 2551 1729 2571 eon-

947 2599 1093 2630 sequentur
1110 2594 1226 2621 refertur
1242 2593 1274 2619 ad
1294 2593 1454 2627 spirantem.
1472 2591 1520 2618 Est
1540 2591 1624 2624 igitur
1641 2590 1730 2624 Spiri-

949 2645 992 2668 tus
1019 2639 1107 2668 Patris
1135 2645 1162 2666 ct
1205 2638 1268 2665 Filii
1295 2642 1422 2672 tanquam
1451 2644 1466 2663 a
1504 2636 1673 2670 spirantibus
1701 2641 1731 2664 et

948 2685 1165 2722 producentibus
1192 2685 1280 2711 illum.
1299 2683 1378 2716 Quod
1410 2683 1432 2710 si
1466 2682 1527 2717 quis
1555 2682 1639 2714 dicat,
1668 2682 1730 2709 ideo

948 2733 1049 2760 dicitur
1078 2731 1196 2766 Spiritus
1225 2729 1297 2762 Filii,
1316 2729 1379 2763 quia
1399 2735 1431 2755 cx
1456 2735 1488 2755 eo
1517 2727 1647 2758 mittitur,
1664 2726 1731 2754 falsa

950 2778 1020 2805 ratio
1035 2782 1088 2809 est,
1104 2784 1119 2802 (ε
1135 2783 1268 2803 converso
1298 2781 1414 2808 namque
1429 2772 1493 2808 quia
1519 2773 1579 2808 ejus
1596 2776 1647 2804 est,
1668 2773 1730 2798 mit-

950 2825 1016 2851 titur
1030 2831 1061 2850 cx
1077 2830 1122 2854 ρο,
1141 2821 1231 2857 priora
1258 2821 1331 2847 enim
1353 2825 1417 2846 sunt
1437 2827 1517 2847 causa
1534 2819 1728 2854 posteriorum.

950 2870 1029 2897 Prius
1048 2873 1140 2895 autem
1159 2873 1198 2895 cst
1225 2866 1296 2901 quod
1322 2865 1440 2901 Spiritus
1463 2865 1497 2893 sit
1515 2865 1633 2899 Spiritus
1658 2863 1728 2898 Filii,
