1920 3063
197 167 249 198 435

681 168 933 199 ΒΕΞΒΑΙΠΟΝῘΒ
951 170 981 198 S.
1002 169 1036 200 Il.
1052 170 1084 201 Ε.
1107 170 1336 201 (ΣᾹΠΙΠΝᾹΙᾸε

1772 171 1827 202 436

198 223 332 258 posterius
359 231 422 250 tero
450 223 522 257 quod
548 223 672 252 mittatur
689 225 724 252 ab
751 233 794 252 eo.
813 225 877 252 Sive
910 225 983 251 enim
1000 223 1079 256 Aei‘;
1112 224 1159 251 sed
1181 225 1269 260 ipsum
1295 224 1361 252 dare
1378 225 1404 252 in
1423 224 1523 253 divinis
1546 226 1672 261 personis
1690 227 1831 262 signitiCat

197 270 276 296 istaut
299 273 502 304 tetnporaneam
524 270 681 297 missionem
699 271 774 298 dicas
790 271 938 306 posterior,
957 275 984 297 et

197 317 300 350 absque
316 315 399 342 dubio
415 324 571 350 quanquam
598 317 633 343 sit
649 317 707 352 ejus
733 317 870 352 Spiritus:
899 317 985 351 siqui-

197 363 258 390 dem
276 363 327 390 hoc
339 367 471 390 zetcrnum
493 368 534 390 est
552 371 631 396 ;Stve
658 369 791 391 :eternam
821 364 983 391 missionem

197 409 344 443 intelligas,
360 409 412 436 hoc
433 409 516 436 etiam
539 409 619 436 modo
644 414 736 437 mente
753 409 983 445 praeintclligitur,

197 454 269 488 quod
287 454 408 489 Spiritus
424 455 459 481 sit
476 455 597 489 Spiritus
611 454 673 482 Filii
688 464 694 482 ε
709 455 775 490 quia
790 463 850 483 esse
871 455 982 490 quidem

197 500 329 534 Spiritum
347 499 408 527 Filii
431 500 564 534 Spiritum
594 501 749 536 intelligere
772 505 802 528 ut
825 501 938 534 habere,
957 507 984 528 et

197 546 305 572 mittere
321 554 386 573 vero
398 550 428 573 ut
443 546 525 580 dare;
542 547 643 574 habere
656 553 746 574 autent
765 548 984 582 prmintelligitur

197 592 275 625 prius
289 599 369 624 quam
387 591 462 618 dare.
477 591 567 626 Quare
582 600 632 627 pro
643 593 723 620 nobis
741 592 798 620 haec
820 593 888 620 ratio
909 593 984 622 facit.

196 636 264 669 Quia
279 637 352 663 enim
370 642 466 664 natura
494 642 536 664 est
555 638 614 672 ejus
640 638 769 671 Spiritus,
793 643 890 666 natura
907 639 984 666 illum

198 681 281 710 mittil
296 689 303 709 :
321 683 461 716 processio
476 691 541 710 vero
554 684 687 711 naturalis
701 684 727 711 in
745 684 846 712 divinis
860 693 920 711 cum
938 689 985 712 aut

196 735 246 762 per
267 729 490 762 generationem.
515 734 560 756 aut
582 737 630 763 per
657 730 834 763 spiratiouem
863 731 907 763 sit,
928 731 985 758 haec

197 776 289 797 autem
307 779 360 798 non
376 772 411 798 sit
429 780 477 807 per
492 773 710 807 generationem,
731 774 898 809 relinquitur
911 775 983 809 quod

199 821 241 844 est
254 825 302 852 per
318 818 509 852 spirationcm.
525 819 616 847 Missio
632 820 716 856 igitur
729 828 762 848 ex
779 821 847 848 Filio
867 821 986 856 Spiritus

196 869 237 891 est
247 864 307 899 ejus
319 864 354 891 ab
373 873 406 892 eo
417 865 546 900 spiratio.

1037 269 1109 296 idem
1133 270 1204 303 quod
1222 270 1384 304 producere.
1402 270 1614 305 Chrysostomus
1639 273 1740 299 etenim
1758 273 1828 300 illud

1036 315 1221 349 evangelicum
1237 323 1397 350 exponens:
1417 315 1499 343 Omne
1515 316 1644 350 judicium
1659 318 1729 344 dedit
1747 318 1828 350 Filio,

1036 360 1090 387 ait:
1107 361 1140 387 Et
1156 365 1185 387 ut
1199 360 1298 392 discas,
1312 361 1384 396 quod
1410 361 1486 388 dedit
1503 362 1575 397 idem
1598 369 1659 389 esse
1677 367 1761 398 atque
1783 371 1830 398 ge-

1036 406 1153 438 neravit,
1168 406 1231 433 audi
1247 406 1314 433 alias
1331 407 1521 440 auctoritates,
1541 415 1574 434 ex
1592 406 1693 442 quibus
1715 409 1766 436 hoc
1788 409 1828 436 si—

1037 451 1147 486 gnificat
1162 461 1169 479 :
1184 452 1409 484 Quemadmodum
1425 454 1497 481 enim
1518 453 1601 481 l’atcr
1614 455 1690 481 habet
1701 456 1781 482 vitam
1798 456 1829 482 in

1035 499 1182 531 semetipso,
1198 499 1237 526 ita
1260 499 1330 525 dedit
1346 499 1414 526 Filio
1424 500 1505 526 vitam
1521 501 1615 527 habere
1630 502 1656 528 in
1676 503 1828 536 semetipso.

1035 544 1105 577 Quld
1122 545 1205 579 igitur
1220 546 1308 580 primo
1317 545 1412 580 genuit
1440 553 1519 578 eum,
1538 551 1566 574 et
1591 547 1690 574 deinde
1707 547 1783 574 dedit
1798 548 1828 575 ei

1036 591 1138 618 vitam?
1151 599 1216 626 ergo
1238 593 1341 627 absque
1358 593 1414 619 vita
1429 593 1540 628 genitus
1561 597 1612 620 est.
1637 592 1690 620 Sed
1703 594 1757 620 hoc
1772 600 1827 620 nec

1041 637 1179 664 da‘tnunes
1193 638 1304 672 quidem
1328 638 1429 671 dicent,
1447 646 1502 665 una
1517 639 1589 665 cnim
1608 646 1669 666 cum
1685 639 1828 674 impietate

1036 692 1132 720 magna
1144 685 1226 711 etiam
1242 685 1395 718 ignorantia
1409 688 1481 712 esset
1498 684 1549 712 hoc
1570 685 1672 712 dicere.
1687 686 1827 717 Quemad-

1037 731 1148 758 modum
1159 731 1251 766 igitur,
1264 731 1341 758 Dedit
1352 731 1378 757 ci
1391 731 1483 764 vitam,
1499 739 1549 766 pro
1564 739 1597 758 eo
1613 732 1685 766 quod
1699 733 1827 767 genuerit

1035 783 1099 804 eum
1113 776 1194 803 vitam
1217 776 1424 811 intelligendum
1437 780 1495 808 est;
1521 777 1557 803 ita
1573 781 1600 803 et
1617 777 1693 809 illud,
1709 777 1789 804 Dedit
1799 777 1827 805 ei

1033 820 1179 855 judicium,
1200 827 1249 855 pro
1271 827 1305 847 eo
1332 820 1404 855 quod
1428 820 1547 854 judicem
1567 829 1630 848 eum
1647 823 1752 857 genuit,
1780 830 1828 850 ea;

1037 866 1166 901 piendum
1183 871 1235 893 est.
1256 865 1393 893 Similiter
1413 867 1498 902 igitur
1513 864 1576 894 cum
1593 867 1678 895 Filius
1702 868 1749 895 det
1764 868 1826 902 Spi-

233 910 299 937 Item
319 910 438 945 Spiritus
449 917 559 939 sanctus
580 913 678 947 accipit
701 922 715 941 a
734 913 814 942 Filio.
832 914 883 942 Itle
896 916 981 947 enim,
999 905 1020 934 Β
1036 911 1100 938 rimi
1115 910 1297 946 sapientiam,
1318 911 1445 945 producit
1465 911 1543 938 illum
1567 910 1744 946 sapientiam.
1762 919 1826 939 esse

195 955 244 986 ait,
271 964 303 982 τι
317 965 372 983 meo
399 958 528 992 accipiet;
544 959 616 993 quod
633 965 722 986 autem
739 961 839 995 accipit
865 968 906 988 est
924 963 988 997 ejus‘

195 1002 330 1034 essentia;
350 1010 400 1030 nec
426 1004 500 1030 enim
517 1009 556 1031 est
572 1004 646 1032 aliud
674 1005 743 1039 ipse,
768 1007 842 1033 aliud
865 1008 924 1042 ejus
938 1015 983 1034 es-

195 1047 294 1079 sentia,
307 1053 378 1075 esset
390 1049 463 1075 enim
480 1050 674 1083 compositum.
689 1051 756 1078 Cum
778 1052 860 1086 igitur
875 1059 982 1081 summe

196 1093 311 1127 simplex
328 1095 374 1125 sit,
385 1095 530 1122 essentiam
548 1104 623 1122 suam
634 1101 730 1124 etesse
746 1098 844 1132 accipit
857 1107 888 1125 ex
903 1099 980 1127 Filio.

196 1135 253 1164 Hoc
271 1139 344 1165 enim
364 1140 437 1174 quod
458 1140 534 1173 dicit,
555 1141 595 1167 Ea:
610 1150 665 1168 meo
681 1143 800 1178 accipiet,
821 1152 873 1170 non
889 1153 983 1179 quent-

195 1185 342 1211 admotlum
356 1186 438 1220 aliqui
456 1191 592 1221 pntantcx
606 1195 666 1214 tneo
679 1189 758 1215 Patre
771 1189 981 1224 intelligendum

194 1236 253 1264 est;
275 1233 364 1267 primo
377 1233 441 1267 quia
457 1233 513 1260 inec
531 1233 635 1261 locutio
657 1243 746 1269 neque
761 1235 853 1263 Graeca
869 1257 876 1269 ,
894 1245 982 1272 neque

195 1276 289 1304 Latina
305 1282 356 1304 est.
375 1278 442 1304 Nam
457 1279 478 1305 si
493 1286 555 1305 cum
571 1279 683 1313 dicitur,
708 1280 748 1307 Ea:
766 1289 834 1314 meo,
846 1283 982 1313 subintels

195 1322 334 1357 ligendum
367 1328 437 1350 esset
455 1324 546 1356 Patre,
576 1325 627 1352 hoc
652 1334 709 1352 meo
724 1333 797 1354 esset
830 1335 980 1361 pronomen

195 1367 304 1400 generis
322 1368 463 1395 masculini
478 1378 485 1401 ;
502 1367 593 1396 nullus
608 1374 698 1397 autent
712 1371 753 1398 vel
785 1372 812 1399 in
828 1372 980 1404 Gracca,val

195 1412 222 1439 in
232 1411 328 1440 Latina
342 1413 553 1448 linguaedoctus
570 1421 616 1443 aut
627 1417 781 1450 masculini,
798 1423 845 1445 aut
857 1419 980 1446 feminini

193 1459 302 1494 generis
331 1468 482 1495 pronomen
511 1464 626 1497 profert,
658 1464 711 1492 nisi
728 1473 791 1492 cum
819 1466 979 1494 additione:

193 1504 271 1533 Meus
288 1506 384 1541 frater,
398 1509 441 1535 vel
454 1508 529 1535 Meus
545 1511 656 1542 amicus,
674 1516 721 1538 aut
738 1511 798 1538 illeo
821 1512 924 1543 civitas,
941 1513 979 1539 vel

195 1552 292 1579 domus
307 1553 411 1582 dicens.
429 1554 502 1582 Meus
521 1556 623 1582 etenim
637 1556 800 1590 simpliciter
816 1558 920 1593 absque
931 1559 978 1585 ad-

192 1597 306 1631 ditione,
325 1607 379 1626 non
396 1601 482 1635 magis
500 1600 609 1628 Patrem
623 1621 629 1633 ,
649 1607 730 1636 quam
757 1602 862 1629 hostem
894 1603 979 1638 signi-

193 1645 265 1672 ﬁcat.
293 1645 395 1672 Deinde
421 1647 454 1673 ab
481 1647 538 1681 ipsa
565 1647 716 1675 intentione
743 1648 891 1677 Salvatoris
920 1650 978 1677 inec

192 1691 264 1717 ratio
279 1699 345 1718 vana
363 1691 503 1724 probatur.
520 1691 614 1719 Omnia
630 1694 715 1725 enim,
732 1694 833 1728 inquit,
850 1703 977 1727 qutt'cun-

192 1745 240 1771 que
257 1736 332 1763 habet
352 1736 443 1767 Pater,
461 1746 518 1764 mea
542 1743 613 1765 sum.
629 1739 693 1766 Idco
710 1740 774 1773 diri,
792 1749 824 1767 ex
843 1749 899 1768 meo
911 1742 978 1768 acci-

192 1782 254 1814 pict,
273 1786 297 1808 et
322 1783 488 1809 annuntitbit
505 1783 586 1809 vobis.
616 1784 653 1811 lta
681 1790 710 1811 ut
733 1786 785 1812 tale
807 1793 840 1813 ex
869 1786 904 1813 iis
933 1787 979 1812 ﬁat

191 1832 381 1862 argumentum
400 1837 406 1856 :
426 1828 547 1862 Spiritus
565 1830 665 1864 accipit
687 1838 719 1857 ex
747 1831 780 1858 iis
804 1839 865 1866 quae
890 1831 978 1860 Patris

191 1878 274 1906 sunt;
290 1874 373 1909 igitur
387 1875 505 1910 Spiritus
520 1876 619 1911 accipit
639 1884 671 1903 ex
697 1877 776 1910 meis,
799 1879 839 1905 vel
857 1886 889 1905 ex
905 1886 976 1906 meo.

191 1919 222 1948 Et
238 1928 298 1947 cum
321 1921 391 1956 ipse.
417 1926 444 1949 et
472 1931 520 1949 sna
537 1931 620 1950 otium
643 1927 669 1950 et
688 1923 760 1950 idem
784 1929 848 1951 sunt
865 1930 978 1960 propter

188 1975 323 1995 summam
342 1968 559 2002 simplicitatem,
576 1968 739 2003 accipiendo
760 1969 793 1996 de
809 1970 877 2003 suis,
905 1971 977 1998 acci-

188 2014 285 2048 pietex
303 2022 346 2041 eo.
360 2013 447 2049 llujus
469 2018 560 2041 autem
582 2015 727 2042 scutentim
744 2021 856 2043 sanctus
868 2024 976 2052 quoque

187 2060 353 2087 Athanasius
366 2065 417 2092 est,
442 2060 478 2087 ait
495 2060 595 2086 ctenim
614 2069 620 2086 :
643 2059 701 2087 Non
720 2062 793 2087 enim
822 2061 940 2089 Verbum
961 2071 976 2090 a

187 2106 290 2140 Spiritu
305 2106 416 2141 accipit,
442 2106 490 2133 sed
517 2106 636 2141 Spiritus
659 2115 674 2133 a
690 2106 790 2134 Verbo.
804 2105 875 2139 Quid
893 2107 977 2142 igitur

186 2151 305 2185 accipiat
328 2159 343 2178 a
374 2150 443 2179 Filio
468 2152 699 2179 considerandum
722 2156 775 2183 est,
807 2157 880 2185 patet
903 2152 975 2187 quod

186 2198 347 2231 sapientiam
376 2203 402 2225 et
430 2199 597 2226 scientiam:
616 2198 656 2225 Ea:
681 2207 736 2226 meo
760 2200 845 2231 enim,
875 2199 974 2234 inquit,

1036 957 1142 984 scilicet
1166 962 1193 983 et
1205 956 1413 984 subsistentiam
1428 956 1453 983 ei
1466 956 1633 991 dans,qnam
1648 957 1748 991 accipit
1760 964 1825 984 cum

1035 1001 1157 1036 spiratur
1175 1001 1209 1028 ab
1221 1007 1263 1028 eo.
1276 1001 1361 1036 Igitur
1372 1001 1530 1036 spirationis
1539 1002 1620 1029 etiam
1638 1001 1724 1029 Filius
1735 1009 1819 1030 causa

1036 1047 1093 1074 sive
1112 1048 1277 1082 principium
1294 1053 1346 1076 est.

1071 1093 1137 1120 Item
1158 1093 1242 1120 Filius
1259 1093 1293 1121 de
1305 1102 1334 1121 se
1349 1094 1458 1129 quidem
1472 1094 1531 1129 ipso
1544 1093 1612 1121 dicit
1630 1104 1636 1120 :
1655 1094 1721 1127 Qua:
1734 1095 1828 1122 audivi

1034 1147 1050 1165 α
1083 1139 1164 1165 Patre
1186 1147 1253 1170 oleo,
1278 1140 1437 1167 anmmtiavi
1450 1140 1536 1173 vobis;
1562 1140 1596 1167 de
1612 1140 1712 1175 Spiritu
1731 1149 1797 1168 vero
1815 1151 1823 1169 :

1035 1184 1097 1212 Non
1114 1186 1181 1212 enim
1197 1185 1318 1220 loqttclur
1336 1194 1351 1212 a
1366 1186 1521 1221 semetipso,
1539 1187 1583 1213 sed
1603 1195 1762 1222 qaa'cunque
1775 1195 1826 1213 au-

1034 1233 1087 1259 diet
1112 1232 1245 1266 loquetur.
1268 1231 1345 1264 Quod
1361 1231 1446 1266 igitur
1466 1232 1602 1267 significat
1627 1233 1660 1259 de
1684 1233 1750 1260 Filio
1769 1233 1826 1261 hoc

1034 1278 1105 1312 quod
1131 1278 1206 1305 audit
1229 1285 1243 1304 a
1266 1277 1355 1309 Patre,
1379 1278 1450 1305 idem
1474 1283 1502 1305 et
1519 1278 1553 1305 de
1567 1278 1670 1313 Spiritu
1683 1278 1822 1314 signilicat

1035 1324 1123 1358 ipsum
1136 1324 1250 1356 audire;
1266 1324 1314 1351 sed
1330 1324 1363 1350 de
1376 1323 1444 1351 Filio
1461 1324 1548 1358 ipsum
1565 1325 1661 1352 audire
1682 1325 1820 1358 signiﬁcat

1033 1377 1093 1396 esse
1106 1378 1119 1396 :‘.
1134 1377 1227 1400 causa.
1247 1374 1272 1396 et
1287 1369 1376 1404 ipsum
1389 1370 1522 1403 generari.
1540 1370 1641 1397 Audire
1663 1370 1735 1397 enim
1749 1370 1819 1397 nihil

1032 1416 1105 1442 aliud
1132 1419 1184 1446 est,
1215 1415 1267 1443 nisi
1283 1416 1445 1450 sapientiam
1462 1420 1490 1442 et
1507 1416 1647 1442 scientiam
1674 1416 1819 1451 accipere.

1033 1461 1118 1488 Filius
1131 1467 1222 1488 autem
1240 1470 1292 1488 non
1318 1461 1408 1496 primo
1432 1465 1522 1494 natus,
1538 1461 1636 1488 deinde
1662 1466 1755 1496 postea
1774 1469 1823 1488 ac-

1032 1507 1104 1541 cepit
1128 1507 1270 1534 scientiam
1293 1507 1333 1534 vel
1356 1507 1528 1542 sapientiam,
1544 1508 1591 1534 sed
1614 1513 1693 1535 natus
1711 1511 1752 1535 est
1774 1515 1822 1535 sa-

1034 1552 1150 1586 pientia;
1176 1553 1202 1578 in
1230 1552 1288 1586 ipso
1310 1552 1432 1586 generari
1456 1552 1596 1587 accipiens
1618 1552 1760 1580 scientiam
1785 1557 1818 1579 et

1031 1597 1203 1631 sapientiam,
1219 1602 1246 1624 et
1258 1601 1353 1624 εωιεινε
1368 1598 1469 1626 omnia.
1496 1606 1555 1632 qua:
1577 1599 1648 1626 idem
1675 1602 1738 1626 sunt
1755 1605 1822 1625 cum

1030 1643 1090 1677 ejus
1106 1643 1244 1670 essentia:
1259 1643 1329 1669 hanc
1342 1643 1423 1677 igitur
1432 1643 1532 1678 accipit
1545 1652 1560 1670 a
1573 1643 1651 1671 Patre
1663 1652 1725 1672 cum
1741 1643 1822 1670 audit

1030 1688 1063 1715 ab
1078 1697 1121 1720 eo.
1137 1693 1165 1716 et
1180 1689 1274 1716 audire
1286 1689 1345 1724 ejus
1362 1690 1487 1724 generari
1508 1695 1560 1716 est.
1577 1689 1662 1724 Igitur
1677 1695 1706 1717 ει
1718 1690 1820 1717 audire

1030 1734 1148 1768 Spiritus
1165 1735 1252 1762 sancti
1283 1743 1337 1762 non
1364 1735 1500 1770 signiﬁcat
1524 1735 1579 1762 nisi
1595 1736 1669 1770 quod
1694 1743 1709 1763 a
1734 1744 1821 1764 causa

1029 1783 1070 1805 est
1092 1782 1120 1805 et
1142 1779 1294 1813 spiratione
1322 1779 1390 1814 ejus.
1405 1780 1496 1812 Quare
1518 1787 1532 1808 a
1551 1788 1605 1815 quo
1617 1781 1704 1813 audit,
1724 1781 1759 1808 ab
1783 1789 1820 1809 eo

1029 1825 1110 1851 etiam
1122 1824 1266 1858 procedit:
1285 1826 1332 1852 sed
1350 1833 1405 1852 non
1420 1826 1508 1853 solum
1529 1834 1543 1853 a
1560 1827 1641 1854 Patre
1653 1826 1741 1858 audit,
1765 1827 1815 1854 sed

1028 1869 1110 1896 etiam
1126 1877 1158 1896 ex
1171 1869 1251 1902 Filio,
1265 1870 1337 1905 quod
1353 1879 1386 1897 ex
1415 1872 1480 1906 ipsis
1501 1872 1591 1899 verbis
1605 1872 1753 1899 Salvatoris
1767 1880 1819 1907 ap-

1028 1919 1115 1949 paret,
1136 1915 1182 1943 ubi
1206 1915 1274 1944 dicit
1291 1925 1298 1944 :
1319 1917 1360 1944 Ea:
1381 1925 1437 1944 meo
1457 1918 1576 1953 accipiet,
1603 1922 1628 1945 et
1647 1919 1819 1946 annnntiabit

1028 1963 1111 1990 vobis.
1139 1964 1327 1992 Annuntlandi
1359 1973 1476 2000 namque
1499 1974 1582 1994 causa
1607 1971 1649 1994 est
1683 1967 1816 2001 Spiritum

1028 2008 1139 2042 audire;
1155 2015 1181 2036 et
1197 2009 1319 2044 ejusdem
1335 2011 1515 2038 annuntiandi
1536 2013 1588 2038 hoc
1605 2020 1716 2046 quoque
1732 2021 1816 2040 causa

1028 2059 1080 2086 est,
1097 2055 1170 2089 quod
1185 2063 1218 2082 ex
1235 2056 1303 2083 Filio
1314 2056 1422 2092 accipit.
1443 2058 1532 2090 Quare
1545 2066 1577 2086 cx
1608 2059 1676 2085 Filio
1693 2059 1818 2091 accipere

1029 2102 1071 2128 vel
1085 2102 1192 2133 audire,
1209 2103 1289 2130 unius
1300 2103 1480 2138 ejusdemque
1500 2104 1551 2137 rei,
1566 2105 1693 2131 videlicet
1705 2112 1816 2131 aunuu~

1030 2146 1115 2173 tiandi
1128 2154 1209 2174 causa
1222 2153 1274 2175 est.
1287 2148 1371 2183 Igitur
1387 2149 1414 2176 in
1432 2149 1532 2176 divinis
1559 2150 1631 2177 idem
1653 2155 1694 2177 est
1720 2151 1817 2177 audire

1028 2197 1055 2219 ct
1069 2193 1193 2227 accipere
1207 2202 1212 2226 ;
1233 2199 1260 2221 et
1273 2203 1334 2221 cum
1349 2195 1466 2229 accipiat
1484 2203 1516 2222 ex
1541 2196 1619 2229 Filio,
1645 2197 1727 2230 igitur
1740 2197 1818 2223 audit

186 2244 306 2277 accipiet,
318 2248 340 2269 et
354 2244 522 2270 annunliubit
538 2245 618 2272 vobis.
633 2245 806 2272 Annuntiare
817 2245 890 2271 enim
907 2245 975 2272 nihil

1032 2239 1110 2265 etiam
1136 2247 1168 2265 ex
1201 2247 1244 2267 eo.
1271 2239 1400 2274 Ejusdem
1415 2241 1559 2268 sententias
1587 2247 1701 2269 sanctus
1731 2243 1815 2269 etiam

185 2289 259 2316 aliud
276 2294 327 2322 est,
341 2290 392 2316 nisi
408 2289 506 2317 docere
525 2295 551 2317 et
578 2291 734 2318 illuminare
759 2292 906 2325 apostolos.
920 2290 976 2318 [Ioc

186 2340 277 2361 autent
291 2341 333 2362 est
347 2335 489 2370 sapientire
502 2345 570 2371 opus
583 2345 590 2369 ;
601 2337 684 2370 igitur
696 2337 858 2371 sapientiam
875 2345 889 2364 a
906 2338 976 2364 Filio

184 2381 286 2414 accipit
301 2380 429 2415 Spiritus.
452 2382 522 2414 Quid
547 2383 631 2416 igitur
646 2382 747 2416 absque
765 2383 898 2418 sapientia
920 2383 977 2417 spi-

185 2431 259 2453 ratus
287 2426 340 2454 fuit
362 2435 376 2454 a
405 2428 494 2460 Patre,
520 2433 547 2454 et
566 2428 628 2454 ideo
651 2429 774 2462 oportuit
794 2437 856 2456 cum
875 2437 890 2456 a
905 2430 976 2456 Filio

183 2473 310 2507 excipere
330 2473 571 2507 sapientiamiaut
589 2473 663 2500 aliud
683 2479 724 2501 est
737 2475 797 2509 ejus
811 2482 882 2508 esse,
899 2475 975 2502 aliud

183 2519 338 2554 sapientia?
352 2519 386 2546 At
401 2520 457 2546 haec
467 2519 585 2546 absurda
602 2523 676 2546 sunt.
696 2519 770 2546 Idem
785 2520 858 2546 enim
876 2526 917 2548 est
933 2529 975 2548 sa-

183 2566 297 2600 pientia.
324 2569 352 2592 et
378 2572 438 2592 esse
454 2565 523 2600 ejus,
538 2569 566 2592 et
587 2572 602 2591 a
623 2572 679 2599 quo
703 2565 802 2600 accipit
835 2573 908 2599 esse,
939 2566 974 2594 ab

183 2611 281 2639 eodem
302 2611 402 2646 accipit
430 2610 616 2645 sapientiam:
639 2616 667 2638 et
689 2618 751 2638 cum
782 2611 914 2646 spiratur,
944 2617 973 2639 et

184 2658 284 2693 accipit
311 2665 373 2685 esse
401 2662 428 2685 et
453 2657 616 2689 subsistere,
639 2657 722 2685 etiam
744 2658 844 2693 accipit
863 2659 973 2693 sapien-

184 2704 259 2731 tiam.
275 2703 344 2731 Cum
358 2704 441 2737 igitur
452 2703 613 2738 sapientiam
624 2711 637 2730 a
653 2703 721 2730 Filio
738 2711 848 2739 quoque
863 2704 971 2738 accipit,

184 2751 274 2785 ipsutn
287 2758 348 2778 esse
360 2755 387 2778 et
400 2750 552 2778 subsistere
570 2750 651 2778 simul
667 2750 701 2778 ab
713 2758 746 2777 eo
757 2750 857 2784 accipit
871 2758 878 2775 :
891 2750 973 2785 igitur

183 2796 269 2823 Filius
283 2797 363 2823 etiam
375 2801 418 2823 est
430 2795 454 2823 ei
474 2803 557 2824 causa
573 2796 682 2824 essendi
696 2795 927 2831 quemadmodum
945 2800 972 2823 et

184 2842 275 2870 Pater.

219 2887 285 2916 Item
299 2887 321 2916 si
341 2888 458 2925 Spiritus
472 2890 572 2926 accipit
597 2898 611 2918 a
626 2890 715 2924 Filio;
732 2896 796 2923 ergo
817 2888 902 2917 Filius
927 2890 971 2917 dat

1029 2285 1144 2313 Basilius
1160 2291 1201 2314 est
1215 2287 1240 2314 in
1257 2287 1358 2321 Regula
1371 2289 1530 2318 monastica.
1548 2288 1582 2316 de
1605 2288 1709 2322 Spiritu
1719 2295 1816 2316 saneto

1028 2331 1135 2364 dicens,
1155 2333 1227 2367 quod
1244 2333 1325 2360 docet
1342 2338 1369 2360 et
1390 2335 1510 2369 suggerit
1533 2335 1626 2361 omnia
1644 2343 1815 2370 qnarcunque

1028 2377 1106 2404 audit
1134 2386 1149 2405 a
1181 2378 1262 2409 Filio,
1278 2379 1360 2405 etiam
1381 2380 1544 2413 producitur
1555 2388 1588 2407 ex
1604 2388 1658 2414 eo;
1681 2389 1715 2408 eo
1740 2381 1814 2415 quod

1027 2425 1087 2459 ejus
1095 2425 1191 2452 audire
1207 2424 1278 2452 idem
1289 2430 1330 2452 cst
1342 2425 1413 2460 quod
1428 2426 1588 2460 procedere,
1601 2433 1630 2454 ut
1645 2428 1748 2454 dictum
1760 2432 1815 2456 est.

1064 2472 1130 2499 item
1147 2479 1206 2499 esse
1219 2472 1327 2499 Patrem
1342 2478 1389 2500 aut
1403 2479 1536 2506 generare
1557 2478 1612 2500 nou
1641 2474 1764 2501 continet
1784 2474 1812 2502 In

1027 2525 1056 2546 se
1072 2518 1206 2545 rationem
1222 2517 1355 2552 spirandi,
1375 2522 1447 2545 esset
1464 2518 1567 2546 ctenitu
1580 2518 1701 2553 Spiritus
1714 2519 1812 2552 Filius,

1027 2565 1074 2592 sed
1096 2563 1182 2592 Filius
1196 2565 1289 2592 omnia
1303 2564 1466 2599 simpliciter
1486 2564 1580 2597 habet,
1596 2573 1657 2600 qua:
1673 2569 1699 2593 et
1718 2566 1811 2597 Pater,

1026 2618 1207 2646 praeterquam
1241 2611 1313 2646 quod
1338 2615 1460 2645 generet,
1485 2611 1527 2638 vel
1554 2611 1590 2638 sit
1620 2612 1710 2638 Pater.
1743 2612 1814 2639 Dicit

1025 2658 1098 2685 enim
1119 2661 1232 2685 sanctus
1261 2657 1380 2693 Cyrillus
1403 2657 1431 2684 in
1455 2657 1577 2685 secundo
1601 2657 1635 2685 ad
1651 2658 1811 2687 Hcrmiam:

1025 2702 1198 2730 Cotetcrnum
1212 2702 1350 2730 credimus
1367 2702 1465 2730 Filium
1487 2703 1570 2733 Patri,
1586 2709 1614 2730 et
1630 2704 1722 2730 omnia
1739 2711 1813 2738 quaa-

1025 2757 1135 2785 cunque
1150 2748 1247 2784 :equali
1276 2757 1405 2776 tncnsura
1426 2750 1587 2781 habentem,
1606 2755 1706 2784 pra-ter
1722 2750 1810 2784 ipsum

1025 2803 1157 2831 generare
1172 2805 1178 2822 :
1191 2795 1243 2822 hoc
1257 2802 1373 2829 namque
1395 2795 1443 2822 soli
1459 2795 1516 2822 Deo
1540 2799 1568 2822 et
1585 2795 1657 2822 Patri
1672 2795 1813 2822 tribuitur.

1026 2842 1099 2870 Idem
1121 2842 1148 2869 in
1166 2849 1294 2869 sermone
1312 2841 1345 2868 dc
1361 2840 1513 2868 Trinitate:
1541 2841 1570 2868 In
1586 2840 1654 2868 Filio
1671 2839 1814 2875 unigenito

1026 2896 1075 2924 per
1088 2889 1179 2917 omnia
1196 2888 1278 2916 simili
1295 2893 1322 2916 et
1336 2887 1434 2923 :equali
1465 2887 1550 2920 Patri,
1576 2892 1677 2922 praeter
1693 2886 1814 2922 paterni-
