1920 3063
79 143 139 174 437

547 146 596 175 DE
616 145 881 176 PROCESSIONE
903 146 1082 178 SPIRITUS
1103 146 1248 177 SANCTI.

1657 142 1710 173 L78

79 205 181 228 tatem.
200 200 286 227 [labet
301 200 384 235 igitur
395 201 517 236 spirandi
537 203 683 236 potentiam
700 202 867 234 Filius,cum
883 204 905 232 Α
922 212 991 239 mus
1000 208 1592 244 Fluminum.demonslrmionesLatium—nm
1602 207 1711 241 pom-5i-

80 247 136 273 lioc
157 250 256 280 praeter
272 247 404 273 rationem
424 247 596 282 paternitatis
623 249 677 279 sit,
695 249 787 275 omnia
803 255 869 275 vero

78 290 175 317 Patris
191 296 290 325 praeter
306 292 512 326 paternitatem.
536 293 579 319 vel
601 298 699 326 praeter
716 294 769 320 vim
789 300 871 327 gene-

78 336 174 366 randi.
190 337 248 370 ipse
263 344 373 371 quoque
387 337 480 370 habet,
503 343 533 364 ut
546 339 647 373 Cyrillo
664 339 763 373 placet.

118 382 187 409 Item
208 382 326 417 Spiritus
341 387 454 410 sanctus
476 384 579 410 dicitur
599 385 703 412 donum
725 389 755 411 nt
771 385 869 416 Patris,

78 429 120 457 ita
140 434 169 457 et
184 429 265 456 Filii:
282 437 345 464 ergo
359 433 386 456 et
408 437 440 456 ex
457 434 586 464 utroque.
611 430 785 458 Antecetlens
814 439 871 458 om-

77 475 167 502 nibus
198 475 359 502 doctoribus
386 475 487 510 placet,
515 483 690 510 consequens
719 477 870 510 probatur:

85 521 193 548 donum
209 521 313 548 etenim
326 526 368 548 est
384 522 484 553 dantis,
499 522 602 557 aliquid
618 531 682 550 vero
693 524 808 559 alicujus
818 528 870 556 est,

79 571 132 593 aut
156 566 310 596 secundum
330 567 513 599 identitatem,
538 573 585 595 aut
599 572 627 594 ut
647 569 784 603 possessio
808 569 869 603 ejus

81 611 128 638 vel
145 618 254 644 servus,
270 616 317 638 aut
333 612 485 639 secundum
501 613 646 647 originem.
661 619 688 640 et
704 622 765 640 cum
782 616 873 642 nullus

80 657 230 684 modorum
243 657 363 688 priorum
375 657 528 690 conveniat,
540 666 602 685 cum
613 659 730 686 dicimus
741 659 872 694 Spiritutu

79 707 208 730 sant-tum
216 703 316 730 donum
324 710 384 730 esse
395 703 466 736 Filii,
477 708 559 732 restat
566 709 595 732 ut
603 705 753 732 secundum
764 707 880 734 tertiumt

81 749 197 776 modum
209 750 332 784 originis,
359 750 606 778 videlicetdicatur
631 751 750 786 Spiritus
764 759 875 780 sanctus

81 793 145 822 Filii
155 795 256 822 donum
270 803 276 821 :
290 803 356 830 ergo
373 795 458 824 Filius
483 800 524 823 est
545 797 606 832 ejus
629 798 705 832 origo
729 803 757 825 et
782 805 873 826 causa.

118 841 185 867 Item
197 840 346 875 Gregorius
359 841 499 877 Nyssenus
514 843 541 870 in
557 843 671 870 ltoutilla
691 851 774 879 super
790 845 873 872 Pater

81 890 183 918 noster,
201 894 260 921 qua:
271 887 378 922 incipit,
405 887 517 920 Quando
532 888 634 924 Moyses
644 890 770 925 populum
783 891 871 918 Israe-

82 933 189 959 liticum
226 932 261 960 ad
292 938 406 959 montem
437 934 552 961 discendi
588 944 669 964 causa
706 936 872 971 adducebat;

80 978 290 1005 distinctionem
307 970 411 1005 divina?
434 979 580 1008 Trinitatis
604 982 735 1015 tradens,
762 983 870 1010 Patrem

80 1024 196 1058 quidem
221 1023 319 1050 aFilio
349 1028 377 1051 et
406 1024 510 1059 Spiritu
532 1031 627 1054 saneto
653 1027 807 1062 distinguit,
837 1036 871 1056 eo

80 1067 158 1101 quod
187 1067 245 1102 ipse
269 1067 381 1102 quidem
409 1070 513 1104 absque
539 1078 622 1098 causa
637 1076 690 1104 est,
708 1072 753 1099 illa
769 1080 834 1100 vero
854 1081 869 1100 a

80 1120 187 1140 causa:
205 1114 303 1140 Filium
326 1122 390 1142 vero
419 1121 448 1143 et
466 1115 599 1151 Spiritum
615 1122 751 1152 sayctum,
770 1119 870 1153 quibus

81 1166 228 1186 commune
240 1163 282 1186 est
301 1161 374 1193 quod
397 1168 412 1188 a
433 1168 516 1188 causa
533 1162 599 1195 sint,
618 1163 765 1198 distinguit
783 1164 816 1191 ab
829 1165 870 1191 in-

81 1205 184 1238 vicem,
196 1213 229 1232 eo
247 1206 319 1239 quod
332 1206 376 1233 ille
392 1207 503 1241 quidem
520 1216 553 1235 ex
570 1209 649 1236 Patre
668 1214 723 1241 est,
743 1210 788 1237 hic
804 1219 870 1238 vero

81 1258 114 1277 ex
127 1251 205 1278 Patre
224 1255 251 1278 et
267 1251 336 1278 Filio
352 1261 358 1278 :
383 1253 421 1279 ita
435 1253 509 1280 enim
530 1254 557 1280 in
573 1255 778 1290 antiquioribus
794 1257 870 1283 codi-

83 1297 164 1323 cibus
179 1297 320 1324 scribitur.
346 1297 436 1330 Quare
453 1300 596 1327 manifeste
620 1302 702 1328 etiam
718 1303 868 1329 secundum

83 1342 167 1368 istum
181 1341 320 1369 doctorem
339 1343 458 1377 Spiritus
471 1348 512 1370 est
537 1352 569 1371 ex
585 1345 662 1372 Filio.
681 1347 757 1378 Quod
780 1347 801 1373 si
822 1347 868 1382 qui

82 1387 236 1414 secundum
264 1388 453 1416 moderniores
478 1389 564 1417 libros
586 1391 718 1425 Spiritum
747 1392 810 1420 Filii
830 1393 870 1420 di-

83 1438 148 1459 cant
170 1440 231 1460 esse
263 1434 395 1468 scriptun:
419 1443 473 1461 non
491 1443 524 1462 ex
543 1435 623 1469 Filio,
654 1445 704 1464 nec
720 1437 772 1465 boc
788 1439 869 1465 modo

83 1483 174 1505 tamen
189 1479 291 1514 aliquid
309 1480 370 1514 plus
401 1481 553 1510 habebunt.
575 1483 650 1510 idem
668 1484 742 1511 enim
758 1486 868 1512 conclu-

922 266 1006 291 Illum,
1016 264 1043 286 et
1051 259 1154 293 absque
1162 260 1252 293 aliqua
1259 256 1477 285 contradictione
1485 257 1626 282 remanent
1635 262 1639 278 :
1649 253 1709 287 τι·ιὶ-

922 305 1052 332 buseer
1060 306 1132 340 quod
1143 305 1376 340 Spiritusdieetur
1385 301 1504 336 Spiritus
1513 299 1668 330 Filii,etiam
1677 305 1708 323 ex

921 349 1058 377 Filioeum
1073 350 1222 384 procedere
1236 349 1362 384 probant.
1376 347 1429 374 Per
1443 347 1511 373 lianc
1524 343 1597 371 enim
1613 342 1707 369 falsam

924 395 1124 429 expositionem
1145 395 1287 429 aliquieas
1302 398 1426 421 evertere
1446 396 1583 418 conantur
1599 393 1709 423 propter

923 439 1249 470 consubstantialitatem,
1269 443 1397 473 putantes
1416 436 1470 463 dici
1485 435 1616 468 Spiritum
1634 433 1707 459 Filii.

923 483 999 511 lianc
1027 485 1190 512 seutentiatn
1222 483 1370 518 Gregorius
1395 482 1534 516 Nyssanus
1553 483 1583 505 ut
1610 478 1706 504 [ills-"HN

922 531 1068 557 manifeste
1084 530 1225 564 reprobat.
1243 529 1380 563 accipiens
1392 527 1457 554 illud
1467 532 1595 560 tanquam
1611 524 1710 550 distin-

923 576 1038 603 ctivnm.
1060 576 1115 603 Sed
1131 583 1196 602 cum
1219 575 1253 602 ad
1277 573 1475 602 ostendendam
1489 571 1600 606 quidem
1627 568 1707 603 hujus

923 621 1110 648 conclusionis
1125 621 1271 648 veritatem
1285 640 1292 652 ,
1317 619 1505 654 Spiritutnque
1530 620 1654 644 sanctum
1674 622 1707 641 ex

924 666 1047 694 Pati-cet
1061 666 1131 694 Filio
1151 666 1301 701 procedere
1322 664 1508 700 probandum,
1526 662 1610 689 multa
1626 668 1708 694 argu-

924 717 1026 744 menta,
1053 712 1144 739 multa;
1165 713 1352 743 auctoritates,
1378 710 1470 738 multte
1498 709 1617 736 rationes
1642 706 1708 738 sint,

924 759 990 785 satis
1009 762 1100 784 tamen
1115 765 1148 784 ex
1161 757 1300 792 praedictis
1314 756 1363 783 tibi
1382 759 1447 790 puto
1459 755 1567 782 fecisse.

925 813 1074 840 Solulione:
1092 813 1340 844 inronvenientium,
1353 820 1412 847 qua
1429 820 1445 838 a
1461 811 1557 847 θηταῖς
1573 817 1709 844 opponun-

1013 852 1056 875 tur
1069 849 1172 875 Latinis
1188 853 1212 875 el
1227 849 1327 875 ueteris
1345 848 1412 874 recte
1425 846 1606 874 sentientibus.

957 893 1025 921 Cum
1051 901 1115 921 vero
1140 893 1264 928 quaedam
1294 892 1517 920 inconvenientia
1544 891 1635 922 nobis,
1662 889 1709 924 qui

922 941 1066 968 veritatem
1080 939 1256 973 conﬁtemur,
1266 939 1300 965 ab
1315 939 1370 966 illis
1385 937 1554 968 inferuntur,
1584 937 1643 970 qui,
1660 943 1711 962 nec

921 986 988 1020 quid
1013 985 1116 1017 dicant,
1134 985 1237 1017 sciunt,
1264 992 1317 1012 nec
1332 985 1366 1011 de
1388 983 1489 1018 quibus
1505 986 1642 1012 asset-unt,
1664 981 1710 1008 illa

921 1031 1044 1066 quidem,
1069 1038 1130 1065 qua:
1155 1035 1251 1058 contra
1270 1034 1432 1064 argumenta
1450 1028 1595 1064 probantia
1611 1027 1712 1054 verita-

922 1081 976 1104 tem
993 1081 1184 1111 opponuntur.
1209 1077 1236 1103 itt
1256 1076 1382 1110 ipsismet
1404 1075 1574 1110 argumentis
1591 1074 1711 1100 breviter

921 1122 1063 1154 solvimus,
1080 1127 1110 1150 ut
1122 1122 1224 1149 vidisti.
1243 1121 1346 1148 Eorum
1360 1129 1435 1152 vero,
1452 1128 1513 1155 qua:
1527 1123 1623 1147 contra
1635 1119 1710 1153 ipsa-

921 1173 978 1195 met
998 1168 1205 1196 conclusionem
1231 1167 1405 1198 inferuntur,
1421 1167 1525 1200 eligens
1546 1166 1664 1200 potiora.
1682 1168 1710 1191 et

921 1223 982 1249 quae
1009 1214 1097 1248 magis
1121 1213 1282 1241 verisimilia
1306 1213 1454 1244 videntur,
1481 1212 1631 1238 solutiones
1659 1218 1709 1245 pro

921 1268 1012 1295 posse,
1036 1260 1131 1294 paucis
1149 1263 1178 1286 et
1197 1259 1368 1286 suﬂicienter
1391 1258 1436 1284 hic
1456 1258 1572 1284 inseram
1590 1265 1596 1289 ;
1615 1262 1644 1283 ut
1660 1257 1709 1284 tibi

921 1306 1008 1333 oratio
1034 1305 1098 1336 ista,
1120 1313 1202 1339 quam
1225 1304 1284 1331 ﬁeri
1305 1308 1405 1338 potest,
1422 1303 1555 1338 completa
1570 1302 1615 1334 sit,
1632 1306 1659 1329 et
1675 1301 1709 1328 atl

921 1353 1012 1378 omnia
1043 1350 1193 1378 sutlicieus.
1217 1350 1379 1383 Quanquam
1405 1349 1462 1375 haec
1489 1347 1710 1375 inconvenientia

920 1405 974 1424 non
990 1401 1085 1424 contra
1109 1404 1161 1423 nos
1177 1395 1346 1426 inferuntur,
1369 1402 1419 1421 nec
1441 1401 1489 1420 nos
1506 1399 1633 1420 tenemur
1650 1393 1709 1419 red-

920 1443 985 1470 dere
1012 1443 1145 1469 rationem
1161 1451 1169 1468 :
1184 1441 1232 1468 sed
1257 1445 1353 1468 contra
1375 1444 1486 1467 sanctos
1507 1440 1646 1469 doctores,
1662 1439 1709 1472 qui

920 1490 998 1518 nobis
1012 1490 1096 1524 bujus
1112 1489 1251 1524 dogmatis
1282 1489 1419 1524 bujusque
1437 1488 1622 1516 conclusionis
1635 1488 1710 1522 priu-

82 1525 165 1552 detur
181 1525 263 1552 etiam
279 1534 311 1553 et
327 1527 390 1554 hoc.
405 1527 482 1554 Patet
494 1536 611 1563 namque
635 1531 708 1565 quod
724 1539 786 1558 cum
799 1531 868 1559 Filio
880 1537 901 1568 ί]
919 1537 994 1570 cipes
1016 1541 1044 1563 et
1069 1541 1197 1563 auctores
1226 1534 1360 1568 fuerunt;
1381 1538 1409 1561 et
1431 1541 1485 1561 non
1510 1533 1598 1561 solum
1614 1537 1710 1560 contra

83 1576 111 1599 et
140 1571 255 1606 Spiritui
274 1577 368 1600 sancto
395 1581 540 1602 commune
563 1576 600 1603 sit
628 1576 791 1611 principiata
808 1586 869 1605 esse

85 1619 216 1651 (diximus
232 1619 336 1654 pluries
352 1620 490 1654 quomodo
507 1622 719 1656 capiuntsancti
737 1624 868 1652 doctores

85 1666 336 1696 Graecicausatum,
352 1671 378 1692 et
399 1667 592 1701 principiatum
620 1669 647 1695 in
677 1669 779 1696 divitiis
795 1670 871 1697 vida-

85 1711 151 1738 licet
165 1719 214 1745 pro
229 1719 273 1742 eo,
289 1711 362 1745 quod
382 1716 423 1738 est
436 1720 450 1738 a
467 1713 603 1747 principio
618 1713 677 1740 sive
690 1719 782 1742 creata
795 1716 868 1745 esse)

86 1757 184 1791 quaerit
210 1756 347 1790 quotnodo
366 1757 602 1791 distinguerentur
631 1759 664 1785 ab
691 1759 819 1792 imicem,
842 1766 870 1788 et

86 1803 196 1836 aSserit,
222 1803 294 1837 quod
310 1810 466 1837 quanquam
490 1811 636 1831 Commune
663 1805 781 1832 habeant
807 1806 869 1841 hoc,

85 1850 157 1884 quod
175 1850 254 1876 ambo
280 1850 335 1876 sint
362 1854 472 1876 causata
497 1850 554 1876 sive
583 1851 757 1885 principiata,
779 1858 870 1880 tamen

87 1895 172 1923 Filius
188 1902 221 1920 ex
238 1894 317 1920 Patre
333 1893 445 1927 dicitur,
462 1898 491 1920 et
510 1894 582 1921 ultra
599 1902 652 1922 non
669 1897 796 1930 procedit
812 1898 871 1932 ejus

88 1942 249 1977 proprietas,
267 1941 386 1975 Spiritus
394 1949 460 1969 vero
476 1945 505 1968 et
518 1949 553 1968 ex
566 1942 646 1969 Patre
659 1942 760 1970 dicitur
775 1948 802 1970 et
818 1952 871 1972 una

87 1997 148 2016 cum
161 1990 213 2016 hoc
227 1989 309 2016 etiam
320 1988 379 2016 Filii
394 1996 455 2016 esse
472 1989 775 2025 testanturSeripturas.
784 1991 871 2023 Quare

89 2036 207 2071 Spiritus
223 2036 324 2064 Christi
341 2044 450 2071 quoque
474 2036 598 2071 Spiritus
623 2042 676 2069 est,
696 2037 782 2065 Filius
805 2046 871 2066 vero

88 2091 138 2111 nec
167 2087 209 2110 est
234 2083 364 2117 Spiritus,
392 2090 442 2110 nec
462 2082 575 2110 dicitur.
592 2082 626 2110 Et
652 2084 704 2111 hoc
722 2088 799 2118 putat
826 2084 872 2111 hic

87 2134 198 2157 sanctus
217 2131 313 2156 doctor
325 2129 392 2156 satis
407 2136 468 2156 esse
491 2129 524 2156 ad
538 2129 775 2164 distinguendum,
796 2131 870 2165 quod

87 2175 207 2211 Spiritus
234 2177 342 2202 dicatur
366 2175 484 2209 Spiritus
510 2175 582 2208 Filii,
612 2175 698 2203 Filius
729 2184 796 2204 vero
814 2184 871 2204 non

922 1581 1118 1613 occidentales,
1130 1581 1178 1615 qui
1193 1581 1365 1615 apertissime
1378 1580 1479 1608 docent
1489 1579 1709 1610 conclusionem,

920 1627 968 1654 sed
993 1634 1047 1652 non
1064 1626 1155 1653 minus
1171 1630 1266 1652 contra
1291 1625 1452 1652 orientales.
1472 1624 1512 1651 Ab
1532 1624 1600 1659 ipsis
1623 1623 1706 1658 igitur

921 1673 1002 1700 etiam
1018 1672 1171 1699 solutiones
1181 1672 1337 1706 quter'entlae
1350 1675 1425 1703 sunt,
1439 1678 1494 1698 non
1506 1678 1521 1697 a
1535 1670 1624 1701 nobis,
1636 1669 1710 1704 quod

920 1723 948 1746 et
971 1718 1107 1751 fecerunt,
1133 1718 1237 1752 Spiritu
1252 1721 1348 1745 sancto
1365 1716 1532 1751 prtevideute
1554 1723 1650 1743 omnes
1668 1715 1709 1741 in~

921 1770 1093 1792 surrecturas
1117 1765 1245 1791 haereses.
1275 1764 1402 1791 Attamen
1427 1770 1478 1790 nos
1495 1763 1577 1790 etiam
1596 1762 1629 1788 ab
1655 1761 1711 1788 illis

922 1810 1079 1843 illuminati,
1101 1814 1129 1837 et
1143 1810 1177 1837 ab
1192 1810 1254 1837 aliis
1270 1810 1337 1836 viris
1356 1809 1456 1842 beatis,
1473 1810 1520 1844 qui
1539 1808 1709 1842 amplissima

922 1857 956 1884 de
973 1858 1024 1884 liae
1041 1864 1070 1883 re
1087 1864 1170 1891 opera
1190 1862 1239 1883 sua
1257 1856 1337 1883 nobis
1353 1856 1535 1891 reliquerunt.
1550 1855 1582 1881 ad
1599 1863 1630 1881 ea
1647 1862 1710 1881 nos-

923 1902 1054 1936 metipsos
1067 1909 1248 1936 opponemus.
1269 1902 1370 1929 Putant
1390 1902 1473 1936 igitur
1494 1901 1601 1928 Patrem
1619 1905 1645 1926 et
1665 1899 1709 1926 Fi-

921 1948 989 1975 lium
1012 1952 1059 1974 aut
1082 1948 1109 1974 in
1130 1955 1212 1974 uitaui
1229 1947 1363 1974 contundi
1386 1954 1545 1981 personam,
1562 1947 1583 1972 si
1597 1945 1658 1979 quis
1674 1952 1707 1970 ex

923 1997 1040 2027 utroque
1071 1992 1222 2026 procedere
1243 1992 1376 2026 Spirituut
1403 1996 1526 2018 sanctum
1551 1990 1633 2022 dicat,
1660 1994 1710 2016 aut

923 2040 991 2067 duas
1013 2047 1112 2067 causas
1144 2039 1254 2073 duoque
1281 2039 1416 2073 principia
1440 2044 1553 2064 necesse
1575 2044 1636 2064 esse
1659 2043 1707 2071 po-

923 2093 1008 2118 nere;
1032 2089 1181 2119 utrumque
1202 2092 1269 2112 vero
1292 2084 1391 2111 horum
1412 2083 1639 2111 absurdissimum
1655 2087 1707 2109 est.

921 2131 978 2158 Nos
994 2138 1061 2158 vero
1076 2130 1110 2157 ad
1122 2130 1315 2158 confusionem
1327 2130 1438 2164 quidem
1457 2136 1634 2164 personarum
1651 2128 1709 2154 haec

923 2177 1053 2208 dicimus,
1082 2176 1156 2212 quod
1174 2176 1197 2204 si
1211 2176 1400 2210 operationem
1415 2174 1538 2209 spirandi
1553 2173 1709 2202 constituti-

89 2223 195 2250 dicatur
210 2222 294 2248 Filius
311 2221 444 2255 Spiritus.
464 2221 492 2248 Si
511 2221 595 2256 igitur
608 2222 680 2256 quod
695 2222 816 2257 Spiritus
831 2224 871 2251 di—
888 2223 909 2251 D
925 2231 985 2250 vam
1001 2230 1125 2257 persona:
1140 2227 1260 2257 paterna:
1271 2229 1449 2256 poneremus,
1466 2226 1531 2248 tunc
1545 2227 1708 2256 sequeretur

88 2274 164 2296 catur
181 2268 301 2302 Spiritus
314 2267 386 2299 Filii,
401 2267 548 2302 distinguit
560 2268 635 2294 illum
648 2275 663 2295 a
679 2268 765 2302 Filio;
776 2276 872 2296 secun-

89 2315 151 2341 dum
170 2318 260 2340 autem
279 2318 388 2340 nostros
411 2313 449 2339 nil
463 2313 537 2340 aliud
556 2313 632 2340 illum
646 2321 661 2340 a
681 2313 750 2341 Filio
775 2315 872 2342 distin—

90 2361 155 2394 guit,
173 2360 223 2386 nisi
238 2359 363 2386 diversus
382 2359 679 2393 processionisinodus
691 2360 780 2395 ipsum
797 2360 873 2388 vide-

89 2407 152 2434 licet
178 2405 286 2440 spirari.
315 2405 390 2432 ldem
416 2413 482 2440 ergo
505 2410 549 2432 est
574 2405 707 2440 Spiritum
729 2414 789 2434 esse
811 2407 871 2433 Filii

91 2452 231 2487 Spiritum,
261 2456 343 2486 atque
369 2459 402 2478 ex
430 2451 500 2478 Filio
526 2451 687 2486 procedere.
702 2453 787 2488 Cujus
808 2460 872 2488 ergo

92 2499 190 2526 dicitur
206 2497 335 2532 Spiritus,
350 2506 384 2525 ex
397 2504 430 2525 eo
442 2498 525 2525 etiam
541 2499 667 2533 procedit
684 2507 690 2525 :
707 2499 810 2526 dicitur
823 2506 873 2526 au—

93 2551 143 2573 tem
166 2545 227 2572 Filii
243 2545 363 2578 Spiritus
380 2549 508 2579 tanquam
525 2551 552 2572 et
571 2545 674 2578 Patris;
693 2545 775 2580 igitur
789 2545 872 2572 etiam

92 2599 123 2618 cx
147 2591 216 2618 Filio
229 2589 458 2624 quemadmodum
480 2598 512 2617 ex
536 2591 616 2618 Patre
630 2591 763 2625 procedit.
779 2591 813 2619 Et
825 2599 875 2617 no-

94 2638 203 2664 tamlum
224 2636 296 2670 quod
317 2643 384 2662 vana
406 2640 450 2663 est
466 2637 650 2671 quorumdam
671 2637 807 2672 expositio
833 2637 875 2664 di-

94 2685 209 2710 centium
225 2686 337 2716 propter
347 2681 662 2710 consubslantialitatem
671 2684 726 2711 dici
740 2683 874 2718 Spiritum

94 2728 152 2755 Filii
161 2727 294 2762 Spiritum
303 2735 310 2753 ε
319 2734 381 2753 eum
393 2727 440 2754 hic
447 2733 558 2754 sanctus
568 2728 664 2755 doctor
676 2733 805 2764 tanquam
817 2729 876 2756 dis-

97 2773 237 2801 tiuctivum
264 2773 316 2800 hoc
337 2772 462 2808 accipiat.
475 2773 540 2806 Quae
550 2780 617 2801 vero
633 2779 743 2809 propter
756 2776 875 2803 consub-

97 2819 298 2852 stantialitatem
311 2818 452 2851 dicuntur,
464 2819 576 2851 ullum,
588 2827 642 2847 non
653 2820 834 2855 distinguunt.
846 2822 875 2849 Si

97 2865 176 2900 igitur
191 2873 243 2894 non
257 2870 368 2902 propter
375 2865 687 2896 consubstantialitatem
703 2867 802 2896 dicitur
812 2868 872 2904 Spi«

923 2269 976 2296 hoc
996 2268 1204 2300 inconveniens,
1229 2273 1258 2295 ut
1281 2267 1367 2295 Filius
1387 2272 1462 2295 esset
1479 2275 1531 2295 una
1555 2268 1708 2302 eademque

923 2322 1038 2349 persona
1054 2321 1117 2342 cum
1129 2314 1220 2342 Patre.
1245 2314 1314 2342 Cum
1328 2321 1394 2341 vero
1405 2314 1582 2342 constitutiva
1595 2315 1706 2349 quidem

922 2360 1072 2394 paternalis
1096 2367 1221 2394 persome
1246 2360 1408 2394 patet-nitas.
1424 2365 1452 2388 et
1469 2361 1559 2394 ipsum
1575 2367 1708 2394 generare

922 2405 1068 2440 probatum
1091 2406 1184 2438 fuerit,
1201 2406 1307 2441 spirare
1328 2413 1393 2433 vero
1409 2406 1561 2440 proprietas
1581 2406 1706 2440 quantam

923 2461 1041 2488 sequens
1056 2453 1115 2488 ejus
1131 2460 1276 2488 personam
1294 2453 1350 2487 jam
1365 2452 1540 2480 constitutam
1554 2461 1561 2484 ;
1584 2459 1633 2479 cur
1649 2452 1707 2484 ille,

923 2499 967 2526 cui
983 2499 1137 2526 communis
1152 2504 1194 2526 est
1207 2506 1270 2526 cum
1285 2499 1365 2526 Patre
1380 2507 1434 2525 non
1452 2499 1628 2526 constitutiva
1646 2506 1706 2533 pro—

923 2546 1036 2581 prietas,
1055 2553 1109 2572 una
1132 2547 1284 2580 eademque
1311 2552 1428 2579 persona
1453 2553 1515 2572 cum
1540 2545 1599 2579 ipso
1619 2546 1706 2572 esset?

924 2592 1159 2625 Quemadmodum
1176 2592 1249 2619 enim
1269 2598 1415 2618 commune
1430 2591 1535 2618 habens
1549 2590 1634 2619 Filius
1647 2599 1706 2618 cum

925 2638 1015 2669 Patre,
1038 2638 1112 2671 quod
1138 2637 1257 2672 Spiritus
1272 2637 1381 2664 dicatur
1401 2636 1521 2671 Spiritus
1542 2638 1612 2672 ejus.
1631 2643 1708 2671 prout

924 2683 1024 2716 Patris,
1055 2685 1119 2711 item
1137 2683 1210 2718 qttod
1236 2683 1272 2711 ab
1289 2690 1322 2710 eo
1342 2684 1465 2712 mittatur
1489 2688 1570 2718 prout
1588 2692 1603 2710 a
1621 2684 1706 2713 Patre.

928 2734 1016 2756 tamen
1036 2737 1090 2756 non
1105 2735 1147 2756 εει
1160 2730 1254 2756 cadent
1269 2737 1386 2765 persona
1400 2738 1461 2757 cum
1477 2730 1567 2762 Ριιιιιε,
1586 2738 1619 2757 eo
1636 2735 1704 2765 quot:

926 2784 979 2804 non
996 2780 1038 2804 est
1057 2776 1277 2808 constitutivutn,
1294 2784 1346 2804 nec
1371 2777 1443 2811 quod
1469 2777 1586 2812 Spiritus
1601 2777 1705 2804 dicatur

928 2822 1046 2858 Spiritus
1059 2823 1157 2854 Patris,
1167 2830 1219 2850 nec
1232 2823 1304 2858 quod
1318 2831 1333 2850 a
1347 2823 1426 2851 Patre
1444 2824 1577 2851 mittatur.
1589 2825 1655 2851 Item
1669 2828 1702 2853 et-

928 2870 951 2898 si
962 2875 1106 2898 commune
1124 2869 1221 2898 liabeat
1233 2878 1295 2898 cum
1310 2870 1389 2898 Putre
1405 2871 1526 2906 spirandi
1550 2871 1698 2906 potentiam
