  <div class='ocr_page' id='page_1' title='image "/cluster/home/n/w/nwhite01/storage/ocr_20150623/161/njp.32101077773255/341.png"; bbox 0 0 1920 3063; ppageno 0'>
   <div class='ocr_carea' id='block_1_1' title="bbox 217 153 271 187">
    <p class='ocr_par' dir='ltr' id='par_1_1' title="bbox 217 153 271 187">
     <span class='ocr_line' id='line_1_1' title="bbox 217 153 271 187; baseline 0 -1"><span class='ocrx_word' id='word_1_1' title='bbox 217 153 271 187; x_wconf 74' lang='grc'><strong>439</strong></span> 
     </span>
    </p>
   </div>
   <div class='ocr_carea' id='block_1_2' title="bbox 709 165 1361 203">
    <p class='ocr_par' dir='ltr' id='par_1_2' title="bbox 709 165 1361 203">
     <span class='ocr_line' id='line_1_2' title="bbox 709 165 1361 203; baseline 0.014 -9"><span class='ocrx_word' id='word_1_2' title='bbox 709 165 962 197; x_wconf 59' lang='grc' dir='ltr'><strong>ΒΕΞΒΛΙΗΟΝῘΒ</strong></span> <span class='ocrx_word' id='word_1_3' title='bbox 978 167 1006 198; x_wconf 84' lang='lat' dir='ltr'><strong>S.</strong></span> <span class='ocrx_word' id='word_1_4' title='bbox 1024 167 1060 199; x_wconf 78' lang='lat' dir='ltr'><strong>R.</strong></span> <span class='ocrx_word' id='word_1_5' title='bbox 1082 169 1115 199; x_wconf 86' lang='lat' dir='ltr'><strong>E.</strong></span> <span class='ocrx_word' id='word_1_6' title='bbox 1130 171 1361 203; x_wconf 70' lang='lat' dir='ltr'><strong>CARDINALIS</strong></span> 
     </span>
    </p>
   </div>
   <div class='ocr_carea' id='block_1_3' title="bbox 1802 177 1859 210">
    <p class='ocr_par' dir='ltr' id='par_1_3' title="bbox 1802 177 1859 210">
     <span class='ocr_line' id='line_1_3' title="bbox 1802 177 1859 210; baseline -0.035 0"><span class='ocrx_word' id='word_1_7' title='bbox 1802 177 1859 210; x_wconf 73' lang='grc'><strong>440</strong></span> 
     </span>
    </p>
   </div>
   <div class='ocr_carea' id='block_1_4' title="bbox 219 223 1012 268">
    <p class='ocr_par' dir='ltr' id='par_1_4' title="bbox 219 223 999 266">
     <span class='ocr_line' id='line_1_4' title="bbox 219 223 999 266; baseline 0.012 -15"><span class='ocrx_word' id='word_1_8' title='bbox 219 231 274 251; x_wconf 75' lang='lat' dir='ltr'><strong>non</strong></span> <span class='ocrx_word' id='word_1_9' title='bbox 299 223 360 251; x_wconf 81' lang='lat' dir='ltr'><strong>idco</strong></span> <span class='ocrx_word' id='word_1_10' title='bbox 381 224 406 250; x_wconf 92' lang='lat' dir='ltr'><strong>in</strong></span> <span class='ocrx_word' id='word_1_11' title='bbox 429 227 553 254; x_wconf 77' lang='lat' dir='ltr'><strong>cannlcm</strong></span> <span class='ocrx_word' id='word_1_12' title='bbox 570 236 632 256; x_wconf 92' lang='lat' dir='ltr'><strong>cum</strong></span> <span class='ocrx_word' id='word_1_13' title='bbox 654 238 687 257; x_wconf 89' lang='lat' dir='ltr'><strong>eo</strong></span> <span class='ocrx_word' id='word_1_14' title='bbox 711 232 890 260; x_wconf 83' lang='lat' dir='ltr'><strong>confunditur</strong></span> <span class='ocrx_word' id='word_1_15' title='bbox 906 241 999 266; x_wconf 87' lang='lat' dir='ltr'><strong>perso-</strong></span> 
     </span>
    </p>
   </div>
   <div class='ocr_carea' id='block_1_5' title="bbox 1066 223 1858 268">
    <p class='ocr_par' dir='ltr' id='par_1_5' title="bbox 1066 226 1858 268">
     <span class='ocr_line' id='line_1_5' title="bbox 1066 226 1858 268; baseline 0.01 -17"><span class='ocrx_word' id='word_1_16' title='bbox 1066 226 1166 252; x_wconf 86' lang='lat' dir='ltr'><strong>entiam</strong></span> <span class='ocrx_word' id='word_1_17' title='bbox 1182 235 1189 259; x_wconf 91' lang='lat'>;</span> <span class='ocrx_word' id='word_1_18' title='bbox 1207 227 1229 253; x_wconf 87' lang='lat' dir='ltr'><strong>si</strong></span> <span class='ocrx_word' id='word_1_19' title='bbox 1244 228 1317 254; x_wconf 88' lang='lat' dir='ltr'><strong>enim</strong></span> <span class='ocrx_word' id='word_1_20' title='bbox 1331 229 1411 255; x_wconf 80' lang='lat' dir='ltr'><strong>Pater</strong></span> <span class='ocrx_word' id='word_1_21' title='bbox 1424 236 1479 255; x_wconf 92' lang='lat' dir='ltr'><strong>non</strong></span> <span class='ocrx_word' id='word_1_22' title='bbox 1497 234 1579 263; x_wconf 85' lang='lat' dir='ltr'><strong>esset,</strong></span> <span class='ocrx_word' id='word_1_23' title='bbox 1595 230 1679 259; x_wconf 83' lang='lat' dir='ltr'><strong>Filius</strong></span> <span class='ocrx_word' id='word_1_24' title='bbox 1695 237 1722 260; x_wconf 91' lang='lat' dir='ltr'><strong>et</strong></span> <span class='ocrx_word' id='word_1_25' title='bbox 1733 232 1858 268; x_wconf 82' lang='lat' dir='ltr'><strong>Spin‘tus</strong></span> 
     </span>
    </p>
   </div>
   <div class='ocr_carea' id='block_1_6' title="bbox 220 273 1010 314">
    <p class='ocr_par' dir='ltr' id='par_1_6' title="bbox 220 273 1010 314">
     <span class='ocr_line' id='line_1_6' title="bbox 220 273 1010 314; baseline 0.022 -20"><span class='ocrx_word' id='word_1_26' title='bbox 220 277 290 295; x_wconf 88' lang='lat' dir='ltr'><strong>nam.</strong></span> <span class='ocrx_word' id='word_1_27' title='bbox 322 278 383 297; x_wconf 91' lang='lat' dir='ltr'><strong>eum</strong></span> <span class='ocrx_word' id='word_1_28' title='bbox 413 273 518 304; x_wconf 74' lang='lat' dir='ltr'><strong>epirare</strong></span> <span class='ocrx_word' id='word_1_29' title='bbox 549 283 601 301; x_wconf 88' lang='lat' dir='ltr'><strong>non</strong></span> <span class='ocrx_word' id='word_1_30' title='bbox 642 278 677 304; x_wconf 82' lang='lat' dir='ltr'><strong>sit</strong></span> <span class='ocrx_word' id='word_1_31' title='bbox 705 280 853 312; x_wconf 82' lang='lat' dir='ltr'><strong>paternalis</strong></span> <span class='ocrx_word' id='word_1_32' title='bbox 886 289 1010 314; x_wconf 72' lang='lat' dir='ltr'><strong>personte</strong></span> 
     </span>
    </p>
   </div>
   <div class='ocr_carea' id='block_1_7' title="bbox 219 316 1011 363">
    <p class='ocr_par' dir='ltr' id='par_1_7' title="bbox 219 316 1011 363">
     <span class='ocr_line' id='line_1_7' title="bbox 219 316 1011 363; baseline 0.018 -21"><span class='ocrx_word' id='word_1_33' title='bbox 219 316 437 344; x_wconf 78' lang='lat' dir='ltr'><strong>ccnstitulivum.</strong></span> <span class='ocrx_word' id='word_1_34' title='bbox 465 320 554 352; x_wconf 88' lang='lat' dir='ltr'><strong>Quare</strong></span> <span class='ocrx_word' id='word_1_35' title='bbox 588 323 675 350; x_wconf 73' lang='lat' dir='ltr'><strong>donec</strong></span> <span class='ocrx_word' id='word_1_36' title='bbox 705 332 759 351; x_wconf 89' lang='lat' dir='ltr'><strong>non</strong></span> <span class='ocrx_word' id='word_1_37' title='bbox 795 327 925 359; x_wconf 88' lang='lat' dir='ltr'><strong>probetur</strong></span> <span class='ocrx_word' id='word_1_38' title='bbox 954 330 1011 363; x_wconf 88' lang='lat' dir='ltr'><strong>spi-</strong></span> 
     </span>
    </p>
   </div>
   <div class='ocr_carea' id='block_1_8' title="bbox 221 363 1011 404">
    <p class='ocr_par' dir='ltr' id='par_1_8' title="bbox 221 363 1011 404">
     <span class='ocr_line' id='line_1_8' title="bbox 221 363 1011 404; baseline 0.02 -17"><span class='ocrx_word' id='word_1_39' title='bbox 221 363 297 388; x_wconf 83' lang='lat' dir='ltr'><strong>randi</strong></span> <span class='ocrx_word' id='word_1_40' title='bbox 335 365 483 397; x_wconf 87' lang='lat' dir='ltr'><strong>polentiatn</strong></span> <span class='ocrx_word' id='word_1_41' title='bbox 516 370 665 400; x_wconf 81' lang='lat' dir='ltr'><strong>paternalis</strong></span> <span class='ocrx_word' id='word_1_42' title='bbox 700 379 824 404; x_wconf 64' lang='lat' dir='ltr'><strong>persona!</strong></span> <span class='ocrx_word' id='word_1_43' title='bbox 853 376 1011 403; x_wconf 87' lang='lat' dir='ltr'><strong>constituti-</strong></span> 
     </span>
    </p>
   </div>
   <div class='ocr_carea' id='block_1_9' title="bbox 221 412 1010 454">
    <p class='ocr_par' dir='ltr' id='par_1_9' title="bbox 221 412 1010 454">
     <span class='ocr_line' id='line_1_9' title="bbox 221 412 1010 454; baseline 0.02 -22"><span class='ocrx_word' id='word_1_44' title='bbox 221 415 282 433; x_wconf 81' lang='lat' dir='ltr'><strong>vatn</strong></span> <span class='ocrx_word' id='word_1_45' title='bbox 309 416 390 441; x_wconf 84' lang='lat' dir='ltr'><strong>ese,</strong></span> <span class='ocrx_word' id='word_1_46' title='bbox 420 418 470 437; x_wconf 89' lang='lat' dir='ltr'><strong>nec</strong></span> <span class='ocrx_word' id='word_1_47' title='bbox 493 412 618 439; x_wconf 74' lang='lat' dir='ltr'><strong>confusio</strong></span> <span class='ocrx_word' id='word_1_48' title='bbox 648 423 825 448; x_wconf 82' lang='lat' dir='ltr'><strong>personarum</strong></span> <span class='ocrx_word' id='word_1_49' title='bbox 855 420 917 446; x_wconf 87' lang='lat' dir='ltr'><strong>inde</strong></span> <span class='ocrx_word' id='word_1_50' title='bbox 947 429 1010 454; x_wconf 56' lang='grc' dir='ltr'><strong>[πο.</strong></span> 
     </span>
    </p>
   </div>
   <div class='ocr_carea' id='block_1_10' title="bbox 221 453 1008 495">
    <p class='ocr_par' dir='ltr' id='par_1_10' title="bbox 221 453 1008 495">
     <span class='ocr_line' id='line_1_10' title="bbox 221 453 1008 495; baseline 0.017 -15"><span class='ocrx_word' id='word_1_51' title='bbox 221 453 279 480; x_wconf 84' lang='lat' dir='ltr'><strong>bari</strong></span> <span class='ocrx_word' id='word_1_52' title='bbox 310 455 419 488; x_wconf 86' lang='lat' dir='ltr'><strong>poterit.</strong></span> <span class='ocrx_word' id='word_1_53' title='bbox 441 455 493 483; x_wconf 86' lang='lat' dir='ltr'><strong>Sed</strong></span> <span class='ocrx_word' id='word_1_54' title='bbox 522 458 645 492; x_wconf 88' lang='lat' dir='ltr'><strong>spirandi</strong></span> <span class='ocrx_word' id='word_1_55' title='bbox 676 463 798 495; x_wconf 85' lang='lat' dir='ltr'><strong>potentia</strong></span> <span class='ocrx_word' id='word_1_56' title='bbox 832 453 1008 494; x_wconf 86' lang='lat' dir='ltr'><strong>constitutiva</strong></span> 
     </span>
    </p>
   </div>
   <div class='ocr_carea' id='block_1_11' title="bbox 220 501 1010 545">
    <p class='ocr_par' dir='ltr' id='par_1_11' title="bbox 220 501 1010 545">
     <span class='ocr_line' id='line_1_11' title="bbox 220 501 1010 545; baseline 0.015 -19"><span class='ocrx_word' id='word_1_57' title='bbox 220 507 291 533; x_wconf 64' lang='lat' dir='ltr'><strong>cscc,</strong></span> <span class='ocrx_word' id='word_1_58' title='bbox 313 501 420 534; x_wconf 70' lang='lat' dir='ltr'><strong>probari</strong></span> <span class='ocrx_word' id='word_1_59' title='bbox 447 510 499 530; x_wconf 91' lang='lat' dir='ltr'><strong>non</strong></span> <span class='ocrx_word' id='word_1_60' title='bbox 525 509 614 538; x_wconf 86' lang='lat' dir='ltr'><strong>potest</strong></span> <span class='ocrx_word' id='word_1_61' title='bbox 639 515 646 531; x_wconf 84' lang='lat'><strong>:</strong></span> <span class='ocrx_word' id='word_1_62' title='bbox 672 515 732 534; x_wconf 84' lang='lat' dir='ltr'><strong>cum</strong></span> <span class='ocrx_word' id='word_1_63' title='bbox 756 509 819 542; x_wconf 82' lang='lat' dir='ltr'><strong>quia</strong></span> <span class='ocrx_word' id='word_1_64' title='bbox 848 517 1010 545; x_wconf 86' lang='lat' dir='ltr'><strong>sequeretur</strong></span> 
     </span>
    </p>
   </div>
   <div class='ocr_carea' id='block_1_12' title="bbox 220 546 1010 592">
    <p class='ocr_par' dir='ltr' id='par_1_12' title="bbox 220 546 1010 592">
     <span class='ocr_line' id='line_1_12' title="bbox 220 546 1010 592; baseline 0.02 -22"><span class='ocrx_word' id='word_1_65' title='bbox 220 547 291 579; x_wconf 84' lang='lat' dir='ltr'><strong>quoi</strong></span> <span class='ocrx_word' id='word_1_66' title='bbox 314 546 392 573; x_wconf 80' lang='lat' dir='ltr'><strong>Pater</strong></span> <span class='ocrx_word' id='word_1_67' title='bbox 413 547 526 575; x_wconf 80' lang='lat' dir='ltr'><strong>haberet</strong></span> <span class='ocrx_word' id='word_1_68' title='bbox 539 550 608 578; x_wconf 88' lang='lat' dir='ltr'><strong>duas</strong></span> <span class='ocrx_word' id='word_1_69' title='bbox 639 560 770 586; x_wconf 83' lang='lat' dir='ltr'><strong>personas</strong></span> <span class='ocrx_word' id='word_1_70' title='bbox 793 561 820 581; x_wconf 80' lang='lat' dir='ltr'><strong>et</strong></span> <span class='ocrx_word' id='word_1_71' title='bbox 839 556 907 584; x_wconf 86' lang='lat' dir='ltr'><strong>duas</strong></span> <span class='ocrx_word' id='word_1_72' title='bbox 924 558 1010 592; x_wconf 77' lang='lat' dir='ltr'><strong>hypo-</strong></span> 
     </span>
    </p>
   </div>
   <div class='ocr_carea' id='block_1_13' title="bbox 220 595 1008 633">
    <p class='ocr_par' dir='ltr' id='par_1_13' title="bbox 220 595 1008 633">
     <span class='ocr_line' id='line_1_13' title="bbox 220 595 1008 633; baseline 0.019 -15"><span class='ocrx_word' id='word_1_73' title='bbox 220 598 317 621; x_wconf 65' lang='lat' dir='ltr'><strong>stascs.</strong></span> <span class='ocrx_word' id='word_1_74' title='bbox 341 601 369 621; x_wconf 92' lang='lat' dir='ltr'><strong>ut</strong></span> <span class='ocrx_word' id='word_1_75' title='bbox 390 595 416 622; x_wconf 92' lang='lat' dir='ltr'><strong>in</strong></span> <span class='ocrx_word' id='word_1_76' title='bbox 437 597 572 631; x_wconf 87' lang='lat' dir='ltr'><strong>principio</strong></span> <span class='ocrx_word' id='word_1_77' title='bbox 594 600 736 632; x_wconf 83' lang='lat' dir='ltr'><strong>probatum</strong></span> <span class='ocrx_word' id='word_1_78' title='bbox 761 607 812 632; x_wconf 77' lang='lat' dir='ltr'><strong>est.</strong></span> <span class='ocrx_word' id='word_1_79' title='bbox 841 603 893 631; x_wconf 88' lang='lat' dir='ltr'><strong>hoc</strong></span> <span class='ocrx_word' id='word_1_80' title='bbox 917 610 1008 633; x_wconf 84' lang='lat' dir='ltr'><strong>autem</strong></span> 
     </span>
    </p>
   </div>
   <div class='ocr_carea' id='block_1_14' title="bbox 221 637 1008 683">
    <p class='ocr_par' dir='ltr' id='par_1_14' title="bbox 221 637 1008 683">
     <span class='ocr_line' id='line_1_14' title="bbox 221 637 1008 683; baseline 0.019 -20"><span class='ocrx_word' id='word_1_81' title='bbox 221 637 417 667; x_wconf 82' lang='lat' dir='ltr'><strong>inconveniens</strong></span> <span class='ocrx_word' id='word_1_82' title='bbox 431 650 436 667; x_wconf 88' lang='lat'><strong>:</strong></span> <span class='ocrx_word' id='word_1_83' title='bbox 450 645 506 668; x_wconf 91' lang='lat' dir='ltr'><strong>tum</strong></span> <span class='ocrx_word' id='word_1_84' title='bbox 521 643 584 676; x_wconf 83' lang='lat' dir='ltr'><strong>quia</strong></span> <span class='ocrx_word' id='word_1_85' title='bbox 601 643 658 671; x_wconf 81' lang='lat' dir='ltr'><strong>inec</strong></span> <span class='ocrx_word' id='word_1_86' title='bbox 675 646 770 679; x_wconf 88' lang='lat' dir='ltr'><strong>petilio</strong></span> <span class='ocrx_word' id='word_1_87' title='bbox 782 647 908 683; x_wconf 80' lang='lat' dir='ltr'><strong>principii</strong></span> <span class='ocrx_word' id='word_1_88' title='bbox 923 656 1008 678; x_wconf 89' lang='lat' dir='ltr'><strong>esset.</strong></span> 
     </span>
    </p>
   </div>
   <div class='ocr_carea' id='block_1_15' title="bbox 221 683 1008 724">
    <p class='ocr_par' dir='ltr' id='par_1_15' title="bbox 221 683 1008 724">
     <span class='ocr_line' id='line_1_15' title="bbox 221 683 1008 724; baseline 0.017 -14"><span class='ocrx_word' id='word_1_89' title='bbox 221 683 325 712; x_wconf 75' lang='lat' dir='ltr'><strong>l‘n&#39;iere</strong></span> <span class='ocrx_word' id='word_1_90' title='bbox 350 694 467 720; x_wconf 89' lang='lat' dir='ltr'><strong>namque</strong></span> <span class='ocrx_word' id='word_1_91' title='bbox 495 689 644 722; x_wconf 92' lang='lat' dir='ltr'><strong>potentiam</strong></span> <span class='ocrx_word' id='word_1_92' title='bbox 663 691 786 723; x_wconf 79' lang='lat' dir='ltr'><strong>spirandi</strong></span> <span class='ocrx_word' id='word_1_93' title='bbox 804 694 1008 724; x_wconf 51' lang='lat' dir='ltr'><strong>constitutivam</strong></span> 
     </span>
    </p>
   </div>
   <div class='ocr_carea' id='block_1_16' title="bbox 219 733 1008 775">
    <p class='ocr_par' dir='ltr' id='par_1_16' title="bbox 219 733 1008 775">
     <span class='ocr_line' id='line_1_16' title="bbox 219 733 1008 775; baseline 0.018 -20"><span class='ocrx_word' id='word_1_94' title='bbox 219 737 279 757; x_wconf 86' lang='lat' dir='ltr'><strong>csse</strong></span> <span class='ocrx_word' id='word_1_95' title='bbox 299 739 423 764; x_wconf 72' lang='lat' dir='ltr'><strong>personre</strong></span> <span class='ocrx_word' id='word_1_96' title='bbox 445 733 542 763; x_wconf 80' lang='lat' dir='ltr'><strong>Patris.</strong></span> <span class='ocrx_word' id='word_1_97' title='bbox 570 739 597 760; x_wconf 84' lang='lat' dir='ltr'><strong>et</strong></span> <span class='ocrx_word' id='word_1_98' title='bbox 619 742 652 762; x_wconf 75' lang='lat' dir='ltr'><strong>ex</strong></span> <span class='ocrx_word' id='word_1_99' title='bbox 669 736 750 763; x_wconf 83' lang='lat' dir='ltr'><strong>Patre</strong></span> <span class='ocrx_word' id='word_1_100' title='bbox 769 739 856 766; x_wconf 89' lang='lat' dir='ltr'><strong>solum</strong></span> <span class='ocrx_word' id='word_1_101' title='bbox 876 740 1008 775; x_wconf 78' lang='lat' dir='ltr'><strong>Spiritum</strong></span> 
     </span>
    </p>
   </div>
   <div class='ocr_carea' id='block_1_17' title="bbox 221 777 1008 820">
    <p class='ocr_par' dir='ltr' id='par_1_17' title="bbox 221 777 1008 820">
     <span class='ocr_line' id='line_1_17' title="bbox 221 777 1008 820; baseline 0.018 -20"><span class='ocrx_word' id='word_1_102' title='bbox 221 777 381 809; x_wconf 83' lang='lat' dir='ltr'><strong>procedere,</strong></span> <span class='ocrx_word' id='word_1_103' title='bbox 398 785 481 804; x_wconf 89' lang='lat' dir='ltr'><strong>unum</strong></span> <span class='ocrx_word' id='word_1_104' title='bbox 497 783 524 806; x_wconf 88' lang='lat' dir='ltr'><strong>et</strong></span> <span class='ocrx_word' id='word_1_105' title='bbox 539 779 609 806; x_wconf 85' lang='lat' dir='ltr'><strong>idem</strong></span> <span class='ocrx_word' id='word_1_106' title='bbox 628 786 679 808; x_wconf 87' lang='lat' dir='ltr'><strong>est.</strong></span> <span class='ocrx_word' id='word_1_107' title='bbox 697 782 787 814; x_wconf 90' lang='lat' dir='ltr'><strong>Quare</strong></span> <span class='ocrx_word' id='word_1_108' title='bbox 799 784 844 818; x_wconf 89' lang='lat' dir='ltr'><strong>qui</strong></span> <span class='ocrx_word' id='word_1_109' title='bbox 861 785 913 812; x_wconf 89' lang='lat' dir='ltr'><strong>hoc</strong></span> <span class='ocrx_word' id='word_1_110' title='bbox 930 786 1008 820; x_wconf 87' lang='lat' dir='ltr'><strong>dicit,</strong></span> 
     </span>
    </p>
   </div>
   <div class='ocr_carea' id='block_1_18' title="bbox 221 822 1007 866">
    <p class='ocr_par' dir='ltr' id='par_1_18' title="bbox 221 822 1007 866">
     <span class='ocr_line' id='line_1_18' title="bbox 221 822 1007 866; baseline 0.017 -20"><span class='ocrx_word' id='word_1_111' title='bbox 221 822 289 854; x_wconf 88' lang='lat' dir='ltr'><strong>petit</strong></span> <span class='ocrx_word' id='word_1_112' title='bbox 315 822 492 858; x_wconf 84' lang='lat' dir='ltr'><strong>principium.</strong></span> <span class='ocrx_word' id='word_1_113' title='bbox 511 825 579 852; x_wconf 84' lang='lat' dir='ltr'><strong>Cum</strong></span> <span class='ocrx_word' id='word_1_114' title='bbox 605 832 695 854; x_wconf 88' lang='lat' dir='ltr'><strong>autem</strong></span> <span class='ocrx_word' id='word_1_115' title='bbox 722 828 773 855; x_wconf 87' lang='lat' dir='ltr'><strong>huc</strong></span> <span class='ocrx_word' id='word_1_116' title='bbox 792 837 845 856; x_wconf 88' lang='lat' dir='ltr'><strong>non</strong></span> <span class='ocrx_word' id='word_1_117' title='bbox 865 831 1007 866; x_wconf 75' lang='lat' dir='ltr'><strong>probetur,</strong></span> 
     </span>
    </p>
   </div>
   <div class='ocr_carea' id='block_1_19' title="bbox 220 868 1008 910">
    <p class='ocr_par' dir='ltr' id='par_1_19' title="bbox 220 868 1008 910">
     <span class='ocr_line' id='line_1_19' title="bbox 220 868 1008 910; baseline 0.015 -17"><span class='ocrx_word' id='word_1_118' title='bbox 220 874 271 894; x_wconf 81' lang='lat' dir='ltr'><strong>nec</strong></span> <span class='ocrx_word' id='word_1_119' title='bbox 287 868 413 895; x_wconf 87' lang='lat' dir='ltr'><strong>e0nl&#39;usio</strong></span> <span class='ocrx_word' id='word_1_120' title='bbox 434 877 612 904; x_wconf 82' lang='lat' dir='ltr'><strong>personarum</strong></span> <span class='ocrx_word' id='word_1_121' title='bbox 630 873 765 907; x_wconf 89' lang='lat' dir='ltr'><strong>sequitur,</strong></span> <span class='ocrx_word' id='word_1_122' title='bbox 785 883 939 910; x_wconf 86' lang='lat' dir='ltr'><strong>quanquam</strong></span> <span class='ocrx_word' id='word_1_123' title='bbox 952 879 1008 905; x_wconf 88' lang='lat' dir='ltr'><strong>sint</strong></span> 
     </span>
    </p>
   </div>
   <div class='ocr_carea' id='block_1_20' title="bbox 221 913 1009 954">
    <p class='ocr_par' dir='ltr' id='par_1_20' title="bbox 221 913 1009 954">
     <span class='ocr_line' id='line_1_20' title="bbox 221 913 1009 954; baseline 0.015 -15"><span class='ocrx_word' id='word_1_124' title='bbox 221 913 268 948; x_wconf 87' lang='lat' dir='ltr'><strong>qui</strong></span> <span class='ocrx_word' id='word_1_125' title='bbox 293 914 416 942; x_wconf 85' lang='lat' dir='ltr'><strong>credant.</strong></span> <span class='ocrx_word' id='word_1_126' title='bbox 447 915 552 942; x_wconf 76' lang='lat' dir='ltr'><strong>Dictum</strong></span> <span class='ocrx_word' id='word_1_127' title='bbox 580 924 622 944; x_wconf 79' lang='lat' dir='ltr'><strong>est</strong></span> <span class='ocrx_word' id='word_1_128' title='bbox 642 924 732 945; x_wconf 86' lang='lat' dir='ltr'><strong>autem</strong></span> <span class='ocrx_word' id='word_1_129' title='bbox 762 920 789 946; x_wconf 92' lang='lat' dir='ltr'><strong>in</strong></span> <span class='ocrx_word' id='word_1_130' title='bbox 819 922 1009 954; x_wconf 69' lang='lat' dir='ltr'><strong>superioribus</strong></span> 
     </span>
    </p>
   </div>
   <div class='ocr_carea' id='block_1_21' title="bbox 222 963 1012 998">
    <p class='ocr_par' dir='ltr' id='par_1_21' title="bbox 222 963 1012 998">
     <span class='ocr_line' id='line_1_21' title="bbox 222 963 1012 998; baseline 0.013 -13"><span class='ocrx_word' id='word_1_131' title='bbox 222 967 346 994; x_wconf 64' lang='lat' dir='ltr'><strong>quietiam</strong></span> <span class='ocrx_word' id='word_1_132' title='bbox 371 969 465 988; x_wconf 88' lang='lat' dir='ltr'><strong>eorum</strong></span> <span class='ocrx_word' id='word_1_133' title='bbox 483 970 544 996; x_wconf 76' lang='lat' dir='ltr'><strong>qua:</strong></span> <span class='ocrx_word' id='word_1_134' title='bbox 567 963 600 990; x_wconf 87' lang='lat' dir='ltr'><strong>de</strong></span> <span class='ocrx_word' id='word_1_135' title='bbox 629 964 683 991; x_wconf 82' lang='lat' dir='ltr'><strong>Deo</strong></span> <span class='ocrx_word' id='word_1_136' title='bbox 700 965 840 998; x_wconf 86' lang='lat' dir='ltr'><strong>dicuntur,</strong></span> <span class='ocrx_word' id='word_1_137' title='bbox 856 969 1012 996; x_wconf 80' lang='lat' dir='ltr'><strong>communia</strong></span> 
     </span>
    </p>
   </div>
   <div class='ocr_carea' id='block_1_22' title="bbox 223 1008 1013 1046">
    <p class='ocr_par' dir='ltr' id='par_1_22' title="bbox 223 1008 1013 1046">
     <span class='ocr_line' id='line_1_22' title="bbox 223 1008 1013 1046; baseline 0.013 -14"><span class='ocrx_word' id='word_1_138' title='bbox 223 1013 284 1032; x_wconf 86' lang='lat' dir='ltr'><strong>sunt</strong></span> <span class='ocrx_word' id='word_1_139' title='bbox 301 1016 307 1038; x_wconf 88' lang='lat'>;</span> <span class='ocrx_word' id='word_1_140' title='bbox 321 1014 380 1039; x_wconf 73' lang='lat' dir='ltr'><strong>quze</strong></span> <span class='ocrx_word' id='word_1_141' title='bbox 396 1008 517 1042; x_wconf 83' lang='lat' dir='ltr'><strong>propria,</strong></span> <span class='ocrx_word' id='word_1_142' title='bbox 531 1013 558 1035; x_wconf 83' lang='lat' dir='ltr'><strong>et</strong></span> <span class='ocrx_word' id='word_1_143' title='bbox 575 1012 751 1044; x_wconf 86' lang='lat' dir='ltr'><strong>propriorum</strong></span> <span class='ocrx_word' id='word_1_144' title='bbox 766 1020 890 1046; x_wconf 64' lang='lat' dir='ltr'><strong>quaenam</strong></span> <span class='ocrx_word' id='word_1_145' title='bbox 906 1014 1013 1043; x_wconf 87' lang='lat' dir='ltr'><strong>duabus</strong></span> 
     </span>
    </p>
   </div>
   <div class='ocr_carea' id='block_1_23' title="bbox 224 1053 1014 1095">
    <p class='ocr_par' dir='ltr' id='par_1_23' title="bbox 224 1053 1014 1095">
     <span class='ocr_line' id='line_1_23' title="bbox 224 1053 1014 1095; baseline 0.013 -17"><span class='ocrx_word' id='word_1_146' title='bbox 224 1053 347 1086; x_wconf 63' lang='lat' dir='ltr'><strong>personis</strong></span> <span class='ocrx_word' id='word_1_147' title='bbox 370 1055 479 1087; x_wconf 88' lang='lat' dir='ltr'><strong>propria</strong></span> <span class='ocrx_word' id='word_1_148' title='bbox 495 1064 501 1087; x_wconf 86' lang='grc'>;</span> <span class='ocrx_word' id='word_1_149' title='bbox 521 1064 581 1090; x_wconf 76' lang='lat' dir='ltr'><strong>qua:</strong></span> <span class='ocrx_word' id='word_1_150' title='bbox 600 1064 665 1083; x_wconf 87' lang='lat' dir='ltr'><strong>vero</strong></span> <span class='ocrx_word' id='word_1_151' title='bbox 684 1058 730 1085; x_wconf 89' lang='lat' dir='ltr'><strong>uni</strong></span> <span class='ocrx_word' id='word_1_152' title='bbox 755 1059 817 1090; x_wconf 87' lang='lat' dir='ltr'><strong>soli,</strong></span> <span class='ocrx_word' id='word_1_153' title='bbox 841 1067 935 1086; x_wconf 81' lang='lat' dir='ltr'><strong>eorum</strong></span> <span class='ocrx_word' id='word_1_154' title='bbox 953 1069 1014 1095; x_wconf 74' lang='lat' dir='ltr'><strong>qua:</strong></span> 
     </span>
    </p>
   </div>
   <div class='ocr_carea' id='block_1_24' title="bbox 225 1096 1014 1138">
    <p class='ocr_par' dir='ltr' id='par_1_24' title="bbox 225 1096 1014 1138">
     <span class='ocr_line' id='line_1_24' title="bbox 225 1096 1014 1138; baseline 0.015 -18"><span class='ocrx_word' id='word_1_155' title='bbox 225 1096 270 1122; x_wconf 89' lang='lat' dir='ltr'><strong>nni</strong></span> <span class='ocrx_word' id='word_1_156' title='bbox 285 1097 334 1123; x_wconf 89' lang='lat' dir='ltr'><strong>snh</strong></span> <span class='ocrx_word' id='word_1_157' title='bbox 348 1106 354 1129; x_wconf 88' lang='lat'>;</span> <span class='ocrx_word' id='word_1_158' title='bbox 367 1105 494 1132; x_wconf 70' lang='lat' dir='ltr'><strong>qumnatn</strong></span> <span class='ocrx_word' id='word_1_159' title='bbox 506 1099 542 1126; x_wconf 89' lang='lat' dir='ltr'><strong>ita</strong></span> <span class='ocrx_word' id='word_1_160' title='bbox 556 1101 666 1135; x_wconf 90' lang='lat' dir='ltr'><strong>propria</strong></span> <span class='ocrx_word' id='word_1_161' title='bbox 679 1107 752 1135; x_wconf 81' lang='lat' dir='ltr'><strong>sunt,</strong></span> <span class='ocrx_word' id='word_1_162' title='bbox 766 1106 795 1129; x_wconf 91' lang='lat' dir='ltr'><strong>ut</strong></span> <span class='ocrx_word' id='word_1_163' title='bbox 821 1108 848 1130; x_wconf 80' lang='lat' dir='ltr'><strong>ct</strong></span> <span class='ocrx_word' id='word_1_164' title='bbox 859 1105 1014 1138; x_wconf 87' lang='lat' dir='ltr'><strong>pcrsonalia</strong></span> 
     </span>
    </p>
   </div>
   <div class='ocr_carea' id='block_1_25' title="bbox 223 1141 1014 1184">
    <p class='ocr_par' dir='ltr' id='par_1_25' title="bbox 223 1141 1014 1184">
     <span class='ocr_line' id='line_1_25' title="bbox 223 1141 1014 1184; baseline 0.013 -17"><span class='ocrx_word' id='word_1_165' title='bbox 223 1141 283 1169; x_wconf 85' lang='lat' dir='ltr'><strong>sive</strong></span> <span class='ocrx_word' id='word_1_166' title='bbox 297 1143 466 1178; x_wconf 73' lang='lat' dir='ltr'><strong>hypostatica</strong></span> <span class='ocrx_word' id='word_1_167' title='bbox 484 1145 538 1172; x_wconf 86' lang='lat' dir='ltr'><strong>sint</strong></span> <span class='ocrx_word' id='word_1_168' title='bbox 551 1154 558 1178; x_wconf 92' lang='lat'>;</span> <span class='ocrx_word' id='word_1_169' title='bbox 572 1154 632 1181; x_wconf 77' lang='lat' dir='ltr'><strong>qua:</strong></span> <span class='ocrx_word' id='word_1_170' title='bbox 648 1155 712 1174; x_wconf 87' lang='lat' dir='ltr'><strong>vero</strong></span> <span class='ocrx_word' id='word_1_171' title='bbox 730 1147 764 1174; x_wconf 90' lang='lat' dir='ltr'><strong>ita</strong></span> <span class='ocrx_word' id='word_1_172' title='bbox 782 1150 902 1184; x_wconf 87' lang='lat' dir='ltr'><strong>propria,</strong></span> <span class='ocrx_word' id='word_1_173' title='bbox 920 1154 949 1176; x_wconf 92' lang='lat' dir='ltr'><strong>ut</strong></span> <span class='ocrx_word' id='word_1_174' title='bbox 965 1158 1014 1177; x_wconf 93' lang='lat' dir='ltr'><strong>no-</strong></span> 
     </span>
    </p>
   </div>
   <div class='ocr_carea' id='block_1_26' title="bbox 225 1188 1013 1230">
    <p class='ocr_par' dir='ltr' id='par_1_26' title="bbox 225 1188 1013 1230">
     <span class='ocr_line' id='line_1_26' title="bbox 225 1188 1013 1230; baseline 0.011 -16"><span class='ocrx_word' id='word_1_175' title='bbox 225 1188 316 1216; x_wconf 84' lang='lat' dir='ltr'><strong>tiones</strong></span> <span class='ocrx_word' id='word_1_176' title='bbox 340 1197 393 1216; x_wconf 89' lang='lat' dir='ltr'><strong>non</strong></span> <span class='ocrx_word' id='word_1_177' title='bbox 416 1194 445 1217; x_wconf 90' lang='lat' dir='ltr'><strong>ut</strong></span> <span class='ocrx_word' id='word_1_178' title='bbox 469 1190 658 1226; x_wconf 82' lang='lat' dir='ltr'><strong>hypostatica;</strong></span> <span class='ocrx_word' id='word_1_179' title='bbox 683 1194 763 1228; x_wconf 91' lang='lat' dir='ltr'><strong>quale</strong></span> <span class='ocrx_word' id='word_1_180' title='bbox 790 1195 877 1229; x_wconf 89' lang='lat' dir='ltr'><strong>ipsntn</strong></span> <span class='ocrx_word' id='word_1_181' title='bbox 904 1204 1013 1230; x_wconf 87' lang='lat' dir='ltr'><strong>quoque</strong></span> 
     </span>
    </p>
   </div>
   <div class='ocr_carea' id='block_1_27' title="bbox 224 1235 1014 1275">
    <p class='ocr_par' dir='ltr' id='par_1_27' title="bbox 224 1235 1014 1275">
     <span class='ocr_line' id='line_1_27' title="bbox 224 1235 1014 1275; baseline 0.01 -15"><span class='ocrx_word' id='word_1_182' title='bbox 224 1235 330 1267; x_wconf 78' lang='lat' dir='ltr'><strong>spirare</strong></span> <span class='ocrx_word' id='word_1_183' title='bbox 354 1235 457 1263; x_wconf 90' lang='lat' dir='ltr'><strong>dictum</strong></span> <span class='ocrx_word' id='word_1_184' title='bbox 485 1241 528 1264; x_wconf 87' lang='lat' dir='ltr'><strong>est</strong></span> <span class='ocrx_word' id='word_1_185' title='bbox 552 1245 623 1266; x_wconf 86' lang='lat' dir='ltr'><strong>esse.</strong></span> <span class='ocrx_word' id='word_1_186' title='bbox 643 1239 728 1274; x_wconf 75' lang='lat' dir='ltr'><strong>Igitur</strong></span> <span class='ocrx_word' id='word_1_187' title='bbox 743 1247 775 1266; x_wconf 77' lang='lat' dir='ltr'><strong>ex</strong></span> <span class='ocrx_word' id='word_1_188' title='bbox 800 1240 832 1268; x_wconf 90' lang='lat' dir='ltr'><strong>iis</strong></span> <span class='ocrx_word' id='word_1_189' title='bbox 858 1249 918 1275; x_wconf 63' lang='lat' dir='ltr'><strong>qua;</strong></span> <span class='ocrx_word' id='word_1_190' title='bbox 940 1249 1014 1269; x_wconf 91' lang='lat' dir='ltr'><strong>nunc</strong></span> 
     </span>
    </p>
   </div>
   <div class='ocr_carea' id='block_1_28' title="bbox 226 1281 1013 1322">
    <p class='ocr_par' dir='ltr' id='par_1_28' title="bbox 226 1281 1013 1322">
     <span class='ocr_line' id='line_1_28' title="bbox 226 1281 1013 1322; baseline 0.008 -15"><span class='ocrx_word' id='word_1_191' title='bbox 226 1281 299 1308; x_wconf 81' lang='lat' dir='ltr'><strong>dicta</strong></span> <span class='ocrx_word' id='word_1_192' title='bbox 315 1286 389 1313; x_wconf 87' lang='lat' dir='ltr'><strong>sunt,</strong></span> <span class='ocrx_word' id='word_1_193' title='bbox 411 1287 439 1309; x_wconf 86' lang='lat' dir='ltr'><strong>et</strong></span> <span class='ocrx_word' id='word_1_194' title='bbox 457 1290 491 1310; x_wconf 77' lang='lat' dir='ltr'><strong>ex</strong></span> <span class='ocrx_word' id='word_1_195' title='bbox 507 1283 541 1310; x_wconf 88' lang='lat' dir='ltr'><strong>iis</strong></span> <span class='ocrx_word' id='word_1_196' title='bbox 560 1291 620 1319; x_wconf 69' lang='lat' dir='ltr'><strong>quae</strong></span> <span class='ocrx_word' id='word_1_197' title='bbox 637 1284 663 1311; x_wconf 94' lang='lat' dir='ltr'><strong>in</strong></span> <span class='ocrx_word' id='word_1_198' title='bbox 686 1285 875 1320; x_wconf 77' lang='lat' dir='ltr'><strong>superioribus</strong></span> <span class='ocrx_word' id='word_1_199' title='bbox 893 1295 1013 1322; x_wconf 67' lang='lat' dir='ltr'><strong>praesup-</strong></span> 
     </span>
    </p>
   </div>
   <div class='ocr_carea' id='block_1_29' title="bbox 225 1327 1009 1366">
    <p class='ocr_par' dir='ltr' id='par_1_29' title="bbox 225 1327 1009 1366">
     <span class='ocr_line' id='line_1_29' title="bbox 225 1327 1009 1366; baseline 0.009 -14"><span class='ocrx_word' id='word_1_200' title='bbox 225 1327 313 1360; x_wconf 85' lang='lat' dir='ltr'><strong>posita</strong></span> <span class='ocrx_word' id='word_1_201' title='bbox 329 1327 449 1359; x_wconf 82' lang='lat' dir='ltr'><strong>fuerunt,</strong></span> <span class='ocrx_word' id='word_1_202' title='bbox 469 1328 550 1363; x_wconf 88' lang='lat' dir='ltr'><strong>hujus</strong></span> <span class='ocrx_word' id='word_1_203' title='bbox 568 1329 787 1357; x_wconf 86' lang='lat' dir='ltr'><strong>inconvenientis</strong></span> <span class='ocrx_word' id='word_1_204' title='bbox 803 1331 903 1358; x_wconf 88' lang='lat' dir='ltr'><strong>solutio</strong></span> <span class='ocrx_word' id='word_1_205' title='bbox 924 1336 1009 1366; x_wconf 86' lang='lat' dir='ltr'><strong>patet.</strong></span> 
     </span>
    </p>
   </div>
   <div class='ocr_carea' id='block_1_30' title="bbox 225 1370 1013 1411">
    <p class='ocr_par' dir='ltr' id='par_1_30' title="bbox 225 1370 1013 1411">
     <span class='ocr_line' id='line_1_30' title="bbox 225 1370 1013 1411; baseline 0.009 -13"><span class='ocrx_word' id='word_1_206' title='bbox 225 1370 281 1399; x_wconf 82' lang='lat' dir='ltr'><strong>Nec</strong></span> <span class='ocrx_word' id='word_1_207' title='bbox 297 1372 377 1399; x_wconf 78' lang='lat' dir='ltr'><strong>habet</strong></span> <span class='ocrx_word' id='word_1_208' title='bbox 387 1373 521 1408; x_wconf 83' lang='lat' dir='ltr'><strong>quispiam</strong></span> <span class='ocrx_word' id='word_1_209' title='bbox 535 1375 651 1409; x_wconf 87' lang='lat' dir='ltr'><strong>amplius</strong></span> <span class='ocrx_word' id='word_1_210' title='bbox 665 1382 795 1402; x_wconf 82' lang='lat' dir='ltr'><strong>accusare</strong></span> <span class='ocrx_word' id='word_1_211' title='bbox 806 1375 928 1409; x_wconf 85' lang='lat' dir='ltr'><strong>Latinos,</strong></span> <span class='ocrx_word' id='word_1_212' title='bbox 940 1379 1013 1411; x_wconf 90' lang='lat' dir='ltr'><strong>quod</strong></span> 
     </span>
    </p>
   </div>
   <div class='ocr_carea' id='block_1_31' title="bbox 224 1417 1011 1454">
    <p class='ocr_par' dir='ltr' id='par_1_31' title="bbox 224 1417 1011 1454">
     <span class='ocr_line' id='line_1_31' title="bbox 224 1417 1011 1454; baseline 0.008 -11"><span class='ocrx_word' id='word_1_213' title='bbox 224 1417 413 1445; x_wconf 82' lang='lat' dir='ltr'><strong>confusionem</strong></span> <span class='ocrx_word' id='word_1_214' title='bbox 439 1419 616 1446; x_wconf 83' lang='lat' dir='ltr'><strong>introducam.</strong></span> <span class='ocrx_word' id='word_1_215' title='bbox 637 1427 825 1454; x_wconf 80' lang='lat' dir='ltr'><strong>personarum.</strong></span> <span class='ocrx_word' id='word_1_216' title='bbox 853 1421 888 1448; x_wconf 88' lang='lat' dir='ltr'><strong>De</strong></span> <span class='ocrx_word' id='word_1_217' title='bbox 902 1422 1011 1450; x_wconf 86' lang='lat' dir='ltr'><strong>duabus</strong></span> 
     </span>
    </p>
   </div>
   <div class='ocr_carea' id='block_1_32' title="bbox 224 1464 1011 1501">
    <p class='ocr_par' dir='ltr' id='par_1_32' title="bbox 224 1464 1011 1501">
     <span class='ocr_line' id='line_1_32' title="bbox 224 1464 1011 1501; baseline 0.01 -13"><span class='ocrx_word' id='word_1_218' title='bbox 224 1471 291 1490; x_wconf 78' lang='lat' dir='ltr'><strong>vero</strong></span> <span class='ocrx_word' id='word_1_219' title='bbox 305 1465 404 1496; x_wconf 84' lang='lat' dir='ltr'><strong>causis,</strong></span> <span class='ocrx_word' id='word_1_220' title='bbox 423 1464 480 1492; x_wconf 85' lang='lat' dir='ltr'><strong>sive</strong></span> <span class='ocrx_word' id='word_1_221' title='bbox 495 1465 602 1492; x_wconf 88' lang='lat' dir='ltr'><strong>duobus</strong></span> <span class='ocrx_word' id='word_1_222' title='bbox 617 1465 768 1500; x_wconf 84' lang='lat' dir='ltr'><strong>principiis,</strong></span> <span class='ocrx_word' id='word_1_223' title='bbox 784 1475 844 1501; x_wconf 69' lang='lat' dir='ltr'><strong>quae</strong></span> <span class='ocrx_word' id='word_1_224' title='bbox 859 1467 884 1495; x_wconf 90' lang='lat' dir='ltr'><strong>in</strong></span> <span class='ocrx_word' id='word_1_225' title='bbox 905 1469 1011 1496; x_wconf 72' lang='grc'><strong>1110010-</strong></span> 
     </span>
    </p>
   </div>
   <div class='ocr_carea' id='block_1_33' title="bbox 224 1509 1010 1550">
    <p class='ocr_par' dir='ltr' id='par_1_33' title="bbox 224 1509 1010 1550">
     <span class='ocr_line' id='line_1_33' title="bbox 224 1509 1010 1550; baseline 0.008 -14"><span class='ocrx_word' id='word_1_226' title='bbox 224 1509 240 1536; x_wconf 72' lang='lat'>8</span> <span class='ocrx_word' id='word_1_227' title='bbox 254 1517 296 1535; x_wconf 79' lang='lat' dir='ltr'><strong>aut</strong></span> <span class='ocrx_word' id='word_1_228' title='bbox 311 1509 399 1537; x_wconf 87' lang='lat' dir='ltr'><strong>Latini</strong></span> <span class='ocrx_word' id='word_1_229' title='bbox 417 1511 593 1538; x_wconf 81' lang='lat' dir='ltr'><strong>introducere</strong></span> <span class='ocrx_word' id='word_1_230' title='bbox 608 1511 718 1545; x_wconf 79' lang='lat' dir='ltr'><strong>quidam</strong></span> <span class='ocrx_word' id='word_1_231' title='bbox 734 1518 888 1546; x_wconf 74' lang='lat' dir='ltr'><strong>autumant,</strong></span> <span class='ocrx_word' id='word_1_232' title='bbox 904 1515 1010 1550; x_wconf 88' lang='lat' dir='ltr'><strong>hocque</strong></span> 
     </span>
    </p>
   </div>
   <div class='ocr_carea' id='block_1_34' title="bbox 225 1555 1013 1592">
    <p class='ocr_par' dir='ltr' id='par_1_34' title="bbox 225 1555 1013 1592">
     <span class='ocr_line' id='line_1_34' title="bbox 225 1555 1013 1592; baseline 0.008 -10"><span class='ocrx_word' id='word_1_233' title='bbox 225 1555 422 1583; x_wconf 83' lang='lat' dir='ltr'><strong>inconveniens</strong></span> <span class='ocrx_word' id='word_1_234' title='bbox 441 1557 527 1591; x_wconf 76' lang='lat' dir='ltr'><strong>magis</strong></span> <span class='ocrx_word' id='word_1_235' title='bbox 541 1564 588 1583; x_wconf 81' lang='lat' dir='ltr'><strong>eos</strong></span> <span class='ocrx_word' id='word_1_236' title='bbox 604 1557 691 1591; x_wconf 81' lang='lat' dir='ltr'><strong>sequi.</strong></span> <span class='ocrx_word' id='word_1_237' title='bbox 713 1567 793 1592; x_wconf 80' lang='lat' dir='ltr'><strong>quam</strong></span> <span class='ocrx_word' id='word_1_238' title='bbox 811 1560 935 1587; x_wconf 83' lang='lat' dir='ltr'><strong>umbram</strong></span> <span class='ocrx_word' id='word_1_239' title='bbox 951 1569 1013 1588; x_wconf 90' lang='lat' dir='ltr'><strong>eor-</strong></span> 
     </span>
    </p>
   </div>
   <div class='ocr_carea' id='block_1_35' title="bbox 226 1601 1012 1640">
    <p class='ocr_par' dir='ltr' id='par_1_35' title="bbox 226 1601 1012 1640">
     <span class='ocr_line' id='line_1_35' title="bbox 226 1601 1012 1640; baseline 0.006 -13"><span class='ocrx_word' id='word_1_240' title='bbox 226 1609 291 1635; x_wconf 81' lang='lat' dir='ltr'><strong>pora</strong></span> <span class='ocrx_word' id='word_1_241' title='bbox 308 1606 405 1635; x_wconf 88' lang='lat' dir='ltr'><strong>putant</strong></span> <span class='ocrx_word' id='word_1_242' title='bbox 422 1610 428 1628; x_wconf 87' lang='lat'><strong>:</strong></span> <span class='ocrx_word' id='word_1_243' title='bbox 447 1601 511 1634; x_wconf 82' lang='lat' dir='ltr'><strong>quid</strong></span> <span class='ocrx_word' id='word_1_244' title='bbox 527 1601 671 1628; x_wconf 81' lang='lat' dir='ltr'><strong>dicemus?</strong></span> <span class='ocrx_word' id='word_1_245' title='bbox 685 1603 789 1638; x_wconf 68' lang='lat' dir='ltr'><strong>Nempe</strong></span> <span class='ocrx_word' id='word_1_246' title='bbox 803 1604 854 1631; x_wconf 84' lang='lat' dir='ltr'><strong>hoc</strong></span> <span class='ocrx_word' id='word_1_247' title='bbox 874 1605 901 1631; x_wconf 91' lang='lat' dir='ltr'><strong>in</strong></span> <span class='ocrx_word' id='word_1_248' title='bbox 919 1606 1012 1640; x_wconf 79' lang='lat' dir='ltr'><strong>primis</strong></span> 
     </span>
    </p>
   </div>
   <div class='ocr_carea' id='block_1_36' title="bbox 225 1647 1009 1682">
    <p class='ocr_par' dir='ltr' id='par_1_36' title="bbox 225 1647 1009 1682">
     <span class='ocr_line' id='line_1_36' title="bbox 225 1647 1009 1682; baseline 0.005 -9"><span class='ocrx_word' id='word_1_249' title='bbox 225 1647 370 1674; x_wconf 83' lang='lat' dir='ltr'><strong>dicendum</strong></span> <span class='ocrx_word' id='word_1_250' title='bbox 385 1651 435 1677; x_wconf 81' lang='lat' dir='ltr'><strong>est,</strong></span> <span class='ocrx_word' id='word_1_251' title='bbox 451 1647 522 1681; x_wconf 91' lang='lat' dir='ltr'><strong>quod</strong></span> <span class='ocrx_word' id='word_1_252' title='bbox 540 1647 596 1682; x_wconf 87' lang='lat' dir='ltr'><strong>ipsa</strong></span> <span class='ocrx_word' id='word_1_253' title='bbox 611 1649 667 1675; x_wconf 87' lang='lat' dir='ltr'><strong>sola</strong></span> <span class='ocrx_word' id='word_1_254' title='bbox 683 1651 833 1678; x_wconf 88' lang='lat' dir='ltr'><strong>auctoritas</strong></span> <span class='ocrx_word' id='word_1_255' title='bbox 853 1656 1009 1678; x_wconf 81' lang='lat' dir='ltr'><strong>sanctorum</strong></span> 
     </span>
    </p>
   </div>
   <div class='ocr_carea' id='block_1_37' title="bbox 226 1693 1011 1730">
    <p class='ocr_par' dir='ltr' id='par_1_37' title="bbox 226 1693 1011 1730">
     <span class='ocr_line' id='line_1_37' title="bbox 226 1693 1011 1730; baseline 0.004 -10"><span class='ocrx_word' id='word_1_256' title='bbox 226 1693 342 1720; x_wconf 71' lang='grc' dir='ltr'><strong>801ῐὶςίοι</strong></span> <span class='ocrx_word' id='word_1_257' title='bbox 357 1693 484 1721; x_wconf 81' lang='lat' dir='ltr'><strong>ﬁdelibus</strong></span> <span class='ocrx_word' id='word_1_258' title='bbox 509 1701 621 1721; x_wconf 85' lang='lat' dir='ltr'><strong>necesse</strong></span> <span class='ocrx_word' id='word_1_259' title='bbox 635 1700 677 1722; x_wconf 87' lang='lat' dir='ltr'><strong>est</strong></span> <span class='ocrx_word' id='word_1_260' title='bbox 692 1704 697 1722; x_wconf 92' lang='lat'><strong>:</strong></span> <span class='ocrx_word' id='word_1_261' title='bbox 712 1695 757 1729; x_wconf 88' lang='lat' dir='ltr'><strong>qui</strong></span> <span class='ocrx_word' id='word_1_262' title='bbox 775 1701 920 1730; x_wconf 86' lang='lat' dir='ltr'><strong>utrumque</strong></span> <span class='ocrx_word' id='word_1_263' title='bbox 933 1697 1011 1723; x_wconf 85' lang='lat' dir='ltr'><strong>dixe-</strong></span> 
     </span>
    </p>
   </div>
   <div class='ocr_carea' id='block_1_38' title="bbox 226 1738 1013 1775">
    <p class='ocr_par' dir='ltr' id='par_1_38' title="bbox 226 1738 1013 1775">
     <span class='ocr_line' id='line_1_38' title="bbox 226 1738 1013 1775; baseline 0.005 -10"><span class='ocrx_word' id='word_1_264' title='bbox 226 1743 300 1769; x_wconf 85' lang='lat' dir='ltr'><strong>runt,</strong></span> <span class='ocrx_word' id='word_1_265' title='bbox 313 1743 339 1765; x_wconf 89' lang='lat' dir='ltr'><strong>et</strong></span> <span class='ocrx_word' id='word_1_266' title='bbox 355 1738 426 1773; x_wconf 85' lang='lat' dir='ltr'><strong>quod</strong></span> <span class='ocrx_word' id='word_1_267' title='bbox 441 1739 559 1773; x_wconf 87' lang='lat' dir='ltr'><strong>Spiritus</strong></span> <span class='ocrx_word' id='word_1_268' title='bbox 575 1749 588 1766; x_wconf 89' lang='lat' dir='ltr'><strong>a</strong></span> <span class='ocrx_word' id='word_1_269' title='bbox 607 1740 685 1767; x_wconf 84' lang='lat' dir='ltr'><strong>Patre</strong></span> <span class='ocrx_word' id='word_1_270' title='bbox 702 1741 829 1775; x_wconf 82' lang='lat' dir='ltr'><strong>procedit</strong></span> <span class='ocrx_word' id='word_1_271' title='bbox 851 1747 877 1768; x_wconf 88' lang='lat' dir='ltr'><strong>et</strong></span> <span class='ocrx_word' id='word_1_272' title='bbox 893 1741 969 1774; x_wconf 77' lang='lat' dir='ltr'><strong>Filio,</strong></span> <span class='ocrx_word' id='word_1_273' title='bbox 986 1748 1013 1769; x_wconf 86' lang='lat' dir='ltr'><strong>et</strong></span> 
     </span>
    </p>
   </div>
   <div class='ocr_carea' id='block_1_39' title="bbox 225 1787 1012 1822">
    <p class='ocr_par' dir='ltr' id='par_1_39' title="bbox 225 1787 1012 1822">
     <span class='ocr_line' id='line_1_39' title="bbox 225 1787 1012 1822; baseline 0.005 -10"><span class='ocrx_word' id='word_1_274' title='bbox 225 1787 300 1820; x_wconf 91' lang='lat' dir='ltr'><strong>quod</strong></span> <span class='ocrx_word' id='word_1_275' title='bbox 320 1791 449 1821; x_wconf 84' lang='lat' dir='ltr'><strong>tanquam</strong></span> <span class='ocrx_word' id='word_1_276' title='bbox 468 1787 502 1814; x_wconf 83' lang='lat' dir='ltr'><strong>ab</strong></span> <span class='ocrx_word' id='word_1_277' title='bbox 527 1795 581 1814; x_wconf 91' lang='lat' dir='ltr'><strong>uno</strong></span> <span class='ocrx_word' id='word_1_278' title='bbox 605 1788 752 1822; x_wconf 83' lang='lat' dir='ltr'><strong>principio.</strong></span> <span class='ocrx_word' id='word_1_279' title='bbox 778 1789 835 1816; x_wconf 87' lang='lat' dir='ltr'><strong>Non</strong></span> <span class='ocrx_word' id='word_1_280' title='bbox 860 1789 934 1815; x_wconf 84' lang='lat' dir='ltr'><strong>enim</strong></span> <span class='ocrx_word' id='word_1_281' title='bbox 957 1789 1012 1816; x_wconf 89' lang='lat' dir='ltr'><strong>duo</strong></span> 
     </span>
    </p>
   </div>
   <div class='ocr_carea' id='block_1_40' title="bbox 226 1831 1013 1869">
    <p class='ocr_par' dir='ltr' id='par_1_40' title="bbox 226 1831 1013 1869">
     <span class='ocr_line' id='line_1_40' title="bbox 226 1831 1013 1869; baseline 0.005 -12"><span class='ocrx_word' id='word_1_282' title='bbox 226 1831 359 1866; x_wconf 85' lang='lat' dir='ltr'><strong>principia</strong></span> <span class='ocrx_word' id='word_1_283' title='bbox 385 1831 502 1866; x_wconf 80' lang='lat' dir='ltr'><strong>Spiritus</strong></span> <span class='ocrx_word' id='word_1_284' title='bbox 527 1837 591 1859; x_wconf 83' lang='lat' dir='ltr'><strong>sunt</strong></span> <span class='ocrx_word' id='word_1_285' title='bbox 629 1833 709 1860; x_wconf 78' lang='lat' dir='ltr'><strong>Pater</strong></span> <span class='ocrx_word' id='word_1_286' title='bbox 735 1839 762 1860; x_wconf 85' lang='lat' dir='ltr'><strong>ct</strong></span> <span class='ocrx_word' id='word_1_287' title='bbox 799 1833 892 1866; x_wconf 86' lang='lat' dir='ltr'><strong>Filius,</strong></span> <span class='ocrx_word' id='word_1_288' title='bbox 923 1835 1013 1869; x_wconf 80' lang='lat' dir='ltr'><strong>inquit</strong></span> 
     </span>
    </p>
   </div>
   <div class='ocr_carea' id='block_1_41' title="bbox 226 1875 1010 1912">
    <p class='ocr_par' dir='ltr' id='par_1_41' title="bbox 226 1875 1010 1912">
     <span class='ocr_line' id='line_1_41' title="bbox 226 1875 1010 1912; baseline 0.001 -10"><span class='ocrx_word' id='word_1_289' title='bbox 226 1875 406 1910; x_wconf 80' lang='lat' dir='ltr'><strong>Augustinus,</strong></span> <span class='ocrx_word' id='word_1_290' title='bbox 423 1877 469 1903; x_wconf 89' lang='lat' dir='ltr'><strong>scd</strong></span> <span class='ocrx_word' id='word_1_291' title='bbox 485 1884 568 1903; x_wconf 91' lang='lat' dir='ltr'><strong>unum</strong></span> <span class='ocrx_word' id='word_1_292' title='bbox 579 1877 640 1911; x_wconf 84' lang='lat' dir='ltr'><strong>ejus</strong></span> <span class='ocrx_word' id='word_1_293' title='bbox 654 1877 734 1904; x_wconf 87' lang='lat' dir='ltr'><strong>ambo</strong></span> <span class='ocrx_word' id='word_1_294' title='bbox 747 1877 912 1912; x_wconf 82' lang='lat' dir='ltr'><strong>principium</strong></span> <span class='ocrx_word' id='word_1_295' title='bbox 927 1882 1010 1910; x_wconf 89' lang='lat' dir='ltr'><strong>sunt;</strong></span> 
     </span>
    </p>
   </div>
   <div class='ocr_carea' id='block_1_42' title="bbox 226 1917 1012 1958">
    <p class='ocr_par' dir='ltr' id='par_1_42' title="bbox 226 1917 1012 1958">
     <span class='ocr_line' id='line_1_42' title="bbox 226 1917 1012 1958; baseline 0.004 -11"><span class='ocrx_word' id='word_1_296' title='bbox 226 1922 456 1956; x_wconf 86' lang='lat' dir='ltr'><strong>quemadmodqu</strong></span> <span class='ocrx_word' id='word_1_297' title='bbox 483 1928 616 1949; x_wconf 70' lang='lat' dir='ltr'><strong>creaturae</strong></span> <span class='ocrx_word' id='word_1_298' title='bbox 643 1930 697 1949; x_wconf 89' lang='lat' dir='ltr'><strong>non</strong></span> <span class='ocrx_word' id='word_1_299' title='bbox 716 1917 772 1950; x_wconf 61' lang='grc' dir='ltr'><strong>ἰι-10</strong></span> <span class='ocrx_word' id='word_1_300' title='bbox 793 1923 937 1958; x_wconf 78' lang='lat' dir='ltr'><strong>principia,</strong></span> <span class='ocrx_word' id='word_1_301' title='bbox 964 1923 1012 1951; x_wconf 86' lang='lat' dir='ltr'><strong>sed</strong></span> 
     </span>
    </p>
   </div>
   <div class='ocr_carea' id='block_1_43' title="bbox 227 1968 1012 2004">
    <p class='ocr_par' dir='ltr' id='par_1_43' title="bbox 227 1968 1012 2004">
     <span class='ocr_line' id='line_1_43' title="bbox 227 1968 1012 2004; baseline 0.003 -10"><span class='ocrx_word' id='word_1_302' title='bbox 227 1975 310 1994; x_wconf 90' lang='lat' dir='ltr'><strong>unum</strong></span> <span class='ocrx_word' id='word_1_303' title='bbox 328 1973 393 1995; x_wconf 87' lang='lat' dir='ltr'><strong>sunt</strong></span> <span class='ocrx_word' id='word_1_304' title='bbox 408 1968 502 2001; x_wconf 80' lang='lat' dir='ltr'><strong>Pater,</strong></span> <span class='ocrx_word' id='word_1_305' title='bbox 522 1972 550 1996; x_wconf 89' lang='lat' dir='ltr'><strong>et</strong></span> <span class='ocrx_word' id='word_1_306' title='bbox 565 1969 662 2001; x_wconf 86' lang='lat' dir='ltr'><strong>Filius,</strong></span> <span class='ocrx_word' id='word_1_307' title='bbox 679 1969 798 2004; x_wconf 87' lang='lat' dir='ltr'><strong>Spiritus</strong></span> <span class='ocrx_word' id='word_1_308' title='bbox 817 1974 938 2002; x_wconf 88' lang='lat' dir='ltr'><strong>sanctus,</strong></span> <span class='ocrx_word' id='word_1_309' title='bbox 954 1969 1012 2003; x_wconf 88' lang='lat' dir='ltr'><strong>ipsa</strong></span> 
     </span>
    </p>
   </div>
   <div class='ocr_carea' id='block_1_44' title="bbox 227 2014 1010 2050">
    <p class='ocr_par' dir='ltr' id='par_1_44' title="bbox 227 2014 1010 2050">
     <span class='ocr_line' id='line_1_44' title="bbox 227 2014 1010 2050; baseline 0 -8"><span class='ocrx_word' id='word_1_310' title='bbox 227 2014 349 2042; x_wconf 82' lang='lat' dir='ltr'><strong>Trinitas</strong></span> <span class='ocrx_word' id='word_1_311' title='bbox 364 2014 444 2042; x_wconf 88' lang='lat' dir='ltr'><strong>Deus.</strong></span> <span class='ocrx_word' id='word_1_312' title='bbox 462 2014 548 2048; x_wconf 88' lang='lat' dir='ltr'><strong>Quam</strong></span> <span class='ocrx_word' id='word_1_313' title='bbox 571 2014 654 2049; x_wconf 78' lang='lat' dir='ltr'><strong>igitur</strong></span> <span class='ocrx_word' id='word_1_314' title='bbox 669 2015 769 2050; x_wconf 90' lang='lat' dir='ltr'><strong>aliquis</strong></span> <span class='ocrx_word' id='word_1_315' title='bbox 783 2015 832 2042; x_wconf 87' lang='lat' dir='ltr'><strong>hac</strong></span> <span class='ocrx_word' id='word_1_316' title='bbox 847 2015 1010 2050; x_wconf 82' lang='lat' dir='ltr'><strong>apertiorem</strong></span> 
     </span>
    </p>
   </div>
   <div class='ocr_carea' id='block_1_45' title="bbox 227 2060 1011 2096">
    <p class='ocr_par' dir='ltr' id='par_1_45' title="bbox 227 2060 1011 2096">
     <span class='ocr_line' id='line_1_45' title="bbox 227 2060 1011 2096; baseline 0.003 -9"><span class='ocrx_word' id='word_1_317' title='bbox 227 2064 331 2096; x_wconf 75' lang='lat' dir='ltr'><strong>quaerat</strong></span> <span class='ocrx_word' id='word_1_318' title='bbox 354 2061 533 2093; x_wconf 87' lang='lat' dir='ltr'><strong>solutionem,</strong></span> <span class='ocrx_word' id='word_1_319' title='bbox 564 2068 646 2095; x_wconf 80' lang='lat' dir='ltr'><strong>quam</strong></span> <span class='ocrx_word' id='word_1_320' title='bbox 679 2060 800 2095; x_wconf 83' lang='lat' dir='ltr'><strong>Spiritus</strong></span> <span class='ocrx_word' id='word_1_321' title='bbox 827 2066 937 2088; x_wconf 90' lang='lat' dir='ltr'><strong>sanctus</strong></span> <span class='ocrx_word' id='word_1_322' title='bbox 963 2069 1011 2096; x_wconf 91' lang='lat' dir='ltr'><strong>per</strong></span> 
     </span>
    </p>
   </div>
   <div class='ocr_carea' id='block_1_46' title="bbox 226 2108 1008 2144">
    <p class='ocr_par' dir='ltr' id='par_1_46' title="bbox 226 2108 1008 2144">
     <span class='ocr_line' id='line_1_46' title="bbox 226 2108 1008 2144; baseline 0 -8"><span class='ocrx_word' id='word_1_323' title='bbox 226 2109 309 2144; x_wconf 81' lang='lat' dir='ltr'><strong>hujus</strong></span> <span class='ocrx_word' id='word_1_324' title='bbox 325 2109 488 2136; x_wconf 82' lang='lat' dir='ltr'><strong>sanctissimi</strong></span> <span class='ocrx_word' id='word_1_325' title='bbox 505 2108 592 2136; x_wconf 71' lang='lat' dir='ltr'><strong>Patris</strong></span> <span class='ocrx_word' id='word_1_326' title='bbox 604 2116 634 2136; x_wconf 85' lang='lat' dir='ltr'><strong>os</strong></span> <span class='ocrx_word' id='word_1_327' title='bbox 660 2113 688 2136; x_wconf 87' lang='lat' dir='ltr'><strong>ct</strong></span> <span class='ocrx_word' id='word_1_328' title='bbox 700 2108 821 2136; x_wconf 89' lang='lat' dir='ltr'><strong>doctoris</strong></span> <span class='ocrx_word' id='word_1_329' title='bbox 834 2109 943 2136; x_wconf 86' lang='lat' dir='ltr'><strong>locutus</strong></span> <span class='ocrx_word' id='word_1_330' title='bbox 956 2113 1008 2136; x_wconf 88' lang='lat' dir='ltr'><strong>est.</strong></span> 
     </span>
    </p>
   </div>
   <div class='ocr_carea' id='block_1_47' title="bbox 227 2154 1010 2190">
    <p class='ocr_par' dir='ltr' id='par_1_47' title="bbox 227 2154 1010 2190">
     <span class='ocr_line' id='line_1_47' title="bbox 227 2154 1010 2190; baseline 0 -8"><span class='ocrx_word' id='word_1_331' title='bbox 227 2154 285 2182; x_wconf 82' lang='lat' dir='ltr'><strong>Non</strong></span> <span class='ocrx_word' id='word_1_332' title='bbox 304 2155 377 2182; x_wconf 88' lang='lat' dir='ltr'><strong>enim</strong></span> <span class='ocrx_word' id='word_1_333' title='bbox 393 2155 477 2182; x_wconf 88' lang='lat' dir='ltr'><strong>lateat</strong></span> <span class='ocrx_word' id='word_1_334' title='bbox 489 2163 538 2182; x_wconf 88' lang='lat' dir='ltr'><strong>nos</strong></span> <span class='ocrx_word' id='word_1_335' title='bbox 552 2155 624 2190; x_wconf 81' lang='lat' dir='ltr'><strong>quod</strong></span> <span class='ocrx_word' id='word_1_336' title='bbox 641 2154 714 2182; x_wconf 76' lang='lat' dir='ltr'><strong>idem</strong></span> <span class='ocrx_word' id='word_1_337' title='bbox 733 2155 926 2183; x_wconf 87' lang='lat' dir='ltr'><strong>inconveniens</strong></span> <span class='ocrx_word' id='word_1_338' title='bbox 938 2155 1010 2182; x_wconf 86' lang='lat' dir='ltr'><strong>mul-</strong></span> 
     </span>
    </p>
   </div>
   <div class='ocr_carea' id='block_1_48' title="bbox 228 2198 1010 2234">
    <p class='ocr_par' dir='ltr' id='par_1_48' title="bbox 228 2198 1010 2234">
     <span class='ocr_line' id='line_1_48' title="bbox 228 2198 1010 2234; baseline 0.001 -8"><span class='ocrx_word' id='word_1_339' title='bbox 228 2203 318 2226; x_wconf 89' lang='lat' dir='ltr'><strong>torum</strong></span> <span class='ocrx_word' id='word_1_340' title='bbox 332 2198 460 2226; x_wconf 82' lang='lat' dir='ltr'><strong>videlicet</strong></span> <span class='ocrx_word' id='word_1_341' title='bbox 471 2199 680 2234; x_wconf 88' lang='lat' dir='ltr'><strong>principiorutn,</strong></span> <span class='ocrx_word' id='word_1_342' title='bbox 693 2204 720 2227; x_wconf 87' lang='lat' dir='ltr'><strong>et.</strong></span> <span class='ocrx_word' id='word_1_343' title='bbox 733 2199 882 2227; x_wconf 89' lang='lat' dir='ltr'><strong>multorum</strong></span> <span class='ocrx_word' id='word_1_344' title='bbox 895 2200 1010 2227; x_wconf 86' lang='lat' dir='ltr'><strong>deorum</strong></span> 
     </span>
    </p>
   </div>
   <div class='ocr_carea' id='block_1_49' title="bbox 1062 273 1858 309">
    <p class='ocr_par' dir='ltr' id='par_1_49' title="bbox 1062 273 1858 309">
     <span class='ocr_line' id='line_1_49' title="bbox 1062 273 1858 309; baseline 0.013 -12"><span class='ocrx_word' id='word_1_345' title='bbox 1062 277 1175 298; x_wconf 90' lang='lat' dir='ltr'><strong>sanctus</strong></span> <span class='ocrx_word' id='word_1_346' title='bbox 1191 281 1240 299; x_wconf 81' lang='lat' dir='ltr'><strong>nec</strong></span> <span class='ocrx_word' id='word_1_347' title='bbox 1255 273 1365 300; x_wconf 86' lang='lat' dir='ltr'><strong>creandi</strong></span> <span class='ocrx_word' id='word_1_348' title='bbox 1383 275 1533 308; x_wconf 85' lang='lat' dir='ltr'><strong>potentiam</strong></span> <span class='ocrx_word' id='word_1_349' title='bbox 1555 276 1699 309; x_wconf 87' lang='lat' dir='ltr'><strong>haberent,</strong></span> <span class='ocrx_word' id='word_1_350' title='bbox 1724 286 1775 306; x_wconf 90' lang='lat' dir='ltr'><strong>nec</strong></span> <span class='ocrx_word' id='word_1_351' title='bbox 1796 287 1858 306; x_wconf 87' lang='lat' dir='ltr'><strong>om-</strong></span> 
     </span>
    </p>
   </div>
   <div class='ocr_carea' id='block_1_50' title="bbox 1062 316 1857 355">
    <p class='ocr_par' dir='ltr' id='par_1_50' title="bbox 1062 316 1857 355">
     <span class='ocr_line' id='line_1_50' title="bbox 1062 316 1857 355; baseline 0.013 -13"><span class='ocrx_word' id='word_1_352' title='bbox 1062 316 1127 343; x_wconf 88' lang='lat' dir='ltr'><strong>nino</strong></span> <span class='ocrx_word' id='word_1_353' title='bbox 1139 323 1242 350; x_wconf 78' lang='lat' dir='ltr'><strong>cssmil,</strong></span> <span class='ocrx_word' id='word_1_354' title='bbox 1266 319 1330 346; x_wconf 88' lang='lat' dir='ltr'><strong>item</strong></span> <span class='ocrx_word' id='word_1_355' title='bbox 1344 321 1474 354; x_wconf 88' lang='lat' dir='ltr'><strong>quoniam</strong></span> <span class='ocrx_word' id='word_1_356' title='bbox 1489 328 1541 348; x_wconf 89' lang='lat' dir='ltr'><strong>una</strong></span> <span class='ocrx_word' id='word_1_357' title='bbox 1560 325 1588 349; x_wconf 88' lang='lat' dir='ltr'><strong>ct</strong></span> <span class='ocrx_word' id='word_1_358' title='bbox 1613 323 1709 350; x_wconf 86' lang='lat' dir='ltr'><strong>eadem</strong></span> <span class='ocrx_word' id='word_1_359' title='bbox 1726 332 1857 355; x_wconf 78' lang='lat' dir='ltr'><strong>numero.</strong></span> 
     </span>
    </p>
   </div>
   <div class='ocr_carea' id='block_1_51' title="bbox 1064 365 1859 405">
    <p class='ocr_par' dir='ltr' id='par_1_51' title="bbox 1064 365 1859 405">
     <span class='ocr_line' id='line_1_51' title="bbox 1064 365 1859 405; baseline 0.014 -18"><span class='ocrx_word' id='word_1_360' title='bbox 1064 367 1090 388; x_wconf 83' lang='lat' dir='ltr'><strong>et</strong></span> <span class='ocrx_word' id='word_1_361' title='bbox 1113 365 1253 390; x_wconf 82' lang='lat' dir='ltr'><strong>communi</strong></span> <span class='ocrx_word' id='word_1_362' title='bbox 1277 365 1432 398; x_wconf 75' lang='lat' dir='ltr'><strong>divinitate,</strong></span> <span class='ocrx_word' id='word_1_363' title='bbox 1458 366 1516 394; x_wconf 86' lang='lat' dir='ltr'><strong>sive</strong></span> <span class='ocrx_word' id='word_1_364' title='bbox 1533 367 1623 395; x_wconf 78' lang='lat' dir='ltr'><strong>divina</strong></span> <span class='ocrx_word' id='word_1_365' title='bbox 1650 370 1768 397; x_wconf 79' lang='lat' dir='ltr'><strong>essentia</strong></span> <span class='ocrx_word' id='word_1_366' title='bbox 1788 377 1859 405; x_wconf 83' lang='lat' dir='ltr'><strong>pro-</strong></span> 
     </span>
    </p>
   </div>
   <div class='ocr_carea' id='block_1_52' title="bbox 1062 406 1857 443">
    <p class='ocr_par' dir='ltr' id='par_1_52' title="bbox 1062 406 1857 443">
     <span class='ocr_line' id='line_1_52' title="bbox 1062 406 1857 443; baseline 0.013 -10"><span class='ocrx_word' id='word_1_367' title='bbox 1062 406 1182 435; x_wconf 87' lang='lat' dir='ltr'><strong>deunte:</strong></span> <span class='ocrx_word' id='word_1_368' title='bbox 1200 409 1262 435; x_wconf 73' lang='lat' dir='ltr'><strong>ideo</strong></span> <span class='ocrx_word' id='word_1_369' title='bbox 1274 410 1370 437; x_wconf 87' lang='lat' dir='ltr'><strong>merito</strong></span> <span class='ocrx_word' id='word_1_370' title='bbox 1383 418 1452 438; x_wconf 90' lang='lat' dir='ltr'><strong>unus</strong></span> <span class='ocrx_word' id='word_1_371' title='bbox 1462 411 1532 438; x_wconf 87' lang='lat' dir='ltr'><strong>Deus</strong></span> <span class='ocrx_word' id='word_1_372' title='bbox 1540 417 1568 440; x_wconf 83' lang='lat' dir='ltr'><strong>et</strong></span> <span class='ocrx_word' id='word_1_373' title='bbox 1577 420 1647 440; x_wconf 90' lang='lat' dir='ltr'><strong>unus</strong></span> <span class='ocrx_word' id='word_1_374' title='bbox 1657 413 1770 441; x_wconf 81' lang='lat' dir='ltr'><strong>Croator</strong></span> <span class='ocrx_word' id='word_1_375' title='bbox 1778 419 1857 443; x_wconf 87' lang='lat' dir='ltr'><strong>sunt.</strong></span> 
     </span>
    </p>
   </div>
   <div class='ocr_carea' id='block_1_53' title="bbox 1097 453 1852 494">
    <p class='ocr_par' dir='ltr' id='par_1_53' title="bbox 1097 453 1852 494">
     <span class='ocr_line' id='line_1_53' title="bbox 1097 453 1852 494; baseline 0.012 -15"><span class='ocrx_word' id='word_1_376' title='bbox 1097 453 1163 480; x_wconf 87' lang='lat' dir='ltr'><strong>Item</strong></span> <span class='ocrx_word' id='word_1_377' title='bbox 1187 461 1315 487; x_wconf 84' lang='lat' dir='ltr'><strong>quoniam</strong></span> <span class='ocrx_word' id='word_1_378' title='bbox 1336 463 1388 482; x_wconf 86' lang='lat' dir='ltr'><strong>una</strong></span> <span class='ocrx_word' id='word_1_379' title='bbox 1418 461 1446 484; x_wconf 86' lang='lat' dir='ltr'><strong>et</strong></span> <span class='ocrx_word' id='word_1_380' title='bbox 1466 457 1562 484; x_wconf 90' lang='lat' dir='ltr'><strong>eadem</strong></span> <span class='ocrx_word' id='word_1_381' title='bbox 1587 466 1702 486; x_wconf 90' lang='lat' dir='ltr'><strong>numero</strong></span> <span class='ocrx_word' id='word_1_382' title='bbox 1726 462 1852 494; x_wconf 85' lang='lat' dir='ltr'><strong>potentia</strong></span> 
     </span>
    </p>
   </div>
   <div class='ocr_carea' id='block_1_54' title="bbox 1061 499 1856 536">
    <p class='ocr_par' dir='ltr' id='par_1_54' title="bbox 1061 499 1856 536">
     <span class='ocr_line' id='line_1_54' title="bbox 1061 499 1856 536; baseline 0.013 -13"><span class='ocrx_word' id='word_1_383' title='bbox 1061 501 1120 524; x_wconf 87' lang='lat' dir='ltr'><strong>erat</strong></span> <span class='ocrx_word' id='word_1_384' title='bbox 1136 505 1198 524; x_wconf 91' lang='lat' dir='ltr'><strong>cum</strong></span> <span class='ocrx_word' id='word_1_385' title='bbox 1213 499 1291 525; x_wconf 80' lang='lat' dir='ltr'><strong>l’atre</strong></span> <span class='ocrx_word' id='word_1_386' title='bbox 1307 509 1313 530; x_wconf 86' lang='lat'><strong><em>;</em></strong></span> <span class='ocrx_word' id='word_1_387' title='bbox 1330 499 1416 527; x_wconf 87' lang='lat' dir='ltr'><strong>Filius</strong></span> <span class='ocrx_word' id='word_1_388' title='bbox 1445 506 1472 528; x_wconf 86' lang='lat' dir='ltr'><strong>et</strong></span> <span class='ocrx_word' id='word_1_389' title='bbox 1489 501 1608 536; x_wconf 88' lang='lat' dir='ltr'><strong>Spiritus</strong></span> <span class='ocrx_word' id='word_1_390' title='bbox 1624 509 1735 532; x_wconf 81' lang='lat' dir='ltr'><strong>sanctus</strong></span> <span class='ocrx_word' id='word_1_391' title='bbox 1749 513 1782 532; x_wconf 81' lang='lat' dir='ltr'><strong>ex</strong></span> <span class='ocrx_word' id='word_1_392' title='bbox 1800 513 1856 533; x_wconf 84' lang='lat' dir='ltr'><strong>una</strong></span> 
     </span>
    </p>
   </div>
   <div class='ocr_carea' id='block_1_55' title="bbox 1061 543 1858 582">
    <p class='ocr_par' dir='ltr' id='par_1_55' title="bbox 1061 543 1858 582">
     <span class='ocr_line' id='line_1_55' title="bbox 1061 543 1858 582; baseline 0.011 -13"><span class='ocrx_word' id='word_1_393' title='bbox 1061 543 1198 570; x_wconf 87' lang='lat' dir='ltr'><strong>eteadem</strong></span> <span class='ocrx_word' id='word_1_394' title='bbox 1222 551 1336 571; x_wconf 87' lang='lat' dir='ltr'><strong>numero</strong></span> <span class='ocrx_word' id='word_1_395' title='bbox 1351 549 1382 571; x_wconf 85' lang='lat' dir='ltr'><strong>et</strong></span> <span class='ocrx_word' id='word_1_396' title='bbox 1402 547 1542 573; x_wconf 86' lang='lat' dir='ltr'><strong>communi</strong></span> <span class='ocrx_word' id='word_1_397' title='bbox 1565 547 1720 582; x_wconf 88' lang='lat' dir='ltr'><strong>divinitate,</strong></span> <span class='ocrx_word' id='word_1_398' title='bbox 1737 550 1796 577; x_wconf 82' lang='lat' dir='ltr'><strong>sive</strong></span> <span class='ocrx_word' id='word_1_399' title='bbox 1814 551 1858 578; x_wconf 90' lang='lat' dir='ltr'><strong>di-</strong></span> 
     </span>
    </p>
   </div>
   <div class='ocr_carea' id='block_1_56' title="bbox 1061 588 1856 630">
    <p class='ocr_par' dir='ltr' id='par_1_56' title="bbox 1061 588 1856 630">
     <span class='ocr_line' id='line_1_56' title="bbox 1061 588 1856 630; baseline 0.013 -16"><span class='ocrx_word' id='word_1_400' title='bbox 1061 588 1123 614; x_wconf 87' lang='lat' dir='ltr'><strong>vina</strong></span> <span class='ocrx_word' id='word_1_401' title='bbox 1144 589 1264 617; x_wconf 84' lang='lat' dir='ltr'><strong>essentia</strong></span> <span class='ocrx_word' id='word_1_402' title='bbox 1281 590 1435 624; x_wconf 85' lang='lat' dir='ltr'><strong>prodeunte</strong></span> <span class='ocrx_word' id='word_1_403' title='bbox 1452 600 1459 618; x_wconf 89' lang='lat'><strong>:</strong></span> <span class='ocrx_word' id='word_1_404' title='bbox 1477 592 1538 619; x_wconf 89' lang='lat' dir='ltr'><strong>idco</strong></span> <span class='ocrx_word' id='word_1_405' title='bbox 1563 594 1660 621; x_wconf 86' lang='lat' dir='ltr'><strong>merito</strong></span> <span class='ocrx_word' id='word_1_406' title='bbox 1676 602 1747 622; x_wconf 90' lang='lat' dir='ltr'><strong>unus</strong></span> <span class='ocrx_word' id='word_1_407' title='bbox 1769 596 1856 630; x_wconf 89' lang='lat' dir='ltr'><strong>Deus,</strong></span> 
     </span>
    </p>
   </div>
   <div class='ocr_carea' id='block_1_57' title="bbox 1061 633 1858 676">
    <p class='ocr_par' dir='ltr' id='par_1_57' title="bbox 1061 633 1858 676">
     <span class='ocr_line' id='line_1_57' title="bbox 1061 633 1858 676; baseline 0.014 -17"><span class='ocrx_word' id='word_1_408' title='bbox 1061 638 1087 660; x_wconf 89' lang='lat' dir='ltr'><strong>ct</strong></span> <span class='ocrx_word' id='word_1_409' title='bbox 1104 641 1174 660; x_wconf 91' lang='lat' dir='ltr'><strong>unus</strong></span> <span class='ocrx_word' id='word_1_410' title='bbox 1192 633 1306 662; x_wconf 88' lang='lat' dir='ltr'><strong>Creator</strong></span> <span class='ocrx_word' id='word_1_411' title='bbox 1320 641 1395 663; x_wconf 83' lang='lat' dir='ltr'><strong>sunt.</strong></span> <span class='ocrx_word' id='word_1_412' title='bbox 1417 636 1473 664; x_wconf 88' lang='lat' dir='ltr'><strong>lloc</strong></span> <span class='ocrx_word' id='word_1_413' title='bbox 1490 638 1562 665; x_wconf 91' lang='lat' dir='ltr'><strong>idem</strong></span> <span class='ocrx_word' id='word_1_414' title='bbox 1583 639 1668 674; x_wconf 79' lang='lat' dir='ltr'><strong>igitur</strong></span> <span class='ocrx_word' id='word_1_415' title='bbox 1687 641 1721 668; x_wconf 90' lang='lat' dir='ltr'><strong>de</strong></span> <span class='ocrx_word' id='word_1_416' title='bbox 1743 649 1858 676; x_wconf 85' lang='lat' dir='ltr'><strong>proces-</strong></span> 
     </span>
    </p>
   </div>
   <div class='ocr_carea' id='block_1_58' title="bbox 1060 678 1859 716">
    <p class='ocr_par' dir='ltr' id='par_1_58' title="bbox 1060 678 1859 716">
     <span class='ocr_line' id='line_1_58' title="bbox 1060 678 1859 716; baseline 0.014 -11"><span class='ocrx_word' id='word_1_417' title='bbox 1060 678 1137 706; x_wconf 88' lang='lat' dir='ltr'><strong>sione</strong></span> <span class='ocrx_word' id='word_1_418' title='bbox 1153 679 1271 715; x_wconf 86' lang='lat' dir='ltr'><strong>Spiritus</strong></span> <span class='ocrx_word' id='word_1_419' title='bbox 1284 689 1317 708; x_wconf 79' lang='lat' dir='ltr'><strong>ex</strong></span> <span class='ocrx_word' id='word_1_420' title='bbox 1342 682 1422 710; x_wconf 81' lang='lat' dir='ltr'><strong>Patre</strong></span> <span class='ocrx_word' id='word_1_421' title='bbox 1455 688 1482 710; x_wconf 89' lang='lat' dir='ltr'><strong>et</strong></span> <span class='ocrx_word' id='word_1_422' title='bbox 1505 684 1574 711; x_wconf 83' lang='lat' dir='ltr'><strong>Filio</strong></span> <span class='ocrx_word' id='word_1_423' title='bbox 1592 686 1732 714; x_wconf 85' lang='lat' dir='ltr'><strong>suiliciens</strong></span> <span class='ocrx_word' id='word_1_424' title='bbox 1749 687 1785 715; x_wconf 87' lang='lat' dir='ltr'><strong>sit</strong></span> <span class='ocrx_word' id='word_1_425' title='bbox 1801 689 1859 716; x_wconf 90' lang='lat' dir='ltr'><strong>illis</strong></span> 
     </span>
    </p>
   </div>
   <div class='ocr_carea' id='block_1_59' title="bbox 1061 725 1858 765">
    <p class='ocr_par' dir='ltr' id='par_1_59' title="bbox 1061 725 1858 765">
     <span class='ocr_line' id='line_1_59' title="bbox 1061 725 1858 765; baseline 0.013 -14"><span class='ocrx_word' id='word_1_426' title='bbox 1061 725 1107 759; x_wconf 88' lang='lat' dir='ltr'><strong>qui</strong></span> <span class='ocrx_word' id='word_1_427' title='bbox 1129 726 1162 753; x_wconf 91' lang='lat' dir='ltr'><strong>de</strong></span> <span class='ocrx_word' id='word_1_428' title='bbox 1177 726 1229 754; x_wconf 92' lang='lat' dir='ltr'><strong>hoc</strong></span> <span class='ocrx_word' id='word_1_429' title='bbox 1243 733 1379 762; x_wconf 71' lang='lat' dir='ltr'><strong>quzcrnnt.</strong></span> <span class='ocrx_word' id='word_1_430' title='bbox 1396 728 1528 762; x_wconf 81' lang='lat' dir='ltr'><strong>Quoniam</strong></span> <span class='ocrx_word' id='word_1_431' title='bbox 1546 730 1647 758; x_wconf 86' lang='lat' dir='ltr'><strong>etenim</strong></span> <span class='ocrx_word' id='word_1_432' title='bbox 1669 739 1734 765; x_wconf 89' lang='lat' dir='ltr'><strong>una,</strong></span> <span class='ocrx_word' id='word_1_433' title='bbox 1760 738 1790 761; x_wconf 86' lang='lat' dir='ltr'><strong>et</strong></span> <span class='ocrx_word' id='word_1_434' title='bbox 1810 741 1858 761; x_wconf 84' lang='lat' dir='ltr'><strong>ea-</strong></span> 
     </span>
    </p>
   </div>
   <div class='ocr_carea' id='block_1_60' title="bbox 1061 769 1857 807">
    <p class='ocr_par' dir='ltr' id='par_1_60' title="bbox 1061 769 1857 807">
     <span class='ocr_line' id='line_1_60' title="bbox 1061 769 1857 807; baseline 0.011 -10"><span class='ocrx_word' id='word_1_435' title='bbox 1061 769 1122 797; x_wconf 90' lang='lat' dir='ltr'><strong>dem</strong></span> <span class='ocrx_word' id='word_1_436' title='bbox 1141 772 1263 806; x_wconf 87' lang='lat' dir='ltr'><strong>spirandi</strong></span> <span class='ocrx_word' id='word_1_437' title='bbox 1282 774 1403 807; x_wconf 89' lang='lat' dir='ltr'><strong>potentia</strong></span> <span class='ocrx_word' id='word_1_438' title='bbox 1427 782 1461 801; x_wconf 84' lang='lat' dir='ltr'><strong>ex</strong></span> <span class='ocrx_word' id='word_1_439' title='bbox 1488 783 1542 802; x_wconf 90' lang='lat' dir='ltr'><strong>una</strong></span> <span class='ocrx_word' id='word_1_440' title='bbox 1565 779 1592 802; x_wconf 90' lang='lat' dir='ltr'><strong>et</strong></span> <span class='ocrx_word' id='word_1_441' title='bbox 1616 777 1712 804; x_wconf 88' lang='lat' dir='ltr'><strong>eadem</strong></span> <span class='ocrx_word' id='word_1_442' title='bbox 1735 779 1857 806; x_wconf 86' lang='lat' dir='ltr'><strong>essentia</strong></span> 
     </span>
    </p>
   </div>
   <div class='ocr_carea' id='block_1_61' title="bbox 1062 818 1858 859">
    <p class='ocr_par' dir='ltr' id='par_1_61' title="bbox 1062 818 1858 859">
     <span class='ocr_line' id='line_1_61' title="bbox 1062 818 1858 859; baseline 0.009 -15"><span class='ocrx_word' id='word_1_443' title='bbox 1062 818 1215 852; x_wconf 86' lang='lat' dir='ltr'><strong>prodeunte</strong></span> <span class='ocrx_word' id='word_1_444' title='bbox 1244 818 1325 846; x_wconf 88' lang='lat' dir='ltr'><strong>Pater</strong></span> <span class='ocrx_word' id='word_1_445' title='bbox 1347 824 1375 846; x_wconf 88' lang='lat' dir='ltr'><strong>et</strong></span> <span class='ocrx_word' id='word_1_446' title='bbox 1396 819 1482 848; x_wconf 81' lang='lat' dir='ltr'><strong>Filius</strong></span> <span class='ocrx_word' id='word_1_447' title='bbox 1498 820 1631 854; x_wconf 90' lang='lat' dir='ltr'><strong>Spiritum</strong></span> <span class='ocrx_word' id='word_1_448' title='bbox 1655 829 1780 850; x_wconf 88' lang='lat' dir='ltr'><strong>sanctum</strong></span> <span class='ocrx_word' id='word_1_449' title='bbox 1800 825 1858 859; x_wconf 80' lang='lat' dir='ltr'><strong>spi-</strong></span> 
     </span>
    </p>
   </div>
   <div class='ocr_carea' id='block_1_62' title="bbox 1062 864 1852 903">
    <p class='ocr_par' dir='ltr' id='par_1_62' title="bbox 1062 864 1852 903">
     <span class='ocr_line' id='line_1_62' title="bbox 1062 864 1852 903; baseline 0.011 -14"><span class='ocrx_word' id='word_1_450' title='bbox 1062 867 1123 890; x_wconf 83' lang='lat' dir='ltr'><strong>rant</strong></span> <span class='ocrx_word' id='word_1_451' title='bbox 1140 871 1146 889; x_wconf 89' lang='lat'>:</span> <span class='ocrx_word' id='word_1_452' title='bbox 1160 864 1328 898; x_wconf 85' lang='lat' dir='ltr'><strong>etquoniam</strong></span> <span class='ocrx_word' id='word_1_453' title='bbox 1344 873 1357 892; x_wconf 89' lang='lat' dir='ltr'><strong>a</strong></span> <span class='ocrx_word' id='word_1_454' title='bbox 1372 865 1453 893; x_wconf 85' lang='lat' dir='ltr'><strong>Patre</strong></span> <span class='ocrx_word' id='word_1_455' title='bbox 1467 866 1538 893; x_wconf 86' lang='lat' dir='ltr'><strong>hanc</strong></span> <span class='ocrx_word' id='word_1_456' title='bbox 1555 867 1677 901; x_wconf 89' lang='lat' dir='ltr'><strong>spirandi</strong></span> <span class='ocrx_word' id='word_1_457' title='bbox 1697 870 1852 903; x_wconf 84' lang='lat' dir='ltr'><strong>potentiam</strong></span> 
     </span>
    </p>
   </div>
   <div class='ocr_carea' id='block_1_63' title="bbox 1025 901 1856 946">
    <p class='ocr_par' dir='ltr' id='par_1_63' title="bbox 1025 901 1856 946">
     <span class='ocr_line' id='line_1_63' title="bbox 1025 901 1856 946; baseline 0.012 -13"><span class='ocrx_word' id='word_1_458' title='bbox 1025 901 1046 930; x_wconf 82' lang='grc' dir='ltr'>Β</span> <span class='ocrx_word' id='word_1_459' title='bbox 1064 907 1151 935; x_wconf 84' lang='lat' dir='ltr'><strong>Filius</strong></span> <span class='ocrx_word' id='word_1_460' title='bbox 1177 909 1271 941; x_wconf 83' lang='lat' dir='ltr'><strong>habet,</strong></span> <span class='ocrx_word' id='word_1_461' title='bbox 1298 910 1360 938; x_wconf 88' lang='lat' dir='ltr'><strong>ideo</strong></span> <span class='ocrx_word' id='word_1_462' title='bbox 1386 919 1457 938; x_wconf 87' lang='lat' dir='ltr'><strong>unus</strong></span> <span class='ocrx_word' id='word_1_463' title='bbox 1485 912 1615 946; x_wconf 88' lang='lat' dir='ltr'><strong>spirator,</strong></span> <span class='ocrx_word' id='word_1_464' title='bbox 1642 901 1704 940; x_wconf 30' lang='lat' dir='ltr'><strong>unai</strong></span> <span class='ocrx_word' id='word_1_465' title='bbox 1716 922 1800 942; x_wconf 81' lang='lat' dir='ltr'><strong>causa</strong></span> <span class='ocrx_word' id='word_1_466' title='bbox 1827 920 1856 943; x_wconf 85' lang='lat' dir='ltr'><strong>et</strong></span> 
     </span>
    </p>
   </div>
   <div class='ocr_carea' id='block_1_64' title="bbox 1067 955 1858 992">
    <p class='ocr_par' dir='ltr' id='par_1_64' title="bbox 1067 955 1858 992">
     <span class='ocr_line' id='line_1_64' title="bbox 1067 955 1858 992; baseline 0.011 -13"><span class='ocrx_word' id='word_1_467' title='bbox 1067 961 1150 980; x_wconf 84' lang='lat' dir='ltr'><strong>unum</strong></span> <span class='ocrx_word' id='word_1_468' title='bbox 1169 955 1336 990; x_wconf 81' lang='lat' dir='ltr'><strong>principium</strong></span> <span class='ocrx_word' id='word_1_469' title='bbox 1353 958 1536 990; x_wconf 83' lang='lat' dir='ltr'><strong>proccsslonis</strong></span> <span class='ocrx_word' id='word_1_470' title='bbox 1553 958 1672 992; x_wconf 86' lang='lat' dir='ltr'><strong>Spiritus</strong></span> <span class='ocrx_word' id='word_1_471' title='bbox 1684 959 1764 987; x_wconf 88' lang='lat' dir='ltr'><strong>ambo</strong></span> <span class='ocrx_word' id='word_1_472' title='bbox 1781 965 1858 988; x_wconf 87' lang='lat' dir='ltr'><strong>sunt.</strong></span> 
     </span>
    </p>
   </div>
   <div class='ocr_carea' id='block_1_65' title="bbox 1067 998 1859 1033">
    <p class='ocr_par' dir='ltr' id='par_1_65' title="bbox 1067 998 1859 1033">
     <span class='ocr_line' id='line_1_65' title="bbox 1067 998 1859 1033; baseline 0.009 -7"><span class='ocrx_word' id='word_1_473' title='bbox 1067 998 1128 1027; x_wconf 65' lang='lat' dir='ltr'><strong>llaec</strong></span> <span class='ocrx_word' id='word_1_474' title='bbox 1146 1000 1228 1032; x_wconf 69' lang='lat' dir='ltr'><strong>igitur</strong></span> <span class='ocrx_word' id='word_1_475' title='bbox 1248 1007 1277 1028; x_wconf 85' lang='lat' dir='ltr'><strong>ut</strong></span> <span class='ocrx_word' id='word_1_476' title='bbox 1302 1001 1407 1028; x_wconf 88' lang='lat' dir='ltr'><strong>dictum</strong></span> <span class='ocrx_word' id='word_1_477' title='bbox 1425 1007 1467 1030; x_wconf 85' lang='lat' dir='ltr'><strong>est</strong></span> <span class='ocrx_word' id='word_1_478' title='bbox 1491 1002 1652 1031; x_wconf 78' lang='lat' dir='ltr'><strong>snﬂicerent</strong></span> <span class='ocrx_word' id='word_1_479' title='bbox 1668 1012 1722 1032; x_wconf 91' lang='lat' dir='ltr'><strong>non</strong></span> <span class='ocrx_word' id='word_1_480' title='bbox 1741 1011 1859 1033; x_wconf 88' lang='lat' dir='ltr'><strong>conten-</strong></span> 
     </span>
    </p>
   </div>
   <div class='ocr_carea' id='block_1_66' title="bbox 1065 1045 1858 1084">
    <p class='ocr_par' dir='ltr' id='par_1_66' title="bbox 1065 1045 1858 1084">
     <span class='ocr_line' id='line_1_66' title="bbox 1065 1045 1858 1084; baseline 0.009 -12"><span class='ocrx_word' id='word_1_481' title='bbox 1065 1045 1198 1073; x_wconf 82' lang='lat' dir='ltr'><strong>dentibus</strong></span> <span class='ocrx_word' id='word_1_482' title='bbox 1225 1052 1337 1081; x_wconf 87' lang='lat' dir='ltr'><strong>propter</strong></span> <span class='ocrx_word' id='word_1_483' title='bbox 1367 1048 1513 1077; x_wconf 83' lang='lat' dir='ltr'><strong>doctorum</strong></span> <span class='ocrx_word' id='word_1_484' title='bbox 1546 1050 1755 1084; x_wconf 81' lang='lat' dir='ltr'><strong>auctoritatem,</strong></span> <span class='ocrx_word' id='word_1_485' title='bbox 1782 1051 1858 1079; x_wconf 85' lang='lat' dir='ltr'><strong>idem</strong></span> 
     </span>
    </p>
   </div>
   <div class='ocr_carea' id='block_1_67' title="bbox 1067 1093 1860 1129">
    <p class='ocr_par' dir='ltr' id='par_1_67' title="bbox 1067 1093 1860 1129">
     <span class='ocr_line' id='line_1_67' title="bbox 1067 1093 1860 1129; baseline 0.009 -11"><span class='ocrx_word' id='word_1_486' title='bbox 1067 1095 1156 1119; x_wconf 89' lang='lat' dir='ltr'><strong>tamen</strong></span> <span class='ocrx_word' id='word_1_487' title='bbox 1184 1093 1290 1120; x_wconf 87' lang='lat' dir='ltr'><strong>ratione</strong></span> <span class='ocrx_word' id='word_1_488' title='bbox 1316 1100 1424 1128; x_wconf 85' lang='lat' dir='ltr'><strong>quoque</strong></span> <span class='ocrx_word' id='word_1_489' title='bbox 1442 1095 1593 1129; x_wconf 90' lang='lat' dir='ltr'><strong>probatur;</strong></span> <span class='ocrx_word' id='word_1_490' title='bbox 1618 1103 1680 1122; x_wconf 90' lang='lat' dir='ltr'><strong>cum</strong></span> <span class='ocrx_word' id='word_1_491' title='bbox 1703 1097 1777 1123; x_wconf 86' lang='lat' dir='ltr'><strong>enim</strong></span> <span class='ocrx_word' id='word_1_492' title='bbox 1803 1097 1860 1125; x_wconf 92' lang='lat' dir='ltr'><strong>duo</strong></span> 
     </span>
    </p>
   </div>
   <div class='ocr_carea' id='block_1_68' title="bbox 1065 1137 1860 1173">
    <p class='ocr_par' dir='ltr' id='par_1_68' title="bbox 1065 1137 1860 1173">
     <span class='ocr_line' id='line_1_68' title="bbox 1065 1137 1860 1173; baseline 0.009 -10"><span class='ocrx_word' id='word_1_493' title='bbox 1065 1137 1131 1170; x_wconf 85' lang='lat' dir='ltr'><strong>sint,</strong></span> <span class='ocrx_word' id='word_1_494' title='bbox 1142 1137 1175 1164; x_wconf 88' lang='lat' dir='ltr'><strong>ad</strong></span> <span class='ocrx_word' id='word_1_495' title='bbox 1189 1145 1250 1172; x_wconf 72' lang='lat' dir='ltr'><strong>qua:</strong></span> <span class='ocrx_word' id='word_1_496' title='bbox 1260 1145 1340 1165; x_wconf 90' lang='lat' dir='ltr'><strong>omne</strong></span> <span class='ocrx_word' id='word_1_497' title='bbox 1352 1139 1517 1173; x_wconf 83' lang='lat' dir='ltr'><strong>productum</strong></span> <span class='ocrx_word' id='word_1_498' title='bbox 1536 1140 1665 1172; x_wconf 74' lang='lat' dir='ltr'><strong>refertur,</strong></span> <span class='ocrx_word' id='word_1_499' title='bbox 1679 1141 1765 1169; x_wconf 81' lang='lat' dir='ltr'><strong>forma</strong></span> <span class='ocrx_word' id='word_1_500' title='bbox 1780 1143 1860 1170; x_wconf 86' lang='lat' dir='ltr'><strong>vide-</strong></span> 
     </span>
    </p>
   </div>
   <div class='ocr_carea' id='block_1_69' title="bbox 1064 1183 1860 1223">
    <p class='ocr_par' dir='ltr' id='par_1_69' title="bbox 1064 1183 1860 1223">
     <span class='ocr_line' id='line_1_69' title="bbox 1064 1183 1860 1223; baseline 0.008 -13"><span class='ocrx_word' id='word_1_501' title='bbox 1064 1183 1139 1216; x_wconf 83' lang='lat' dir='ltr'><strong>licet,</strong></span> <span class='ocrx_word' id='word_1_502' title='bbox 1163 1185 1314 1211; x_wconf 87' lang='lat' dir='ltr'><strong>sccumlum</strong></span> <span class='ocrx_word' id='word_1_503' title='bbox 1332 1193 1413 1219; x_wconf 92' lang='lat' dir='ltr'><strong>quam</strong></span> <span class='ocrx_word' id='word_1_504' title='bbox 1431 1187 1605 1220; x_wconf 83' lang='lat' dir='ltr'><strong>producitur,</strong></span> <span class='ocrx_word' id='word_1_505' title='bbox 1635 1191 1663 1214; x_wconf 91' lang='lat' dir='ltr'><strong>et</strong></span> <span class='ocrx_word' id='word_1_506' title='bbox 1684 1189 1860 1223; x_wconf 88' lang='lat' dir='ltr'><strong>suppositum</strong></span> 
     </span>
    </p>
   </div>
   <div class='ocr_carea' id='block_1_70' title="bbox 1065 1232 1861 1269">
    <p class='ocr_par' dir='ltr' id='par_1_70' title="bbox 1065 1232 1861 1269">
     <span class='ocr_line' id='line_1_70' title="bbox 1065 1232 1861 1269; baseline 0.01 -15"><span class='ocrx_word' id='word_1_507' title='bbox 1065 1233 1112 1255; x_wconf 85' lang='lat' dir='ltr'><strong>aut</strong></span> <span class='ocrx_word' id='word_1_508' title='bbox 1129 1236 1255 1263; x_wconf 85' lang='lat' dir='ltr'><strong>persona,</strong></span> <span class='ocrx_word' id='word_1_509' title='bbox 1272 1237 1306 1257; x_wconf 76' lang='lat' dir='ltr'><strong>ex</strong></span> <span class='ocrx_word' id='word_1_510' title='bbox 1323 1238 1386 1265; x_wconf 90' lang='lat' dir='ltr'><strong>qua,</strong></span> <span class='ocrx_word' id='word_1_511' title='bbox 1423 1232 1444 1258; x_wconf 90' lang='lat' dir='ltr'><strong>si</strong></span> <span class='ocrx_word' id='word_1_512' title='bbox 1466 1232 1546 1259; x_wconf 83' lang='lat' dir='ltr'><strong>Pater</strong></span> <span class='ocrx_word' id='word_1_513' title='bbox 1566 1237 1593 1260; x_wconf 92' lang='lat' dir='ltr'><strong>et</strong></span> <span class='ocrx_word' id='word_1_514' title='bbox 1614 1233 1708 1265; x_wconf 86' lang='lat' dir='ltr'><strong>Filius,</strong></span> <span class='ocrx_word' id='word_1_515' title='bbox 1726 1236 1861 1269; x_wconf 87' lang='lat' dir='ltr'><strong>quemad-</strong></span> 
     </span>
    </p>
   </div>
   <div class='ocr_carea' id='block_1_71' title="bbox 1066 1274 1861 1313">
    <p class='ocr_par' dir='ltr' id='par_1_71' title="bbox 1066 1274 1861 1313">
     <span class='ocr_line' id='line_1_71' title="bbox 1066 1274 1861 1313; baseline 0.008 -12"><span class='ocrx_word' id='word_1_516' title='bbox 1066 1274 1177 1302; x_wconf 88' lang='lat' dir='ltr'><strong>modum</strong></span> <span class='ocrx_word' id='word_1_517' title='bbox 1208 1277 1260 1303; x_wconf 88' lang='lat' dir='ltr'><strong>duo</strong></span> <span class='ocrx_word' id='word_1_518' title='bbox 1286 1283 1350 1304; x_wconf 88' lang='lat' dir='ltr'><strong>sunt</strong></span> <span class='ocrx_word' id='word_1_519' title='bbox 1374 1277 1525 1305; x_wconf 84' lang='lat' dir='ltr'><strong>secundum</strong></span> <span class='ocrx_word' id='word_1_520' title='bbox 1557 1286 1701 1313; x_wconf 81' lang='lat' dir='ltr'><strong>personas,</strong></span> <span class='ocrx_word' id='word_1_521' title='bbox 1723 1280 1744 1307; x_wconf 87' lang='lat' dir='ltr'><strong>si</strong></span> <span class='ocrx_word' id='word_1_522' title='bbox 1772 1281 1809 1307; x_wconf 83' lang='lat' dir='ltr'><strong>ita</strong></span> <span class='ocrx_word' id='word_1_523' title='bbox 1832 1277 1861 1307; x_wconf 67' lang='lat' dir='ltr'><strong>c‘</strong></span> 
     </span>
    </p>
   </div>
   <div class='ocr_carea' id='block_1_72' title="bbox 1066 1321 1859 1359">
    <p class='ocr_par' dir='ltr' id='par_1_72' title="bbox 1066 1321 1859 1359">
     <span class='ocr_line' id='line_1_72' title="bbox 1066 1321 1859 1359; baseline 0.006 -11"><span class='ocrx_word' id='word_1_524' title='bbox 1066 1321 1163 1354; x_wconf 79' lang='lat' dir='ltr'><strong>forma,</strong></span> <span class='ocrx_word' id='word_1_525' title='bbox 1189 1323 1339 1349; x_wconf 75' lang='lat' dir='ltr'><strong>Secundum</strong></span> <span class='ocrx_word' id='word_1_526' title='bbox 1367 1331 1448 1358; x_wconf 91' lang='lat' dir='ltr'><strong>quam</strong></span> <span class='ocrx_word' id='word_1_527' title='bbox 1475 1325 1648 1359; x_wconf 87' lang='lat' dir='ltr'><strong>producunt,</strong></span> <span class='ocrx_word' id='word_1_528' title='bbox 1675 1326 1729 1353; x_wconf 89' lang='lat' dir='ltr'><strong>duo</strong></span> <span class='ocrx_word' id='word_1_529' title='bbox 1753 1331 1859 1358; x_wconf 88' lang='lat' dir='ltr'><strong>essent,</strong></span> 
     </span>
    </p>
   </div>
   <div class='ocr_carea' id='block_1_73' title="bbox 1067 1367 1859 1405">
    <p class='ocr_par' dir='ltr' id='par_1_73' title="bbox 1067 1367 1859 1405">
     <span class='ocr_line' id='line_1_73' title="bbox 1067 1367 1859 1405; baseline 0.009 -13"><span class='ocrx_word' id='word_1_530' title='bbox 1067 1370 1133 1393; x_wconf 92' lang='lat' dir='ltr'><strong>tunc</strong></span> <span class='ocrx_word' id='word_1_531' title='bbox 1149 1367 1306 1395; x_wconf 59' lang='lat' dir='ltr'><strong>necnssario</strong></span> <span class='ocrx_word' id='word_1_532' title='bbox 1322 1368 1376 1395; x_wconf 89' lang='lat' dir='ltr'><strong>duo</strong></span> <span class='ocrx_word' id='word_1_533' title='bbox 1391 1374 1483 1396; x_wconf 85' lang='lat' dir='ltr'><strong>essent</strong></span> <span class='ocrx_word' id='word_1_534' title='bbox 1498 1370 1632 1405; x_wconf 85' lang='lat' dir='ltr'><strong>principia</strong></span> <span class='ocrx_word' id='word_1_535' title='bbox 1646 1371 1777 1405; x_wconf 84' lang='lat' dir='ltr'><strong>Spiritus,</strong></span> <span class='ocrx_word' id='word_1_536' title='bbox 1795 1380 1859 1399; x_wconf 82' lang='lat' dir='ltr'><strong>euut</strong></span> 
     </span>
    </p>
   </div>
   <div class='ocr_carea' id='block_1_74' title="bbox 1065 1414 1861 1449">
    <p class='ocr_par' dir='ltr' id='par_1_74' title="bbox 1065 1414 1861 1449">
     <span class='ocr_line' id='line_1_74' title="bbox 1065 1414 1861 1449; baseline 0.008 -10"><span class='ocrx_word' id='word_1_537' title='bbox 1065 1420 1132 1440; x_wconf 86' lang='lat' dir='ltr'><strong>vero</strong></span> <span class='ocrx_word' id='word_1_538' title='bbox 1154 1414 1205 1441; x_wconf 86' lang='lat' dir='ltr'><strong>etsi</strong></span> <span class='ocrx_word' id='word_1_539' title='bbox 1228 1415 1353 1449; x_wconf 88' lang='lat' dir='ltr'><strong>personis</strong></span> <span class='ocrx_word' id='word_1_540' title='bbox 1369 1415 1439 1443; x_wconf 90' lang='lat' dir='ltr'><strong>duos</strong></span> <span class='ocrx_word' id='word_1_541' title='bbox 1467 1423 1528 1444; x_wconf 86' lang='lat' dir='ltr'><strong>esse</strong></span> <span class='ocrx_word' id='word_1_542' title='bbox 1547 1416 1694 1449; x_wconf 78' lang='lat' dir='ltr'><strong>fateamur,</strong></span> <span class='ocrx_word' id='word_1_543' title='bbox 1712 1417 1800 1445; x_wconf 77' lang='lat' dir='ltr'><strong>forma</strong></span> <span class='ocrx_word' id='word_1_544' title='bbox 1823 1423 1861 1444; x_wconf 87' lang='lat' dir='ltr'><strong>ta-</strong></span> 
     </span>
    </p>
   </div>
   <div class='ocr_carea' id='block_1_75' title="bbox 1067 1461 1860 1497">
    <p class='ocr_par' dir='ltr' id='par_1_75' title="bbox 1067 1461 1860 1497">
     <span class='ocr_line' id='line_1_75' title="bbox 1067 1461 1860 1497; baseline 0.006 -11"><span class='ocrx_word' id='word_1_545' title='bbox 1067 1467 1142 1492; x_wconf 89' lang='lat' dir='ltr'><strong>tnen,</strong></span> <span class='ocrx_word' id='word_1_546' title='bbox 1160 1468 1212 1494; x_wconf 88' lang='lat' dir='ltr'><strong>qua</strong></span> <span class='ocrx_word' id='word_1_547' title='bbox 1227 1461 1382 1496; x_wconf 82' lang='lat' dir='ltr'><strong>producunt</strong></span> <span class='ocrx_word' id='word_1_548' title='bbox 1394 1471 1477 1490; x_wconf 90' lang='lat' dir='ltr'><strong>unum</strong></span> <span class='ocrx_word' id='word_1_549' title='bbox 1490 1471 1607 1490; x_wconf 84' lang='lat' dir='ltr'><strong>numero</strong></span> <span class='ocrx_word' id='word_1_550' title='bbox 1621 1465 1688 1497; x_wconf 90' lang='lat' dir='ltr'><strong>sint,</strong></span> <span class='ocrx_word' id='word_1_551' title='bbox 1703 1469 1730 1491; x_wconf 66' lang='grc' dir='ltr'><strong>(τί</strong></span> <span class='ocrx_word' id='word_1_552' title='bbox 1744 1465 1860 1492; x_wconf 90' lang='lat' dir='ltr'><strong>omnino</strong></span> 
     </span>
    </p>
   </div>
   <div class='ocr_carea' id='block_1_76' title="bbox 1067 1505 1861 1542">
    <p class='ocr_par' dir='ltr' id='par_1_76' title="bbox 1067 1505 1861 1542">
     <span class='ocr_line' id='line_1_76' title="bbox 1067 1505 1861 1542; baseline 0.006 -10"><span class='ocrx_word' id='word_1_553' title='bbox 1067 1505 1218 1533; x_wconf 87' lang='lat' dir='ltr'><strong>indistincti</strong></span> <span class='ocrx_word' id='word_1_554' title='bbox 1241 1506 1293 1542; x_wconf 75' lang='lat' dir='ltr'><strong>(est.</strong></span> <span class='ocrx_word' id='word_1_555' title='bbox 1314 1508 1387 1534; x_wconf 88' lang='lat' dir='ltr'><strong>enim</strong></span> <span class='ocrx_word' id='word_1_556' title='bbox 1411 1508 1467 1542; x_wconf 86' lang='lat' dir='ltr'><strong>ipsa</strong></span> <span class='ocrx_word' id='word_1_557' title='bbox 1486 1508 1579 1536; x_wconf 90' lang='lat' dir='ltr'><strong>divina</strong></span> <span class='ocrx_word' id='word_1_558' title='bbox 1595 1510 1713 1537; x_wconf 84' lang='lat' dir='ltr'><strong>essentia</strong></span> <span class='ocrx_word' id='word_1_559' title='bbox 1738 1517 1792 1537; x_wconf 85' lang='lat' dir='ltr'><strong>una</strong></span> <span class='ocrx_word' id='word_1_560' title='bbox 1832 1515 1861 1538; x_wconf 85' lang='lat' dir='ltr'><strong>et</strong></span> 
     </span>
    </p>
   </div>
   <div class='ocr_carea' id='block_1_77' title="bbox 1066 1552 1859 1588">
    <p class='ocr_par' dir='ltr' id='par_1_77' title="bbox 1066 1552 1859 1588">
     <span class='ocr_line' id='line_1_77' title="bbox 1066 1552 1859 1588; baseline 0.005 -9"><span class='ocrx_word' id='word_1_561' title='bbox 1066 1552 1162 1579; x_wconf 73' lang='lat' dir='ltr'><strong>eadem</strong></span> <span class='ocrx_word' id='word_1_562' title='bbox 1190 1560 1306 1580; x_wconf 88' lang='lat' dir='ltr'><strong>numero</strong></span> <span class='ocrx_word' id='word_1_563' title='bbox 1335 1554 1491 1581; x_wconf 82' lang='lat' dir='ltr'><strong>communis</strong></span> <span class='ocrx_word' id='word_1_564' title='bbox 1520 1555 1672 1588; x_wconf 88' lang='lat' dir='ltr'><strong>ambobus,</strong></span> <span class='ocrx_word' id='word_1_565' title='bbox 1703 1557 1859 1583; x_wconf 88' lang='lat' dir='ltr'><strong>secundum</strong></span> 
     </span>
    </p>
   </div>
   <div class='ocr_carea' id='block_1_78' title="bbox 1067 1599 1859 1634">
    <p class='ocr_par' dir='ltr' id='par_1_78' title="bbox 1067 1599 1859 1634">
     <span class='ocr_line' id='line_1_78' title="bbox 1067 1599 1859 1634; baseline 0.006 -9"><span class='ocrx_word' id='word_1_566' title='bbox 1067 1606 1148 1633; x_wconf 87' lang='lat' dir='ltr'><strong>quam</strong></span> <span class='ocrx_word' id='word_1_567' title='bbox 1162 1599 1242 1626; x_wconf 87' lang='lat' dir='ltr'><strong>ambo</strong></span> <span class='ocrx_word' id='word_1_568' title='bbox 1258 1599 1389 1634; x_wconf 88' lang='lat' dir='ltr'><strong>Spiritum</strong></span> <span class='ocrx_word' id='word_1_569' title='bbox 1405 1600 1582 1634; x_wconf 81' lang='lat' dir='ltr'><strong>producunt),</strong></span> <span class='ocrx_word' id='word_1_570' title='bbox 1605 1609 1659 1628; x_wconf 92' lang='lat' dir='ltr'><strong>non</strong></span> <span class='ocrx_word' id='word_1_571' title='bbox 1676 1608 1715 1629; x_wconf 88' lang='lat' dir='ltr'><strong>est</strong></span> <span class='ocrx_word' id='word_1_572' title='bbox 1736 1610 1859 1630; x_wconf 53' lang='lat' dir='ltr'><strong>necesse,</strong></span> 
     </span>
    </p>
   </div>
   <div class='ocr_carea' id='block_1_79' title="bbox 1069 1643 1861 1681">
    <p class='ocr_par' dir='ltr' id='par_1_79' title="bbox 1069 1643 1861 1681">
     <span class='ocr_line' id='line_1_79' title="bbox 1069 1643 1861 1681; baseline 0.008 -11"><span class='ocrx_word' id='word_1_573' title='bbox 1069 1643 1123 1671; x_wconf 74' lang='lat' dir='ltr'><strong>into</strong></span> <span class='ocrx_word' id='word_1_574' title='bbox 1156 1645 1327 1678; x_wconf 85' lang='lat' dir='ltr'><strong>impossibile</strong></span> <span class='ocrx_word' id='word_1_575' title='bbox 1349 1651 1400 1679; x_wconf 66' lang='lat' dir='ltr'><strong>est,</strong></span> <span class='ocrx_word' id='word_1_576' title='bbox 1427 1645 1482 1673; x_wconf 89' lang='lat' dir='ltr'><strong>duo</strong></span> <span class='ocrx_word' id='word_1_577' title='bbox 1509 1647 1646 1681; x_wconf 88' lang='lat' dir='ltr'><strong>principia</strong></span> <span class='ocrx_word' id='word_1_578' title='bbox 1675 1647 1781 1675; x_wconf 85' lang='lat' dir='ltr'><strong>dicere.</strong></span> <span class='ocrx_word' id='word_1_579' title='bbox 1811 1649 1861 1676; x_wconf 83' lang='lat' dir='ltr'><strong>Est</strong></span> 
     </span>
    </p>
   </div>
   <div class='ocr_carea' id='block_1_80' title="bbox 1066 1690 1860 1729">
    <p class='ocr_par' dir='ltr' id='par_1_80' title="bbox 1066 1690 1860 1729">
     <span class='ocr_line' id='line_1_80' title="bbox 1066 1690 1860 1729; baseline 0.008 -14"><span class='ocrx_word' id='word_1_580' title='bbox 1066 1690 1169 1716; x_wconf 88' lang='lat' dir='ltr'><strong>ctcnitn</strong></span> <span class='ocrx_word' id='word_1_581' title='bbox 1188 1698 1239 1717; x_wconf 89' lang='lat' dir='ltr'><strong>una</strong></span> <span class='ocrx_word' id='word_1_582' title='bbox 1257 1698 1372 1717; x_wconf 88' lang='lat' dir='ltr'><strong>numero</strong></span> <span class='ocrx_word' id='word_1_583' title='bbox 1385 1691 1539 1719; x_wconf 79' lang='lat' dir='ltr'><strong>essentialis</strong></span> <span class='ocrx_word' id='word_1_584' title='bbox 1553 1692 1641 1719; x_wconf 89' lang='lat' dir='ltr'><strong>activa</strong></span> <span class='ocrx_word' id='word_1_585' title='bbox 1657 1694 1786 1727; x_wconf 86' lang='lat' dir='ltr'><strong>spiratio,</strong></span> <span class='ocrx_word' id='word_1_586' title='bbox 1799 1702 1860 1729; x_wconf 61' lang='lat' dir='ltr'><strong>quae</strong></span> 
     </span>
    </p>
   </div>
   <div class='ocr_carea' id='block_1_81' title="bbox 1067 1736 1858 1772">
    <p class='ocr_par' dir='ltr' id='par_1_81' title="bbox 1067 1736 1858 1772">
     <span class='ocr_line' id='line_1_81' title="bbox 1067 1736 1858 1772; baseline 0.006 -10"><span class='ocrx_word' id='word_1_587' title='bbox 1067 1743 1128 1762; x_wconf 85' lang='lat' dir='ltr'><strong>cum</strong></span> <span class='ocrx_word' id='word_1_588' title='bbox 1147 1736 1188 1764; x_wconf 85' lang='lat' dir='ltr'><strong>eis</strong></span> <span class='ocrx_word' id='word_1_589' title='bbox 1206 1737 1316 1771; x_wconf 90' lang='lat' dir='ltr'><strong>propria</strong></span> <span class='ocrx_word' id='word_1_590' title='bbox 1337 1737 1383 1769; x_wconf 89' lang='lat' dir='ltr'><strong>sit,</strong></span> <span class='ocrx_word' id='word_1_591' title='bbox 1401 1745 1453 1764; x_wconf 87' lang='lat' dir='ltr'><strong>non</strong></span> <span class='ocrx_word' id='word_1_592' title='bbox 1476 1742 1568 1772; x_wconf 87' lang='lat' dir='ltr'><strong>potest</strong></span> <span class='ocrx_word' id='word_1_593' title='bbox 1590 1743 1679 1766; x_wconf 88' lang='lat' dir='ltr'><strong>tamen</strong></span> <span class='ocrx_word' id='word_1_594' title='bbox 1700 1747 1762 1767; x_wconf 89' lang='lat' dir='ltr'><strong>esse</strong></span> <span class='ocrx_word' id='word_1_595' title='bbox 1785 1748 1858 1767; x_wconf 89' lang='lat' dir='ltr'><strong>com-</strong></span> 
     </span>
    </p>
   </div>
   <div class='ocr_carea' id='block_1_82' title="bbox 1066 1782 1858 1820">
    <p class='ocr_par' dir='ltr' id='par_1_82' title="bbox 1066 1782 1858 1820">
     <span class='ocr_line' id='line_1_82' title="bbox 1066 1782 1858 1820; baseline 0.005 -11"><span class='ocrx_word' id='word_1_596' title='bbox 1066 1782 1159 1810; x_wconf 89' lang='lat' dir='ltr'><strong>munis</strong></span> <span class='ocrx_word' id='word_1_597' title='bbox 1182 1782 1296 1817; x_wconf 88' lang='lat' dir='ltr'><strong>Spiritui</strong></span> <span class='ocrx_word' id='word_1_598' title='bbox 1321 1790 1428 1816; x_wconf 89' lang='lat' dir='ltr'><strong>sancto,</strong></span> <span class='ocrx_word' id='word_1_599' title='bbox 1445 1791 1478 1811; x_wconf 89' lang='lat' dir='ltr'><strong>eo</strong></span> <span class='ocrx_word' id='word_1_600' title='bbox 1494 1785 1566 1819; x_wconf 89' lang='lat' dir='ltr'><strong>quod</strong></span> <span class='ocrx_word' id='word_1_601' title='bbox 1585 1789 1614 1811; x_wconf 92' lang='lat' dir='ltr'><strong>ut</strong></span> <span class='ocrx_word' id='word_1_602' title='bbox 1632 1786 1734 1820; x_wconf 73' lang='lat' dir='ltr'><strong>stepius</strong></span> <span class='ocrx_word' id='word_1_603' title='bbox 1754 1787 1858 1814; x_wconf 85' lang='lat' dir='ltr'><strong>dictum</strong></span> 
     </span>
    </p>
   </div>
   <div class='ocr_carea' id='block_1_83' title="bbox 1065 1829 1858 1864">
    <p class='ocr_par' dir='ltr' id='par_1_83' title="bbox 1065 1829 1858 1864">
     <span class='ocr_line' id='line_1_83' title="bbox 1065 1829 1858 1864; baseline 0.006 -9"><span class='ocrx_word' id='word_1_604' title='bbox 1065 1833 1108 1856; x_wconf 81' lang='lat' dir='ltr'><strong>est</strong></span> <span class='ocrx_word' id='word_1_605' title='bbox 1125 1829 1274 1864; x_wconf 91' lang='lat' dir='ltr'><strong>opponitur</strong></span> <span class='ocrx_word' id='word_1_606' title='bbox 1296 1830 1356 1864; x_wconf 81' lang='lat' dir='ltr'><strong>ejus</strong></span> <span class='ocrx_word' id='word_1_607' title='bbox 1371 1830 1544 1864; x_wconf 88' lang='lat' dir='ltr'><strong>proprietati.</strong></span> <span class='ocrx_word' id='word_1_608' title='bbox 1560 1830 1656 1858; x_wconf 86' lang='lat' dir='ltr'><strong>Omnia</strong></span> <span class='ocrx_word' id='word_1_609' title='bbox 1675 1833 1748 1859; x_wconf 85' lang='lat' dir='ltr'><strong>enim</strong></span> <span class='ocrx_word' id='word_1_610' title='bbox 1765 1841 1858 1860; x_wconf 84' lang='lat' dir='ltr'><strong>essen-</strong></span> 
     </span>
    </p>
   </div>
   <div class='ocr_carea' id='block_1_84' title="bbox 1069 1875 1858 1912">
    <p class='ocr_par' dir='ltr' id='par_1_84' title="bbox 1069 1875 1858 1912">
     <span class='ocr_line' id='line_1_84' title="bbox 1069 1875 1858 1912; baseline 0.008 -10"><span class='ocrx_word' id='word_1_611' title='bbox 1069 1876 1142 1902; x_wconf 86' lang='lat' dir='ltr'><strong>tialia</strong></span> <span class='ocrx_word' id='word_1_612' title='bbox 1156 1875 1313 1903; x_wconf 87' lang='lat' dir='ltr'><strong>communia</strong></span> <span class='ocrx_word' id='word_1_613' title='bbox 1327 1875 1397 1903; x_wconf 89' lang='lat' dir='ltr'><strong>Filio</strong></span> <span class='ocrx_word' id='word_1_614' title='bbox 1413 1881 1441 1904; x_wconf 92' lang='lat' dir='ltr'><strong>ct</strong></span> <span class='ocrx_word' id='word_1_615' title='bbox 1469 1877 1583 1912; x_wconf 88' lang='lat' dir='ltr'><strong>Spiritui</strong></span> <span class='ocrx_word' id='word_1_616' title='bbox 1598 1882 1692 1905; x_wconf 88' lang='lat' dir='ltr'><strong>sancto</strong></span> <span class='ocrx_word' id='word_1_617' title='bbox 1704 1886 1764 1905; x_wconf 90' lang='lat' dir='ltr'><strong>cum</strong></span> <span class='ocrx_word' id='word_1_618' title='bbox 1778 1879 1858 1908; x_wconf 82' lang='lat' dir='ltr'><strong>Patre</strong></span> 
     </span>
    </p>
   </div>
   <div class='ocr_carea' id='block_1_85' title="bbox 1065 1922 1856 1958">
    <p class='ocr_par' dir='ltr' id='par_1_85' title="bbox 1065 1922 1856 1958">
     <span class='ocr_line' id='line_1_85' title="bbox 1065 1922 1856 1958; baseline 0.004 -9"><span class='ocrx_word' id='word_1_619' title='bbox 1065 1927 1141 1956; x_wconf 86' lang='lat' dir='ltr'><strong>sunt,</strong></span> <span class='ocrx_word' id='word_1_620' title='bbox 1164 1922 1248 1949; x_wconf 82' lang='lat' dir='ltr'><strong>salvis</strong></span> <span class='ocrx_word' id='word_1_621' title='bbox 1271 1926 1361 1949; x_wconf 86' lang='lat' dir='ltr'><strong>tamen</strong></span> <span class='ocrx_word' id='word_1_622' title='bbox 1386 1930 1483 1950; x_wconf 90' lang='lat' dir='ltr'><strong>eorum</strong></span> <span class='ocrx_word' id='word_1_623' title='bbox 1509 1924 1736 1958; x_wconf 69' lang='lat' dir='ltr'><strong>proprietatibus.</strong></span> <span class='ocrx_word' id='word_1_624' title='bbox 1759 1925 1856 1952; x_wconf 86' lang='lat' dir='ltr'><strong>Omnia</strong></span> 
     </span>
    </p>
   </div>
   <div class='ocr_carea' id='block_1_86' title="bbox 1065 1967 1856 2003">
    <p class='ocr_par' dir='ltr' id='par_1_86' title="bbox 1065 1967 1856 2003">
     <span class='ocr_line' id='line_1_86' title="bbox 1065 1967 1856 2003; baseline 0.003 -8"><span class='ocrx_word' id='word_1_625' title='bbox 1065 1968 1138 1995; x_wconf 89' lang='lat' dir='ltr'><strong>enim</strong></span> <span class='ocrx_word' id='word_1_626' title='bbox 1162 1973 1205 1995; x_wconf 87' lang='lat' dir='ltr'><strong>est</strong></span> <span class='ocrx_word' id='word_1_627' title='bbox 1230 1967 1315 1995; x_wconf 85' lang='lat' dir='ltr'><strong>Filius</strong></span> <span class='ocrx_word' id='word_1_628' title='bbox 1333 1975 1502 2003; x_wconf 59' lang='lat' dir='ltr'><strong>quaecunque</strong></span> <span class='ocrx_word' id='word_1_629' title='bbox 1523 1973 1551 1995; x_wconf 87' lang='lat' dir='ltr'><strong>et</strong></span> <span class='ocrx_word' id='word_1_630' title='bbox 1576 1968 1674 2001; x_wconf 83' lang='lat' dir='ltr'><strong>Pater,</strong></span> <span class='ocrx_word' id='word_1_631' title='bbox 1699 1969 1816 1997; x_wconf 85' lang='lat' dir='ltr'><strong>Basilius</strong></span> <span class='ocrx_word' id='word_1_632' title='bbox 1831 1975 1856 1997; x_wconf 90' lang='lat' dir='ltr'><strong>et</strong></span> 
     </span>
    </p>
   </div>
   <div class='ocr_carea' id='block_1_87' title="bbox 1065 2014 1854 2049">
    <p class='ocr_par' dir='ltr' id='par_1_87' title="bbox 1065 2014 1854 2049">
     <span class='ocr_line' id='line_1_87' title="bbox 1065 2014 1854 2049; baseline 0 -7"><span class='ocrx_word' id='word_1_633' title='bbox 1065 2014 1156 2042; x_wconf 72' lang='lat' dir='ltr'><strong>caateri</strong></span> <span class='ocrx_word' id='word_1_634' title='bbox 1165 2014 1292 2042; x_wconf 77' lang='lat' dir='ltr'><strong>doctores</strong></span> <span class='ocrx_word' id='word_1_635' title='bbox 1301 2015 1388 2046; x_wconf 87' lang='lat' dir='ltr'><strong>aiunt,</strong></span> <span class='ocrx_word' id='word_1_636' title='bbox 1401 2021 1516 2042; x_wconf 88' lang='lat' dir='ltr'><strong>manens</strong></span> <span class='ocrx_word' id='word_1_637' title='bbox 1529 2014 1557 2041; x_wconf 93' lang='lat' dir='ltr'><strong>in</strong></span> <span class='ocrx_word' id='word_1_638' title='bbox 1568 2021 1602 2041; x_wconf 86' lang='lat' dir='ltr'><strong>eo</strong></span> <span class='ocrx_word' id='word_1_639' title='bbox 1615 2015 1688 2049; x_wconf 91' lang='lat' dir='ltr'><strong>quod</strong></span> <span class='ocrx_word' id='word_1_640' title='bbox 1703 2020 1746 2042; x_wconf 92' lang='lat' dir='ltr'><strong>cst</strong></span> <span class='ocrx_word' id='word_1_641' title='bbox 1759 2015 1854 2048; x_wconf 79' lang='lat' dir='ltr'><strong>Filius,</strong></span> 
     </span>
    </p>
   </div>
   <div class='ocr_carea' id='block_1_88' title="bbox 1067 2060 1854 2096">
    <p class='ocr_par' dir='ltr' id='par_1_88' title="bbox 1067 2060 1854 2096">
     <span class='ocr_line' id='line_1_88' title="bbox 1067 2060 1854 2096; baseline 0.003 -9"><span class='ocrx_word' id='word_1_642' title='bbox 1067 2060 1197 2088; x_wconf 84' lang='lat' dir='ltr'><strong>videlicet</strong></span> <span class='ocrx_word' id='word_1_643' title='bbox 1226 2060 1253 2087; x_wconf 90' lang='lat' dir='ltr'><strong>in</strong></span> <span class='ocrx_word' id='word_1_644' title='bbox 1281 2061 1341 2096; x_wconf 82' lang='lat' dir='ltr'><strong>ejus</strong></span> <span class='ocrx_word' id='word_1_645' title='bbox 1368 2061 1546 2095; x_wconf 84' lang='lat' dir='ltr'><strong>proprietate.</strong></span> <span class='ocrx_word' id='word_1_646' title='bbox 1572 2061 1732 2096; x_wconf 85' lang='lat' dir='ltr'><strong>Quanquam</strong></span> <span class='ocrx_word' id='word_1_647' title='bbox 1755 2063 1854 2089; x_wconf 88' lang='lat' dir='ltr'><strong>etenim</strong></span> 
     </span>
    </p>
   </div>
   <div class='ocr_carea' id='block_1_89' title="bbox 1065 2105 1855 2141">
    <p class='ocr_par' dir='ltr' id='par_1_89' title="bbox 1065 2105 1855 2141">
     <span class='ocr_line' id='line_1_89' title="bbox 1065 2105 1855 2141; baseline 0.003 -9"><span class='ocrx_word' id='word_1_648' title='bbox 1065 2106 1178 2141; x_wconf 58' lang='lat' dir='ltr'><strong>aqualis</strong></span> <span class='ocrx_word' id='word_1_649' title='bbox 1207 2111 1233 2133; x_wconf 90' lang='lat' dir='ltr'><strong>et</strong></span> <span class='ocrx_word' id='word_1_650' title='bbox 1256 2106 1352 2133; x_wconf 87' lang='lat' dir='ltr'><strong>similis</strong></span> <span class='ocrx_word' id='word_1_651' title='bbox 1374 2105 1411 2132; x_wconf 89' lang='lat' dir='ltr'><strong>sit</strong></span> <span class='ocrx_word' id='word_1_652' title='bbox 1435 2105 1521 2137; x_wconf 85' lang='lat' dir='ltr'><strong>Patri,</strong></span> <span class='ocrx_word' id='word_1_653' title='bbox 1552 2113 1686 2140; x_wconf 81' lang='lat' dir='ltr'><strong>generare</strong></span> <span class='ocrx_word' id='word_1_654' title='bbox 1711 2111 1803 2133; x_wconf 87' lang='lat' dir='ltr'><strong>tamen</strong></span> <span class='ocrx_word' id='word_1_655' title='bbox 1827 2115 1855 2134; x_wconf 83' lang='lat' dir='ltr'><strong>se</strong></span> 
     </span>
    </p>
   </div>
   <div class='ocr_carea' id='block_1_90' title="bbox 1065 2151 1855 2187">
    <p class='ocr_par' dir='ltr' id='par_1_90' title="bbox 1065 2151 1855 2187">
     <span class='ocr_line' id='line_1_90' title="bbox 1065 2151 1855 2187; baseline 0 -8"><span class='ocrx_word' id='word_1_656' title='bbox 1065 2152 1155 2186; x_wconf 90' lang='lat' dir='ltr'><strong>ipsum</strong></span> <span class='ocrx_word' id='word_1_657' title='bbox 1181 2159 1236 2178; x_wconf 87' lang='lat' dir='ltr'><strong>non</strong></span> <span class='ocrx_word' id='word_1_658' title='bbox 1257 2155 1357 2186; x_wconf 70' lang='lat' dir='ltr'><strong>potest,</strong></span> <span class='ocrx_word' id='word_1_659' title='bbox 1375 2159 1437 2178; x_wconf 89' lang='lat' dir='ltr'><strong>cum</strong></span> <span class='ocrx_word' id='word_1_660' title='bbox 1458 2151 1493 2178; x_wconf 88' lang='lat' dir='ltr'><strong>sit</strong></span> <span class='ocrx_word' id='word_1_661' title='bbox 1509 2152 1568 2186; x_wconf 85' lang='lat' dir='ltr'><strong>ejus</strong></span> <span class='ocrx_word' id='word_1_662' title='bbox 1585 2152 1743 2187; x_wconf 85' lang='lat' dir='ltr'><strong>proprietati</strong></span> <span class='ocrx_word' id='word_1_663' title='bbox 1770 2161 1855 2187; x_wconf 89' lang='lat' dir='ltr'><strong>oppu-</strong></span> 
     </span>
    </p>
   </div>
   <div class='ocr_carea' id='block_1_91' title="bbox 1067 2195 1854 2233">
    <p class='ocr_par' dir='ltr' id='par_1_91' title="bbox 1067 2195 1854 2233">
     <span class='ocr_line' id='line_1_91' title="bbox 1067 2195 1854 2233; baseline -0.001 -7"><span class='ocrx_word' id='word_1_664' title='bbox 1067 2206 1164 2233; x_wconf 72' lang='lat' dir='ltr'><strong>gnans.</strong></span> <span class='ocrx_word' id='word_1_665' title='bbox 1187 2198 1289 2226; x_wconf 84' lang='lat' dir='ltr'><strong>Eodem</strong></span> <span class='ocrx_word' id='word_1_666' title='bbox 1314 2198 1395 2225; x_wconf 90' lang='lat' dir='ltr'><strong>modo</strong></span> <span class='ocrx_word' id='word_1_667' title='bbox 1413 2198 1534 2232; x_wconf 86' lang='lat' dir='ltr'><strong>Spiritus</strong></span> <span class='ocrx_word' id='word_1_668' title='bbox 1548 2195 1666 2232; x_wconf 77' lang='lat' dir='ltr'><strong>quoqhe,</strong></span> <span class='ocrx_word' id='word_1_669' title='bbox 1689 2199 1739 2226; x_wconf 89' lang='lat' dir='ltr'><strong>etsi</strong></span> <span class='ocrx_word' id='word_1_670' title='bbox 1765 2199 1854 2226; x_wconf 83' lang='lat' dir='ltr'><strong>omnia</strong></span> 
     </span>
    </p>
   </div>
   <div class='ocr_carea' id='block_1_92' title="bbox 228 2242 1852 2281">
    <p class='ocr_par' dir='ltr' id='par_1_92' title="bbox 228 2242 1852 2281">
     <span class='ocr_line' id='line_1_92' title="bbox 228 2242 1852 2281; baseline -0.001 -10"><span class='ocrx_word' id='word_1_671' title='bbox 228 2244 255 2271; x_wconf 89' lang='lat' dir='ltr'><strong>in</strong></span> <span class='ocrx_word' id='word_1_672' title='bbox 271 2245 453 2279; x_wconf 85' lang='lat' dir='ltr'><strong>productione</strong></span> <span class='ocrx_word' id='word_1_673' title='bbox 468 2245 550 2272; x_wconf 88' lang='lat' dir='ltr'><strong>etiam</strong></span> <span class='ocrx_word' id='word_1_674' title='bbox 567 2251 699 2272; x_wconf 75' lang='lat' dir='ltr'><strong>creatura:</strong></span> <span class='ocrx_word' id='word_1_675' title='bbox 715 2251 886 2280; x_wconf 86' lang='lat' dir='ltr'><strong>sequeretur.</strong></span> <span class='ocrx_word' id='word_1_676' title='bbox 906 2246 934 2273; x_wconf 89' lang='lat' dir='ltr'><strong>Si</strong></span> <span class='ocrx_word' id='word_1_677' title='bbox 949 2247 1012 2281; x_wconf 90' lang='lat' dir='ltr'><strong>quis</strong></span> <span class='ocrx_word' id='word_1_678' title='bbox 1027 2243 1050 2272; x_wconf 89' lang='lat' dir='ltr'><strong>D</strong></span> <span class='ocrx_word' id='word_1_679' title='bbox 1063 2244 1218 2272; x_wconf 87' lang='lat' dir='ltr'><strong>communia</strong></span> <span class='ocrx_word' id='word_1_680' title='bbox 1232 2243 1387 2270; x_wconf 84' lang='lat' dir='ltr'><strong>habetcum</strong></span> <span class='ocrx_word' id='word_1_681' title='bbox 1403 2243 1483 2270; x_wconf 83' lang='lat' dir='ltr'><strong>Patre</strong></span> <span class='ocrx_word' id='word_1_682' title='bbox 1501 2247 1529 2270; x_wconf 80' lang='lat' dir='ltr'><strong>et</strong></span> <span class='ocrx_word' id='word_1_683' title='bbox 1552 2242 1632 2276; x_wconf 87' lang='lat' dir='ltr'><strong>Filio,</strong></span> <span class='ocrx_word' id='word_1_684' title='bbox 1647 2248 1737 2270; x_wconf 82' lang='lat' dir='ltr'><strong>servet</strong></span> <span class='ocrx_word' id='word_1_685' title='bbox 1764 2249 1852 2272; x_wconf 85' lang='lat' dir='ltr'><strong>tamen</strong></span> 
     </span>
    </p>
   </div>
   <div class='ocr_carea' id='block_1_93' title="bbox 228 2291 1017 2326">
    <p class='ocr_par' dir='ltr' id='par_1_93' title="bbox 228 2291 1017 2326">
     <span class='ocr_line' id='line_1_93' title="bbox 228 2291 1017 2326; baseline 0.004 -9"><span class='ocrx_word' id='word_1_686' title='bbox 228 2298 282 2317; x_wconf 91' lang='lat' dir='ltr'><strong>non</strong></span> <span class='ocrx_word' id='word_1_687' title='bbox 307 2291 352 2326; x_wconf 88' lang='lat' dir='ltr'><strong>pie</strong></span> <span class='ocrx_word' id='word_1_688' title='bbox 371 2291 568 2324; x_wconf 87' lang='lat' dir='ltr'><strong>consideraret,</strong></span> <span class='ocrx_word' id='word_1_689' title='bbox 588 2292 661 2326; x_wconf 90' lang='lat' dir='ltr'><strong>quod</strong></span> <span class='ocrx_word' id='word_1_690' title='bbox 684 2299 698 2318; x_wconf 85' lang='lat' dir='ltr'><strong>a</strong></span> <span class='ocrx_word' id='word_1_691' title='bbox 721 2292 774 2319; x_wconf 83' lang='lat' dir='ltr'><strong>title</strong></span> <span class='ocrx_word' id='word_1_692' title='bbox 795 2292 950 2320; x_wconf 87' lang='lat' dir='ltr'><strong>Christiana</strong></span> <span class='ocrx_word' id='word_1_693' title='bbox 973 2298 1017 2320; x_wconf 86' lang='lat' dir='ltr'><strong>est</strong></span> 
     </span>
    </p>
   </div>
   <div class='ocr_carea' id='block_1_94' title="bbox 228 2337 1017 2372">
    <p class='ocr_par' dir='ltr' id='par_1_94' title="bbox 228 2337 1017 2372">
     <span class='ocr_line' id='line_1_94' title="bbox 228 2337 1017 2372; baseline 0.003 -9"><span class='ocrx_word' id='word_1_694' title='bbox 228 2337 357 2368; x_wconf 89' lang='lat' dir='ltr'><strong>alienum,</strong></span> <span class='ocrx_word' id='word_1_695' title='bbox 383 2341 411 2364; x_wconf 85' lang='lat' dir='ltr'><strong>et.</strong></span> <span class='ocrx_word' id='word_1_696' title='bbox 435 2338 601 2364; x_wconf 83' lang='lat' dir='ltr'><strong>conveniens</strong></span> <span class='ocrx_word' id='word_1_697' title='bbox 626 2338 786 2372; x_wconf 78' lang='lat' dir='ltr'><strong>gentilibus.</strong></span> <span class='ocrx_word' id='word_1_698' title='bbox 806 2338 862 2365; x_wconf 85' lang='lat' dir='ltr'><strong>[Ioc</strong></span> <span class='ocrx_word' id='word_1_699' title='bbox 885 2339 957 2366; x_wconf 89' lang='lat' dir='ltr'><strong>enim</strong></span> <span class='ocrx_word' id='word_1_700' title='bbox 975 2343 1017 2367; x_wconf 85' lang='lat' dir='ltr'><strong>est</strong></span> 
     </span>
    </p>
   </div>
   <div class='ocr_carea' id='block_1_95' title="bbox 228 2381 1014 2418">
    <p class='ocr_par' dir='ltr' id='par_1_95' title="bbox 228 2381 1014 2418">
     <span class='ocr_line' id='line_1_95' title="bbox 228 2381 1014 2418; baseline 0.003 -10"><span class='ocrx_word' id='word_1_701' title='bbox 228 2381 262 2408; x_wconf 90' lang='lat' dir='ltr'><strong>de</strong></span> <span class='ocrx_word' id='word_1_702' title='bbox 276 2389 330 2416; x_wconf 92' lang='lat' dir='ltr'><strong>quo</strong></span> <span class='ocrx_word' id='word_1_703' title='bbox 345 2382 461 2409; x_wconf 80' lang='lat' dir='ltr'><strong>maxime</strong></span> <span class='ocrx_word' id='word_1_704' title='bbox 477 2389 527 2409; x_wconf 91' lang='lat' dir='ltr'><strong>nos</strong></span> <span class='ocrx_word' id='word_1_705' title='bbox 540 2382 656 2417; x_wconf 75' lang='lat' dir='ltr'><strong>gentiles</strong></span> <span class='ocrx_word' id='word_1_706' title='bbox 669 2390 841 2415; x_wconf 88' lang='lat' dir='ltr'><strong>accusamus,</strong></span> <span class='ocrx_word' id='word_1_707' title='bbox 855 2383 928 2418; x_wconf 88' lang='lat' dir='ltr'><strong>quod</strong></span> <span class='ocrx_word' id='word_1_708' title='bbox 943 2384 1014 2410; x_wconf 92' lang='lat' dir='ltr'><strong>mul-</strong></span> 
     </span>
    </p>
   </div>
   <div class='ocr_carea' id='block_1_96' title="bbox 229 2427 1014 2463">
    <p class='ocr_par' dir='ltr' id='par_1_96' title="bbox 229 2427 1014 2463">
     <span class='ocr_line' id='line_1_96' title="bbox 229 2427 1014 2463; baseline 0.005 -11"><span class='ocrx_word' id='word_1_709' title='bbox 229 2431 270 2454; x_wconf 87' lang='lat' dir='ltr'><strong>tos</strong></span> <span class='ocrx_word' id='word_1_710' title='bbox 286 2427 413 2454; x_wconf 77' lang='lat' dir='ltr'><strong>videlicet</strong></span> <span class='ocrx_word' id='word_1_711' title='bbox 429 2427 641 2454; x_wconf 85' lang='lat' dir='ltr'><strong>introducebant</strong></span> <span class='ocrx_word' id='word_1_712' title='bbox 665 2427 742 2460; x_wconf 81' lang='lat' dir='ltr'><strong>deos,</strong></span> <span class='ocrx_word' id='word_1_713' title='bbox 768 2428 923 2463; x_wconf 86' lang='lat' dir='ltr'><strong>multosque</strong></span> <span class='ocrx_word' id='word_1_714' title='bbox 937 2436 1014 2456; x_wconf 89' lang='lat' dir='ltr'><strong>crea-</strong></span> 
     </span>
    </p>
   </div>
   <div class='ocr_carea' id='block_1_97' title="bbox 228 2473 1017 2508">
    <p class='ocr_par' dir='ltr' id='par_1_97' title="bbox 228 2473 1017 2508">
     <span class='ocr_line' id='line_1_97' title="bbox 228 2473 1017 2508; baseline 0.003 -8"><span class='ocrx_word' id='word_1_715' title='bbox 228 2478 311 2500; x_wconf 83' lang='lat' dir='ltr'><strong>torcs.</strong></span> <span class='ocrx_word' id='word_1_716' title='bbox 327 2473 394 2500; x_wconf 87' lang='lat' dir='ltr'><strong>Cum</strong></span> <span class='ocrx_word' id='word_1_717' title='bbox 412 2473 495 2507; x_wconf 81' lang='lat' dir='ltr'><strong>igitur</strong></span> <span class='ocrx_word' id='word_1_718' title='bbox 519 2480 570 2500; x_wconf 90' lang='lat' dir='ltr'><strong>nos</strong></span> <span class='ocrx_word' id='word_1_719' title='bbox 581 2473 664 2499; x_wconf 89' lang='lat' dir='ltr'><strong>etiam</strong></span> <span class='ocrx_word' id='word_1_720' title='bbox 682 2477 738 2500; x_wconf 88' lang='lat' dir='ltr'><strong>tres</strong></span> <span class='ocrx_word' id='word_1_721' title='bbox 760 2474 866 2501; x_wconf 84' lang='lat' dir='ltr'><strong>divinas</strong></span> <span class='ocrx_word' id='word_1_722' title='bbox 889 2483 1017 2508; x_wconf 86' lang='lat' dir='ltr'><strong>personas</strong></span> 
     </span>
    </p>
   </div>
   <div class='ocr_carea' id='block_1_98' title="bbox 227 2519 1018 2554">
    <p class='ocr_par' dir='ltr' id='par_1_98' title="bbox 227 2519 1018 2554">
     <span class='ocr_line' id='line_1_98' title="bbox 227 2519 1018 2554; baseline 0.001 -6"><span class='ocrx_word' id='word_1_723' title='bbox 227 2526 361 2548; x_wconf 71' lang='lat' dir='ltr'><strong>creatum</strong></span> <span class='ocrx_word' id='word_1_724' title='bbox 391 2527 501 2547; x_wconf 87' lang='lat' dir='ltr'><strong>causam</strong></span> <span class='ocrx_word' id='word_1_725' title='bbox 531 2524 559 2546; x_wconf 92' lang='lat' dir='ltr'><strong>et</strong></span> <span class='ocrx_word' id='word_1_726' title='bbox 582 2519 747 2554; x_wconf 87' lang='lat' dir='ltr'><strong>principium</strong></span> <span class='ocrx_word' id='word_1_727' title='bbox 776 2521 937 2553; x_wconf 86' lang='lat' dir='ltr'><strong>credamus,</strong></span> <span class='ocrx_word' id='word_1_728' title='bbox 968 2529 1018 2549; x_wconf 90' lang='lat' dir='ltr'><strong>nos</strong></span> 
     </span>
    </p>
   </div>
   <div class='ocr_carea' id='block_1_99' title="bbox 227 2565 1018 2600">
    <p class='ocr_par' dir='ltr' id='par_1_99' title="bbox 227 2565 1018 2600">
     <span class='ocr_line' id='line_1_99' title="bbox 227 2565 1018 2600; baseline 0.001 -7"><span class='ocrx_word' id='word_1_729' title='bbox 227 2566 309 2593; x_wconf 85' lang='lat' dir='ltr'><strong>etiam</strong></span> <span class='ocrx_word' id='word_1_730' title='bbox 325 2566 377 2593; x_wconf 91' lang='lat' dir='ltr'><strong>hoc</strong></span> <span class='ocrx_word' id='word_1_731' title='bbox 393 2565 589 2593; x_wconf 82' lang='lat' dir='ltr'><strong>inconveniens</strong></span> <span class='ocrx_word' id='word_1_732' title='bbox 606 2570 779 2600; x_wconf 87' lang='lat' dir='ltr'><strong>sequeretur,</strong></span> <span class='ocrx_word' id='word_1_733' title='bbox 797 2570 825 2592; x_wconf 89' lang='lat' dir='ltr'><strong>et</strong></span> <span class='ocrx_word' id='word_1_734' title='bbox 841 2566 925 2593; x_wconf 87' lang='lat' dir='ltr'><strong>multa</strong></span> <span class='ocrx_word' id='word_1_735' title='bbox 943 2566 1018 2594; x_wconf 84' lang='lat' dir='ltr'><strong>vide-</strong></span> 
     </span>
    </p>
   </div>
   <div class='ocr_carea' id='block_1_100' title="bbox 229 2610 1016 2646">
    <p class='ocr_par' dir='ltr' id='par_1_100' title="bbox 229 2610 1016 2646">
     <span class='ocr_line' id='line_1_100' title="bbox 229 2610 1016 2646; baseline 0.001 -8"><span class='ocrx_word' id='word_1_736' title='bbox 229 2619 322 2639; x_wconf 87' lang='lat' dir='ltr'><strong>remur</strong></span> <span class='ocrx_word' id='word_1_737' title='bbox 338 2619 440 2646; x_wconf 83' lang='lat' dir='ltr'><strong>ponere</strong></span> <span class='ocrx_word' id='word_1_738' title='bbox 461 2611 606 2645; x_wconf 86' lang='lat' dir='ltr'><strong>principia,</strong></span> <span class='ocrx_word' id='word_1_739' title='bbox 625 2611 778 2645; x_wconf 88' lang='lat' dir='ltr'><strong>multasque</strong></span> <span class='ocrx_word' id='word_1_740' title='bbox 796 2610 969 2643; x_wconf 84' lang='lat' dir='ltr'><strong>divinitatcs.</strong></span> <span class='ocrx_word' id='word_1_741' title='bbox 994 2615 1016 2641; x_wconf 87' lang='lat' dir='ltr'><strong>si</strong></span> 
     </span>
    </p>
   </div>
   <div class='ocr_carea' id='block_1_101' title="bbox 228 2655 1017 2691">
    <p class='ocr_par' dir='ltr' id='par_1_101' title="bbox 228 2655 1017 2691">
     <span class='ocr_line' id='line_1_101' title="bbox 228 2655 1017 2691; baseline 0.001 -8"><span class='ocrx_word' id='word_1_742' title='bbox 228 2657 290 2691; x_wconf 88' lang='lat' dir='ltr'><strong>quis</strong></span> <span class='ocrx_word' id='word_1_743' title='bbox 306 2665 359 2684; x_wconf 87' lang='lat' dir='ltr'><strong>non</strong></span> <span class='ocrx_word' id='word_1_744' title='bbox 373 2661 447 2684; x_wconf 87' lang='lat' dir='ltr'><strong>recte</strong></span> <span class='ocrx_word' id='word_1_745' title='bbox 462 2656 604 2690; x_wconf 75' lang='lat' dir='ltr'><strong>intelligat.</strong></span> <span class='ocrx_word' id='word_1_746' title='bbox 622 2655 674 2682; x_wconf 87' lang='lat' dir='ltr'><strong>Sed</strong></span> <span class='ocrx_word' id='word_1_747' title='bbox 689 2656 753 2683; x_wconf 87' lang='lat' dir='ltr'><strong>audi</strong></span> <span class='ocrx_word' id='word_1_748' title='bbox 771 2657 910 2690; x_wconf 91' lang='lat' dir='ltr'><strong>quomodo</strong></span> <span class='ocrx_word' id='word_1_749' title='bbox 930 2657 1017 2684; x_wconf 86' lang='lat' dir='ltr'><strong>sancti</strong></span> 
     </span>
    </p>
   </div>
   <div class='ocr_carea' id='block_1_102' title="bbox 228 2700 1018 2735">
    <p class='ocr_par' dir='ltr' id='par_1_102' title="bbox 228 2700 1018 2735">
     <span class='ocr_line' id='line_1_102' title="bbox 228 2700 1018 2735; baseline 0 -6"><span class='ocrx_word' id='word_1_750' title='bbox 228 2703 357 2729; x_wconf 84' lang='lat' dir='ltr'><strong>ductores</strong></span> <span class='ocrx_word' id='word_1_751' title='bbox 373 2701 577 2735; x_wconf 65' lang='lat' dir='ltr'><strong>sapientissime</strong></span> <span class='ocrx_word' id='word_1_752' title='bbox 597 2700 648 2728; x_wconf 87' lang='lat' dir='ltr'><strong>hoc</strong></span> <span class='ocrx_word' id='word_1_753' title='bbox 663 2703 784 2729; x_wconf 87' lang='lat' dir='ltr'><strong>solvunt.</strong></span> <span class='ocrx_word' id='word_1_754' title='bbox 801 2701 868 2729; x_wconf 87' lang='lat' dir='ltr'><strong>Nam</strong></span> <span class='ocrx_word' id='word_1_755' title='bbox 889 2708 916 2729; x_wconf 87' lang='lat' dir='ltr'><strong>ct</strong></span> <span class='ocrx_word' id='word_1_756' title='bbox 930 2703 953 2729; x_wconf 88' lang='lat' dir='ltr'><strong>si</strong></span> <span class='ocrx_word' id='word_1_757' title='bbox 969 2703 1018 2729; x_wconf 84' lang='lat' dir='ltr'><strong>Pa-</strong></span> 
     </span>
    </p>
   </div>
   <div class='ocr_carea' id='block_1_103' title="bbox 230 2745 1017 2779">
    <p class='ocr_par' dir='ltr' id='par_1_103' title="bbox 230 2745 1017 2779">
     <span class='ocr_line' id='line_1_103' title="bbox 230 2745 1017 2779; baseline 0.001 -7"><span class='ocrx_word' id='word_1_758' title='bbox 230 2752 310 2777; x_wconf 88' lang='lat' dir='ltr'><strong>trem,</strong></span> <span class='ocrx_word' id='word_1_759' title='bbox 334 2750 361 2772; x_wconf 85' lang='lat' dir='ltr'><strong>et</strong></span> <span class='ocrx_word' id='word_1_760' title='bbox 389 2745 498 2777; x_wconf 82' lang='lat' dir='ltr'><strong>Filium,</strong></span> <span class='ocrx_word' id='word_1_761' title='bbox 524 2750 552 2772; x_wconf 80' lang='lat' dir='ltr'><strong>et</strong></span> <span class='ocrx_word' id='word_1_762' title='bbox 579 2745 711 2779; x_wconf 83' lang='lat' dir='ltr'><strong>Spiritum</strong></span> <span class='ocrx_word' id='word_1_763' title='bbox 734 2751 859 2774; x_wconf 84' lang='lat' dir='ltr'><strong>sanctum</strong></span> <span class='ocrx_word' id='word_1_764' title='bbox 883 2751 1017 2773; x_wconf 69' lang='lat' dir='ltr'><strong>creatura:</strong></span> 
     </span>
    </p>
   </div>
   <div class='ocr_carea' id='block_1_104' title="bbox 228 2791 1016 2827">
    <p class='ocr_par' dir='ltr' id='par_1_104' title="bbox 228 2791 1016 2827">
     <span class='ocr_line' id='line_1_104' title="bbox 228 2791 1016 2827; baseline 0 -9"><span class='ocrx_word' id='word_1_765' title='bbox 228 2799 337 2818; x_wconf 80' lang='lat' dir='ltr'><strong>causam</strong></span> <span class='ocrx_word' id='word_1_766' title='bbox 351 2798 410 2818; x_wconf 76' lang='lat' dir='ltr'><strong>esse</strong></span> <span class='ocrx_word' id='word_1_767' title='bbox 423 2792 567 2819; x_wconf 83' lang='lat' dir='ltr'><strong>credamus</strong></span> <span class='ocrx_word' id='word_1_768' title='bbox 581 2801 587 2819; x_wconf 91' lang='lat'><strong>:</strong></span> <span class='ocrx_word' id='word_1_769' title='bbox 603 2792 733 2827; x_wconf 87' lang='lat' dir='ltr'><strong>quoniam</strong></span> <span class='ocrx_word' id='word_1_770' title='bbox 752 2797 841 2819; x_wconf 86' lang='lat' dir='ltr'><strong>tamen</strong></span> <span class='ocrx_word' id='word_1_771' title='bbox 860 2792 893 2819; x_wconf 91' lang='lat' dir='ltr'><strong>ad</strong></span> <span class='ocrx_word' id='word_1_772' title='bbox 910 2791 1016 2818; x_wconf 80' lang='lat' dir='ltr'><strong>Patrem</strong></span> 
     </span>
    </p>
   </div>
   <div class='ocr_carea' id='block_1_105' title="bbox 231 2837 1016 2873">
    <p class='ocr_par' dir='ltr' id='par_1_105' title="bbox 231 2837 1016 2873">
     <span class='ocr_line' id='line_1_105' title="bbox 231 2837 1016 2873; baseline 0 -9"><span class='ocrx_word' id='word_1_773' title='bbox 231 2837 322 2864; x_wconf 87' lang='lat' dir='ltr'><strong>omnia</strong></span> <span class='ocrx_word' id='word_1_774' title='bbox 344 2839 512 2869; x_wconf 83' lang='lat' dir='ltr'><strong>reicruntur.</strong></span> <span class='ocrx_word' id='word_1_775' title='bbox 528 2844 555 2866; x_wconf 77' lang='lat' dir='ltr'><strong>et</strong></span> <span class='ocrx_word' id='word_1_776' title='bbox 571 2839 634 2873; x_wconf 86' lang='lat' dir='ltr'><strong>quia</strong></span> <span class='ocrx_word' id='word_1_777' title='bbox 655 2838 688 2865; x_wconf 90' lang='lat' dir='ltr'><strong>ab</strong></span> <span class='ocrx_word' id='word_1_778' title='bbox 705 2846 738 2866; x_wconf 88' lang='lat' dir='ltr'><strong>eo</strong></span> <span class='ocrx_word' id='word_1_779' title='bbox 759 2839 862 2865; x_wconf 85' lang='lat' dir='ltr'><strong>habent</strong></span> <span class='ocrx_word' id='word_1_780' title='bbox 883 2843 911 2866; x_wconf 92' lang='lat' dir='ltr'><strong>ct</strong></span> <span class='ocrx_word' id='word_1_781' title='bbox 931 2837 1016 2864; x_wconf 86' lang='lat' dir='ltr'><strong>Filius</strong></span> 
     </span>
    </p>
   </div>
   <div class='ocr_carea' id='block_1_106' title="bbox 232 2884 1015 2921">
    <p class='ocr_par' dir='ltr' id='par_1_106' title="bbox 232 2884 1015 2921">
     <span class='ocr_line' id='line_1_106' title="bbox 232 2884 1015 2921; baseline 0.005 -11"><span class='ocrx_word' id='word_1_782' title='bbox 232 2887 261 2911; x_wconf 90' lang='lat' dir='ltr'><strong>ct</strong></span> <span class='ocrx_word' id='word_1_783' title='bbox 285 2884 402 2920; x_wconf 73' lang='lat' dir='ltr'><strong>Spiritus</strong></span> <span class='ocrx_word' id='word_1_784' title='bbox 420 2891 530 2914; x_wconf 72' lang='lat' dir='ltr'><strong>sant-tus</strong></span> <span class='ocrx_word' id='word_1_785' title='bbox 562 2891 587 2914; x_wconf 83' lang='lat' dir='ltr'><strong>et</strong></span> <span class='ocrx_word' id='word_1_786' title='bbox 606 2887 696 2921; x_wconf 86' lang='lat' dir='ltr'><strong>ipsum</strong></span> <span class='ocrx_word' id='word_1_787' title='bbox 711 2894 781 2920; x_wconf 77' lang='lat' dir='ltr'><strong>esse,</strong></span> <span class='ocrx_word' id='word_1_788' title='bbox 798 2890 824 2914; x_wconf 86' lang='lat' dir='ltr'><strong>ct</strong></span> <span class='ocrx_word' id='word_1_789' title='bbox 840 2885 950 2914; x_wconf 76' lang='lat' dir='ltr'><strong>creandi</strong></span> <span class='ocrx_word' id='word_1_790' title='bbox 969 2894 1015 2921; x_wconf 61' lang='grc' dir='ltr'><strong>ιιον</strong></span> 
     </span>
    </p>
   </div>
   <div class='ocr_carea' id='block_1_107' title="bbox 1067 2290 1854 2324">
    <p class='ocr_par' dir='ltr' id='par_1_107' title="bbox 1067 2290 1854 2324">
     <span class='ocr_line' id='line_1_107' title="bbox 1067 2290 1854 2324; baseline 0 -7"><span class='ocrx_word' id='word_1_791' title='bbox 1067 2298 1145 2318; x_wconf 89' lang='lat' dir='ltr'><strong>suam</strong></span> <span class='ocrx_word' id='word_1_792' title='bbox 1170 2290 1365 2324; x_wconf 84' lang='lat' dir='ltr'><strong>proprietatem</strong></span> <span class='ocrx_word' id='word_1_793' title='bbox 1389 2297 1504 2317; x_wconf 86' lang='lat' dir='ltr'><strong>necesse</strong></span> <span class='ocrx_word' id='word_1_794' title='bbox 1526 2294 1569 2316; x_wconf 85' lang='lat' dir='ltr'><strong>est</strong></span> <span class='ocrx_word' id='word_1_795' title='bbox 1592 2290 1677 2324; x_wconf 87' lang='lat' dir='ltr'><strong>:quia</strong></span> <span class='ocrx_word' id='word_1_796' title='bbox 1701 2290 1805 2324; x_wconf 88' lang='lat' dir='ltr'><strong>spirare</strong></span> <span class='ocrx_word' id='word_1_797' title='bbox 1826 2299 1854 2317; x_wconf 84' lang='lat' dir='ltr'><strong>se</strong></span> 
     </span>
    </p>
   </div>
   <div class='ocr_carea' id='block_1_108' title="bbox 1068 2336 1853 2371">
    <p class='ocr_par' dir='ltr' id='par_1_108' title="bbox 1068 2336 1853 2371">
     <span class='ocr_line' id='line_1_108' title="bbox 1068 2336 1853 2371; baseline 0 -8"><span class='ocrx_word' id='word_1_798' title='bbox 1068 2336 1156 2371; x_wconf 88' lang='lat' dir='ltr'><strong>ipsum</strong></span> <span class='ocrx_word' id='word_1_799' title='bbox 1171 2344 1225 2363; x_wconf 91' lang='lat' dir='ltr'><strong>non</strong></span> <span class='ocrx_word' id='word_1_800' title='bbox 1240 2340 1339 2370; x_wconf 80' lang='lat' dir='ltr'><strong>potest,</strong></span> <span class='ocrx_word' id='word_1_801' title='bbox 1356 2343 1418 2363; x_wconf 92' lang='lat' dir='ltr'><strong>cum</strong></span> <span class='ocrx_word' id='word_1_802' title='bbox 1435 2336 1486 2363; x_wconf 87' lang='lat' dir='ltr'><strong>hoc</strong></span> <span class='ocrx_word' id='word_1_803' title='bbox 1503 2341 1642 2370; x_wconf 80' lang='lat' dir='ltr'><strong>oppugnet</strong></span> <span class='ocrx_word' id='word_1_804' title='bbox 1654 2336 1713 2369; x_wconf 81' lang='lat' dir='ltr'><strong>ejus</strong></span> <span class='ocrx_word' id='word_1_805' title='bbox 1730 2337 1853 2371; x_wconf 76' lang='lat' dir='ltr'><strong>proprie-</strong></span> 
     </span>
    </p>
   </div>
   <div class='ocr_carea' id='block_1_109' title="bbox 1067 2381 1854 2416">
    <p class='ocr_par' dir='ltr' id='par_1_109' title="bbox 1067 2381 1854 2416">
     <span class='ocr_line' id='line_1_109' title="bbox 1067 2381 1854 2416; baseline 0 -7"><span class='ocrx_word' id='word_1_806' title='bbox 1067 2383 1127 2410; x_wconf 90' lang='lat' dir='ltr'><strong>tati.</strong></span> <span class='ocrx_word' id='word_1_807' title='bbox 1152 2382 1191 2409; x_wconf 76' lang='lat' dir='ltr'><strong>Ex</strong></span> <span class='ocrx_word' id='word_1_808' title='bbox 1217 2381 1260 2409; x_wconf 86' lang='lat' dir='ltr'><strong>his</strong></span> <span class='ocrx_word' id='word_1_809' title='bbox 1285 2382 1367 2416; x_wconf 67' lang='lat' dir='ltr'><strong>igitur</strong></span> <span class='ocrx_word' id='word_1_810' title='bbox 1389 2381 1541 2408; x_wconf 78' lang='lat' dir='ltr'><strong>clarissime</strong></span> <span class='ocrx_word' id='word_1_811' title='bbox 1562 2386 1636 2415; x_wconf 86' lang='lat' dir='ltr'><strong>patet</strong></span> <span class='ocrx_word' id='word_1_812' title='bbox 1660 2381 1727 2408; x_wconf 80' lang='lat' dir='ltr'><strong>falso</strong></span> <span class='ocrx_word' id='word_1_813' title='bbox 1742 2381 1854 2409; x_wconf 78' lang='lat' dir='ltr'><strong>Latinos</strong></span> 
     </span>
    </p>
   </div>
   <div class='ocr_carea' id='block_1_110' title="bbox 1067 2427 1852 2463">
    <p class='ocr_par' dir='ltr' id='par_1_110' title="bbox 1067 2427 1852 2463">
     <span class='ocr_line' id='line_1_110' title="bbox 1067 2427 1852 2463; baseline -0.001 -7"><span class='ocrx_word' id='word_1_814' title='bbox 1067 2429 1201 2460; x_wconf 84' lang='lat' dir='ltr'><strong>accusari,</strong></span> <span class='ocrx_word' id='word_1_815' title='bbox 1217 2429 1290 2463; x_wconf 87' lang='lat' dir='ltr'><strong>quod</strong></span> <span class='ocrx_word' id='word_1_816' title='bbox 1306 2428 1361 2455; x_wconf 91' lang='lat' dir='ltr'><strong>duo</strong></span> <span class='ocrx_word' id='word_1_817' title='bbox 1379 2432 1483 2462; x_wconf 88' lang='lat' dir='ltr'><strong>ponant</strong></span> <span class='ocrx_word' id='word_1_818' title='bbox 1500 2427 1527 2454; x_wconf 92' lang='lat' dir='ltr'><strong>in</strong></span> <span class='ocrx_word' id='word_1_819' title='bbox 1542 2427 1688 2454; x_wconf 85' lang='lat' dir='ltr'><strong>divinitate</strong></span> <span class='ocrx_word' id='word_1_820' title='bbox 1709 2427 1852 2462; x_wconf 86' lang='lat' dir='ltr'><strong>principia.</strong></span> 
     </span>
    </p>
   </div>
   <div class='ocr_carea' id='block_1_111' title="bbox 1067 2473 1852 2508">
    <p class='ocr_par' dir='ltr' id='par_1_111' title="bbox 1067 2473 1852 2508">
     <span class='ocr_line' id='line_1_111' title="bbox 1067 2473 1852 2508; baseline -0.004 -6"><span class='ocrx_word' id='word_1_821' title='bbox 1067 2475 1133 2502; x_wconf 84' lang='lat' dir='ltr'><strong>Item</strong></span> <span class='ocrx_word' id='word_1_822' title='bbox 1150 2478 1197 2500; x_wconf 72' lang='lat' dir='ltr'><strong>aut</strong></span> <span class='ocrx_word' id='word_1_823' title='bbox 1211 2474 1329 2508; x_wconf 79' lang='lat' dir='ltr'><strong>perfecta</strong></span> <span class='ocrx_word' id='word_1_824' title='bbox 1345 2478 1396 2503; x_wconf 83' lang='lat' dir='ltr'><strong>est,</strong></span> <span class='ocrx_word' id='word_1_825' title='bbox 1410 2473 1497 2503; x_wconf 86' lang='lat' dir='ltr'><strong>aiunt,</strong></span> <span class='ocrx_word' id='word_1_826' title='bbox 1512 2481 1545 2500; x_wconf 76' lang='lat' dir='ltr'><strong>ex</strong></span> <span class='ocrx_word' id='word_1_827' title='bbox 1563 2473 1641 2500; x_wconf 77' lang='lat' dir='ltr'><strong>Patre</strong></span> <span class='ocrx_word' id='word_1_828' title='bbox 1661 2473 1814 2507; x_wconf 85' lang='lat' dir='ltr'><strong>processio.</strong></span> <span class='ocrx_word' id='word_1_829' title='bbox 1827 2477 1852 2500; x_wconf 91' lang='lat' dir='ltr'><strong>ct</strong></span> 
     </span>
    </p>
   </div>
   <div class='ocr_carea' id='block_1_112' title="bbox 1068 2517 1852 2555">
    <p class='ocr_par' dir='ltr' id='par_1_112' title="bbox 1068 2517 1852 2555">
     <span class='ocr_line' id='line_1_112' title="bbox 1068 2517 1852 2555; baseline -0.004 -8"><span class='ocrx_word' id='word_1_830' title='bbox 1068 2520 1211 2555; x_wconf 84' lang='lat' dir='ltr'><strong>superﬂuit</strong></span> <span class='ocrx_word' id='word_1_831' title='bbox 1227 2519 1271 2546; x_wconf 90' lang='lat' dir='ltr'><strong>illa</strong></span> <span class='ocrx_word' id='word_1_832' title='bbox 1292 2527 1351 2554; x_wconf 76' lang='lat' dir='ltr'><strong>qua:</strong></span> <span class='ocrx_word' id='word_1_833' title='bbox 1367 2526 1399 2546; x_wconf 82' lang='lat' dir='ltr'><strong>ex</strong></span> <span class='ocrx_word' id='word_1_834' title='bbox 1416 2517 1485 2545; x_wconf 84' lang='lat' dir='ltr'><strong>Filio</strong></span> <span class='ocrx_word' id='word_1_835' title='bbox 1500 2522 1553 2550; x_wconf 90' lang='lat' dir='ltr'><strong>cst,</strong></span> <span class='ocrx_word' id='word_1_836' title='bbox 1571 2522 1619 2545; x_wconf 88' lang='lat' dir='ltr'><strong>aut</strong></span> <span class='ocrx_word' id='word_1_837' title='bbox 1642 2518 1664 2544; x_wconf 88' lang='lat' dir='ltr'><strong>si</strong></span> <span class='ocrx_word' id='word_1_838' title='bbox 1683 2518 1741 2544; x_wconf 67' lang='lat' dir='ltr'><strong>haec</strong></span> <span class='ocrx_word' id='word_1_839' title='bbox 1761 2525 1852 2544; x_wconf 83' lang='lat' dir='ltr'><strong>ncces-</strong></span> 
     </span>
    </p>
   </div>
   <div class='ocr_carea' id='block_1_113' title="bbox 1067 2562 1852 2599">
    <p class='ocr_par' dir='ltr' id='par_1_113' title="bbox 1067 2562 1852 2599">
     <span class='ocr_line' id='line_1_113' title="bbox 1067 2562 1852 2599; baseline -0.004 -7"><span class='ocrx_word' id='word_1_840' title='bbox 1067 2565 1136 2592; x_wconf 87' lang='lat' dir='ltr'><strong>saria</strong></span> <span class='ocrx_word' id='word_1_841' title='bbox 1156 2570 1208 2598; x_wconf 87' lang='lat' dir='ltr'><strong>est,</strong></span> <span class='ocrx_word' id='word_1_842' title='bbox 1229 2564 1390 2599; x_wconf 74' lang='lat' dir='ltr'><strong>imperfecte</strong></span> <span class='ocrx_word' id='word_1_843' title='bbox 1412 2571 1445 2590; x_wconf 84' lang='lat' dir='ltr'><strong>ex</strong></span> <span class='ocrx_word' id='word_1_844' title='bbox 1469 2563 1547 2590; x_wconf 82' lang='lat' dir='ltr'><strong>Patre</strong></span> <span class='ocrx_word' id='word_1_845' title='bbox 1568 2562 1700 2597; x_wconf 85' lang='lat' dir='ltr'><strong>procedit.</strong></span> <span class='ocrx_word' id='word_1_846' title='bbox 1718 2562 1775 2588; x_wconf 85' lang='lat' dir='ltr'><strong>lloe</strong></span> <span class='ocrx_word' id='word_1_847' title='bbox 1789 2570 1852 2589; x_wconf 75' lang='lat' dir='ltr'><strong>vero</strong></span> 
     </span>
    </p>
   </div>
   <div class='ocr_carea' id='block_1_114' title="bbox 1070 2609 1850 2644">
    <p class='ocr_par' dir='ltr' id='par_1_114' title="bbox 1070 2609 1850 2644">
     <span class='ocr_line' id='line_1_114' title="bbox 1070 2609 1850 2644; baseline -0.005 -6"><span class='ocrx_word' id='word_1_848' title='bbox 1070 2611 1267 2638; x_wconf 80' lang='lat' dir='ltr'><strong>inconveniens</strong></span> <span class='ocrx_word' id='word_1_849' title='bbox 1280 2614 1332 2640; x_wconf 88' lang='lat' dir='ltr'><strong>est,</strong></span> <span class='ocrx_word' id='word_1_850' title='bbox 1349 2609 1534 2644; x_wconf 81' lang='lat' dir='ltr'><strong>imperfectam</strong></span> <span class='ocrx_word' id='word_1_851' title='bbox 1552 2610 1739 2642; x_wconf 64' lang='lat' dir='ltr'><strong>operationem</strong></span> <span class='ocrx_word' id='word_1_852' title='bbox 1762 2609 1850 2634; x_wconf 78' lang='lat' dir='ltr'><strong>dicere</strong></span> 
     </span>
    </p>
   </div>
   <div class='ocr_carea' id='block_1_115' title="bbox 1068 2653 1849 2688">
    <p class='ocr_par' dir='ltr' id='par_1_115' title="bbox 1068 2653 1849 2688">
     <span class='ocr_line' id='line_1_115' title="bbox 1068 2653 1849 2688; baseline -0.004 -5"><span class='ocrx_word' id='word_1_853' title='bbox 1068 2656 1166 2688; x_wconf 84' lang='lat' dir='ltr'><strong>Patris,</strong></span> <span class='ocrx_word' id='word_1_854' title='bbox 1179 2660 1207 2683; x_wconf 91' lang='lat' dir='ltr'><strong>et</strong></span> <span class='ocrx_word' id='word_1_855' title='bbox 1219 2655 1251 2682; x_wconf 84' lang='lat' dir='ltr'><strong>ad</strong></span> <span class='ocrx_word' id='word_1_856' title='bbox 1269 2662 1344 2682; x_wconf 86' lang='lat' dir='ltr'><strong>suam</strong></span> <span class='ocrx_word' id='word_1_857' title='bbox 1361 2653 1557 2688; x_wconf 74' lang='lat' dir='ltr'><strong>perfectionem</strong></span> <span class='ocrx_word' id='word_1_858' title='bbox 1577 2653 1646 2679; x_wconf 79' lang='lat' dir='ltr'><strong>Filio</strong></span> <span class='ocrx_word' id='word_1_859' title='bbox 1663 2653 1794 2687; x_wconf 80' lang='lat' dir='ltr'><strong>indigere.</strong></span> <span class='ocrx_word' id='word_1_860' title='bbox 1813 2654 1849 2680; x_wconf 77' lang='lat' dir='ltr'><strong>Ad</strong></span> 
     </span>
    </p>
   </div>
   <div class='ocr_carea' id='block_1_116' title="bbox 1068 2699 1852 2738">
    <p class='ocr_par' dir='ltr' id='par_1_116' title="bbox 1068 2699 1852 2738">
     <span class='ocr_line' id='line_1_116' title="bbox 1068 2699 1852 2738; baseline -0.005 -9"><span class='ocrx_word' id='word_1_861' title='bbox 1068 2710 1129 2738; x_wconf 67' lang='lat' dir='ltr'><strong>qute</strong></span> <span class='ocrx_word' id='word_1_862' title='bbox 1147 2701 1358 2736; x_wconf 82' lang='lat' dir='ltr'><strong>respondemus,</strong></span> <span class='ocrx_word' id='word_1_863' title='bbox 1383 2701 1444 2727; x_wconf 89' lang='lat' dir='ltr'><strong>illos</strong></span> <span class='ocrx_word' id='word_1_864' title='bbox 1461 2700 1508 2735; x_wconf 90' lang='lat' dir='ltr'><strong>qui</strong></span> <span class='ocrx_word' id='word_1_865' title='bbox 1529 2700 1586 2727; x_wconf 70' lang='lat' dir='ltr'><strong>hmo</strong></span> <span class='ocrx_word' id='word_1_866' title='bbox 1608 2700 1713 2731; x_wconf 87' lang='lat' dir='ltr'><strong>dicunt,</strong></span> <span class='ocrx_word' id='word_1_867' title='bbox 1735 2699 1796 2725; x_wconf 77' lang='lat' dir='ltr'><strong>ideo</strong></span> <span class='ocrx_word' id='word_1_868' title='bbox 1810 2707 1852 2726; x_wconf 83' lang='lat' dir='ltr'><strong>cr-</strong></span> 
     </span>
    </p>
   </div>
   <div class='ocr_carea' id='block_1_117' title="bbox 1069 2744 1853 2782">
    <p class='ocr_par' dir='ltr' id='par_1_117' title="bbox 1069 2744 1853 2782">
     <span class='ocr_line' id='line_1_117' title="bbox 1069 2744 1853 2782; baseline -0.006 -8"><span class='ocrx_word' id='word_1_869' title='bbox 1069 2755 1139 2780; x_wconf 82' lang='lat' dir='ltr'><strong>rare,</strong></span> <span class='ocrx_word' id='word_1_870' title='bbox 1170 2747 1234 2782; x_wconf 91' lang='lat' dir='ltr'><strong>quia</strong></span> <span class='ocrx_word' id='word_1_871' title='bbox 1256 2746 1368 2773; x_wconf 89' lang='lat' dir='ltr'><strong>omnino</strong></span> <span class='ocrx_word' id='word_1_872' title='bbox 1389 2746 1458 2773; x_wconf 87' lang='lat' dir='ltr'><strong>duos</strong></span> <span class='ocrx_word' id='word_1_873' title='bbox 1482 2752 1543 2772; x_wconf 80' lang='lat' dir='ltr'><strong>esse</strong></span> <span class='ocrx_word' id='word_1_874' title='bbox 1569 2749 1665 2779; x_wconf 83' lang='lat' dir='ltr'><strong>putant</strong></span> <span class='ocrx_word' id='word_1_875' title='bbox 1689 2744 1853 2775; x_wconf 86' lang='lat' dir='ltr'><strong>Patrem,ct</strong></span> 
     </span>
    </p>
   </div>
   <div class='ocr_carea' id='block_1_118' title="bbox 1069 2790 1851 2825">
    <p class='ocr_par' dir='ltr' id='par_1_118' title="bbox 1069 2790 1851 2825">
     <span class='ocr_line' id='line_1_118' title="bbox 1069 2790 1851 2825; baseline -0.005 -5"><span class='ocrx_word' id='word_1_876' title='bbox 1069 2793 1180 2825; x_wconf 82' lang='lat' dir='ltr'><strong>Fiiium,</strong></span> <span class='ocrx_word' id='word_1_877' title='bbox 1205 2797 1233 2820; x_wconf 86' lang='lat' dir='ltr'><strong>et</strong></span> <span class='ocrx_word' id='word_1_878' title='bbox 1254 2800 1352 2819; x_wconf 89' lang='lat' dir='ltr'><strong>eorum</strong></span> <span class='ocrx_word' id='word_1_879' title='bbox 1374 2792 1560 2825; x_wconf 84' lang='lat' dir='ltr'><strong>operationes,</strong></span> <span class='ocrx_word' id='word_1_880' title='bbox 1579 2790 1706 2817; x_wconf 76' lang='lat' dir='ltr'><strong>humanis</strong></span> <span class='ocrx_word' id='word_1_881' title='bbox 1721 2791 1851 2823; x_wconf 68' lang='lat' dir='ltr'><strong>exemplis</strong></span> 
     </span>
    </p>
   </div>
   <div class='ocr_carea' id='block_1_119' title="bbox 1069 2835 1850 2873">
    <p class='ocr_par' dir='ltr' id='par_1_119' title="bbox 1069 2835 1850 2873">
     <span class='ocr_line' id='line_1_119' title="bbox 1069 2835 1850 2873; baseline -0.005 -7"><span class='ocrx_word' id='word_1_882' title='bbox 1069 2840 1245 2871; x_wconf 70' lang='lat' dir='ltr'><strong>inhaerentes,</strong></span> <span class='ocrx_word' id='word_1_883' title='bbox 1255 2839 1316 2873; x_wconf 87' lang='lat' dir='ltr'><strong>quia</strong></span> <span class='ocrx_word' id='word_1_884' title='bbox 1331 2838 1422 2865; x_wconf 81' lang='lat' dir='ltr'><strong>vident</strong></span> <span class='ocrx_word' id='word_1_885' title='bbox 1435 2837 1550 2864; x_wconf 89' lang='lat' dir='ltr'><strong>duorum</strong></span> <span class='ocrx_word' id='word_1_886' title='bbox 1564 2837 1704 2864; x_wconf 86' lang='lat' dir='ltr'><strong>hominum</strong></span> <span class='ocrx_word' id='word_1_887' title='bbox 1717 2835 1783 2862; x_wconf 87' lang='lat' dir='ltr'><strong>duas</strong></span> <span class='ocrx_word' id='word_1_888' title='bbox 1794 2843 1850 2862; x_wconf 82' lang='lat' dir='ltr'><strong>esse</strong></span> 
     </span>
    </p>
   </div>
   <div class='ocr_carea' id='block_1_120' title="bbox 1071 2885 1849 2920">
    <p class='ocr_par' dir='ltr' id='par_1_120' title="bbox 1071 2885 1849 2920">
     <span class='ocr_line' id='line_1_120' title="bbox 1071 2885 1849 2920; baseline -0.003 -9"><span class='ocrx_word' id='word_1_889' title='bbox 1071 2885 1242 2920; x_wconf 79' lang='lat' dir='ltr'><strong>operationcs</strong></span> <span class='ocrx_word' id='word_1_890' title='bbox 1267 2892 1390 2919; x_wconf 80' lang='lat' dir='ltr'><strong>numero,</strong></span> <span class='ocrx_word' id='word_1_891' title='bbox 1415 2885 1464 2912; x_wconf 72' lang='lat' dir='ltr'><strong>etsi</strong></span> <span class='ocrx_word' id='word_1_892' title='bbox 1496 2886 1527 2912; x_wconf 86' lang='lat' dir='ltr'><strong>ad</strong></span> <span class='ocrx_word' id='word_1_893' title='bbox 1543 2892 1626 2912; x_wconf 89' lang='lat' dir='ltr'><strong>unum</strong></span> <span class='ocrx_word' id='word_1_894' title='bbox 1642 2885 1769 2911; x_wconf 60' lang='lat' dir='ltr'><strong>olivetum</strong></span> <span class='ocrx_word' id='word_1_895' title='bbox 1794 2887 1849 2910; x_wconf 83' lang='lat' dir='ltr'><strong>teu-</strong></span> 
     </span>
    </p>
   </div>
  </div>
