  <div class='ocr_page' id='page_1' title='image "/cluster/home/n/w/nwhite01/storage/ocr_20150623/161/njp.32101077773255/342.png"; bbox 0 0 1920 3063; ppageno 0'>
   <div class='ocr_carea' id='block_1_1' title="bbox 50 160 103 198">
    <p class='ocr_par' dir='ltr' id='par_1_1' title="bbox 50 160 103 198">
     <span class='ocr_line' id='line_1_1' title="bbox 50 160 103 198; baseline 0.019 -1"><span class='ocrx_word' id='word_1_1' title='bbox 50 160 103 198; x_wconf 74' lang='grc'><strong>441</strong></span> 
     </span>
    </p>
   </div>
   <div class='ocr_carea' id='block_1_2' title="bbox 531 160 1233 194">
    <p class='ocr_par' dir='ltr' id='par_1_2' title="bbox 531 160 1233 194">
     <span class='ocr_line' id='line_1_2' title="bbox 531 160 1233 194; baseline -0.004 0"><span class='ocrx_word' id='word_1_2' title='bbox 531 163 581 194; x_wconf 80' lang='lat' dir='ltr'><strong>DE</strong></span> <span class='ocrx_word' id='word_1_3' title='bbox 603 160 864 193; x_wconf 82' lang='lat' dir='ltr'><strong>PROCESSIONE</strong></span> <span class='ocrx_word' id='word_1_4' title='bbox 883 160 1063 191; x_wconf 74' lang='lat' dir='ltr'><strong>SPlRlTUS</strong></span> <span class='ocrx_word' id='word_1_5' title='bbox 1085 160 1233 191; x_wconf 73' lang='lat' dir='ltr'><strong>SANtl&#39;l&#39;I.</strong></span> 
     </span>
    </p>
   </div>
   <div class='ocr_carea' id='block_1_3' title="bbox 1647 159 1703 192">
    <p class='ocr_par' dir='ltr' id='par_1_3' title="bbox 1647 159 1703 192">
     <span class='ocr_line' id='line_1_3' title="bbox 1647 159 1703 192; baseline 0 -1"><span class='ocrx_word' id='word_1_6' title='bbox 1647 159 1703 192; x_wconf 71' lang='lat'><strong>4.2</strong></span> 
     </span>
    </p>
   </div>
   <div class='ocr_carea' id='block_1_4' title="bbox 49 218 1698 256">
    <p class='ocr_par' dir='ltr' id='par_1_4' title="bbox 49 218 1698 256">
     <span class='ocr_line' id='line_1_4' title="bbox 49 218 1698 256; baseline -0.001 -8"><span class='ocrx_word' id='word_1_7' title='bbox 49 222 129 252; x_wconf 81' lang='lat' dir='ltr'><strong>dant.</strong></span> <span class='ocrx_word' id='word_1_8' title='bbox 147 225 171 248; x_wconf 87' lang='lat' dir='ltr'><strong>cl</strong></span> <span class='ocrx_word' id='word_1_9' title='bbox 185 221 328 248; x_wconf 78' lang='lat' dir='ltr'><strong>distinctas</strong></span> <span class='ocrx_word' id='word_1_10' title='bbox 348 221 382 248; x_wconf 85' lang='lat' dir='ltr'><strong>ob</strong></span> <span class='ocrx_word' id='word_1_11' title='bbox 397 220 524 254; x_wconf 89' lang='lat' dir='ltr'><strong>invicem,</strong></span> <span class='ocrx_word' id='word_1_12' title='bbox 542 226 640 256; x_wconf 86' lang='lat' dir='ltr'><strong>putant</strong></span> <span class='ocrx_word' id='word_1_13' title='bbox 654 221 725 248; x_wconf 90' lang='lat' dir='ltr'><strong>idem</strong></span> <span class='ocrx_word' id='word_1_14' title='bbox 741 221 851 248; x_wconf 80' lang='lat' dir='ltr'><strong>contin-</strong></span> <span class='ocrx_word' id='word_1_15' title='bbox 865 222 888 249; x_wconf 78' lang='grc' dir='ltr'>Α</span> <span class='ocrx_word' id='word_1_16' title='bbox 906 218 975 246; x_wconf 89' lang='lat' dir='ltr'><strong>tttris</strong></span> <span class='ocrx_word' id='word_1_17' title='bbox 988 218 1374 253; x_wconf 57' lang='lat' dir='ltr'><strong>connumcrent?praesertim</strong></span> <span class='ocrx_word' id='word_1_18' title='bbox 1396 227 1457 247; x_wconf 92' lang='lat' dir='ltr'><strong>cum</strong></span> <span class='ocrx_word' id='word_1_19' title='bbox 1487 219 1579 247; x_wconf 80' lang='lat' dir='ltr'><strong>nullus</strong></span> <span class='ocrx_word' id='word_1_20' title='bbox 1603 227 1698 247; x_wconf 88' lang='lat' dir='ltr'><strong>eorum</strong></span> 
     </span>
    </p>
   </div>
   <div class='ocr_carea' id='block_1_5' title="bbox 49 267 852 303">
    <p class='ocr_par' dir='ltr' id='par_1_5' title="bbox 49 267 852 303">
     <span class='ocr_line' id='line_1_5' title="bbox 49 267 852 303; baseline -0.001 -9"><span class='ocrx_word' id='word_1_21' title='bbox 49 275 116 303; x_wconf 79' lang='lat' dir='ltr'><strong>gere</strong></span> <span class='ocrx_word' id='word_1_22' title='bbox 134 268 216 294; x_wconf 89' lang='lat' dir='ltr'><strong>ctiatn</strong></span> <span class='ocrx_word' id='word_1_23' title='bbox 235 267 262 294; x_wconf 88' lang='lat' dir='ltr'><strong>iit</strong></span> <span class='ocrx_word' id='word_1_24' title='bbox 279 267 344 294; x_wconf 87' lang='lat' dir='ltr'><strong>Deo.</strong></span> <span class='ocrx_word' id='word_1_25' title='bbox 360 267 436 300; x_wconf 86' lang='lat' dir='ltr'><strong>Quod</strong></span> <span class='ocrx_word' id='word_1_26' title='bbox 453 267 681 294; x_wconf 72' lang='lat' dir='ltr'><strong>absurdiSsitnum</strong></span> <span class='ocrx_word' id='word_1_27' title='bbox 702 272 754 294; x_wconf 89' lang='lat' dir='ltr'><strong>est.</strong></span> <span class='ocrx_word' id='word_1_28' title='bbox 771 267 852 293; x_wconf 85' lang='lat' dir='ltr'><strong>Nam-</strong></span> 
     </span>
    </p>
   </div>
   <div class='ocr_carea' id='block_1_6' title="bbox 49 311 851 348">
    <p class='ocr_par' dir='ltr' id='par_1_6' title="bbox 49 311 851 348">
     <span class='ocr_line' id='line_1_6' title="bbox 49 311 851 348; baseline -0.002 -8"><span class='ocrx_word' id='word_1_29' title='bbox 49 320 106 348; x_wconf 88' lang='lat' dir='ltr'><strong>que</strong></span> <span class='ocrx_word' id='word_1_30' title='bbox 127 313 207 340; x_wconf 81' lang='lat' dir='ltr'><strong>Pater</strong></span> <span class='ocrx_word' id='word_1_31' title='bbox 227 318 255 341; x_wconf 91' lang='lat' dir='ltr'><strong>et</strong></span> <span class='ocrx_word' id='word_1_32' title='bbox 272 313 357 340; x_wconf 83' lang='lat' dir='ltr'><strong>Filius</strong></span> <span class='ocrx_word' id='word_1_33' title='bbox 375 314 498 347; x_wconf 76' lang='lat' dir='ltr'><strong>personis</strong></span> <span class='ocrx_word' id='word_1_34' title='bbox 527 313 700 340; x_wconf 78' lang='lat' dir='ltr'><strong>solummodo</strong></span> <span class='ocrx_word' id='word_1_35' title='bbox 717 311 851 343; x_wconf 81' lang='lat' dir='ltr'><strong>distincti,</strong></span> 
     </span>
    </p>
   </div>
   <div class='ocr_carea' id='block_1_7' title="bbox 51 359 849 394">
    <p class='ocr_par' dir='ltr' id='par_1_7' title="bbox 51 359 849 394">
     <span class='ocr_line' id='line_1_7' title="bbox 51 359 849 394; baseline -0.001 -9"><span class='ocrx_word' id='word_1_36' title='bbox 51 359 80 385; x_wconf 92' lang='lat' dir='ltr'><strong>in</strong></span> <span class='ocrx_word' id='word_1_37' title='bbox 98 360 206 386; x_wconf 79' lang='lat' dir='ltr'><strong>creteris</strong></span> <span class='ocrx_word' id='word_1_38' title='bbox 239 366 323 385; x_wconf 89' lang='lat' dir='ltr'><strong>ttnttm</strong></span> <span class='ocrx_word' id='word_1_39' title='bbox 347 365 374 386; x_wconf 92' lang='lat' dir='ltr'><strong>et</strong></span> <span class='ocrx_word' id='word_1_40' title='bbox 394 359 465 386; x_wconf 85' lang='lat' dir='ltr'><strong>idem</strong></span> <span class='ocrx_word' id='word_1_41' title='bbox 487 364 551 386; x_wconf 92' lang='lat' dir='ltr'><strong>sunt</strong></span> <span class='ocrx_word' id='word_1_42' title='bbox 574 367 650 394; x_wconf 84' lang='lat' dir='ltr'><strong>:quo</strong></span> <span class='ocrx_word' id='word_1_43' title='bbox 674 359 703 386; x_wconf 84' lang='lat' dir='ltr'><strong>lit</strong></span> <span class='ocrx_word' id='word_1_44' title='bbox 719 363 748 385; x_wconf 91' lang='lat' dir='ltr'><strong>ut</strong></span> <span class='ocrx_word' id='word_1_45' title='bbox 767 359 849 385; x_wconf 89' lang='lat' dir='ltr'><strong>etiam</strong></span> 
     </span>
    </p>
   </div>
   <div class='ocr_carea' id='block_1_8' title="bbox 50 404 850 439">
    <p class='ocr_par' dir='ltr' id='par_1_8' title="bbox 50 404 850 439">
     <span class='ocr_line' id='line_1_8' title="bbox 50 404 850 439; baseline -0.001 -8"><span class='ocrx_word' id='word_1_46' title='bbox 50 404 177 438; x_wconf 75' lang='lat' dir='ltr'><strong>Spirandi</strong></span> <span class='ocrx_word' id='word_1_47' title='bbox 193 407 344 439; x_wconf 84' lang='lat' dir='ltr'><strong>potentiam</strong></span> <span class='ocrx_word' id='word_1_48' title='bbox 363 412 443 431; x_wconf 90' lang='lat' dir='ltr'><strong>unatn</strong></span> <span class='ocrx_word' id='word_1_49' title='bbox 479 409 506 431; x_wconf 88' lang='lat' dir='ltr'><strong>et</strong></span> <span class='ocrx_word' id='word_1_50' title='bbox 523 405 647 432; x_wconf 81' lang='lat' dir='ltr'><strong>eamdem</strong></span> <span class='ocrx_word' id='word_1_51' title='bbox 665 411 781 432; x_wconf 87' lang='lat' dir='ltr'><strong>numero</strong></span> <span class='ocrx_word' id='word_1_52' title='bbox 801 404 850 431; x_wconf 84' lang='lat' dir='ltr'><strong>lia—</strong></span> 
     </span>
    </p>
   </div>
   <div class='ocr_carea' id='block_1_9' title="bbox 50 450 848 484">
    <p class='ocr_par' dir='ltr' id='par_1_9' title="bbox 50 450 848 484">
     <span class='ocr_line' id='line_1_9' title="bbox 50 450 848 484; baseline -0.001 -7"><span class='ocrx_word' id='word_1_53' title='bbox 50 450 146 482; x_wconf 81' lang='lat' dir='ltr'><strong>beattt,</strong></span> <span class='ocrx_word' id='word_1_54' title='bbox 161 455 189 477; x_wconf 87' lang='lat' dir='ltr'><strong>et</strong></span> <span class='ocrx_word' id='word_1_55' title='bbox 202 450 284 477; x_wconf 90' lang='lat' dir='ltr'><strong>simul</strong></span> <span class='ocrx_word' id='word_1_56' title='bbox 304 457 357 477; x_wconf 92' lang='lat' dir='ltr'><strong>non</strong></span> <span class='ocrx_word' id='word_1_57' title='bbox 379 457 516 481; x_wconf 85' lang='lat' dir='ltr'><strong>seorsum,</strong></span> <span class='ocrx_word' id='word_1_58' title='bbox 537 459 587 477; x_wconf 91' lang='lat' dir='ltr'><strong>nec</strong></span> <span class='ocrx_word' id='word_1_59' title='bbox 605 450 650 477; x_wconf 87' lang='lat' dir='ltr'><strong>ltic</strong></span> <span class='ocrx_word' id='word_1_60' title='bbox 669 450 758 484; x_wconf 84' lang='lat' dir='ltr'><strong>prius.</strong></span> <span class='ocrx_word' id='word_1_61' title='bbox 777 450 848 477; x_wconf 87' lang='lat' dir='ltr'><strong>:tlter</strong></span> 
     </span>
    </p>
   </div>
   <div class='ocr_carea' id='block_1_10' title="bbox 51 496 852 532">
    <p class='ocr_par' dir='ltr' id='par_1_10' title="bbox 51 496 852 532">
     <span class='ocr_line' id='line_1_10' title="bbox 51 496 852 532; baseline -0.001 -9"><span class='ocrx_word' id='word_1_62' title='bbox 51 496 209 532; x_wconf 87' lang='lat' dir='ltr'><strong>posterius,</strong></span> <span class='ocrx_word' id='word_1_63' title='bbox 242 503 294 523; x_wconf 87' lang='lat' dir='ltr'><strong>nec</strong></span> <span class='ocrx_word' id='word_1_64' title='bbox 310 496 354 523; x_wconf 86' lang='lat' dir='ltr'><strong>hit:</strong></span> <span class='ocrx_word' id='word_1_65' title='bbox 371 496 434 529; x_wconf 83' lang='lat' dir='ltr'><strong>alia,</strong></span> <span class='ocrx_word' id='word_1_66' title='bbox 452 496 521 523; x_wconf 84' lang='lat' dir='ltr'><strong>alter</strong></span> <span class='ocrx_word' id='word_1_67' title='bbox 533 497 585 523; x_wconf 85' lang='lat' dir='ltr'><strong>alia</strong></span> <span class='ocrx_word' id='word_1_68' title='bbox 603 496 754 531; x_wconf 88' lang='lat' dir='ltr'><strong>spiratione</strong></span> <span class='ocrx_word' id='word_1_69' title='bbox 766 497 852 530; x_wconf 74' lang='lat' dir='ltr'><strong>spiret</strong></span> 
     </span>
    </p>
   </div>
   <div class='ocr_carea' id='block_1_11' title="bbox 52 542 849 577">
    <p class='ocr_par' dir='ltr' id='par_1_11' title="bbox 52 542 849 577">
     <span class='ocr_line' id='line_1_11' title="bbox 52 542 849 577; baseline -0.003 -7"><span class='ocrx_word' id='word_1_70' title='bbox 52 542 201 577; x_wconf 74' lang='lat' dir='ltr'><strong>Spiritum,</strong></span> <span class='ocrx_word' id='word_1_71' title='bbox 219 548 249 570; x_wconf 87' lang='lat' dir='ltr'><strong>ut</strong></span> <span class='ocrx_word' id='word_1_72' title='bbox 276 543 293 569; x_wconf 92' lang='lat' dir='ltr'><strong>ii</strong></span> <span class='ocrx_word' id='word_1_73' title='bbox 320 542 367 576; x_wconf 86' lang='lat' dir='ltr'><strong>qui</strong></span> <span class='ocrx_word' id='word_1_74' title='bbox 385 543 547 576; x_wconf 82' lang='lat' dir='ltr'><strong>corporales</strong></span> <span class='ocrx_word' id='word_1_75' title='bbox 570 542 597 568; x_wconf 89' lang='lat' dir='ltr'><strong>in</strong></span> <span class='ocrx_word' id='word_1_76' title='bbox 617 542 748 569; x_wconf 90' lang='lat' dir='ltr'><strong>ontnibus</strong></span> <span class='ocrx_word' id='word_1_77' title='bbox 772 545 849 572; x_wconf 87' lang='lat' dir='ltr'><strong>sunt,</strong></span> 
     </span>
    </p>
   </div>
   <div class='ocr_carea' id='block_1_12' title="bbox 52 587 851 623">
    <p class='ocr_par' dir='ltr' id='par_1_12' title="bbox 52 587 851 623">
     <span class='ocr_line' id='line_1_12' title="bbox 52 587 851 623; baseline -0.001 -8"><span class='ocrx_word' id='word_1_78' title='bbox 52 593 154 623; x_wconf 86' lang='lat' dir='ltr'><strong>putant</strong></span> <span class='ocrx_word' id='word_1_79' title='bbox 168 597 175 622; x_wconf 86' lang='lat'>;</span> <span class='ocrx_word' id='word_1_80' title='bbox 195 588 242 615; x_wconf 89' lang='lat' dir='ltr'><strong>sed</strong></span> <span class='ocrx_word' id='word_1_81' title='bbox 259 588 342 616; x_wconf 83' lang='lat' dir='ltr'><strong>simul</strong></span> <span class='ocrx_word' id='word_1_82' title='bbox 363 592 391 615; x_wconf 82' lang='lat' dir='ltr'><strong>ct</strong></span> <span class='ocrx_word' id='word_1_83' title='bbox 406 588 512 623; x_wconf 78' lang='lat' dir='ltr'><strong>absque</strong></span> <span class='ocrx_word' id='word_1_84' title='bbox 529 593 651 623; x_wconf 88' lang='lat' dir='ltr'><strong>tempore</strong></span> <span class='ocrx_word' id='word_1_85' title='bbox 670 596 725 615; x_wconf 84' lang='lat' dir='ltr'><strong>una</strong></span> <span class='ocrx_word' id='word_1_86' title='bbox 739 587 851 615; x_wconf 86' lang='lat' dir='ltr'><strong>cadem-</strong></span> 
     </span>
    </p>
   </div>
   <div class='ocr_carea' id='block_1_13' title="bbox 53 634 851 669">
    <p class='ocr_par' dir='ltr' id='par_1_13' title="bbox 53 634 851 669">
     <span class='ocr_line' id='line_1_13' title="bbox 53 634 851 669; baseline -0.001 -8"><span class='ocrx_word' id='word_1_87' title='bbox 53 642 109 669; x_wconf 89' lang='lat' dir='ltr'><strong>que</strong></span> <span class='ocrx_word' id='word_1_88' title='bbox 133 642 251 662; x_wconf 91' lang='lat' dir='ltr'><strong>numero</strong></span> <span class='ocrx_word' id='word_1_89' title='bbox 271 635 421 669; x_wconf 80' lang='lat' dir='ltr'><strong>spiratione</strong></span> <span class='ocrx_word' id='word_1_90' title='bbox 446 635 567 669; x_wconf 84' lang='lat' dir='ltr'><strong>perfecte</strong></span> <span class='ocrx_word' id='word_1_91' title='bbox 593 634 687 666; x_wconf 89' lang='lat' dir='ltr'><strong>ambo,</strong></span> <span class='ocrx_word' id='word_1_92' title='bbox 715 639 744 661; x_wconf 87' lang='lat' dir='ltr'><strong>et</strong></span> <span class='ocrx_word' id='word_1_93' title='bbox 766 641 851 669; x_wconf 80' lang='lat' dir='ltr'><strong>supra</strong></span> 
     </span>
    </p>
   </div>
   <div class='ocr_carea' id='block_1_14' title="bbox 54 681 850 716">
    <p class='ocr_par' dir='ltr' id='par_1_14' title="bbox 54 681 850 716">
     <span class='ocr_line' id='line_1_14' title="bbox 54 681 850 716; baseline -0.004 -6"><span class='ocrx_word' id='word_1_94' title='bbox 54 689 168 710; x_wconf 89' lang='lat' dir='ltr'><strong>omnem</strong></span> <span class='ocrx_word' id='word_1_95' title='bbox 186 681 384 716; x_wconf 88' lang='lat' dir='ltr'><strong>perfectionem</strong></span> <span class='ocrx_word' id='word_1_96' title='bbox 407 689 470 709; x_wconf 92' lang='lat' dir='ltr'><strong>eum</strong></span> <span class='ocrx_word' id='word_1_97' title='bbox 488 681 606 716; x_wconf 82' lang='lat' dir='ltr'><strong>spirent.</strong></span> <span class='ocrx_word' id='word_1_98' title='bbox 632 681 751 709; x_wconf 84' lang='lat' dir='ltr'><strong>Necesse</strong></span> <span class='ocrx_word' id='word_1_99' title='bbox 775 682 850 708; x_wconf 90' lang='lat' dir='ltr'><strong>enim</strong></span> 
     </span>
    </p>
   </div>
   <div class='ocr_carea' id='block_1_15' title="bbox 55 725 852 761">
    <p class='ocr_par' dir='ltr' id='par_1_15' title="bbox 55 725 852 761">
     <span class='ocr_line' id='line_1_15' title="bbox 55 725 852 761; baseline 0 -7"><span class='ocrx_word' id='word_1_100' title='bbox 55 731 100 754; x_wconf 88' lang='lat' dir='ltr'><strong>est</strong></span> <span class='ocrx_word' id='word_1_101' title='bbox 114 726 210 753; x_wconf 88' lang='lat' dir='ltr'><strong>eadem</strong></span> <span class='ocrx_word' id='word_1_102' title='bbox 231 726 313 753; x_wconf 84' lang='lat' dir='ltr'><strong>toties</strong></span> <span class='ocrx_word' id='word_1_103' title='bbox 336 725 369 753; x_wconf 87' lang='lat' dir='ltr'><strong>ad</strong></span> <span class='ocrx_word' id='word_1_104' title='bbox 394 733 443 754; x_wconf 87' lang='lat' dir='ltr'><strong>eos</strong></span> <span class='ocrx_word' id='word_1_105' title='bbox 460 726 526 759; x_wconf 90' lang='lat' dir='ltr'><strong>dici,</strong></span> <span class='ocrx_word' id='word_1_106' title='bbox 542 727 588 761; x_wconf 87' lang='lat' dir='ltr'><strong>qui</strong></span> <span class='ocrx_word' id='word_1_107' title='bbox 606 727 689 755; x_wconf 85' lang='lat' dir='ltr'><strong>toties</strong></span> <span class='ocrx_word' id='word_1_108' title='bbox 705 727 852 754; x_wconf 88' lang='lat' dir='ltr'><strong>audientes</strong></span> 
     </span>
    </p>
   </div>
   <div class='ocr_carea' id='block_1_16' title="bbox 56 770 852 807">
    <p class='ocr_par' dir='ltr' id='par_1_16' title="bbox 56 770 852 807">
     <span class='ocr_line' id='line_1_16' title="bbox 56 770 852 807; baseline 0.003 -10"><span class='ocrx_word' id='word_1_109' title='bbox 56 778 113 798; x_wconf 92' lang='lat' dir='ltr'><strong>non</strong></span> <span class='ocrx_word' id='word_1_110' title='bbox 131 770 290 806; x_wconf 77' lang='lat' dir='ltr'><strong>intelligunt</strong></span> <span class='ocrx_word' id='word_1_111' title='bbox 307 779 314 804; x_wconf 87' lang='lat'><strong>;</strong></span> <span class='ocrx_word' id='word_1_112' title='bbox 334 777 382 799; x_wconf 89' lang='lat' dir='ltr'><strong>aut</strong></span> <span class='ocrx_word' id='word_1_113' title='bbox 404 771 470 806; x_wconf 91' lang='lat' dir='ltr'><strong>quid</strong></span> <span class='ocrx_word' id='word_1_114' title='bbox 497 772 542 798; x_wconf 74' lang='lat' dir='ltr'><strong>isti</strong></span> <span class='ocrx_word' id='word_1_115' title='bbox 563 772 666 804; x_wconf 87' lang='lat' dir='ltr'><strong>dicent,</strong></span> <span class='ocrx_word' id='word_1_116' title='bbox 688 772 710 799; x_wconf 93' lang='lat' dir='ltr'><strong>si</strong></span> <span class='ocrx_word' id='word_1_117' title='bbox 724 772 786 807; x_wconf 85' lang='lat' dir='ltr'><strong>quis</strong></span> <span class='ocrx_word' id='word_1_118' title='bbox 804 779 852 799; x_wconf 87' lang='lat' dir='ltr'><strong>eos</strong></span> 
     </span>
    </p>
   </div>
   <div class='ocr_carea' id='block_1_17' title="bbox 55 817 851 852">
    <p class='ocr_par' dir='ltr' id='par_1_17' title="bbox 55 817 851 852">
     <span class='ocr_line' id='line_1_17' title="bbox 55 817 851 852; baseline 0.003 -9"><span class='ocrx_word' id='word_1_119' title='bbox 55 823 72 843; x_wconf 87' lang='lat' dir='ltr'><strong>e</strong></span> <span class='ocrx_word' id='word_1_120' title='bbox 88 821 185 844; x_wconf 88' lang='lat' dir='ltr'><strong>contra</strong></span> <span class='ocrx_word' id='word_1_121' title='bbox 211 817 373 852; x_wconf 78' lang='lat' dir='ltr'><strong>interroget,</strong></span> <span class='ocrx_word' id='word_1_122' title='bbox 398 817 420 845; x_wconf 89' lang='lat' dir='ltr'><strong>si</strong></span> <span class='ocrx_word' id='word_1_123' title='bbox 444 818 595 852; x_wconf 82' lang='lat' dir='ltr'><strong>perfectam</strong></span> <span class='ocrx_word' id='word_1_124' title='bbox 622 819 737 846; x_wconf 88' lang='lat' dir='ltr'><strong>credunt</strong></span> <span class='ocrx_word' id='word_1_125' title='bbox 755 817 851 845; x_wconf 90' lang='lat' dir='ltr'><strong>tuundi</strong></span> 
     </span>
    </p>
   </div>
   <div class='ocr_carea' id='block_1_18' title="bbox 55 864 850 900">
    <p class='ocr_par' dir='ltr' id='par_1_18' title="bbox 55 864 850 900">
     <span class='ocr_line' id='line_1_18' title="bbox 55 864 850 900; baseline 0.003 -10"><span class='ocrx_word' id='word_1_126' title='bbox 55 870 90 891; x_wconf 74' lang='lat' dir='ltr'><strong>ex</strong></span> <span class='ocrx_word' id='word_1_127' title='bbox 110 864 192 891; x_wconf 89' lang='lat' dir='ltr'><strong>Patre</strong></span> <span class='ocrx_word' id='word_1_128' title='bbox 207 865 388 898; x_wconf 89' lang='lat' dir='ltr'><strong>creationem,</strong></span> <span class='ocrx_word' id='word_1_129' title='bbox 405 872 440 892; x_wconf 88' lang='lat' dir='ltr'><strong>an</strong></span> <span class='ocrx_word' id='word_1_130' title='bbox 458 865 536 892; x_wconf 84' lang='lat' dir='ltr'><strong>non?</strong></span> <span class='ocrx_word' id='word_1_131' title='bbox 556 866 584 893; x_wconf 89' lang='lat' dir='ltr'><strong>Si</strong></span> <span class='ocrx_word' id='word_1_132' title='bbox 598 866 671 893; x_wconf 91' lang='lat' dir='ltr'><strong>enim</strong></span> <span class='ocrx_word' id='word_1_133' title='bbox 688 866 850 900; x_wconf 81' lang='lat' dir='ltr'><strong>perfectam,</strong></span> 
     </span>
    </p>
   </div>
   <div class='ocr_carea' id='block_1_19' title="bbox 56 909 850 946">
    <p class='ocr_par' dir='ltr' id='par_1_19' title="bbox 56 909 850 946">
     <span class='ocr_line' id='line_1_19' title="bbox 56 909 850 946; baseline 0.004 -11"><span class='ocrx_word' id='word_1_134' title='bbox 56 916 144 944; x_wconf 86' lang='lat' dir='ltr'><strong>quare</strong></span> <span class='ocrx_word' id='word_1_135' title='bbox 162 909 260 936; x_wconf 82' lang='lat' dir='ltr'><strong>Filium</strong></span> <span class='ocrx_word' id='word_1_136' title='bbox 279 917 390 945; x_wconf 84' lang='lat' dir='ltr'><strong>quoque</strong></span> <span class='ocrx_word' id='word_1_137' title='bbox 407 915 436 938; x_wconf 91' lang='lat' dir='ltr'><strong>et</strong></span> <span class='ocrx_word' id='word_1_138' title='bbox 453 910 585 946; x_wconf 88' lang='lat' dir='ltr'><strong>Spiritum</strong></span> <span class='ocrx_word' id='word_1_139' title='bbox 603 916 745 938; x_wconf 88' lang='lat' dir='ltr'><strong>creatores</strong></span> <span class='ocrx_word' id='word_1_140' title='bbox 760 911 850 938; x_wconf 90' lang='lat' dir='ltr'><strong>nomi-</strong></span> 
     </span>
    </p>
   </div>
   <div class='ocr_carea' id='block_1_20' title="bbox 58 954 852 993">
    <p class='ocr_par' dir='ltr' id='par_1_20' title="bbox 58 954 852 993">
     <span class='ocr_line' id='line_1_20' title="bbox 58 954 852 993; baseline 0.005 -13"><span class='ocrx_word' id='word_1_141' title='bbox 58 954 142 981; x_wconf 82' lang='lat' dir='ltr'><strong>nant?</strong></span> <span class='ocrx_word' id='word_1_142' title='bbox 155 954 183 982; x_wconf 87' lang='lat' dir='ltr'><strong>Si</strong></span> <span class='ocrx_word' id='word_1_143' title='bbox 199 963 265 982; x_wconf 81' lang='lat' dir='ltr'><strong>vero</strong></span> <span class='ocrx_word' id='word_1_144' title='bbox 279 955 480 990; x_wconf 86' lang='lat' dir='ltr'><strong>imperfectam,</strong></span> <span class='ocrx_word' id='word_1_145' title='bbox 497 961 525 984; x_wconf 91' lang='lat' dir='ltr'><strong>ct</strong></span> <span class='ocrx_word' id='word_1_146' title='bbox 539 957 602 984; x_wconf 82' lang='lat' dir='ltr'><strong>ideo</strong></span> <span class='ocrx_word' id='word_1_147' title='bbox 620 957 718 984; x_wconf 82' lang='lat' dir='ltr'><strong>Filium</strong></span> <span class='ocrx_word' id='word_1_148' title='bbox 747 963 772 985; x_wconf 88' lang='lat' dir='ltr'><strong>et</strong></span> <span class='ocrx_word' id='word_1_149' title='bbox 790 957 852 993; x_wconf 86' lang='lat' dir='ltr'><strong>Spi-</strong></span> 
     </span>
    </p>
   </div>
   <div class='ocr_carea' id='block_1_21' title="bbox 57 1000 852 1038">
    <p class='ocr_par' dir='ltr' id='par_1_21' title="bbox 57 1000 852 1038">
     <span class='ocr_line' id='line_1_21' title="bbox 57 1000 852 1038; baseline 0.006 -12"><span class='ocrx_word' id='word_1_150' title='bbox 57 1000 143 1027; x_wconf 88' lang='lat' dir='ltr'><strong>ritum</strong></span> <span class='ocrx_word' id='word_1_151' title='bbox 165 1001 240 1028; x_wconf 86' lang='lat' dir='ltr'><strong>Patri</strong></span> <span class='ocrx_word' id='word_1_152' title='bbox 257 1002 407 1034; x_wconf 85' lang='lat' dir='ltr'><strong>associant,</strong></span> <span class='ocrx_word' id='word_1_153' title='bbox 425 1003 604 1030; x_wconf 82' lang='lat' dir='ltr'><strong>considerent</strong></span> <span class='ocrx_word' id='word_1_154' title='bbox 617 1003 683 1038; x_wconf 91' lang='lat' dir='ltr'><strong>quid</strong></span> <span class='ocrx_word' id='word_1_155' title='bbox 698 1003 802 1031; x_wconf 80' lang='lat' dir='ltr'><strong>dicant.</strong></span> <span class='ocrx_word' id='word_1_156' title='bbox 818 1004 852 1031; x_wconf 82' lang='lat' dir='ltr'><strong>At.</strong></span> 
     </span>
    </p>
   </div>
   <div class='ocr_carea' id='block_1_22' title="bbox 57 1046 852 1082">
    <p class='ocr_par' dir='ltr' id='par_1_22' title="bbox 57 1046 852 1082">
     <span class='ocr_line' id='line_1_22' title="bbox 57 1046 852 1082; baseline 0.005 -9"><span class='ocrx_word' id='word_1_157' title='bbox 57 1046 182 1081; x_wconf 84' lang='lat' dir='ltr'><strong>perfecta</strong></span> <span class='ocrx_word' id='word_1_158' title='bbox 199 1046 312 1081; x_wconf 86' lang='lat' dir='ltr'><strong>quidem</strong></span> <span class='ocrx_word' id='word_1_159' title='bbox 328 1055 361 1074; x_wconf 85' lang='lat' dir='ltr'><strong>ex</strong></span> <span class='ocrx_word' id='word_1_160' title='bbox 378 1048 459 1076; x_wconf 80' lang='lat' dir='ltr'><strong>l’atre</strong></span> <span class='ocrx_word' id='word_1_161' title='bbox 479 1049 573 1076; x_wconf 88' lang='lat' dir='ltr'><strong>mttndi</strong></span> <span class='ocrx_word' id='word_1_162' title='bbox 589 1049 704 1082; x_wconf 87' lang='lat' dir='ltr'><strong>crcatio,</strong></span> <span class='ocrx_word' id='word_1_163' title='bbox 721 1058 772 1077; x_wconf 89' lang='lat' dir='ltr'><strong>una</strong></span> <span class='ocrx_word' id='word_1_164' title='bbox 787 1057 852 1077; x_wconf 88' lang='lat' dir='ltr'><strong>vero</strong></span> 
     </span>
    </p>
   </div>
   <div class='ocr_carea' id='block_1_23' title="bbox 56 1094 852 1132">
    <p class='ocr_par' dir='ltr' id='par_1_23' title="bbox 56 1094 852 1132">
     <span class='ocr_line' id='line_1_23' title="bbox 56 1094 852 1132; baseline 0.003 -10"><span class='ocrx_word' id='word_1_165' title='bbox 56 1094 212 1130; x_wconf 83' lang='lat' dir='ltr'><strong>cadentque</strong></span> <span class='ocrx_word' id='word_1_166' title='bbox 222 1103 338 1123; x_wconf 91' lang='lat' dir='ltr'><strong>numero</strong></span> <span class='ocrx_word' id='word_1_167' title='bbox 352 1095 415 1122; x_wconf 86' lang='lat' dir='ltr'><strong>Filii</strong></span> <span class='ocrx_word' id='word_1_168' title='bbox 441 1101 468 1123; x_wconf 90' lang='lat' dir='ltr'><strong>et</strong></span> <span class='ocrx_word' id='word_1_169' title='bbox 479 1095 599 1131; x_wconf 85' lang='lat' dir='ltr'><strong>Spiritus</strong></span> <span class='ocrx_word' id='word_1_170' title='bbox 608 1097 732 1131; x_wconf 84' lang='lat' dir='ltr'><strong>operatio</strong></span> <span class='ocrx_word' id='word_1_171' title='bbox 744 1097 777 1124; x_wconf 90' lang='lat' dir='ltr'><strong>ad</strong></span> <span class='ocrx_word' id='word_1_172' title='bbox 793 1098 852 1132; x_wconf 85' lang='lat' dir='ltr'><strong>ejus</strong></span> 
     </span>
    </p>
   </div>
   <div class='ocr_carea' id='block_1_24' title="bbox 57 1140 850 1176">
    <p class='ocr_par' dir='ltr' id='par_1_24' title="bbox 57 1140 850 1176">
     <span class='ocr_line' id='line_1_24' title="bbox 57 1140 850 1176; baseline 0.003 -9"><span class='ocrx_word' id='word_1_173' title='bbox 57 1140 231 1167; x_wconf 83' lang='lat' dir='ltr'><strong>creationem</strong></span> <span class='ocrx_word' id='word_1_174' title='bbox 253 1145 305 1175; x_wconf 87' lang='lat' dir='ltr'><strong>est,</strong></span> <span class='ocrx_word' id='word_1_175' title='bbox 332 1146 431 1168; x_wconf 88' lang='lat' dir='ltr'><strong>etnon</strong></span> <span class='ocrx_word' id='word_1_176' title='bbox 450 1141 504 1168; x_wconf 88' lang='lat' dir='ltr'><strong>alia</strong></span> <span class='ocrx_word' id='word_1_177' title='bbox 529 1142 630 1174; x_wconf 84' lang='lat' dir='ltr'><strong>Patris,</strong></span> <span class='ocrx_word' id='word_1_178' title='bbox 655 1142 707 1169; x_wconf 89' lang='lat' dir='ltr'><strong>alia</strong></span> <span class='ocrx_word' id='word_1_179' title='bbox 731 1143 850 1176; x_wconf 89' lang='lat' dir='ltr'><strong>horum;</strong></span> 
     </span>
    </p>
   </div>
   <div class='ocr_carea' id='block_1_25' title="bbox 61 1186 852 1223">
    <p class='ocr_par' dir='ltr' id='par_1_25' title="bbox 61 1186 852 1223">
     <span class='ocr_line' id='line_1_25' title="bbox 61 1186 852 1223; baseline 0.006 -12"><span class='ocrx_word' id='word_1_180' title='bbox 61 1190 129 1213; x_wconf 90' lang='lat' dir='ltr'><strong>tunc</strong></span> <span class='ocrx_word' id='word_1_181' title='bbox 145 1186 217 1213; x_wconf 88' lang='lat' dir='ltr'><strong>enim</strong></span> <span class='ocrx_word' id='word_1_182' title='bbox 235 1187 370 1215; x_wconf 89' lang='lat' dir='ltr'><strong>haberent</strong></span> <span class='ocrx_word' id='word_1_183' title='bbox 387 1187 479 1215; x_wconf 87' lang='lat' dir='ltr'><strong>locum</strong></span> <span class='ocrx_word' id='word_1_184' title='bbox 498 1188 556 1215; x_wconf 79' lang='lat' dir='ltr'><strong>lia-c</strong></span> <span class='ocrx_word' id='word_1_185' title='bbox 573 1188 688 1223; x_wconf 83' lang='lat' dir='ltr'><strong>puerilia</strong></span> <span class='ocrx_word' id='word_1_186' title='bbox 705 1189 799 1216; x_wconf 88' lang='lat' dir='ltr'><strong>dubia.</strong></span> <span class='ocrx_word' id='word_1_187' title='bbox 813 1189 852 1216; x_wconf 82' lang='lat' dir='ltr'><strong>Ita</strong></span> 
     </span>
    </p>
   </div>
   <div class='ocr_carea' id='block_1_26' title="bbox 59 1231 853 1270">
    <p class='ocr_par' dir='ltr' id='par_1_26' title="bbox 59 1231 853 1270">
     <span class='ocr_line' id='line_1_26' title="bbox 59 1231 853 1270; baseline 0.005 -12"><span class='ocrx_word' id='word_1_188' title='bbox 59 1231 144 1266; x_wconf 79' lang='lat' dir='ltr'><strong>igitur</strong></span> <span class='ocrx_word' id='word_1_189' title='bbox 164 1237 192 1259; x_wconf 87' lang='lat' dir='ltr'><strong>et</strong></span> <span class='ocrx_word' id='word_1_190' title='bbox 215 1232 243 1259; x_wconf 92' lang='lat' dir='ltr'><strong>in</strong></span> <span class='ocrx_word' id='word_1_191' title='bbox 268 1235 411 1268; x_wconf 88' lang='lat' dir='ltr'><strong>proposito</strong></span> <span class='ocrx_word' id='word_1_192' title='bbox 433 1235 553 1268; x_wconf 84' lang='lat' dir='ltr'><strong>perfecta</strong></span> <span class='ocrx_word' id='word_1_193' title='bbox 578 1235 702 1269; x_wconf 86' lang='lat' dir='ltr'><strong>quidem,</strong></span> <span class='ocrx_word' id='word_1_194' title='bbox 725 1240 752 1261; x_wconf 87' lang='lat' dir='ltr'><strong>et</strong></span> <span class='ocrx_word' id='word_1_195' title='bbox 769 1242 853 1270; x_wconf 89' lang='lat' dir='ltr'><strong>super</strong></span> 
     </span>
    </p>
   </div>
   <div class='ocr_carea' id='block_1_27' title="bbox 59 1280 852 1316">
    <p class='ocr_par' dir='ltr' id='par_1_27' title="bbox 59 1280 852 1316">
     <span class='ocr_line' id='line_1_27' title="bbox 59 1280 852 1316; baseline 0.005 -12"><span class='ocrx_word' id='word_1_196' title='bbox 59 1285 169 1305; x_wconf 90' lang='lat' dir='ltr'><strong>omnem</strong></span> <span class='ocrx_word' id='word_1_197' title='bbox 184 1280 382 1314; x_wconf 76' lang='lat' dir='ltr'><strong>perfectionem</strong></span> <span class='ocrx_word' id='word_1_198' title='bbox 399 1285 442 1308; x_wconf 91' lang='lat' dir='ltr'><strong>est</strong></span> <span class='ocrx_word' id='word_1_199' title='bbox 458 1281 576 1316; x_wconf 89' lang='lat' dir='ltr'><strong>Spiritus</strong></span> <span class='ocrx_word' id='word_1_200' title='bbox 594 1288 625 1308; x_wconf 83' lang='lat' dir='ltr'><strong>ex</strong></span> <span class='ocrx_word' id='word_1_201' title='bbox 643 1281 724 1308; x_wconf 80' lang='lat' dir='ltr'><strong>Patre</strong></span> <span class='ocrx_word' id='word_1_202' title='bbox 740 1289 852 1316; x_wconf 89' lang='lat' dir='ltr'><strong>proces-</strong></span> 
     </span>
    </p>
   </div>
   <div class='ocr_carea' id='block_1_28' title="bbox 59 1324 852 1361">
    <p class='ocr_par' dir='ltr' id='par_1_28' title="bbox 59 1324 852 1361">
     <span class='ocr_line' id='line_1_28' title="bbox 59 1324 852 1361; baseline 0.003 -10"><span class='ocrx_word' id='word_1_203' title='bbox 59 1324 101 1351; x_wconf 85' lang='lat' dir='ltr'><strong>s&#39;ro</strong></span> <span class='ocrx_word' id='word_1_204' title='bbox 116 1333 122 1351; x_wconf 93' lang='lat'>:</span> <span class='ocrx_word' id='word_1_205' title='bbox 136 1325 233 1352; x_wconf 92' lang='lat' dir='ltr'><strong>eadem</strong></span> <span class='ocrx_word' id='word_1_206' title='bbox 257 1333 321 1353; x_wconf 90' lang='lat' dir='ltr'><strong>vero</strong></span> <span class='ocrx_word' id='word_1_207' title='bbox 345 1331 372 1353; x_wconf 90' lang='lat' dir='ltr'><strong>et.</strong></span> <span class='ocrx_word' id='word_1_208' title='bbox 396 1333 449 1354; x_wconf 84' lang='lat' dir='ltr'><strong>una</strong></span> <span class='ocrx_word' id='word_1_209' title='bbox 465 1334 582 1354; x_wconf 91' lang='lat' dir='ltr'><strong>numero</strong></span> <span class='ocrx_word' id='word_1_210' title='bbox 598 1334 632 1354; x_wconf 80' lang='lat' dir='ltr'><strong>ex</strong></span> <span class='ocrx_word' id='word_1_211' title='bbox 658 1326 728 1353; x_wconf 83' lang='lat' dir='ltr'><strong>Filio</strong></span> <span class='ocrx_word' id='word_1_212' title='bbox 743 1334 852 1361; x_wconf 88' lang='lat' dir='ltr'><strong>quoque</strong></span> 
     </span>
    </p>
   </div>
   <div class='ocr_carea' id='block_1_29' title="bbox 64 1370 853 1406">
    <p class='ocr_par' dir='ltr' id='par_1_29' title="bbox 64 1370 853 1406">
     <span class='ocr_line' id='line_1_29' title="bbox 64 1370 853 1406; baseline 0.004 -10"><span class='ocrx_word' id='word_1_213' title='bbox 64 1370 189 1405; x_wconf 78' lang='lat' dir='ltr'><strong>ejusdem</strong></span> <span class='ocrx_word' id='word_1_214' title='bbox 204 1370 322 1406; x_wconf 82' lang='lat' dir='ltr'><strong>Spiritus</strong></span> <span class='ocrx_word' id='word_1_215' title='bbox 338 1372 452 1406; x_wconf 81' lang='lat' dir='ltr'><strong>spiratio</strong></span> <span class='ocrx_word' id='word_1_216' title='bbox 464 1377 517 1405; x_wconf 89' lang='lat' dir='ltr'><strong>cst,</strong></span> <span class='ocrx_word' id='word_1_217' title='bbox 535 1380 590 1399; x_wconf 91' lang='lat' dir='ltr'><strong>non</strong></span> <span class='ocrx_word' id='word_1_218' title='bbox 609 1372 660 1399; x_wconf 87' lang='lat' dir='ltr'><strong>alia</strong></span> <span class='ocrx_word' id='word_1_219' title='bbox 677 1377 705 1400; x_wconf 90' lang='lat' dir='ltr'><strong>et</strong></span> <span class='ocrx_word' id='word_1_220' title='bbox 721 1373 784 1404; x_wconf 84' lang='lat' dir='ltr'><strong>alia,</strong></span> <span class='ocrx_word' id='word_1_221' title='bbox 802 1379 853 1399; x_wconf 86' lang='lat' dir='ltr'><strong>nee</strong></span> 
     </span>
    </p>
   </div>
   <div class='ocr_carea' id='block_1_30' title="bbox 59 1415 854 1452">
    <p class='ocr_par' dir='ltr' id='par_1_30' title="bbox 59 1415 854 1452">
     <span class='ocr_line' id='line_1_30' title="bbox 59 1415 854 1452; baseline 0.004 -10"><span class='ocrx_word' id='word_1_222' title='bbox 59 1415 141 1443; x_wconf 84' lang='lat' dir='ltr'><strong>aliter</strong></span> <span class='ocrx_word' id='word_1_223' title='bbox 159 1421 186 1443; x_wconf 89' lang='lat' dir='ltr'><strong>et</strong></span> <span class='ocrx_word' id='word_1_224' title='bbox 208 1417 298 1448; x_wconf 81' lang='lat' dir='ltr'><strong>aliter,</strong></span> <span class='ocrx_word' id='word_1_225' title='bbox 321 1425 372 1444; x_wconf 92' lang='lat' dir='ltr'><strong>nec</strong></span> <span class='ocrx_word' id='word_1_226' title='bbox 390 1418 467 1452; x_wconf 78' lang='lat' dir='ltr'><strong>prior</strong></span> <span class='ocrx_word' id='word_1_227' title='bbox 483 1422 511 1445; x_wconf 90' lang='lat' dir='ltr'><strong>et</strong></span> <span class='ocrx_word' id='word_1_228' title='bbox 534 1418 682 1452; x_wconf 83' lang='lat' dir='ltr'><strong>posterior,</strong></span> <span class='ocrx_word' id='word_1_229' title='bbox 703 1418 751 1445; x_wconf 88' lang='lat' dir='ltr'><strong>sed</strong></span> <span class='ocrx_word' id='word_1_230' title='bbox 771 1418 854 1446; x_wconf 88' lang='lat' dir='ltr'><strong>simul</strong></span> 
     </span>
    </p>
   </div>
   <div class='ocr_carea' id='block_1_31' title="bbox 59 1461 855 1499">
    <p class='ocr_par' dir='ltr' id='par_1_31' title="bbox 59 1461 855 1499">
     <span class='ocr_line' id='line_1_31' title="bbox 59 1461 855 1499; baseline 0.004 -11"><span class='ocrx_word' id='word_1_231' title='bbox 59 1461 169 1495; x_wconf 78' lang='lat' dir='ltr'><strong>cadent,</strong></span> <span class='ocrx_word' id='word_1_232' title='bbox 184 1468 212 1490; x_wconf 89' lang='lat' dir='ltr'><strong>et</strong></span> <span class='ocrx_word' id='word_1_233' title='bbox 222 1463 352 1490; x_wconf 86' lang='lat' dir='ltr'><strong>similiter</strong></span> <span class='ocrx_word' id='word_1_234' title='bbox 364 1471 427 1491; x_wconf 93' lang='lat' dir='ltr'><strong>cum</strong></span> <span class='ocrx_word' id='word_1_235' title='bbox 445 1471 498 1492; x_wconf 86' lang='lat' dir='ltr'><strong>una</strong></span> <span class='ocrx_word' id='word_1_236' title='bbox 512 1469 540 1491; x_wconf 86' lang='lat' dir='ltr'><strong>et</strong></span> <span class='ocrx_word' id='word_1_237' title='bbox 557 1463 652 1490; x_wconf 89' lang='lat' dir='ltr'><strong>eadem</strong></span> <span class='ocrx_word' id='word_1_238' title='bbox 671 1471 786 1491; x_wconf 89' lang='lat' dir='ltr'><strong>numero</strong></span> <span class='ocrx_word' id='word_1_239' title='bbox 799 1464 855 1499; x_wconf 85' lang='lat' dir='ltr'><strong>spi-</strong></span> 
     </span>
    </p>
   </div>
   <div class='ocr_carea' id='block_1_32' title="bbox 59 1509 854 1545">
    <p class='ocr_par' dir='ltr' id='par_1_32' title="bbox 59 1509 854 1545">
     <span class='ocr_line' id='line_1_32' title="bbox 59 1509 854 1545; baseline 0.004 -10"><span class='ocrx_word' id='word_1_240' title='bbox 59 1509 140 1536; x_wconf 85' lang='lat' dir='ltr'><strong>randi</strong></span> <span class='ocrx_word' id='word_1_241' title='bbox 160 1509 282 1544; x_wconf 87' lang='lat' dir='ltr'><strong>potentia</strong></span> <span class='ocrx_word' id='word_1_242' title='bbox 304 1510 436 1545; x_wconf 86' lang='lat' dir='ltr'><strong>Spiritum</strong></span> <span class='ocrx_word' id='word_1_243' title='bbox 459 1511 541 1538; x_wconf 88' lang='lat' dir='ltr'><strong>ambo</strong></span> <span class='ocrx_word' id='word_1_244' title='bbox 564 1511 679 1545; x_wconf 75' lang='lat' dir='ltr'><strong>spirant.</strong></span> <span class='ocrx_word' id='word_1_245' title='bbox 705 1510 737 1538; x_wconf 84' lang='lat' dir='ltr'><strong>Et</strong></span> <span class='ocrx_word' id='word_1_246' title='bbox 762 1511 854 1538; x_wconf 89' lang='lat' dir='ltr'><strong>nullus</strong></span> 
     </span>
    </p>
   </div>
   <div class='ocr_carea' id='block_1_33' title="bbox 59 1556 885 1596">
    <p class='ocr_par' dir='ltr' id='par_1_33' title="bbox 59 1556 885 1596">
     <span class='ocr_line' id='line_1_33' title="bbox 59 1556 885 1596; baseline 0.004 -14"><span class='ocrx_word' id='word_1_247' title='bbox 59 1563 159 1583; x_wconf 84' lang='lat' dir='ltr'><strong>rursus</strong></span> <span class='ocrx_word' id='word_1_248' title='bbox 175 1556 350 1591; x_wconf 77' lang='lat' dir='ltr'><strong>blasphemi-.e</strong></span> <span class='ocrx_word' id='word_1_249' title='bbox 370 1557 433 1584; x_wconf 83' lang='lat' dir='ltr'><strong>hinc</strong></span> <span class='ocrx_word' id='word_1_250' title='bbox 450 1557 583 1584; x_wconf 85' lang='lat' dir='ltr'><strong>rationem</strong></span> <span class='ocrx_word' id='word_1_251' title='bbox 599 1563 721 1590; x_wconf 87' lang='lat' dir='ltr'><strong>accuset,</strong></span> <span class='ocrx_word' id='word_1_252' title='bbox 738 1557 850 1584; x_wconf 81' lang='lat' dir='ltr'><strong>audietis</strong></span> <span class='ocrx_word' id='word_1_253' title='bbox 864 1567 885 1596; x_wconf 65' lang='grc' dir='ltr'><strong>(ς</strong></span> 
     </span>
    </p>
   </div>
   <div class='ocr_carea' id='block_1_34' title="bbox 60 1603 854 1639">
    <p class='ocr_par' dir='ltr' id='par_1_34' title="bbox 60 1603 854 1639">
     <span class='ocr_line' id='line_1_34' title="bbox 60 1603 854 1639; baseline 0.003 -9"><span class='ocrx_word' id='word_1_254' title='bbox 60 1610 112 1630; x_wconf 88' lang='lat' dir='ltr'><strong>nos</strong></span> <span class='ocrx_word' id='word_1_255' title='bbox 130 1611 162 1630; x_wconf 84' lang='lat' dir='ltr'><strong>ex</strong></span> <span class='ocrx_word' id='word_1_256' title='bbox 185 1607 312 1631; x_wconf 83' lang='lat' dir='ltr'><strong>creatura</strong></span> <span class='ocrx_word' id='word_1_257' title='bbox 333 1608 491 1639; x_wconf 68' lang='lat' dir='ltr'><strong>arguentes.</strong></span> <span class='ocrx_word' id='word_1_258' title='bbox 510 1604 544 1631; x_wconf 81' lang='lat' dir='ltr'><strong>Et</strong></span> <span class='ocrx_word' id='word_1_259' title='bbox 566 1604 628 1631; x_wconf 91' lang='lat' dir='ltr'><strong>ideo</strong></span> <span class='ocrx_word' id='word_1_260' title='bbox 647 1608 725 1639; x_wconf 87' lang='lat' dir='ltr'><strong>putet</strong></span> <span class='ocrx_word' id='word_1_261' title='bbox 741 1603 854 1632; x_wconf 86' lang='lat' dir='ltr'><strong>Latinos</strong></span> 
     </span>
    </p>
   </div>
   <div class='ocr_carea' id='block_1_35' title="bbox 61 1650 854 1686">
    <p class='ocr_par' dir='ltr' id='par_1_35' title="bbox 61 1650 854 1686">
     <span class='ocr_line' id='line_1_35' title="bbox 61 1650 854 1686; baseline 0.003 -10"><span class='ocrx_word' id='word_1_262' title='bbox 61 1650 193 1684; x_wconf 89' lang='lat' dir='ltr'><strong>Spiritum</strong></span> <span class='ocrx_word' id='word_1_263' title='bbox 211 1655 337 1678; x_wconf 89' lang='lat' dir='ltr'><strong>sattcttttn</strong></span> <span class='ocrx_word' id='word_1_264' title='bbox 352 1652 424 1678; x_wconf 88' lang='lat' dir='ltr'><strong>inter</strong></span> <span class='ocrx_word' id='word_1_265' title='bbox 439 1656 581 1678; x_wconf 85' lang='lat' dir='ltr'><strong>creaturas</strong></span> <span class='ocrx_word' id='word_1_266' title='bbox 598 1658 721 1686; x_wconf 83' lang='lat' dir='ltr'><strong>ponere;</strong></span> <span class='ocrx_word' id='word_1_267' title='bbox 742 1651 854 1678; x_wconf 90' lang='lat' dir='ltr'><strong>fuerunt</strong></span> 
     </span>
    </p>
   </div>
   <div class='ocr_carea' id='block_1_36' title="bbox 60 1697 854 1732">
    <p class='ocr_par' dir='ltr' id='par_1_36' title="bbox 60 1697 854 1732">
     <span class='ocr_line' id='line_1_36' title="bbox 60 1697 854 1732; baseline 0 -8"><span class='ocrx_word' id='word_1_268' title='bbox 60 1697 174 1730; x_wconf 84' lang='lat' dir='ltr'><strong>etenim,</strong></span> <span class='ocrx_word' id='word_1_269' title='bbox 188 1701 215 1723; x_wconf 87' lang='lat' dir='ltr'><strong>et</strong></span> <span class='ocrx_word' id='word_1_270' title='bbox 234 1703 308 1729; x_wconf 88' lang='lat' dir='ltr'><strong>sunt,</strong></span> <span class='ocrx_word' id='word_1_271' title='bbox 330 1697 376 1732; x_wconf 81' lang='lat' dir='ltr'><strong>qui</strong></span> <span class='ocrx_word' id='word_1_272' title='bbox 398 1698 424 1724; x_wconf 93' lang='lat' dir='ltr'><strong>in</strong></span> <span class='ocrx_word' id='word_1_273' title='bbox 441 1697 512 1725; x_wconf 87' lang='lat' dir='ltr'><strong>lianc</strong></span> <span class='ocrx_word' id='word_1_274' title='bbox 527 1698 610 1724; x_wconf 87' lang='lat' dir='ltr'><strong>etiam</strong></span> <span class='ocrx_word' id='word_1_275' title='bbox 627 1697 796 1732; x_wconf 85' lang='lat' dir='ltr'><strong>proterviam</strong></span> <span class='ocrx_word' id='word_1_276' title='bbox 826 1702 854 1724; x_wconf 85' lang='lat' dir='ltr'><strong>et</strong></span> 
     </span>
    </p>
   </div>
   <div class='ocr_carea' id='block_1_37' title="bbox 60 1743 853 1778">
    <p class='ocr_par' dir='ltr' id='par_1_37' title="bbox 60 1743 853 1778">
     <span class='ocr_line' id='line_1_37' title="bbox 60 1743 853 1778; baseline -0.001 -9"><span class='ocrx_word' id='word_1_277' title='bbox 60 1743 195 1769; x_wconf 85' lang='lat' dir='ltr'><strong>insaniam</strong></span> <span class='ocrx_word' id='word_1_278' title='bbox 209 1743 390 1775; x_wconf 87' lang='lat' dir='ltr'><strong>devenerunt,</strong></span> <span class='ocrx_word' id='word_1_279' title='bbox 406 1748 435 1770; x_wconf 91' lang='lat' dir='ltr'><strong>ttt</strong></span> <span class='ocrx_word' id='word_1_280' title='bbox 449 1743 501 1771; x_wconf 88' lang='lat' dir='ltr'><strong>ltoc</strong></span> <span class='ocrx_word' id='word_1_281' title='bbox 513 1751 623 1778; x_wconf 89' lang='lat' dir='ltr'><strong>quoque</strong></span> <span class='ocrx_word' id='word_1_282' title='bbox 641 1743 748 1769; x_wconf 87' lang='lat' dir='ltr'><strong>Latinis</strong></span> <span class='ocrx_word' id='word_1_283' title='bbox 763 1743 853 1777; x_wconf 88' lang='lat' dir='ltr'><strong>impu-</strong></span> 
     </span>
    </p>
   </div>
   <div class='ocr_carea' id='block_1_38' title="bbox 62 1787 851 1824">
    <p class='ocr_par' dir='ltr' id='par_1_38' title="bbox 62 1787 851 1824">
     <span class='ocr_line' id='line_1_38' title="bbox 62 1787 851 1824; baseline 0.003 -10"><span class='ocrx_word' id='word_1_284' title='bbox 62 1792 119 1814; x_wconf 80' lang='lat' dir='ltr'><strong>tare</strong></span> <span class='ocrx_word' id='word_1_285' title='bbox 137 1788 281 1815; x_wconf 87' lang='lat' dir='ltr'><strong>auderent.</strong></span> <span class='ocrx_word' id='word_1_286' title='bbox 295 1787 357 1815; x_wconf 66' lang='lat' dir='ltr'><strong>lla-e</strong></span> <span class='ocrx_word' id='word_1_287' title='bbox 371 1789 444 1815; x_wconf 86' lang='lat' dir='ltr'><strong>enim</strong></span> <span class='ocrx_word' id='word_1_288' title='bbox 463 1794 511 1815; x_wconf 93' lang='lat' dir='ltr'><strong>aut</strong></span> <span class='ocrx_word' id='word_1_289' title='bbox 525 1790 685 1821; x_wconf 90' lang='lat' dir='ltr'><strong>stttltorum,</strong></span> <span class='ocrx_word' id='word_1_290' title='bbox 702 1793 749 1816; x_wconf 90' lang='lat' dir='ltr'><strong>attt</strong></span> <span class='ocrx_word' id='word_1_291' title='bbox 765 1789 851 1824; x_wconf 86' lang='lat' dir='ltr'><strong>joeari</strong></span> 
     </span>
    </p>
   </div>
   <div class='ocr_carea' id='block_1_39' title="bbox 60 1831 852 1868">
    <p class='ocr_par' dir='ltr' id='par_1_39' title="bbox 60 1831 852 1868">
     <span class='ocr_line' id='line_1_39' title="bbox 60 1831 852 1868; baseline 0.004 -11"><span class='ocrx_word' id='word_1_292' title='bbox 60 1831 211 1858; x_wconf 87' lang='lat' dir='ltr'><strong>volentium</strong></span> <span class='ocrx_word' id='word_1_293' title='bbox 231 1836 315 1864; x_wconf 86' lang='lat' dir='ltr'><strong>sunt;</strong></span> <span class='ocrx_word' id='word_1_294' title='bbox 337 1837 384 1858; x_wconf 89' lang='lat' dir='ltr'><strong>attt</strong></span> <span class='ocrx_word' id='word_1_295' title='bbox 398 1832 507 1859; x_wconf 87' lang='lat' dir='ltr'><strong>illoruttt</strong></span> <span class='ocrx_word' id='word_1_296' title='bbox 530 1833 577 1867; x_wconf 90' lang='lat' dir='ltr'><strong>qui</strong></span> <span class='ocrx_word' id='word_1_297' title='bbox 595 1833 725 1868; x_wconf 76' lang='lat' dir='ltr'><strong>ignorant</strong></span> <span class='ocrx_word' id='word_1_298' title='bbox 740 1839 852 1860; x_wconf 78' lang='lat' dir='ltr'><strong>sanctos</strong></span> 
     </span>
    </p>
   </div>
   <div class='ocr_carea' id='block_1_40' title="bbox 63 1876 850 1910">
    <p class='ocr_par' dir='ltr' id='par_1_40' title="bbox 63 1876 850 1910">
     <span class='ocr_line' id='line_1_40' title="bbox 63 1876 850 1910; baseline 0.003 -8"><span class='ocrx_word' id='word_1_299' title='bbox 63 1876 156 1903; x_wconf 76' lang='lat' dir='ltr'><strong>l’atres</strong></span> <span class='ocrx_word' id='word_1_300' title='bbox 171 1880 198 1903; x_wconf 89' lang='lat' dir='ltr'><strong>et</strong></span> <span class='ocrx_word' id='word_1_301' title='bbox 211 1876 340 1904; x_wconf 88' lang='lat' dir='ltr'><strong>doctores</strong></span> <span class='ocrx_word' id='word_1_302' title='bbox 362 1878 461 1910; x_wconf 71' lang='lat' dir='ltr'><strong>smptus</strong></span> <span class='ocrx_word' id='word_1_303' title='bbox 479 1885 494 1904; x_wconf 89' lang='lat' dir='ltr'><strong>a</strong></span> <span class='ocrx_word' id='word_1_304' title='bbox 507 1882 632 1904; x_wconf 88' lang='lat' dir='ltr'><strong>creatura</strong></span> <span class='ocrx_word' id='word_1_305' title='bbox 651 1882 679 1904; x_wconf 89' lang='lat' dir='ltr'><strong>et</strong></span> <span class='ocrx_word' id='word_1_306' title='bbox 711 1878 850 1904; x_wconf 84' lang='lat' dir='ltr'><strong>sensibili-</strong></span> 
     </span>
    </p>
   </div>
   <div class='ocr_carea' id='block_1_41' title="bbox 62 1922 852 1958">
    <p class='ocr_par' dir='ltr' id='par_1_41' title="bbox 62 1922 852 1958">
     <span class='ocr_line' id='line_1_41' title="bbox 62 1922 852 1958; baseline 0.003 -9"><span class='ocrx_word' id='word_1_307' title='bbox 62 1922 114 1950; x_wconf 91' lang='lat' dir='ltr'><strong>bus</strong></span> <span class='ocrx_word' id='word_1_308' title='bbox 125 1923 259 1958; x_wconf 76' lang='lat' dir='ltr'><strong>exemplis</strong></span> <span class='ocrx_word' id='word_1_309' title='bbox 274 1923 492 1950; x_wconf 88' lang='lat' dir='ltr'><strong>manuducentes</strong></span> <span class='ocrx_word' id='word_1_310' title='bbox 507 1931 556 1950; x_wconf 86' lang='lat' dir='ltr'><strong>nos</strong></span> <span class='ocrx_word' id='word_1_311' title='bbox 573 1923 606 1950; x_wconf 87' lang='lat' dir='ltr'><strong>ad</strong></span> <span class='ocrx_word' id='word_1_312' title='bbox 621 1924 789 1951; x_wconf 87' lang='lat' dir='ltr'><strong>credendum</strong></span> <span class='ocrx_word' id='word_1_313' title='bbox 807 1932 852 1952; x_wconf 87' lang='lat' dir='ltr'><strong>res</strong></span> 
     </span>
    </p>
   </div>
   <div class='ocr_carea' id='block_1_42' title="bbox 63 1969 851 2004">
    <p class='ocr_par' dir='ltr' id='par_1_42' title="bbox 63 1969 851 2004">
     <span class='ocr_line' id='line_1_42' title="bbox 63 1969 851 2004; baseline 0.001 -8"><span class='ocrx_word' id='word_1_314' title='bbox 63 1969 264 1997; x_wconf 80' lang='lat' dir='ltr'><strong>intellectualcs</strong></span> <span class='ocrx_word' id='word_1_315' title='bbox 287 1975 315 1997; x_wconf 91' lang='lat' dir='ltr'><strong>et</strong></span> <span class='ocrx_word' id='word_1_316' title='bbox 337 1969 489 1997; x_wconf 83' lang='lat' dir='ltr'><strong>invisibiles</strong></span> <span class='ocrx_word' id='word_1_317' title='bbox 513 1974 596 2004; x_wconf 85' lang='lat' dir='ltr'><strong>atque</strong></span> <span class='ocrx_word' id='word_1_318' title='bbox 613 1969 732 2002; x_wconf 87' lang='lat' dir='ltr'><strong>divinas,</strong></span> <span class='ocrx_word' id='word_1_319' title='bbox 752 1970 788 1997; x_wconf 86' lang='lat' dir='ltr'><strong>ab</strong></span> <span class='ocrx_word' id='word_1_320' title='bbox 810 1971 851 1997; x_wconf 92' lang='lat' dir='ltr'><strong>eis</strong></span> 
     </span>
    </p>
   </div>
   <div class='ocr_carea' id='block_1_43' title="bbox 63 2015 848 2050">
    <p class='ocr_par' dir='ltr' id='par_1_43' title="bbox 63 2015 848 2050">
     <span class='ocr_line' id='line_1_43' title="bbox 63 2015 848 2050; baseline 0.001 -9"><span class='ocrx_word' id='word_1_321' title='bbox 63 2023 122 2050; x_wconf 80' lang='lat' dir='ltr'><strong>qua:</strong></span> <span class='ocrx_word' id='word_1_322' title='bbox 135 2020 163 2041; x_wconf 87' lang='lat' dir='ltr'><strong>et</strong></span> <span class='ocrx_word' id='word_1_323' title='bbox 174 2015 243 2042; x_wconf 74' lang='lat' dir='ltr'><strong>exile</strong></span> <span class='ocrx_word' id='word_1_324' title='bbox 261 2015 404 2050; x_wconf 67' lang='lat' dir='ltr'><strong>vestigium</strong></span> <span class='ocrx_word' id='word_1_325' title='bbox 421 2015 519 2042; x_wconf 69' lang='lat' dir='ltr'><strong>divina:</strong></span> <span class='ocrx_word' id='word_1_326' title='bbox 534 2015 723 2042; x_wconf 80' lang='lat' dir='ltr'><strong>similitudinis</strong></span> <span class='ocrx_word' id='word_1_327' title='bbox 736 2015 848 2047; x_wconf 83' lang='lat' dir='ltr'><strong>habent,</strong></span> 
     </span>
    </p>
   </div>
   <div class='ocr_carea' id='block_1_44' title="bbox 63 2056 849 2096">
    <p class='ocr_par' dir='ltr' id='par_1_44' title="bbox 63 2056 849 2096">
     <span class='ocr_line' id='line_1_44' title="bbox 63 2056 849 2096; baseline 0.001 -8"><span class='ocrx_word' id='word_1_328' title='bbox 63 2062 109 2089; x_wconf 84' lang='lat' dir='ltr'><strong>illa</strong></span> <span class='ocrx_word' id='word_1_329' title='bbox 126 2062 274 2096; x_wconf 79' lang='lat' dir='ltr'><strong>probantes</strong></span> <span class='ocrx_word' id='word_1_330' title='bbox 286 2069 335 2096; x_wconf 88' lang='lat' dir='ltr'><strong>pro</strong></span> <span class='ocrx_word' id='word_1_331' title='bbox 347 2056 437 2095; x_wconf 80' lang='lat' dir='ltr'><strong>posse.</strong></span> <span class='ocrx_word' id='word_1_332' title='bbox 453 2061 616 2088; x_wconf 85' lang='lat' dir='ltr'><strong>Trinitatem</strong></span> <span class='ocrx_word' id='word_1_333' title='bbox 636 2062 736 2088; x_wconf 83' lang='lat' dir='ltr'><strong>ctenim</strong></span> <span class='ocrx_word' id='word_1_334' title='bbox 754 2070 849 2096; x_wconf 77' lang='lat' dir='ltr'><strong>perso-</strong></span> 
     </span>
    </p>
   </div>
   <div class='ocr_carea' id='block_1_45' title="bbox 64 2107 849 2141">
    <p class='ocr_par' dir='ltr' id='par_1_45' title="bbox 64 2107 849 2141">
     <span class='ocr_line' id='line_1_45' title="bbox 64 2107 849 2141; baseline 0.003 -8"><span class='ocrx_word' id='word_1_335' title='bbox 64 2115 161 2134; x_wconf 88' lang='lat' dir='ltr'><strong>narttm</strong></span> <span class='ocrx_word' id='word_1_336' title='bbox 184 2107 338 2134; x_wconf 87' lang='lat' dir='ltr'><strong>Orientales</strong></span> <span class='ocrx_word' id='word_1_337' title='bbox 365 2107 490 2141; x_wconf 88' lang='lat' dir='ltr'><strong>qttidettt,</strong></span> <span class='ocrx_word' id='word_1_338' title='bbox 518 2107 671 2140; x_wconf 85' lang='lat' dir='ltr'><strong>intellectu,</strong></span> <span class='ocrx_word' id='word_1_339' title='bbox 708 2109 793 2135; x_wconf 85' lang='lat' dir='ltr'><strong>verbo</strong></span> <span class='ocrx_word' id='word_1_340' title='bbox 822 2115 849 2136; x_wconf 90' lang='lat' dir='ltr'><strong>et</strong></span> 
     </span>
    </p>
   </div>
   <div class='ocr_carea' id='block_1_46' title="bbox 64 2154 844 2189">
    <p class='ocr_par' dir='ltr' id='par_1_46' title="bbox 64 2154 844 2189">
     <span class='ocr_line' id='line_1_46' title="bbox 64 2154 844 2189; baseline 0.003 -8"><span class='ocrx_word' id='word_1_341' title='bbox 64 2155 160 2189; x_wconf 72' lang='lat' dir='ltr'><strong>spiritu</strong></span> <span class='ocrx_word' id='word_1_342' title='bbox 176 2163 182 2187; x_wconf 89' lang='lat'><strong>;</strong></span> <span class='ocrx_word' id='word_1_343' title='bbox 197 2155 260 2181; x_wconf 89' lang='lat' dir='ltr'><strong>item</strong></span> <span class='ocrx_word' id='word_1_344' title='bbox 281 2155 372 2185; x_wconf 87' lang='lat' dir='ltr'><strong>oculo,</strong></span> <span class='ocrx_word' id='word_1_345' title='bbox 389 2156 463 2182; x_wconf 81' lang='lat' dir='ltr'><strong>l&#39;oute</strong></span> <span class='ocrx_word' id='word_1_346' title='bbox 489 2160 517 2182; x_wconf 91' lang='lat' dir='ltr'><strong>et</strong></span> <span class='ocrx_word' id='word_1_347' title='bbox 532 2154 635 2186; x_wconf 57' lang='lat' dir='ltr'><strong>fluuio;</strong></span> <span class='ocrx_word' id='word_1_348' title='bbox 658 2163 754 2182; x_wconf 71' lang='lat' dir='ltr'><strong>rursus</strong></span> <span class='ocrx_word' id='word_1_349' title='bbox 776 2156 844 2189; x_wconf 87' lang='lat' dir='ltr'><strong>sole,</strong></span> 
     </span>
    </p>
   </div>
   <div class='ocr_carea' id='block_1_47' title="bbox 65 2200 849 2228">
    <p class='ocr_par' dir='ltr' id='par_1_47' title="bbox 65 2200 849 2228">
     <span class='ocr_line' id='line_1_47' title="bbox 65 2200 849 2228; baseline 0.001 -1"><span class='ocrx_word' id='word_1_350' title='bbox 65 2201 142 2228; x_wconf 80' lang='lat' dir='ltr'><strong>radio</strong></span> <span class='ocrx_word' id='word_1_351' title='bbox 163 2205 190 2227; x_wconf 89' lang='lat' dir='ltr'><strong>et</strong></span> <span class='ocrx_word' id='word_1_352' title='bbox 213 2201 273 2227; x_wconf 89' lang='lat' dir='ltr'><strong>luce</strong></span> <span class='ocrx_word' id='word_1_353' title='bbox 295 2209 301 2227; x_wconf 94' lang='lat'><strong><em>:</em></strong></span> <span class='ocrx_word' id='word_1_354' title='bbox 324 2200 513 2227; x_wconf 79' lang='lat' dir='ltr'><strong>Occidentales</strong></span> <span class='ocrx_word' id='word_1_355' title='bbox 537 2208 601 2227; x_wconf 80' lang='lat' dir='ltr'><strong>vero</strong></span> <span class='ocrx_word' id='word_1_356' title='bbox 627 2200 687 2227; x_wconf 88' lang='lat' dir='ltr'><strong>aliis</strong></span> <span class='ocrx_word' id='word_1_357' title='bbox 711 2201 849 2228; x_wconf 81' lang='lat' dir='ltr'><strong>similibus</strong></span> 
     </span>
    </p>
   </div>
   <div class='ocr_carea' id='block_1_48' title="bbox 65 2246 847 2281">
    <p class='ocr_par' dir='ltr' id='par_1_48' title="bbox 65 2246 847 2281">
     <span class='ocr_line' id='line_1_48' title="bbox 65 2246 847 2281; baseline -0.001 -8"><span class='ocrx_word' id='word_1_358' title='bbox 65 2247 210 2276; x_wconf 86' lang='lat' dir='ltr'><strong>ostendere</strong></span> <span class='ocrx_word' id='word_1_359' title='bbox 224 2251 369 2275; x_wconf 70' lang='lat' dir='ltr'><strong>conantur.</strong></span> <span class='ocrx_word' id='word_1_360' title='bbox 383 2246 512 2278; x_wconf 85' lang='lat' dir='ltr'><strong>Quamvis</strong></span> <span class='ocrx_word' id='word_1_361' title='bbox 525 2246 739 2281; x_wconf 79' lang='lat' dir='ltr'><strong>unumquodque</strong></span> <span class='ocrx_word' id='word_1_362' title='bbox 752 2254 847 2272; x_wconf 75' lang='lat' dir='ltr'><strong>eorum</strong></span> 
     </span>
    </p>
   </div>
   <div class='ocr_carea' id='block_1_49' title="bbox 65 2291 848 2326">
    <p class='ocr_par' dir='ltr' id='par_1_49' title="bbox 65 2291 848 2326">
     <span class='ocr_line' id='line_1_49' title="bbox 65 2291 848 2326; baseline -0.005 -6"><span class='ocrx_word' id='word_1_363' title='bbox 65 2293 250 2326; x_wconf 78' lang='lat' dir='ltr'><strong>exemplorum</strong></span> <span class='ocrx_word' id='word_1_364' title='bbox 268 2293 319 2319; x_wconf 70' lang='lat' dir='ltr'><strong>etsi</strong></span> <span class='ocrx_word' id='word_1_365' title='bbox 351 2292 455 2318; x_wconf 77' lang='lat' dir='ltr'><strong>ratione</strong></span> <span class='ocrx_word' id='word_1_366' title='bbox 470 2292 520 2318; x_wconf 87' lang='lat' dir='ltr'><strong>tria</strong></span> <span class='ocrx_word' id='word_1_367' title='bbox 537 2292 601 2324; x_wconf 86' lang='lat' dir='ltr'><strong>sitit,</strong></span> <span class='ocrx_word' id='word_1_368' title='bbox 622 2300 675 2318; x_wconf 90' lang='lat' dir='ltr'><strong>uua</strong></span> <span class='ocrx_word' id='word_1_369' title='bbox 695 2297 783 2318; x_wconf 83' lang='lat' dir='ltr'><strong>tamen</strong></span> <span class='ocrx_word' id='word_1_370' title='bbox 804 2291 848 2324; x_wconf 77' lang='lat' dir='ltr'><strong>Ity-</strong></span> 
     </span>
    </p>
   </div>
   <div class='ocr_carea' id='block_1_50' title="bbox 66 2338 847 2375">
    <p class='ocr_par' dir='ltr' id='par_1_50' title="bbox 66 2338 847 2375">
     <span class='ocr_line' id='line_1_50' title="bbox 66 2338 847 2375; baseline -0.003 -9"><span class='ocrx_word' id='word_1_371' title='bbox 66 2340 181 2375; x_wconf 81' lang='lat' dir='ltr'><strong>postasis</strong></span> <span class='ocrx_word' id='word_1_372' title='bbox 205 2339 262 2366; x_wconf 88' lang='lat' dir='ltr'><strong>sive</strong></span> <span class='ocrx_word' id='word_1_373' title='bbox 279 2339 432 2366; x_wconf 71' lang='lat' dir='ltr'><strong>substantia</strong></span> <span class='ocrx_word' id='word_1_374' title='bbox 450 2338 560 2364; x_wconf 90' lang='lat' dir='ltr'><strong>rcalitcr</strong></span> <span class='ocrx_word' id='word_1_375' title='bbox 577 2343 627 2364; x_wconf 86' lang='lat' dir='ltr'><strong>est.</strong></span> <span class='ocrx_word' id='word_1_376' title='bbox 650 2339 743 2365; x_wconf 81' lang='lat' dir='ltr'><strong>l‘atres</strong></span> <span class='ocrx_word' id='word_1_377' title='bbox 757 2345 847 2365; x_wconf 86' lang='lat' dir='ltr'><strong>tamen</strong></span> 
     </span>
    </p>
   </div>
   <div class='ocr_carea' id='block_1_51' title="bbox 65 2385 851 2421">
    <p class='ocr_par' dir='ltr' id='par_1_51' title="bbox 65 2385 851 2421">
     <span class='ocr_line' id='line_1_51' title="bbox 65 2385 851 2421; baseline -0.006 -6"><span class='ocrx_word' id='word_1_378' title='bbox 65 2395 119 2415; x_wconf 87' lang='lat' dir='ltr'><strong>non</strong></span> <span class='ocrx_word' id='word_1_379' title='bbox 141 2389 273 2421; x_wconf 86' lang='lat' dir='ltr'><strong>putarunt</strong></span> <span class='ocrx_word' id='word_1_380' title='bbox 292 2390 437 2420; x_wconf 74' lang='lat' dir='ltr'><strong>propterea</strong></span> <span class='ocrx_word' id='word_1_381' title='bbox 456 2385 623 2419; x_wconf 77' lang='lat' dir='ltr'><strong>propositam</strong></span> <span class='ocrx_word' id='word_1_382' title='bbox 647 2385 788 2411; x_wconf 82' lang='lat' dir='ltr'><strong>veritatem</strong></span> <span class='ocrx_word' id='word_1_383' title='bbox 809 2385 851 2411; x_wconf 89' lang='lat' dir='ltr'><strong>of-</strong></span> 
     </span>
    </p>
   </div>
   <div class='ocr_carea' id='block_1_52' title="bbox 66 2431 851 2468">
    <p class='ocr_par' dir='ltr' id='par_1_52' title="bbox 66 2431 851 2468">
     <span class='ocr_line' id='line_1_52' title="bbox 66 2431 851 2468; baseline -0.003 -8"><span class='ocrx_word' id='word_1_384' title='bbox 66 2433 190 2465; x_wconf 83' lang='lat' dir='ltr'><strong>fendere,</strong></span> <span class='ocrx_word' id='word_1_385' title='bbox 206 2433 253 2460; x_wconf 85' lang='lat' dir='ltr'><strong>sed</strong></span> <span class='ocrx_word' id='word_1_386' title='bbox 269 2438 401 2468; x_wconf 90' lang='lat' dir='ltr'><strong>quantutn</strong></span> <span class='ocrx_word' id='word_1_387' title='bbox 418 2431 562 2459; x_wconf 87' lang='lat' dir='ltr'><strong>intentioni</strong></span> <span class='ocrx_word' id='word_1_388' title='bbox 585 2439 679 2459; x_wconf 89' lang='lat' dir='ltr'><strong>eorntn</strong></span> <span class='ocrx_word' id='word_1_389' title='bbox 702 2431 851 2458; x_wconf 84' lang='lat' dir='ltr'><strong>convenie-</strong></span> 
     </span>
    </p>
   </div>
   <div class='ocr_carea' id='block_1_53' title="bbox 66 2478 849 2514">
    <p class='ocr_par' dir='ltr' id='par_1_53' title="bbox 66 2478 849 2514">
     <span class='ocr_line' id='line_1_53' title="bbox 66 2478 849 2514; baseline -0.004 -7"><span class='ocrx_word' id='word_1_390' title='bbox 66 2481 112 2507; x_wconf 89' lang='lat' dir='ltr'><strong>bat</strong></span> <span class='ocrx_word' id='word_1_391' title='bbox 127 2487 159 2507; x_wconf 79' lang='lat' dir='ltr'><strong>ex</strong></span> <span class='ocrx_word' id='word_1_392' title='bbox 176 2479 208 2506; x_wconf 88' lang='lat' dir='ltr'><strong>iis</strong></span> <span class='ocrx_word' id='word_1_393' title='bbox 219 2479 352 2514; x_wconf 73' lang='lat' dir='ltr'><strong>exemplis</strong></span> <span class='ocrx_word' id='word_1_394' title='bbox 362 2479 539 2514; x_wconf 86' lang='lat' dir='ltr'><strong>accipientes,</strong></span> <span class='ocrx_word' id='word_1_395' title='bbox 556 2478 705 2512; x_wconf 81' lang='lat' dir='ltr'><strong>reliquum,</strong></span> <span class='ocrx_word' id='word_1_396' title='bbox 720 2485 849 2512; x_wconf 77' lang='lat' dir='ltr'><strong>tanquam</strong></span> 
     </span>
    </p>
   </div>
   <div class='ocr_carea' id='block_1_54' title="bbox 69 2524 851 2560">
    <p class='ocr_par' dir='ltr' id='par_1_54' title="bbox 69 2524 851 2560">
     <span class='ocr_line' id='line_1_54' title="bbox 69 2524 851 2560; baseline -0.005 -6"><span class='ocrx_word' id='word_1_397' title='bbox 69 2527 187 2554; x_wconf 89' lang='lat' dir='ltr'><strong>alicnutn</strong></span> <span class='ocrx_word' id='word_1_398' title='bbox 209 2533 223 2552; x_wconf 88' lang='lat' dir='ltr'><strong>a</strong></span> <span class='ocrx_word' id='word_1_399' title='bbox 241 2526 366 2557; x_wconf 84' lang='lat' dir='ltr'><strong>veritate,</strong></span> <span class='ocrx_word' id='word_1_400' title='bbox 391 2525 570 2560; x_wconf 86' lang='lat' dir='ltr'><strong>repellebant.</strong></span> <span class='ocrx_word' id='word_1_401' title='bbox 590 2524 620 2551; x_wconf 73' lang='lat' dir='ltr'><strong>Et</strong></span> <span class='ocrx_word' id='word_1_402' title='bbox 636 2532 716 2551; x_wconf 87' lang='lat' dir='ltr'><strong>neuio</strong></span> <span class='ocrx_word' id='word_1_403' title='bbox 731 2533 779 2551; x_wconf 86' lang='lat' dir='ltr'><strong>eos</strong></span> <span class='ocrx_word' id='word_1_404' title='bbox 800 2532 851 2551; x_wconf 83' lang='lat' dir='ltr'><strong>tice</strong></span> 
     </span>
    </p>
   </div>
   <div class='ocr_carea' id='block_1_55' title="bbox 68 2571 849 2605">
    <p class='ocr_par' dir='ltr' id='par_1_55' title="bbox 68 2571 849 2605">
     <span class='ocr_line' id='line_1_55' title="bbox 68 2571 849 2605; baseline -0.003 -5"><span class='ocrx_word' id='word_1_405' title='bbox 68 2573 207 2600; x_wconf 75' lang='lat' dir='ltr'><strong>accusavit</strong></span> <span class='ocrx_word' id='word_1_406' title='bbox 220 2580 270 2599; x_wconf 86' lang='lat' dir='ltr'><strong>nec</strong></span> <span class='ocrx_word' id='word_1_407' title='bbox 285 2571 437 2604; x_wconf 82' lang='lat' dir='ltr'><strong>accusabit,</strong></span> <span class='ocrx_word' id='word_1_408' title='bbox 450 2571 538 2598; x_wconf 89' lang='lat' dir='ltr'><strong>donec</strong></span> <span class='ocrx_word' id='word_1_409' title='bbox 558 2571 657 2597; x_wconf 89' lang='lat' dir='ltr'><strong>mentis</strong></span> <span class='ocrx_word' id='word_1_410' title='bbox 671 2579 782 2605; x_wconf 75' lang='lat' dir='ltr'><strong>compos</strong></span> <span class='ocrx_word' id='word_1_411' title='bbox 798 2576 849 2603; x_wconf 79' lang='lat' dir='ltr'><strong>est,</strong></span> 
     </span>
    </p>
   </div>
   <div class='ocr_carea' id='block_1_56' title="bbox 68 2617 852 2653">
    <p class='ocr_par' dir='ltr' id='par_1_56' title="bbox 68 2617 852 2653">
     <span class='ocr_line' id='line_1_56' title="bbox 68 2617 852 2653; baseline -0.003 -8"><span class='ocrx_word' id='word_1_412' title='bbox 68 2619 168 2646; x_wconf 83' lang='lat' dir='ltr'><strong>talibus</strong></span> <span class='ocrx_word' id='word_1_413' title='bbox 186 2618 259 2653; x_wconf 87' lang='lat' dir='ltr'><strong>quod</strong></span> <span class='ocrx_word' id='word_1_414' title='bbox 276 2618 317 2645; x_wconf 88' lang='lat' dir='ltr'><strong>usi</strong></span> <span class='ocrx_word' id='word_1_415' title='bbox 334 2618 437 2645; x_wconf 85' lang='lat' dir='ltr'><strong>fuerint</strong></span> <span class='ocrx_word' id='word_1_416' title='bbox 448 2617 591 2652; x_wconf 73' lang='lat' dir='ltr'><strong>exetnplis.</strong></span> <span class='ocrx_word' id='word_1_417' title='bbox 605 2619 752 2652; x_wconf 77' lang='lat' dir='ltr'><strong>Quomodo</strong></span> <span class='ocrx_word' id='word_1_418' title='bbox 767 2618 852 2652; x_wconf 73' lang='lat' dir='ltr'><strong>igitur</strong></span> 
     </span>
    </p>
   </div>
   <div class='ocr_carea' id='block_1_57' title="bbox 69 2664 850 2699">
    <p class='ocr_par' dir='ltr' id='par_1_57' title="bbox 69 2664 850 2699">
     <span class='ocr_line' id='line_1_57' title="bbox 69 2664 850 2699; baseline -0.003 -7"><span class='ocrx_word' id='word_1_419' title='bbox 69 2666 180 2693; x_wconf 89' lang='lat' dir='ltr'><strong>Latinos</strong></span> <span class='ocrx_word' id='word_1_420' title='bbox 199 2670 271 2692; x_wconf 85' lang='lat' dir='ltr'><strong>tecte</strong></span> <span class='ocrx_word' id='word_1_421' title='bbox 300 2664 362 2699; x_wconf 86' lang='lat' dir='ltr'><strong>quis</strong></span> <span class='ocrx_word' id='word_1_422' title='bbox 386 2665 540 2696; x_wconf 76' lang='lat' dir='ltr'><strong>accusabit,</strong></span> <span class='ocrx_word' id='word_1_423' title='bbox 555 2665 577 2692; x_wconf 91' lang='lat' dir='ltr'><strong>si</strong></span> <span class='ocrx_word' id='word_1_424' title='bbox 595 2666 626 2692; x_wconf 89' lang='lat' dir='ltr'><strong>ad</strong></span> <span class='ocrx_word' id='word_1_425' title='bbox 649 2665 850 2692; x_wconf 74' lang='lat' dir='ltr'><strong>ostendendam</strong></span> 
     </span>
    </p>
   </div>
   <div class='ocr_carea' id='block_1_58' title="bbox 69 2709 852 2744">
    <p class='ocr_par' dir='ltr' id='par_1_58' title="bbox 69 2709 852 2744">
     <span class='ocr_line' id='line_1_58' title="bbox 69 2709 852 2744; baseline -0.001 -6"><span class='ocrx_word' id='word_1_426' title='bbox 69 2719 148 2738; x_wconf 88' lang='lat' dir='ltr'><strong>unam</strong></span> <span class='ocrx_word' id='word_1_427' title='bbox 163 2710 340 2743; x_wconf 75' lang='lat' dir='ltr'><strong>eamdemque</strong></span> <span class='ocrx_word' id='word_1_428' title='bbox 355 2716 468 2736; x_wconf 91' lang='lat' dir='ltr'><strong>nttmero</strong></span> <span class='ocrx_word' id='word_1_429' title='bbox 483 2717 544 2737; x_wconf 87' lang='lat' dir='ltr'><strong>esse</strong></span> <span class='ocrx_word' id='word_1_430' title='bbox 556 2710 710 2744; x_wconf 88' lang='lat' dir='ltr'><strong>spirativam</strong></span> <span class='ocrx_word' id='word_1_431' title='bbox 724 2710 750 2737; x_wconf 87' lang='lat' dir='ltr'><strong>lll</strong></span> <span class='ocrx_word' id='word_1_432' title='bbox 771 2709 852 2737; x_wconf 80' lang='lat' dir='ltr'><strong>Patre</strong></span> 
     </span>
    </p>
   </div>
   <div class='ocr_carea' id='block_1_59' title="bbox 67 2756 854 2792">
    <p class='ocr_par' dir='ltr' id='par_1_59' title="bbox 67 2756 854 2792">
     <span class='ocr_line' id='line_1_59' title="bbox 67 2756 854 2792; baseline -0.003 -8"><span class='ocrx_word' id='word_1_433' title='bbox 67 2762 94 2785; x_wconf 87' lang='lat' dir='ltr'><strong>et</strong></span> <span class='ocrx_word' id='word_1_434' title='bbox 105 2756 173 2784; x_wconf 86' lang='lat' dir='ltr'><strong>Filio</strong></span> <span class='ocrx_word' id='word_1_435' title='bbox 184 2757 344 2792; x_wconf 86' lang='lat' dir='ltr'><strong>potentiam,</strong></span> <span class='ocrx_word' id='word_1_436' title='bbox 357 2761 468 2783; x_wconf 79' lang='lat' dir='ltr'><strong>utantur</strong></span> <span class='ocrx_word' id='word_1_437' title='bbox 476 2756 599 2790; x_wconf 82' lang='lat' dir='ltr'><strong>exemplo</strong></span> <span class='ocrx_word' id='word_1_438' title='bbox 611 2757 644 2783; x_wconf 88' lang='lat' dir='ltr'><strong>ab</strong></span> <span class='ocrx_word' id='word_1_439' title='bbox 653 2756 780 2784; x_wconf 84' lang='lat' dir='ltr'><strong>omnibus</strong></span> <span class='ocrx_word' id='word_1_440' title='bbox 789 2763 854 2783; x_wconf 90' lang='lat' dir='ltr'><strong>con-</strong></span> 
     </span>
    </p>
   </div>
   <div class='ocr_carea' id='block_1_60' title="bbox 69 2803 851 2838">
    <p class='ocr_par' dir='ltr' id='par_1_60' title="bbox 69 2803 851 2838">
     <span class='ocr_line' id='line_1_60' title="bbox 69 2803 851 2838; baseline -0.003 -6"><span class='ocrx_word' id='word_1_441' title='bbox 69 2813 154 2838; x_wconf 88' lang='lat' dir='ltr'><strong>cesso,</strong></span> <span class='ocrx_word' id='word_1_442' title='bbox 178 2812 231 2832; x_wconf 89' lang='lat' dir='ltr'><strong>una</strong></span> <span class='ocrx_word' id='word_1_443' title='bbox 257 2804 406 2838; x_wconf 85' lang='lat' dir='ltr'><strong>eademque</strong></span> <span class='ocrx_word' id='word_1_444' title='bbox 431 2811 546 2830; x_wconf 88' lang='lat' dir='ltr'><strong>nuutero</strong></span> <span class='ocrx_word' id='word_1_445' title='bbox 567 2812 581 2830; x_wconf 88' lang='lat' dir='ltr'><strong>a</strong></span> <span class='ocrx_word' id='word_1_446' title='bbox 595 2803 727 2830; x_wconf 83' lang='lat' dir='ltr'><strong>&#39;l‘rinitate</strong></span> <span class='ocrx_word' id='word_1_447' title='bbox 747 2804 851 2830; x_wconf 87' lang='lat' dir='ltr'><strong>entiutn</strong></span> 
     </span>
    </p>
   </div>
   <div class='ocr_carea' id='block_1_61' title="bbox 70 2849 853 2884">
    <p class='ocr_par' dir='ltr' id='par_1_61' title="bbox 70 2849 853 2884">
     <span class='ocr_line' id='line_1_61' title="bbox 70 2849 853 2884; baseline -0.004 -4"><span class='ocrx_word' id='word_1_448' title='bbox 70 2850 228 2880; x_wconf 71' lang='lat' dir='ltr'><strong>creatione?</strong></span> <span class='ocrx_word' id='word_1_449' title='bbox 248 2854 294 2876; x_wconf 86' lang='lat' dir='ltr'><strong>aut</strong></span> <span class='ocrx_word' id='word_1_450' title='bbox 309 2849 447 2884; x_wconf 90' lang='lat' dir='ltr'><strong>quomodo</strong></span> <span class='ocrx_word' id='word_1_451' title='bbox 464 2855 611 2883; x_wconf 85' lang='lat' dir='ltr'><strong>propterea</strong></span> <span class='ocrx_word' id='word_1_452' title='bbox 627 2849 789 2876; x_wconf 81' lang='lat' dir='ltr'><strong>calumniari</strong></span> <span class='ocrx_word' id='word_1_453' title='bbox 804 2858 853 2877; x_wconf 84' lang='lat' dir='ltr'><strong>cos</strong></span> 
     </span>
    </p>
   </div>
   <div class='ocr_carea' id='block_1_62' title="bbox 68 2895 852 2933">
    <p class='ocr_par' dir='ltr' id='par_1_62' title="bbox 68 2895 852 2933">
     <span class='ocr_line' id='line_1_62' title="bbox 68 2895 852 2933; baseline -0.001 -7"><span class='ocrx_word' id='word_1_454' title='bbox 68 2898 165 2933; x_wconf 67' lang='lat' dir='ltr'><strong>aliquis</strong></span> <span class='ocrx_word' id='word_1_455' title='bbox 183 2896 303 2930; x_wconf 77' lang='lat' dir='ltr'><strong>audebit,</strong></span> <span class='ocrx_word' id='word_1_456' title='bbox 315 2895 386 2932; x_wconf 84' lang='lat' dir='ltr'><strong>quod</strong></span> <span class='ocrx_word' id='word_1_457' title='bbox 405 2895 538 2931; x_wconf 82' lang='lat' dir='ltr'><strong>Spiritum</strong></span> <span class='ocrx_word' id='word_1_458' title='bbox 553 2899 677 2924; x_wconf 84' lang='lat' dir='ltr'><strong>sanctum</strong></span> <span class='ocrx_word' id='word_1_459' title='bbox 696 2903 758 2923; x_wconf 85' lang='lat' dir='ltr'><strong>cunt</strong></span> <span class='ocrx_word' id='word_1_460' title='bbox 776 2903 852 2925; x_wconf 51' lang='lat' dir='ltr'><strong>crete</strong></span> 
     </span>
    </p>
   </div>
   <div class='ocr_carea' id='block_1_63' title="bbox 904 265 1699 302">
    <p class='ocr_par' dir='ltr' id='par_1_63' title="bbox 904 265 1699 302">
     <span class='ocr_line' id='line_1_63' title="bbox 904 265 1699 302; baseline -0.003 -9"><span class='ocrx_word' id='word_1_461' title='bbox 904 267 949 302; x_wconf 87' lang='lat' dir='ltr'><strong>qui</strong></span> <span class='ocrx_word' id='word_1_462' title='bbox 967 274 1040 293; x_wconf 87' lang='lat' dir='ltr'><strong>nunc</strong></span> <span class='ocrx_word' id='word_1_463' title='bbox 1060 266 1166 297; x_wconf 88' lang='lat' dir='ltr'><strong>vivunt,</strong></span> <span class='ocrx_word' id='word_1_464' title='bbox 1183 266 1282 297; x_wconf 81' lang='lat' dir='ltr'><strong>Latini,</strong></span> <span class='ocrx_word' id='word_1_465' title='bbox 1307 274 1357 294; x_wconf 89' lang='lat' dir='ltr'><strong>nec</strong></span> <span class='ocrx_word' id='word_1_466' title='bbox 1381 267 1427 301; x_wconf 88' lang='lat' dir='ltr'><strong>qui</strong></span> <span class='ocrx_word' id='word_1_467' title='bbox 1457 271 1518 301; x_wconf 88' lang='lat' dir='ltr'><strong>post.</strong></span> <span class='ocrx_word' id='word_1_468' title='bbox 1535 265 1699 293; x_wconf 87' lang='lat' dir='ltr'><strong>divisionem</strong></span> 
     </span>
    </p>
   </div>
   <div class='ocr_carea' id='block_1_64' title="bbox 906 312 1702 347">
    <p class='ocr_par' dir='ltr' id='par_1_64' title="bbox 906 312 1702 347">
     <span class='ocr_line' id='line_1_64' title="bbox 906 312 1702 347; baseline 0 -9"><span class='ocrx_word' id='word_1_469' title='bbox 906 317 933 339; x_wconf 78' lang='lat' dir='ltr'><strong>et</strong></span> <span class='ocrx_word' id='word_1_470' title='bbox 950 312 1098 339; x_wconf 87' lang='lat' dir='ltr'><strong>infaustum</strong></span> <span class='ocrx_word' id='word_1_471' title='bbox 1117 312 1265 347; x_wconf 77' lang='lat' dir='ltr'><strong>infelixque</strong></span> <span class='ocrx_word' id='word_1_472' title='bbox 1284 313 1349 340; x_wconf 91' lang='lat' dir='ltr'><strong>illud</strong></span> <span class='ocrx_word' id='word_1_473' title='bbox 1366 313 1485 340; x_wconf 86' lang='lat' dir='ltr'><strong>schisma</strong></span> <span class='ocrx_word' id='word_1_474' title='bbox 1511 312 1632 344; x_wconf 87' lang='lat' dir='ltr'><strong>fuerunt,</strong></span> <span class='ocrx_word' id='word_1_475' title='bbox 1650 312 1702 338; x_wconf 89' lang='lat' dir='ltr'><strong>ltoc</strong></span> 
     </span>
    </p>
   </div>
   <div class='ocr_carea' id='block_1_65' title="bbox 903 357 1701 393">
    <p class='ocr_par' dir='ltr' id='par_1_65' title="bbox 903 357 1701 393">
     <span class='ocr_line' id='line_1_65' title="bbox 903 357 1701 393; baseline -0.001 -9"><span class='ocrx_word' id='word_1_476' title='bbox 903 358 993 392; x_wconf 92' lang='lat' dir='ltr'><strong>primo</strong></span> <span class='ocrx_word' id='word_1_477' title='bbox 1017 357 1139 390; x_wconf 75' lang='lat' dir='ltr'><strong>dixerit;</strong></span> <span class='ocrx_word' id='word_1_478' title='bbox 1165 359 1212 385; x_wconf 86' lang='lat' dir='ltr'><strong>sed</strong></span> <span class='ocrx_word' id='word_1_479' title='bbox 1240 359 1278 385; x_wconf 90' lang='lat' dir='ltr'><strong>illi</strong></span> <span class='ocrx_word' id='word_1_480' title='bbox 1304 359 1386 393; x_wconf 90' lang='lat' dir='ltr'><strong>prisci</strong></span> <span class='ocrx_word' id='word_1_481' title='bbox 1411 359 1511 390; x_wconf 84' lang='lat' dir='ltr'><strong>sancti,</strong></span> <span class='ocrx_word' id='word_1_482' title='bbox 1531 358 1569 385; x_wconf 93' lang='lat' dir='ltr'><strong>illi</strong></span> <span class='ocrx_word' id='word_1_483' title='bbox 1595 357 1701 392; x_wconf 88' lang='lat' dir='ltr'><strong>antiqui</strong></span> 
     </span>
    </p>
   </div>
   <div class='ocr_carea' id='block_1_66' title="bbox 903 402 1699 439">
    <p class='ocr_par' dir='ltr' id='par_1_66' title="bbox 903 402 1699 439">
     <span class='ocr_line' id='line_1_66' title="bbox 903 402 1699 439; baseline 0 -10"><span class='ocrx_word' id='word_1_484' title='bbox 903 402 1041 432; x_wconf 85' lang='lat' dir='ltr'><strong>doctores.</strong></span> <span class='ocrx_word' id='word_1_485' title='bbox 1058 403 1103 429; x_wconf 90' lang='lat' dir='ltr'><strong>illa</strong></span> <span class='ocrx_word' id='word_1_486' title='bbox 1126 403 1274 431; x_wconf 84' lang='lat' dir='ltr'><strong>luminaria</strong></span> <span class='ocrx_word' id='word_1_487' title='bbox 1297 412 1404 438; x_wconf 78' lang='lat' dir='ltr'><strong>magna,</strong></span> <span class='ocrx_word' id='word_1_488' title='bbox 1419 411 1538 439; x_wconf 90' lang='lat' dir='ltr'><strong>quorum</strong></span> <span class='ocrx_word' id='word_1_489' title='bbox 1564 411 1650 431; x_wconf 87' lang='lat' dir='ltr'><strong>sonus</strong></span> <span class='ocrx_word' id='word_1_490' title='bbox 1672 404 1699 430; x_wconf 92' lang='lat' dir='ltr'><strong>in</strong></span> 
     </span>
    </p>
   </div>
   <div class='ocr_carea' id='block_1_67' title="bbox 904 450 1699 489">
    <p class='ocr_par' dir='ltr' id='par_1_67' title="bbox 904 450 1699 489">
     <span class='ocr_line' id='line_1_67' title="bbox 904 450 1699 489; baseline 0.001 -14"><span class='ocrx_word' id='word_1_491' title='bbox 904 456 1012 476; x_wconf 89' lang='lat' dir='ltr'><strong>omnem</strong></span> <span class='ocrx_word' id='word_1_492' title='bbox 1030 454 1131 475; x_wconf 83' lang='lat' dir='ltr'><strong>terram</strong></span> <span class='ocrx_word' id='word_1_493' title='bbox 1149 450 1242 479; x_wconf 78' lang='lat' dir='ltr'><strong>exivit.</strong></span> <span class='ocrx_word' id='word_1_494' title='bbox 1254 455 1282 477; x_wconf 90' lang='lat' dir='ltr'><strong>et</strong></span> <span class='ocrx_word' id='word_1_495' title='bbox 1295 450 1378 477; x_wconf 82' lang='lat' dir='ltr'><strong>verba</strong></span> <span class='ocrx_word' id='word_1_496' title='bbox 1393 450 1419 476; x_wconf 88' lang='lat' dir='ltr'><strong>in</strong></span> <span class='ocrx_word' id='word_1_497' title='bbox 1434 450 1502 477; x_wconf 83' lang='lat' dir='ltr'><strong>fines</strong></span> <span class='ocrx_word' id='word_1_498' title='bbox 1515 450 1591 489; x_wconf 77' lang='lat' dir='ltr'><strong>prbis</strong></span> <span class='ocrx_word' id='word_1_499' title='bbox 1608 454 1699 481; x_wconf 75' lang='lat' dir='ltr'><strong>teme,</strong></span> 
     </span>
    </p>
   </div>
   <div class='ocr_carea' id='block_1_68' title="bbox 903 496 1702 531">
    <p class='ocr_par' dir='ltr' id='par_1_68' title="bbox 903 496 1702 531">
     <span class='ocr_line' id='line_1_68' title="bbox 903 496 1702 531; baseline 0.003 -11"><span class='ocrx_word' id='word_1_500' title='bbox 903 497 1006 530; x_wconf 86' lang='lat' dir='ltr'><strong>quique</strong></span> <span class='ocrx_word' id='word_1_501' title='bbox 1023 503 1036 522; x_wconf 85' lang='lat' dir='ltr'><strong>a</strong></span> <span class='ocrx_word' id='word_1_502' title='bbox 1057 496 1138 522; x_wconf 85' lang='lat' dir='ltr'><strong>nobis</strong></span> <span class='ocrx_word' id='word_1_503' title='bbox 1151 501 1177 523; x_wconf 91' lang='lat' dir='ltr'><strong>et</strong></span> <span class='ocrx_word' id='word_1_504' title='bbox 1197 497 1300 523; x_wconf 88' lang='lat' dir='ltr'><strong>nostris</strong></span> <span class='ocrx_word' id='word_1_505' title='bbox 1324 500 1353 523; x_wconf 87' lang='grc' dir='ltr'><strong>ιιι</strong></span> <span class='ocrx_word' id='word_1_506' title='bbox 1372 496 1502 531; x_wconf 61' lang='lat' dir='ltr'><strong>praecipui</strong></span> <span class='ocrx_word' id='word_1_507' title='bbox 1530 496 1659 523; x_wconf 81' lang='lat' dir='ltr'><strong>doctores</strong></span> <span class='ocrx_word' id='word_1_508' title='bbox 1673 500 1702 522; x_wconf 86' lang='lat' dir='ltr'><strong>ct</strong></span> 
     </span>
    </p>
   </div>
   <div class='ocr_carea' id='block_1_69' title="bbox 903 541 1702 576">
    <p class='ocr_par' dir='ltr' id='par_1_69' title="bbox 903 541 1702 576">
     <span class='ocr_line' id='line_1_69' title="bbox 903 541 1702 576; baseline 0.001 -9"><span class='ocrx_word' id='word_1_509' title='bbox 903 541 990 568; x_wconf 78' lang='lat' dir='ltr'><strong>sant-ti</strong></span> <span class='ocrx_word' id='word_1_510' title='bbox 1007 542 1104 568; x_wconf 83' lang='lat' dir='ltr'><strong>merito</strong></span> <span class='ocrx_word' id='word_1_511' title='bbox 1119 542 1302 575; x_wconf 73' lang='lat' dir='ltr'><strong>celebrantur,</strong></span> <span class='ocrx_word' id='word_1_512' title='bbox 1322 542 1381 569; x_wconf 69' lang='lat' dir='ltr'><strong>haec</strong></span> <span class='ocrx_word' id='word_1_513' title='bbox 1403 542 1526 576; x_wconf 82' lang='lat' dir='ltr'><strong>exempla</strong></span> <span class='ocrx_word' id='word_1_514' title='bbox 1543 546 1571 569; x_wconf 88' lang='lat' dir='ltr'><strong>et</strong></span> <span class='ocrx_word' id='word_1_515' title='bbox 1588 542 1702 568; x_wconf 90' lang='lat' dir='ltr'><strong>invene-</strong></span> 
     </span>
    </p>
   </div>
   <div class='ocr_carea' id='block_1_70' title="bbox 904 586 1700 622">
    <p class='ocr_par' dir='ltr' id='par_1_70' title="bbox 904 586 1700 622">
     <span class='ocr_line' id='line_1_70' title="bbox 904 586 1700 622; baseline 0.001 -10"><span class='ocrx_word' id='word_1_516' title='bbox 904 586 968 617; x_wconf 83' lang='lat' dir='ltr'><strong>rint,</strong></span> <span class='ocrx_word' id='word_1_517' title='bbox 986 591 1012 613; x_wconf 91' lang='lat' dir='ltr'><strong>et</strong></span> <span class='ocrx_word' id='word_1_518' title='bbox 1027 587 1158 614; x_wconf 78' lang='lat' dir='ltr'><strong>dixerint.</strong></span> <span class='ocrx_word' id='word_1_519' title='bbox 1177 587 1346 621; x_wconf 76' lang='lat' dir='ltr'><strong>Augustinus</strong></span> <span class='ocrx_word' id='word_1_520' title='bbox 1360 587 1474 619; x_wconf 84' lang='lat' dir='ltr'><strong>etenim,</strong></span> <span class='ocrx_word' id='word_1_521' title='bbox 1491 587 1538 622; x_wconf 92' lang='lat' dir='ltr'><strong>qui</strong></span> <span class='ocrx_word' id='word_1_522' title='bbox 1556 587 1700 620; x_wconf 76' lang='lat' dir='ltr'><strong>profundi-</strong></span> 
     </span>
    </p>
   </div>
   <div class='ocr_carea' id='block_1_71' title="bbox 905 633 1701 665">
    <p class='ocr_par' dir='ltr' id='par_1_71' title="bbox 905 633 1701 665">
     <span class='ocr_line' id='line_1_71' title="bbox 905 633 1701 665; baseline 0.003 -8"><span class='ocrx_word' id='word_1_523' title='bbox 905 636 958 658; x_wconf 83' lang='lat' dir='ltr'><strong>tate</strong></span> <span class='ocrx_word' id='word_1_524' title='bbox 971 633 1094 660; x_wconf 75' lang='lat' dir='ltr'><strong>scicntia:</strong></span> <span class='ocrx_word' id='word_1_525' title='bbox 1110 640 1208 660; x_wconf 76' lang='lat' dir='ltr'><strong>omnes</strong></span> <span class='ocrx_word' id='word_1_526' title='bbox 1221 633 1372 665; x_wconf 83' lang='lat' dir='ltr'><strong>antecellit,</strong></span> <span class='ocrx_word' id='word_1_527' title='bbox 1391 635 1535 661; x_wconf 84' lang='lat' dir='ltr'><strong>sanctitate</strong></span> <span class='ocrx_word' id='word_1_528' title='bbox 1549 639 1579 660; x_wconf 86' lang='lat' dir='ltr'><strong>et</strong></span> <span class='ocrx_word' id='word_1_529' title='bbox 1592 633 1701 660; x_wconf 82' lang='lat' dir='ltr'><strong>fervore</strong></span> 
     </span>
    </p>
   </div>
   <div class='ocr_carea' id='block_1_72' title="bbox 903 677 1701 713">
    <p class='ocr_par' dir='ltr' id='par_1_72' title="bbox 903 677 1701 713">
     <span class='ocr_line' id='line_1_72' title="bbox 903 677 1701 713; baseline 0.001 -10"><span class='ocrx_word' id='word_1_530' title='bbox 903 677 1046 704; x_wconf 87' lang='lat' dir='ltr'><strong>cliaritatis</strong></span> <span class='ocrx_word' id='word_1_531' title='bbox 1063 678 1089 704; x_wconf 92' lang='lat' dir='ltr'><strong>in</strong></span> <span class='ocrx_word' id='word_1_532' title='bbox 1106 677 1191 704; x_wconf 89' lang='lat' dir='ltr'><strong>Deum</strong></span> <span class='ocrx_word' id='word_1_533' title='bbox 1205 678 1270 704; x_wconf 90' lang='lat' dir='ltr'><strong>nulli</strong></span> <span class='ocrx_word' id='word_1_534' title='bbox 1285 679 1356 706; x_wconf 83' lang='lat' dir='ltr'><strong>cedit</strong></span> <span class='ocrx_word' id='word_1_535' title='bbox 1377 687 1384 705; x_wconf 90' lang='lat'>:</span> <span class='ocrx_word' id='word_1_536' title='bbox 1402 679 1572 713; x_wconf 72' lang='lat' dir='ltr'><strong>Augustinus</strong></span> <span class='ocrx_word' id='word_1_537' title='bbox 1588 682 1640 708; x_wconf 82' lang='lat' dir='ltr'><strong>est,</strong></span> <span class='ocrx_word' id='word_1_538' title='bbox 1660 678 1701 704; x_wconf 88' lang='lat' dir='ltr'><strong>in-</strong></span> 
     </span>
    </p>
   </div>
   <div class='ocr_carea' id='block_1_73' title="bbox 904 723 1701 758">
    <p class='ocr_par' dir='ltr' id='par_1_73' title="bbox 904 723 1701 758">
     <span class='ocr_line' id='line_1_73' title="bbox 904 723 1701 758; baseline 0.001 -9"><span class='ocrx_word' id='word_1_539' title='bbox 904 730 997 758; x_wconf 77' lang='lat' dir='ltr'><strong>quam,</strong></span> <span class='ocrx_word' id='word_1_540' title='bbox 1014 724 1059 757; x_wconf 88' lang='lat' dir='ltr'><strong>qtti</strong></span> <span class='ocrx_word' id='word_1_541' title='bbox 1079 723 1136 751; x_wconf 73' lang='lat' dir='ltr'><strong>haec</strong></span> <span class='ocrx_word' id='word_1_542' title='bbox 1153 724 1257 751; x_wconf 85' lang='lat' dir='ltr'><strong>eisdem</strong></span> <span class='ocrx_word' id='word_1_543' title='bbox 1279 724 1373 751; x_wconf 88' lang='lat' dir='ltr'><strong>verbis</strong></span> <span class='ocrx_word' id='word_1_544' title='bbox 1390 725 1458 752; x_wconf 75' lang='lat' dir='ltr'><strong>dicit</strong></span> <span class='ocrx_word' id='word_1_545' title='bbox 1479 725 1585 752; x_wconf 83' lang='lat' dir='ltr'><strong>Patrem</strong></span> <span class='ocrx_word' id='word_1_546' title='bbox 1601 729 1630 752; x_wconf 87' lang='lat' dir='ltr'><strong>et</strong></span> <span class='ocrx_word' id='word_1_547' title='bbox 1657 724 1701 750; x_wconf 87' lang='lat' dir='ltr'><strong>Fi-</strong></span> 
     </span>
    </p>
   </div>
   <div class='ocr_carea' id='block_1_74' title="bbox 906 770 1700 806">
    <p class='ocr_par' dir='ltr' id='par_1_74' title="bbox 906 770 1700 806">
     <span class='ocr_line' id='line_1_74' title="bbox 906 770 1700 806; baseline 0.003 -10"><span class='ocrx_word' id='word_1_548' title='bbox 906 770 977 796; x_wconf 89' lang='lat' dir='ltr'><strong>littm</strong></span> <span class='ocrx_word' id='word_1_549' title='bbox 1018 771 1122 798; x_wconf 80' lang='lat' dir='ltr'><strong>scilicet</strong></span> <span class='ocrx_word' id='word_1_550' title='bbox 1150 771 1317 806; x_wconf 82' lang='lat' dir='ltr'><strong>principium</strong></span> <span class='ocrx_word' id='word_1_551' title='bbox 1347 780 1406 799; x_wconf 86' lang='lat' dir='ltr'><strong>esse</strong></span> <span class='ocrx_word' id='word_1_552' title='bbox 1451 771 1570 806; x_wconf 83' lang='lat' dir='ltr'><strong>Spiritus</strong></span> <span class='ocrx_word' id='word_1_553' title='bbox 1602 771 1700 798; x_wconf 66' lang='lat' dir='ltr'><strong>sancti.</strong></span> 
     </span>
    </p>
   </div>
   <div class='ocr_carea' id='block_1_75' title="bbox 904 817 1700 853">
    <p class='ocr_par' dir='ltr' id='par_1_75' title="bbox 904 817 1700 853">
     <span class='ocr_line' id='line_1_75' title="bbox 904 817 1700 853; baseline 0 -9"><span class='ocrx_word' id='word_1_554' title='bbox 904 817 1141 849; x_wconf 77' lang='lat' dir='ltr'><strong>Quemadmodum</strong></span> <span class='ocrx_word' id='word_1_555' title='bbox 1170 817 1290 850; x_wconf 84' lang='lat' dir='ltr'><strong>Patrem,</strong></span> <span class='ocrx_word' id='word_1_556' title='bbox 1316 823 1344 845; x_wconf 90' lang='lat' dir='ltr'><strong>et</strong></span> <span class='ocrx_word' id='word_1_557' title='bbox 1369 819 1486 850; x_wconf 86' lang='lat' dir='ltr'><strong>Filium,</strong></span> <span class='ocrx_word' id='word_1_558' title='bbox 1511 823 1538 845; x_wconf 88' lang='lat' dir='ltr'><strong>et</strong></span> <span class='ocrx_word' id='word_1_559' title='bbox 1566 817 1700 853; x_wconf 88' lang='lat' dir='ltr'><strong>Spiritum</strong></span> 
     </span>
    </p>
   </div>
   <div class='ocr_carea' id='block_1_76' title="bbox 904 861 1699 898">
    <p class='ocr_par' dir='ltr' id='par_1_76' title="bbox 904 861 1699 898">
     <span class='ocr_line' id='line_1_76' title="bbox 904 861 1699 898; baseline -0.003 -7"><span class='ocrx_word' id='word_1_560' title='bbox 904 868 1028 891; x_wconf 91' lang='lat' dir='ltr'><strong>sanctum</strong></span> <span class='ocrx_word' id='word_1_561' title='bbox 1062 871 1146 890; x_wconf 92' lang='lat' dir='ltr'><strong>unum</strong></span> <span class='ocrx_word' id='word_1_562' title='bbox 1177 861 1341 898; x_wconf 66' lang='lat' dir='ltr'><strong>principium</strong></span> <span class='ocrx_word' id='word_1_563' title='bbox 1367 868 1500 891; x_wconf 72' lang='lat' dir='ltr'><strong>creatura:</strong></span> <span class='ocrx_word' id='word_1_564' title='bbox 1530 863 1699 891; x_wconf 83' lang='lat' dir='ltr'><strong>credendum</strong></span> 
     </span>
    </p>
   </div>
   <div class='ocr_carea' id='block_1_77' title="bbox 905 910 1700 945">
    <p class='ocr_par' dir='ltr' id='par_1_77' title="bbox 905 910 1700 945">
     <span class='ocr_line' id='line_1_77' title="bbox 905 910 1700 945; baseline -0.001 -8"><span class='ocrx_word' id='word_1_565' title='bbox 905 915 957 938; x_wconf 85' lang='lat' dir='ltr'><strong>est.</strong></span> <span class='ocrx_word' id='word_1_566' title='bbox 977 912 1115 938; x_wconf 76' lang='lat' dir='ltr'><strong>Accusent</strong></span> <span class='ocrx_word' id='word_1_567' title='bbox 1135 911 1152 938; x_wconf 91' lang='lat' dir='ltr'><strong>ii</strong></span> <span class='ocrx_word' id='word_1_568' title='bbox 1180 911 1227 945; x_wconf 93' lang='lat' dir='ltr'><strong>qui</strong></span> <span class='ocrx_word' id='word_1_569' title='bbox 1245 911 1323 938; x_wconf 76' lang='lat' dir='ltr'><strong>facile</strong></span> <span class='ocrx_word' id='word_1_570' title='bbox 1340 915 1438 938; x_wconf 90' lang='lat' dir='ltr'><strong>cuncta</strong></span> <span class='ocrx_word' id='word_1_571' title='bbox 1455 910 1577 943; x_wconf 88' lang='lat' dir='ltr'><strong>audent,</strong></span> <span class='ocrx_word' id='word_1_572' title='bbox 1593 914 1620 937; x_wconf 90' lang='lat' dir='ltr'><strong>et</strong></span> <span class='ocrx_word' id='word_1_573' title='bbox 1635 910 1700 937; x_wconf 76' lang='lat' dir='ltr'><strong>bea-</strong></span> 
     </span>
    </p>
   </div>
   <div class='ocr_carea' id='block_1_78' title="bbox 907 955 1700 991">
    <p class='ocr_par' dir='ltr' id='par_1_78' title="bbox 907 955 1700 991">
     <span class='ocr_line' id='line_1_78' title="bbox 907 955 1700 991; baseline 0 -9"><span class='ocrx_word' id='word_1_574' title='bbox 907 959 963 982; x_wconf 84' lang='lat' dir='ltr'><strong>tum</strong></span> <span class='ocrx_word' id='word_1_575' title='bbox 991 956 1182 987; x_wconf 85' lang='lat' dir='ltr'><strong>Athanasium,</strong></span> <span class='ocrx_word' id='word_1_576' title='bbox 1201 957 1248 990; x_wconf 83' lang='lat' dir='ltr'><strong>qui</strong></span> <span class='ocrx_word' id='word_1_577' title='bbox 1277 956 1303 983; x_wconf 92' lang='lat' dir='ltr'><strong>in</strong></span> <span class='ocrx_word' id='word_1_578' title='bbox 1331 957 1444 991; x_wconf 77' lang='lat' dir='ltr'><strong>Dialogo</strong></span> <span class='ocrx_word' id='word_1_579' title='bbox 1467 955 1620 984; x_wconf 81' lang='lat' dir='ltr'><strong>Ortltodoxi</strong></span> <span class='ocrx_word' id='word_1_580' title='bbox 1637 963 1700 983; x_wconf 89' lang='lat' dir='ltr'><strong>cttnt</strong></span> 
     </span>
    </p>
   </div>
   <div class='ocr_carea' id='block_1_79' title="bbox 906 1001 1702 1037">
    <p class='ocr_par' dir='ltr' id='par_1_79' title="bbox 906 1001 1702 1037">
     <span class='ocr_line' id='line_1_79' title="bbox 906 1001 1702 1037; baseline 0.001 -10"><span class='ocrx_word' id='word_1_581' title='bbox 906 1001 1011 1028; x_wconf 80' lang='lat' dir='ltr'><strong>Ariano</strong></span> <span class='ocrx_word' id='word_1_582' title='bbox 1043 1001 1205 1029; x_wconf 73' lang='lat' dir='ltr'><strong>dissimilem</strong></span> <span class='ocrx_word' id='word_1_583' title='bbox 1222 1002 1323 1030; x_wconf 86' lang='lat' dir='ltr'><strong>Filium</strong></span> <span class='ocrx_word' id='word_1_584' title='bbox 1340 1003 1422 1035; x_wconf 76' lang='lat' dir='ltr'><strong>Patri,</strong></span> <span class='ocrx_word' id='word_1_585' title='bbox 1441 1007 1468 1029; x_wconf 88' lang='lat' dir='ltr'><strong>et</strong></span> <span class='ocrx_word' id='word_1_586' title='bbox 1483 1002 1614 1037; x_wconf 89' lang='lat' dir='ltr'><strong>Spiritttm</strong></span> <span class='ocrx_word' id='word_1_587' title='bbox 1632 1002 1702 1029; x_wconf 79' lang='lat' dir='ltr'><strong>Filio</strong></span> 
     </span>
    </p>
   </div>
   <div class='ocr_carea' id='block_1_80' title="bbox 906 1047 1701 1082">
    <p class='ocr_par' dir='ltr' id='par_1_80' title="bbox 906 1047 1701 1082">
     <span class='ocr_line' id='line_1_80' title="bbox 906 1047 1701 1082; baseline 0 -8"><span class='ocrx_word' id='word_1_588' title='bbox 906 1053 934 1075; x_wconf 71' lang='lat' dir='ltr'><strong>et</strong></span> <span class='ocrx_word' id='word_1_589' title='bbox 947 1047 1020 1075; x_wconf 75' lang='lat' dir='ltr'><strong>Patri</strong></span> <span class='ocrx_word' id='word_1_590' title='bbox 1036 1053 1164 1082; x_wconf 86' lang='lat' dir='ltr'><strong>ponente,</strong></span> <span class='ocrx_word' id='word_1_591' title='bbox 1181 1048 1220 1075; x_wconf 88' lang='lat' dir='ltr'><strong>ita</strong></span> <span class='ocrx_word' id='word_1_592' title='bbox 1233 1048 1301 1075; x_wconf 87' lang='lat' dir='ltr'><strong>dicit</strong></span> <span class='ocrx_word' id='word_1_593' title='bbox 1319 1058 1324 1075; x_wconf 95' lang='lat'><strong>:</strong></span> <span class='ocrx_word' id='word_1_594' title='bbox 1341 1049 1387 1075; x_wconf 81' lang='lat' dir='ltr'><strong>Dei</strong></span> <span class='ocrx_word' id='word_1_595' title='bbox 1405 1053 1502 1076; x_wconf 87' lang='lat' dir='ltr'><strong>natura</strong></span> <span class='ocrx_word' id='word_1_596' title='bbox 1517 1056 1578 1077; x_wconf 86' lang='lat' dir='ltr'><strong>cum</strong></span> <span class='ocrx_word' id='word_1_597' title='bbox 1597 1048 1658 1075; x_wconf 83' lang='lat' dir='ltr'><strong>Filii</strong></span> <span class='ocrx_word' id='word_1_598' title='bbox 1673 1054 1701 1075; x_wconf 89' lang='lat' dir='ltr'><strong>et</strong></span> 
     </span>
    </p>
   </div>
   <div class='ocr_carea' id='block_1_81' title="bbox 908 1093 1701 1129">
    <p class='ocr_par' dir='ltr' id='par_1_81' title="bbox 908 1093 1701 1129">
     <span class='ocr_line' id='line_1_81' title="bbox 908 1093 1701 1129; baseline 0 -9"><span class='ocrx_word' id='word_1_599' title='bbox 908 1093 1027 1129; x_wconf 83' lang='lat' dir='ltr'><strong>Spiritus</strong></span> <span class='ocrx_word' id='word_1_600' title='bbox 1043 1095 1129 1122; x_wconf 88' lang='lat' dir='ltr'><strong>sancti</strong></span> <span class='ocrx_word' id='word_1_601' title='bbox 1152 1102 1234 1121; x_wconf 79' lang='lat' dir='ltr'><strong>causa</strong></span> <span class='ocrx_word' id='word_1_602' title='bbox 1250 1099 1302 1126; x_wconf 84' lang='lat' dir='ltr'><strong>est,</strong></span> <span class='ocrx_word' id='word_1_603' title='bbox 1320 1099 1378 1122; x_wconf 91' lang='lat' dir='ltr'><strong>tum</strong></span> <span class='ocrx_word' id='word_1_604' title='bbox 1393 1095 1482 1122; x_wconf 90' lang='lat' dir='ltr'><strong>omnis</strong></span> <span class='ocrx_word' id='word_1_605' title='bbox 1501 1099 1652 1126; x_wconf 64' lang='lat' dir='ltr'><strong>creaturae;</strong></span> <span class='ocrx_word' id='word_1_606' title='bbox 1673 1098 1701 1121; x_wconf 88' lang='lat' dir='ltr'><strong>et</strong></span> 
     </span>
    </p>
   </div>
   <div class='ocr_carea' id='block_1_82' title="bbox 907 1140 1700 1175">
    <p class='ocr_par' dir='ltr' id='par_1_82' title="bbox 907 1140 1700 1175">
     <span class='ocr_line' id='line_1_82' title="bbox 907 1140 1700 1175; baseline -0.001 -7"><span class='ocrx_word' id='word_1_607' title='bbox 907 1141 987 1168; x_wconf 89' lang='lat' dir='ltr'><strong>simili</strong></span> <span class='ocrx_word' id='word_1_608' title='bbox 1002 1140 1116 1168; x_wconf 86' lang='lat' dir='ltr'><strong>audacia</strong></span> <span class='ocrx_word' id='word_1_609' title='bbox 1131 1145 1178 1167; x_wconf 85' lang='lat' dir='ltr'><strong>aut</strong></span> <span class='ocrx_word' id='word_1_610' title='bbox 1194 1141 1293 1168; x_wconf 83' lang='lat' dir='ltr'><strong>Filium</strong></span> <span class='ocrx_word' id='word_1_611' title='bbox 1308 1147 1334 1168; x_wconf 92' lang='lat' dir='ltr'><strong>et</strong></span> <span class='ocrx_word' id='word_1_612' title='bbox 1349 1141 1481 1175; x_wconf 85' lang='lat' dir='ltr'><strong>Spiritum</strong></span> <span class='ocrx_word' id='word_1_613' title='bbox 1496 1148 1558 1168; x_wconf 91' lang='lat' dir='ltr'><strong>cum</strong></span> <span class='ocrx_word' id='word_1_614' title='bbox 1573 1146 1700 1168; x_wconf 77' lang='lat' dir='ltr'><strong>creatura</strong></span> 
     </span>
    </p>
   </div>
   <div class='ocr_carea' id='block_1_83' title="bbox 907 1186 1700 1222">
    <p class='ocr_par' dir='ltr' id='par_1_83' title="bbox 907 1186 1700 1222">
     <span class='ocr_line' id='line_1_83' title="bbox 907 1186 1700 1222; baseline 0 -9"><span class='ocrx_word' id='word_1_615' title='bbox 907 1191 1020 1222; x_wconf 87' lang='lat' dir='ltr'><strong>ponant,</strong></span> <span class='ocrx_word' id='word_1_616' title='bbox 1036 1191 1082 1213; x_wconf 88' lang='lat' dir='ltr'><strong>aut</strong></span> <span class='ocrx_word' id='word_1_617' title='bbox 1098 1191 1253 1213; x_wconf 78' lang='lat' dir='ltr'><strong>creaturam</strong></span> <span class='ocrx_word' id='word_1_618' title='bbox 1281 1195 1344 1213; x_wconf 90' lang='lat' dir='ltr'><strong>cum</strong></span> <span class='ocrx_word' id='word_1_619' title='bbox 1360 1186 1429 1214; x_wconf 84' lang='lat' dir='ltr'><strong>Filio</strong></span> <span class='ocrx_word' id='word_1_620' title='bbox 1444 1192 1471 1213; x_wconf 86' lang='lat' dir='ltr'><strong>ct</strong></span> <span class='ocrx_word' id='word_1_621' title='bbox 1487 1187 1589 1221; x_wconf 81' lang='lat' dir='ltr'><strong>Spiritu</strong></span> <span class='ocrx_word' id='word_1_622' title='bbox 1605 1192 1700 1215; x_wconf 83' lang='lat' dir='ltr'><strong>sancto</strong></span> 
     </span>
    </p>
   </div>
   <div class='ocr_carea' id='block_1_84' title="bbox 908 1232 1700 1265">
    <p class='ocr_par' dir='ltr' id='par_1_84' title="bbox 908 1232 1700 1265">
     <span class='ocr_line' id='line_1_84' title="bbox 908 1232 1700 1265; baseline 0 -5"><span class='ocrx_word' id='word_1_623' title='bbox 908 1238 937 1260; x_wconf 85' lang='grc' dir='ltr'><strong>ιιι</strong></span> <span class='ocrx_word' id='word_1_624' title='bbox 953 1233 1038 1260; x_wconf 75' lang='lat' dir='ltr'><strong>Deum</strong></span> <span class='ocrx_word' id='word_1_625' title='bbox 1060 1232 1161 1265; x_wconf 85' lang='lat' dir='ltr'><strong>colant,</strong></span> <span class='ocrx_word' id='word_1_626' title='bbox 1184 1239 1214 1261; x_wconf 80' lang='lat' dir='ltr'><strong>ut</strong></span> <span class='ocrx_word' id='word_1_627' title='bbox 1234 1232 1357 1259; x_wconf 84' lang='lat' dir='ltr'><strong>eamdem</strong></span> <span class='ocrx_word' id='word_1_628' title='bbox 1378 1240 1494 1260; x_wconf 88' lang='lat' dir='ltr'><strong>numero</strong></span> <span class='ocrx_word' id='word_1_629' title='bbox 1513 1240 1623 1259; x_wconf 85' lang='lat' dir='ltr'><strong>causam</strong></span> <span class='ocrx_word' id='word_1_630' title='bbox 1639 1241 1700 1260; x_wconf 79' lang='lat' dir='ltr'><strong>esse</strong></span> 
     </span>
    </p>
   </div>
   <div class='ocr_carea' id='block_1_85' title="bbox 907 1279 1696 1311">
    <p class='ocr_par' dir='ltr' id='par_1_85' title="bbox 907 1279 1696 1311">
     <span class='ocr_line' id='line_1_85' title="bbox 907 1279 1696 1311; baseline 0 -5"><span class='ocrx_word' id='word_1_631' title='bbox 907 1279 954 1307; x_wconf 84' lang='lat' dir='ltr'><strong>Dei</strong></span> <span class='ocrx_word' id='word_1_632' title='bbox 974 1279 1103 1306; x_wconf 76' lang='lat' dir='ltr'><strong>videlicet</strong></span> <span class='ocrx_word' id='word_1_633' title='bbox 1115 1284 1142 1306; x_wconf 91' lang='lat' dir='ltr'><strong>et</strong></span> <span class='ocrx_word' id='word_1_634' title='bbox 1155 1284 1299 1311; x_wconf 72' lang='lat' dir='ltr'><strong>creatum,</strong></span> <span class='ocrx_word' id='word_1_635' title='bbox 1319 1284 1430 1306; x_wconf 85' lang='lat' dir='ltr'><strong>sanctus</strong></span> <span class='ocrx_word' id='word_1_636' title='bbox 1445 1279 1542 1306; x_wconf 92' lang='lat' dir='ltr'><strong>doctor</strong></span> <span class='ocrx_word' id='word_1_637' title='bbox 1557 1279 1696 1306; x_wconf 85' lang='lat' dir='ltr'><strong>docuerit.</strong></span> 
     </span>
    </p>
   </div>
   <div class='ocr_carea' id='block_1_86' title="bbox 909 1324 1699 1360">
    <p class='ocr_par' dir='ltr' id='par_1_86' title="bbox 909 1324 1699 1360">
     <span class='ocr_line' id='line_1_86' title="bbox 909 1324 1699 1360; baseline -0.003 -8"><span class='ocrx_word' id='word_1_638' title='bbox 909 1325 962 1353; x_wconf 88' lang='lat' dir='ltr'><strong>Sed</strong></span> <span class='ocrx_word' id='word_1_639' title='bbox 986 1325 1042 1352; x_wconf 78' lang='lat' dir='ltr'><strong>hch</strong></span> <span class='ocrx_word' id='word_1_640' title='bbox 1067 1326 1267 1360; x_wconf 68' lang='lat' dir='ltr'><strong>itnpuitentium</strong></span> <span class='ocrx_word' id='word_1_641' title='bbox 1292 1330 1319 1353; x_wconf 90' lang='lat' dir='ltr'><strong>et</strong></span> <span class='ocrx_word' id='word_1_642' title='bbox 1352 1325 1536 1360; x_wconf 79' lang='lat' dir='ltr'><strong>ignorantium</strong></span> <span class='ocrx_word' id='word_1_643' title='bbox 1556 1324 1699 1351; x_wconf 88' lang='lat' dir='ltr'><strong>hominum</strong></span> 
     </span>
    </p>
   </div>
   <div class='ocr_carea' id='block_1_87' title="bbox 908 1370 1699 1406">
    <p class='ocr_par' dir='ltr' id='par_1_87' title="bbox 908 1370 1699 1406">
     <span class='ocr_line' id='line_1_87' title="bbox 908 1370 1699 1406; baseline -0.003 -9"><span class='ocrx_word' id='word_1_644' title='bbox 908 1376 983 1398; x_wconf 77' lang='lat' dir='ltr'><strong>sunt.</strong></span> <span class='ocrx_word' id='word_1_645' title='bbox 1009 1371 1115 1398; x_wconf 78' lang='lat' dir='ltr'><strong>Etenim</strong></span> <span class='ocrx_word' id='word_1_646' title='bbox 1146 1379 1207 1398; x_wconf 86' lang='lat' dir='ltr'><strong>cunt</strong></span> <span class='ocrx_word' id='word_1_647' title='bbox 1237 1371 1476 1405; x_wconf 51' lang='lat' dir='ltr'><strong>inconvenientia;</strong></span> <span class='ocrx_word' id='word_1_648' title='bbox 1501 1379 1562 1406; x_wconf 74' lang='lat' dir='ltr'><strong>qua:</strong></span> <span class='ocrx_word' id='word_1_649' title='bbox 1586 1370 1699 1404; x_wconf 89' lang='lat' dir='ltr'><strong>quidatn</strong></span> 
     </span>
    </p>
   </div>
   <div class='ocr_carea' id='block_1_88' title="bbox 909 1417 1700 1446">
    <p class='ocr_par' dir='ltr' id='par_1_88' title="bbox 909 1417 1700 1446">
     <span class='ocr_line' id='line_1_88' title="bbox 909 1417 1700 1446; baseline -0.001 -2"><span class='ocrx_word' id='word_1_650' title='bbox 909 1421 1003 1444; x_wconf 87' lang='lat' dir='ltr'><strong>contra</strong></span> <span class='ocrx_word' id='word_1_651' title='bbox 1016 1426 1107 1445; x_wconf 83' lang='lat' dir='ltr'><strong>veram</strong></span> <span class='ocrx_word' id='word_1_652' title='bbox 1123 1424 1243 1446; x_wconf 89' lang='lat' dir='ltr'><strong>nostram</strong></span> <span class='ocrx_word' id='word_1_653' title='bbox 1259 1418 1462 1445; x_wconf 73' lang='lat' dir='ltr'><strong>conclusionem</strong></span> <span class='ocrx_word' id='word_1_654' title='bbox 1475 1418 1532 1444; x_wconf 86' lang='lat' dir='ltr'><strong>suis</strong></span> <span class='ocrx_word' id='word_1_655' title='bbox 1547 1417 1700 1444; x_wconf 82' lang='lat' dir='ltr'><strong>rationibus</strong></span> 
     </span>
    </p>
   </div>
   <div class='ocr_carea' id='block_1_89' title="bbox 910 1463 1699 1499">
    <p class='ocr_par' dir='ltr' id='par_1_89' title="bbox 910 1463 1699 1499">
     <span class='ocr_line' id='line_1_89' title="bbox 910 1463 1699 1499; baseline -0.001 -8"><span class='ocrx_word' id='word_1_656' title='bbox 910 1464 1012 1491; x_wconf 86' lang='lat' dir='ltr'><strong>inferre</strong></span> <span class='ocrx_word' id='word_1_657' title='bbox 1028 1464 1129 1497; x_wconf 87' lang='lat' dir='ltr'><strong>solent,</strong></span> <span class='ocrx_word' id='word_1_658' title='bbox 1146 1464 1203 1491; x_wconf 71' lang='lat' dir='ltr'><strong>hinc</strong></span> <span class='ocrx_word' id='word_1_659' title='bbox 1221 1465 1392 1499; x_wconf 84' lang='lat' dir='ltr'><strong>potissimum</strong></span> <span class='ocrx_word' id='word_1_660' title='bbox 1410 1464 1483 1496; x_wconf 89' lang='lat' dir='ltr'><strong>sint;</strong></span> <span class='ocrx_word' id='word_1_661' title='bbox 1503 1469 1529 1490; x_wconf 94' lang='lat' dir='ltr'><strong>et</strong></span> <span class='ocrx_word' id='word_1_662' title='bbox 1546 1464 1578 1490; x_wconf 91' lang='lat' dir='ltr'><strong>ad</strong></span> <span class='ocrx_word' id='word_1_663' title='bbox 1600 1463 1657 1490; x_wconf 67' lang='lat' dir='ltr'><strong>hinc</strong></span> <span class='ocrx_word' id='word_1_664' title='bbox 1676 1463 1699 1490; x_wconf 79' lang='lat' dir='ltr'><strong>si</strong></span> 
     </span>
    </p>
   </div>
   <div class='ocr_carea' id='block_1_90' title="bbox 910 1510 1699 1545">
    <p class='ocr_par' dir='ltr' id='par_1_90' title="bbox 910 1510 1699 1545">
     <span class='ocr_line' id='line_1_90' title="bbox 910 1510 1699 1545; baseline 0 -9"><span class='ocrx_word' id='word_1_665' title='bbox 910 1518 962 1545; x_wconf 87' lang='lat' dir='ltr'><strong>qua</strong></span> <span class='ocrx_word' id='word_1_666' title='bbox 979 1511 1032 1538; x_wconf 90' lang='lat' dir='ltr'><strong>alia</strong></span> <span class='ocrx_word' id='word_1_667' title='bbox 1060 1515 1134 1543; x_wconf 89' lang='lat' dir='ltr'><strong>sunt,</strong></span> <span class='ocrx_word' id='word_1_668' title='bbox 1160 1511 1338 1537; x_wconf 79' lang='lat' dir='ltr'><strong>referantur:</strong></span> <span class='ocrx_word' id='word_1_669' title='bbox 1361 1515 1444 1545; x_wconf 79' lang='lat' dir='ltr'><strong>patet,</strong></span> <span class='ocrx_word' id='word_1_670' title='bbox 1471 1510 1543 1544; x_wconf 86' lang='lat' dir='ltr'><strong>quod</strong></span> <span class='ocrx_word' id='word_1_671' title='bbox 1569 1510 1623 1537; x_wconf 89' lang='lat' dir='ltr'><strong>illis</strong></span> <span class='ocrx_word' id='word_1_672' title='bbox 1642 1510 1699 1536; x_wconf 83' lang='lat' dir='ltr'><strong>Deo</strong></span> 
     </span>
    </p>
   </div>
   <div class='ocr_carea' id='block_1_91' title="bbox 908 1556 1697 1589">
    <p class='ocr_par' dir='ltr' id='par_1_91' title="bbox 908 1556 1697 1589">
     <span class='ocr_line' id='line_1_91' title="bbox 908 1556 1697 1589; baseline -0.003 -5"><span class='ocrx_word' id='word_1_673' title='bbox 908 1557 1018 1584; x_wconf 83' lang='lat' dir='ltr'><strong>favente</strong></span> <span class='ocrx_word' id='word_1_674' title='bbox 1042 1557 1209 1584; x_wconf 85' lang='lat' dir='ltr'><strong>sullicieuter</strong></span> <span class='ocrx_word' id='word_1_675' title='bbox 1235 1557 1349 1589; x_wconf 82' lang='lat' dir='ltr'><strong>solutis,</strong></span> <span class='ocrx_word' id='word_1_676' title='bbox 1381 1562 1478 1584; x_wconf 64' lang='lat' dir='ltr'><strong>caetera</strong></span> <span class='ocrx_word' id='word_1_677' title='bbox 1504 1557 1587 1583; x_wconf 88' lang='lat' dir='ltr'><strong>ctiatn</strong></span> <span class='ocrx_word' id='word_1_678' title='bbox 1615 1556 1697 1583; x_wconf 92' lang='lat' dir='ltr'><strong>simul</strong></span> 
     </span>
    </p>
   </div>
   <div class='ocr_carea' id='block_1_92' title="bbox 907 1602 1698 1637">
    <p class='ocr_par' dir='ltr' id='par_1_92' title="bbox 907 1602 1698 1637">
     <span class='ocr_line' id='line_1_92' title="bbox 907 1602 1698 1637; baseline -0.001 -8"><span class='ocrx_word' id='word_1_679' title='bbox 907 1606 1050 1635; x_wconf 72' lang='lat' dir='ltr'><strong>corruunt,</strong></span> <span class='ocrx_word' id='word_1_680' title='bbox 1066 1608 1093 1630; x_wconf 93' lang='lat' dir='ltr'><strong>ct</strong></span> <span class='ocrx_word' id='word_1_681' title='bbox 1107 1611 1168 1637; x_wconf 76' lang='lat' dir='ltr'><strong>qua:</strong></span> <span class='ocrx_word' id='word_1_682' title='bbox 1187 1603 1220 1630; x_wconf 88' lang='lat' dir='ltr'><strong>ad</strong></span> <span class='ocrx_word' id='word_1_683' title='bbox 1242 1603 1299 1630; x_wconf 74' lang='lat' dir='ltr'><strong>lucc</strong></span> <span class='ocrx_word' id='word_1_684' title='bbox 1316 1603 1390 1630; x_wconf 83' lang='lat' dir='ltr'><strong>dicta</strong></span> <span class='ocrx_word' id='word_1_685' title='bbox 1412 1607 1487 1635; x_wconf 88' lang='lat' dir='ltr'><strong>sunt,</strong></span> <span class='ocrx_word' id='word_1_686' title='bbox 1511 1607 1538 1630; x_wconf 90' lang='lat' dir='ltr'><strong>et</strong></span> <span class='ocrx_word' id='word_1_687' title='bbox 1556 1603 1587 1629; x_wconf 90' lang='lat' dir='ltr'><strong>ad</strong></span> <span class='ocrx_word' id='word_1_688' title='bbox 1605 1602 1698 1629; x_wconf 85' lang='lat' dir='ltr'><strong>omnia</strong></span> 
     </span>
    </p>
   </div>
   <div class='ocr_carea' id='block_1_93' title="bbox 906 1648 1222 1676">
    <p class='ocr_par' dir='ltr' id='par_1_93' title="bbox 906 1648 1222 1676">
     <span class='ocr_line' id='line_1_93' title="bbox 906 1648 1222 1676; baseline 0.003 -1"><span class='ocrx_word' id='word_1_689' title='bbox 906 1649 991 1675; x_wconf 65' lang='lat' dir='ltr'><strong>etiam</strong></span> <span class='ocrx_word' id='word_1_690' title='bbox 1010 1648 1054 1675; x_wconf 86' lang='lat' dir='ltr'><strong>illa</strong></span> <span class='ocrx_word' id='word_1_691' title='bbox 1073 1649 1222 1676; x_wconf 79' lang='lat' dir='ltr'><strong>sutiiciunt.</strong></span> 
     </span>
    </p>
   </div>
   <div class='ocr_carea' id='block_1_94' title="bbox 907 1716 1696 1752">
    <p class='ocr_par' dir='ltr' id='par_1_94' title="bbox 907 1716 1696 1752">
     <span class='ocr_line' id='line_1_94' title="bbox 907 1716 1696 1752; baseline 0.004 -10"><span class='ocrx_word' id='word_1_692' title='bbox 907 1716 1042 1751; x_wconf 70' lang='lat' dir='ltr'><strong>Expositio</strong></span> <span class='ocrx_word' id='word_1_693' title='bbox 1060 1717 1248 1752; x_wconf 69' lang='lat' dir='ltr'><strong>quaeritatum</strong></span> <span class='ocrx_word' id='word_1_694' title='bbox 1270 1717 1407 1744; x_wconf 75' lang='lat' dir='ltr'><strong>doctorum</strong></span> <span class='ocrx_word' id='word_1_695' title='bbox 1428 1718 1616 1751; x_wconf 79' lang='lat' dir='ltr'><strong>quorumdam,</strong></span> <span class='ocrx_word' id='word_1_696' title='bbox 1637 1726 1696 1752; x_wconf 72' lang='lat' dir='ltr'><strong>qua!</strong></span> 
     </span>
    </p>
   </div>
   <div class='ocr_carea' id='block_1_95' title="bbox 1058 1750 1539 1779">
    <p class='ocr_par' dir='ltr' id='par_1_95' title="bbox 1058 1750 1539 1779">
     <span class='ocr_line' id='line_1_95' title="bbox 1058 1750 1539 1779; baseline 0.002 -2"><span class='ocrx_word' id='word_1_697' title='bbox 1058 1750 1161 1778; x_wconf 66' lang='lat' dir='ltr'><strong>Latinis</strong></span> <span class='ocrx_word' id='word_1_698' title='bbox 1178 1753 1320 1778; x_wconf 70' lang='lat' dir='ltr'><strong>contraria:</strong></span> <span class='ocrx_word' id='word_1_699' title='bbox 1335 1761 1389 1778; x_wconf 63' lang='lat' dir='ltr'><strong>esse</strong></span> <span class='ocrx_word' id='word_1_700' title='bbox 1407 1753 1539 1779; x_wconf 78' lang='lat' dir='ltr'><strong>ridentur.</strong></span> 
     </span>
    </p>
   </div>
   <div class='ocr_carea' id='block_1_96' title="bbox 938 1797 1696 1834">
    <p class='ocr_par' dir='ltr' id='par_1_96' title="bbox 938 1797 1696 1834">
     <span class='ocr_line' id='line_1_96' title="bbox 938 1797 1696 1834; baseline 0.003 -9"><span class='ocrx_word' id='word_1_701' title='bbox 938 1797 1074 1825; x_wconf 76' lang='lat' dir='ltr'><strong>C:cternzn</strong></span> <span class='ocrx_word' id='word_1_702' title='bbox 1100 1803 1184 1824; x_wconf 74' lang='lat' dir='ltr'><strong>restat</strong></span> <span class='ocrx_word' id='word_1_703' title='bbox 1208 1798 1383 1825; x_wconf 82' lang='lat' dir='ltr'><strong>considerare</strong></span> <span class='ocrx_word' id='word_1_704' title='bbox 1406 1807 1467 1834; x_wconf 69' lang='lat' dir='ltr'><strong>qua:</strong></span> <span class='ocrx_word' id='word_1_705' title='bbox 1492 1808 1506 1825; x_wconf 93' lang='lat' dir='ltr'><strong>a</strong></span> <span class='ocrx_word' id='word_1_706' title='bbox 1533 1800 1696 1833; x_wconf 80' lang='lat' dir='ltr'><strong>quibusdam</strong></span> 
     </span>
    </p>
   </div>
   <div class='ocr_carea' id='block_1_97' title="bbox 904 1844 1696 1878">
    <p class='ocr_par' dir='ltr' id='par_1_97' title="bbox 904 1844 1696 1878">
     <span class='ocr_line' id='line_1_97' title="bbox 904 1844 1696 1878; baseline 0.001 -9"><span class='ocrx_word' id='word_1_707' title='bbox 904 1844 1116 1871; x_wconf 74' lang='lat' dir='ltr'><strong>auctoritatibus</strong></span> <span class='ocrx_word' id='word_1_708' title='bbox 1132 1844 1276 1870; x_wconf 86' lang='lat' dir='ltr'><strong>doctorum</strong></span> <span class='ocrx_word' id='word_1_709' title='bbox 1293 1844 1438 1878; x_wconf 64' lang='lat' dir='ltr'><strong>oppositis,</strong></span> <span class='ocrx_word' id='word_1_710' title='bbox 1463 1849 1491 1870; x_wconf 89' lang='lat' dir='ltr'><strong>tit</strong></span> <span class='ocrx_word' id='word_1_711' title='bbox 1514 1845 1696 1878; x_wconf 75' lang='lat' dir='ltr'><strong>arbitrantur,</strong></span> 
     </span>
    </p>
   </div>
   <div class='ocr_carea' id='block_1_98' title="bbox 904 1889 1698 1924">
    <p class='ocr_par' dir='ltr' id='par_1_98' title="bbox 904 1889 1698 1924">
     <span class='ocr_line' id='line_1_98' title="bbox 904 1889 1698 1924; baseline 0.001 -8"><span class='ocrx_word' id='word_1_712' title='bbox 904 1889 1009 1916; x_wconf 85' lang='lat' dir='ltr'><strong>Latinis</strong></span> <span class='ocrx_word' id='word_1_713' title='bbox 1020 1894 1046 1916; x_wconf 88' lang='lat' dir='ltr'><strong>et</strong></span> <span class='ocrx_word' id='word_1_714' title='bbox 1060 1890 1142 1924; x_wconf 87' lang='lat' dir='ltr'><strong>hujus</strong></span> <span class='ocrx_word' id='word_1_715' title='bbox 1154 1890 1290 1924; x_wconf 78' lang='lat' dir='ltr'><strong>dogmatis</strong></span> <span class='ocrx_word' id='word_1_716' title='bbox 1303 1890 1411 1916; x_wconf 76' lang='lat' dir='ltr'><strong>veritati</strong></span> <span class='ocrx_word' id='word_1_717' title='bbox 1427 1895 1555 1924; x_wconf 77' lang='lat' dir='ltr'><strong>arguunt,</strong></span> <span class='ocrx_word' id='word_1_718' title='bbox 1571 1895 1698 1924; x_wconf 72' lang='lat' dir='ltr'><strong>putantes</strong></span> 
     </span>
    </p>
   </div>
   <div class='ocr_carea' id='block_1_99' title="bbox 903 1934 1696 1969">
    <p class='ocr_par' dir='ltr' id='par_1_99' title="bbox 903 1934 1696 1969">
     <span class='ocr_line' id='line_1_99' title="bbox 903 1934 1696 1969; baseline 0.004 -10"><span class='ocrx_word' id='word_1_719' title='bbox 903 1935 1150 1961; x_wconf 84' lang='lat' dir='ltr'><strong>contradictionem</strong></span> <span class='ocrx_word' id='word_1_720' title='bbox 1174 1943 1206 1961; x_wconf 81' lang='lat' dir='ltr'><strong>ex</strong></span> <span class='ocrx_word' id='word_1_721' title='bbox 1228 1935 1268 1961; x_wconf 83' lang='lat' dir='ltr'><strong>eis</strong></span> <span class='ocrx_word' id='word_1_722' title='bbox 1292 1934 1457 1961; x_wconf 69' lang='lat' dir='ltr'><strong>concludere</strong></span> <span class='ocrx_word' id='word_1_723' title='bbox 1475 1944 1480 1961; x_wconf 94' lang='lat'><strong>:</strong></span> <span class='ocrx_word' id='word_1_724' title='bbox 1497 1943 1614 1969; x_wconf 85' lang='lat' dir='ltr'><strong>quarunt</strong></span> <span class='ocrx_word' id='word_1_725' title='bbox 1642 1943 1696 1962; x_wconf 87' lang='lat' dir='ltr'><strong>una</strong></span> 
     </span>
    </p>
   </div>
   <div class='ocr_carea' id='block_1_100' title="bbox 902 1980 1696 2016">
    <p class='ocr_par' dir='ltr' id='par_1_100' title="bbox 902 1980 1696 2016">
     <span class='ocr_line' id='line_1_100' title="bbox 902 1980 1696 2016; baseline 0.003 -10"><span class='ocrx_word' id='word_1_726' title='bbox 902 1981 1013 2016; x_wconf 82' lang='lat' dir='ltr'><strong>quidem</strong></span> <span class='ocrx_word' id='word_1_727' title='bbox 1035 1985 1077 2007; x_wconf 85' lang='lat' dir='ltr'><strong>est</strong></span> <span class='ocrx_word' id='word_1_728' title='bbox 1100 1980 1156 2011; x_wconf 90' lang='lat' dir='ltr'><strong>illa,</strong></span> <span class='ocrx_word' id='word_1_729' title='bbox 1178 1988 1259 2014; x_wconf 89' lang='lat' dir='ltr'><strong>quant</strong></span> <span class='ocrx_word' id='word_1_730' title='bbox 1279 1980 1306 2007; x_wconf 85' lang='lat' dir='ltr'><strong>in</strong></span> <span class='ocrx_word' id='word_1_731' title='bbox 1331 1980 1508 2014; x_wconf 76' lang='lat' dir='ltr'><strong>&#39;l‘lteologicis</strong></span> <span class='ocrx_word' id='word_1_732' title='bbox 1527 1981 1584 2008; x_wconf 79' lang='lat' dir='ltr'><strong>suis</strong></span> <span class='ocrx_word' id='word_1_733' title='bbox 1600 1982 1696 2008; x_wconf 87' lang='lat' dir='ltr'><strong>beatus</strong></span> 
     </span>
    </p>
   </div>
   <div class='ocr_carea' id='block_1_101' title="bbox 901 2026 1695 2064">
    <p class='ocr_par' dir='ltr' id='par_1_101' title="bbox 901 2026 1695 2064">
     <span class='ocr_line' id='line_1_101' title="bbox 901 2026 1695 2064; baseline 0.001 -12"><span class='ocrx_word' id='word_1_734' title='bbox 901 2027 1021 2054; x_wconf 75' lang='lat' dir='ltr'><strong>Joannes</strong></span> <span class='ocrx_word' id='word_1_735' title='bbox 1043 2026 1228 2053; x_wconf 82' lang='lat' dir='ltr'><strong>Damasccntts</strong></span> <span class='ocrx_word' id='word_1_736' title='bbox 1251 2026 1288 2052; x_wconf 89' lang='lat' dir='ltr'><strong>ait</strong></span> <span class='ocrx_word' id='word_1_737' title='bbox 1304 2026 1467 2060; x_wconf 68' lang='lat' dir='ltr'><strong>:&#39;Spiritutn</strong></span> <span class='ocrx_word' id='word_1_738' title='bbox 1486 2027 1547 2053; x_wconf 77' lang='lat' dir='ltr'><strong>Filii</strong></span> <span class='ocrx_word' id='word_1_739' title='bbox 1565 2027 1695 2064; x_wconf 60' lang='lat' dir='ltr'><strong>dicimus,</strong></span> 
     </span>
    </p>
   </div>
   <div class='ocr_carea' id='block_1_102' title="bbox 901 2069 1695 2098">
    <p class='ocr_par' dir='ltr' id='par_1_102' title="bbox 901 2069 1695 2098">
     <span class='ocr_line' id='line_1_102' title="bbox 901 2069 1695 2098; baseline 0 0"><span class='ocrx_word' id='word_1_740' title='bbox 901 2078 933 2098; x_wconf 86' lang='lat' dir='ltr'><strong>ett</strong></span> <span class='ocrx_word' id='word_1_741' title='bbox 949 2071 1019 2098; x_wconf 87' lang='lat' dir='ltr'><strong>Filio</strong></span> <span class='ocrx_word' id='word_1_742' title='bbox 1033 2078 1098 2098; x_wconf 91' lang='lat' dir='ltr'><strong>vero</strong></span> <span class='ocrx_word' id='word_1_743' title='bbox 1117 2078 1171 2096; x_wconf 72' lang='lat' dir='ltr'><strong>non</strong></span> <span class='ocrx_word' id='word_1_744' title='bbox 1188 2070 1315 2097; x_wconf 89' lang='lat' dir='ltr'><strong>dicimus.</strong></span> <span class='ocrx_word' id='word_1_745' title='bbox 1335 2071 1427 2098; x_wconf 72' lang='lat' dir='ltr'><strong>Altera</strong></span> <span class='ocrx_word' id='word_1_746' title='bbox 1442 2078 1508 2097; x_wconf 76' lang='lat' dir='ltr'><strong>vero</strong></span> <span class='ocrx_word' id='word_1_747' title='bbox 1527 2069 1695 2098; x_wconf 80' lang='lat' dir='ltr'><strong>sanctissimi</strong></span> 
     </span>
    </p>
   </div>
   <div class='ocr_carea' id='block_1_103' title="bbox 902 2115 1693 2151">
    <p class='ocr_par' dir='ltr' id='par_1_103' title="bbox 902 2115 1693 2151">
     <span class='ocr_line' id='line_1_103' title="bbox 902 2115 1693 2151; baseline 0 -9"><span class='ocrx_word' id='word_1_748' title='bbox 902 2116 1024 2151; x_wconf 83' lang='lat' dir='ltr'><strong>Dionysii</strong></span> <span class='ocrx_word' id='word_1_749' title='bbox 1039 2116 1219 2151; x_wconf 68' lang='lat' dir='ltr'><strong>Areopagum,</strong></span> <span class='ocrx_word' id='word_1_750' title='bbox 1245 2117 1271 2142; x_wconf 87' lang='lat' dir='ltr'><strong>iit</strong></span> <span class='ocrx_word' id='word_1_751' title='bbox 1293 2115 1363 2142; x_wconf 88' lang='lat' dir='ltr'><strong>liltro</strong></span> <span class='ocrx_word' id='word_1_752' title='bbox 1382 2115 1418 2142; x_wconf 74' lang='lat' dir='ltr'><strong>De</strong></span> <span class='ocrx_word' id='word_1_753' title='bbox 1429 2116 1526 2142; x_wconf 78' lang='lat' dir='ltr'><strong>divinis</strong></span> <span class='ocrx_word' id='word_1_754' title='bbox 1544 2117 1693 2143; x_wconf 78' lang='lat' dir='ltr'><strong>nominibus</strong></span> 
     </span>
    </p>
   </div>
   <div class='ocr_carea' id='block_1_104' title="bbox 901 2161 1694 2196">
    <p class='ocr_par' dir='ltr' id='par_1_104' title="bbox 901 2161 1694 2196">
     <span class='ocr_line' id='line_1_104' title="bbox 901 2161 1694 2196; baseline 0.001 -8"><span class='ocrx_word' id='word_1_755' title='bbox 901 2162 1016 2189; x_wconf 84' lang='lat' dir='ltr'><strong>dicentis</strong></span> <span class='ocrx_word' id='word_1_756' title='bbox 1033 2162 1134 2189; x_wconf 85' lang='lat' dir='ltr'><strong>:Soius</strong></span> <span class='ocrx_word' id='word_1_757' title='bbox 1159 2162 1220 2188; x_wconf 80' lang='lat' dir='ltr'><strong>fons</strong></span> <span class='ocrx_word' id='word_1_758' title='bbox 1237 2161 1398 2192; x_wconf 80' lang='lat' dir='ltr'><strong>divinitatis,</strong></span> <span class='ocrx_word' id='word_1_759' title='bbox 1422 2161 1466 2196; x_wconf 84' lang='lat' dir='ltr'><strong>qui</strong></span> <span class='ocrx_word' id='word_1_760' title='bbox 1485 2170 1566 2196; x_wconf 86' lang='lat' dir='ltr'><strong>supra</strong></span> <span class='ocrx_word' id='word_1_761' title='bbox 1586 2170 1694 2189; x_wconf 85' lang='lat' dir='ltr'><strong>onmem</strong></span> 
     </span>
    </p>
   </div>
   <div class='ocr_carea' id='block_1_105' title="bbox 901 2207 1693 2243">
    <p class='ocr_par' dir='ltr' id='par_1_105' title="bbox 901 2207 1693 2243">
     <span class='ocr_line' id='line_1_105' title="bbox 901 2207 1693 2243; baseline 0.003 -9"><span class='ocrx_word' id='word_1_762' title='bbox 901 2208 1085 2234; x_wconf 82' lang='lat' dir='ltr'><strong>substantiam</strong></span> <span class='ocrx_word' id='word_1_763' title='bbox 1101 2212 1154 2240; x_wconf 82' lang='lat' dir='ltr'><strong>est,</strong></span> <span class='ocrx_word' id='word_1_764' title='bbox 1172 2207 1252 2234; x_wconf 82' lang='lat' dir='ltr'><strong>Pater</strong></span> <span class='ocrx_word' id='word_1_765' title='bbox 1280 2212 1332 2234; x_wconf 75' lang='lat' dir='ltr'><strong>est.</strong></span> <span class='ocrx_word' id='word_1_766' title='bbox 1355 2207 1422 2234; x_wconf 80' lang='lat' dir='ltr'><strong>Nam</strong></span> <span class='ocrx_word' id='word_1_767' title='bbox 1439 2208 1489 2235; x_wconf 84' lang='lat' dir='ltr'><strong>etsi</strong></span> <span class='ocrx_word' id='word_1_768' title='bbox 1514 2209 1611 2243; x_wconf 80' lang='lat' dir='ltr'><strong>aliqua:</strong></span> <span class='ocrx_word' id='word_1_769' title='bbox 1632 2209 1693 2236; x_wconf 65' lang='lat' dir='ltr'><strong>alia:</strong></span> 
     </span>
    </p>
   </div>
   <div class='ocr_carea' id='block_1_106' title="bbox 901 2254 1694 2289">
    <p class='ocr_par' dir='ltr' id='par_1_106' title="bbox 901 2254 1694 2289">
     <span class='ocr_line' id='line_1_106' title="bbox 901 2254 1694 2289; baseline 0.001 -8"><span class='ocrx_word' id='word_1_770' title='bbox 901 2255 1087 2288; x_wconf 82' lang='lat' dir='ltr'><strong>reperiantur,</strong></span> <span class='ocrx_word' id='word_1_771' title='bbox 1106 2254 1230 2289; x_wconf 70' lang='lat' dir='ltr'><strong>ciu-dem</strong></span> <span class='ocrx_word' id='word_1_772' title='bbox 1248 2258 1338 2281; x_wconf 86' lang='lat' dir='ltr'><strong>tamen</strong></span> <span class='ocrx_word' id='word_1_773' title='bbox 1365 2255 1506 2280; x_wconf 67' lang='lat' dir='ltr'><strong>st&#39;uteutia:</strong></span> <span class='ocrx_word' id='word_1_774' title='bbox 1523 2260 1596 2286; x_wconf 71' lang='lat' dir='ltr'><strong>sunt,</strong></span> <span class='ocrx_word' id='word_1_775' title='bbox 1613 2260 1640 2281; x_wconf 94' lang='lat' dir='ltr'><strong>cl</strong></span> <span class='ocrx_word' id='word_1_776' title='bbox 1661 2255 1694 2282; x_wconf 87' lang='lat' dir='ltr'><strong>ad</strong></span> 
     </span>
    </p>
   </div>
   <div class='ocr_carea' id='block_1_107' title="bbox 902 2300 1694 2335">
    <p class='ocr_par' dir='ltr' id='par_1_107' title="bbox 902 2300 1694 2335">
     <span class='ocr_line' id='line_1_107' title="bbox 902 2300 1694 2335; baseline 0.003 -9"><span class='ocrx_word' id='word_1_777' title='bbox 902 2300 959 2326; x_wconf 62' lang='lat' dir='ltr'><strong>haec</strong></span> <span class='ocrx_word' id='word_1_778' title='bbox 974 2304 1105 2335; x_wconf 79' lang='lat' dir='ltr'><strong>tanquam</strong></span> <span class='ocrx_word' id='word_1_779' title='bbox 1130 2300 1271 2334; x_wconf 85' lang='lat' dir='ltr'><strong>potissima</strong></span> <span class='ocrx_word' id='word_1_780' title='bbox 1293 2304 1320 2327; x_wconf 89' lang='lat' dir='ltr'><strong>et</strong></span> <span class='ocrx_word' id='word_1_781' title='bbox 1341 2308 1402 2334; x_wconf 69' lang='lat' dir='ltr'><strong>qua:</strong></span> <span class='ocrx_word' id='word_1_782' title='bbox 1421 2300 1550 2327; x_wconf 83' lang='lat' dir='ltr'><strong>videntur</strong></span> <span class='ocrx_word' id='word_1_783' title='bbox 1564 2308 1694 2335; x_wconf 61' lang='lat' dir='ltr'><strong>expresse</strong></span> 
     </span>
    </p>
   </div>
   <div class='ocr_carea' id='block_1_108' title="bbox 901 2344 1689 2379">
    <p class='ocr_par' dir='ltr' id='par_1_108' title="bbox 901 2344 1689 2379">
     <span class='ocr_line' id='line_1_108' title="bbox 901 2344 1689 2379; baseline 0 -7"><span class='ocrx_word' id='word_1_784' title='bbox 901 2345 1006 2372; x_wconf 85' lang='lat' dir='ltr'><strong>Latinis</strong></span> <span class='ocrx_word' id='word_1_785' title='bbox 1021 2353 1081 2372; x_wconf 87' lang='lat' dir='ltr'><strong>esse</strong></span> <span class='ocrx_word' id='word_1_786' title='bbox 1094 2346 1242 2376; x_wconf 83' lang='lat' dir='ltr'><strong>contraria,</strong></span> <span class='ocrx_word' id='word_1_787' title='bbox 1256 2345 1425 2372; x_wconf 83' lang='lat' dir='ltr'><strong>referuntur.</strong></span> <span class='ocrx_word' id='word_1_788' title='bbox 1443 2345 1479 2372; x_wconf 86' lang='lat' dir='ltr'><strong>De</strong></span> <span class='ocrx_word' id='word_1_789' title='bbox 1500 2345 1532 2372; x_wconf 90' lang='lat' dir='ltr'><strong>iis</strong></span> <span class='ocrx_word' id='word_1_790' title='bbox 1547 2344 1689 2379; x_wconf 64' lang='lat' dir='ltr'><strong>crgo&#39;dim-</strong></span> 
     </span>
    </p>
   </div>
   <div class='ocr_carea' id='block_1_109' title="bbox 901 2391 1692 2427">
    <p class='ocr_par' dir='ltr' id='par_1_109' title="bbox 901 2391 1692 2427">
     <span class='ocr_line' id='line_1_109' title="bbox 901 2391 1692 2427; baseline 0 -9"><span class='ocrx_word' id='word_1_791' title='bbox 901 2392 953 2419; x_wconf 91' lang='lat' dir='ltr'><strong>bus</strong></span> <span class='ocrx_word' id='word_1_792' title='bbox 971 2391 1104 2418; x_wconf 84' lang='lat' dir='ltr'><strong>duntaxat</strong></span> <span class='ocrx_word' id='word_1_793' title='bbox 1127 2391 1357 2418; x_wconf 86' lang='lat' dir='ltr'><strong>considerandum</strong></span> <span class='ocrx_word' id='word_1_794' title='bbox 1385 2396 1437 2418; x_wconf 81' lang='lat' dir='ltr'><strong>cst.</strong></span> <span class='ocrx_word' id='word_1_795' title='bbox 1461 2391 1501 2418; x_wconf 82' lang='lat' dir='ltr'><strong>Ad</strong></span> <span class='ocrx_word' id='word_1_796' title='bbox 1527 2392 1591 2418; x_wconf 83' lang='lat' dir='ltr'><strong>illud</strong></span> <span class='ocrx_word' id='word_1_797' title='bbox 1616 2401 1692 2427; x_wconf 65' lang='lat' dir='ltr'><strong>ttt‘g&#39;,</strong></span> 
     </span>
    </p>
   </div>
   <div class='ocr_carea' id='block_1_110' title="bbox 901 2437 1695 2474">
    <p class='ocr_par' dir='ltr' id='par_1_110' title="bbox 901 2437 1695 2474">
     <span class='ocr_line' id='line_1_110' title="bbox 901 2437 1695 2474; baseline -0.001 -9"><span class='ocrx_word' id='word_1_798' title='bbox 901 2437 974 2474; x_wconf 85' lang='lat' dir='ltr'><strong>quod</strong></span> <span class='ocrx_word' id='word_1_799' title='bbox 990 2437 1110 2464; x_wconf 76' lang='lat' dir='ltr'><strong>Joannes</strong></span> <span class='ocrx_word' id='word_1_800' title='bbox 1130 2437 1313 2464; x_wconf 80' lang='lat' dir='ltr'><strong>Damascentts</strong></span> <span class='ocrx_word' id='word_1_801' title='bbox 1337 2438 1384 2468; x_wconf 90' lang='lat' dir='ltr'><strong>ait,</strong></span> <span class='ocrx_word' id='word_1_802' title='bbox 1408 2437 1471 2463; x_wconf 87' lang='lat' dir='ltr'><strong>attdi</strong></span> <span class='ocrx_word' id='word_1_803' title='bbox 1491 2445 1571 2471; x_wconf 72' lang='lat' dir='ltr'><strong>quam</strong></span> <span class='ocrx_word' id='word_1_804' title='bbox 1590 2439 1695 2471; x_wconf 76' lang='lat' dir='ltr'><strong>sitnplt~</strong></span> 
     </span>
    </p>
   </div>
   <div class='ocr_carea' id='block_1_111' title="bbox 902 2483 1694 2518">
    <p class='ocr_par' dir='ltr' id='par_1_111' title="bbox 902 2483 1694 2518">
     <span class='ocr_line' id='line_1_111' title="bbox 902 2483 1694 2518; baseline 0 -8"><span class='ocrx_word' id='word_1_805' title='bbox 902 2485 983 2513; x_wconf 83' lang='lat' dir='ltr'><strong>citer.</strong></span> <span class='ocrx_word' id='word_1_806' title='bbox 999 2491 1080 2517; x_wconf 87' lang='lat' dir='ltr'><strong>quain</strong></span> <span class='ocrx_word' id='word_1_807' title='bbox 1095 2483 1178 2518; x_wconf 88' lang='lat' dir='ltr'><strong>juste,</strong></span> <span class='ocrx_word' id='word_1_808' title='bbox 1197 2491 1334 2518; x_wconf 85' lang='lat' dir='ltr'><strong>quamque</strong></span> <span class='ocrx_word' id='word_1_809' title='bbox 1351 2483 1518 2509; x_wconf 78' lang='lat' dir='ltr'><strong>Sttilit&#39;iettler</strong></span> <span class='ocrx_word' id='word_1_810' title='bbox 1534 2483 1567 2509; x_wconf 90' lang='lat' dir='ltr'><strong>ad</strong></span> <span class='ocrx_word' id='word_1_811' title='bbox 1584 2492 1694 2517; x_wconf 60' lang='lat' dir='ltr'><strong>persuau</strong></span> 
     </span>
    </p>
   </div>
   <div class='ocr_carea' id='block_1_112' title="bbox 903 2528 1694 2564">
    <p class='ocr_par' dir='ltr' id='par_1_112' title="bbox 903 2528 1694 2564">
     <span class='ocr_line' id='line_1_112' title="bbox 903 2528 1694 2564; baseline -0.003 -7"><span class='ocrx_word' id='word_1_812' title='bbox 903 2530 1023 2557; x_wconf 89' lang='lat' dir='ltr'><strong>dendum</strong></span> <span class='ocrx_word' id='word_1_813' title='bbox 1049 2537 1098 2564; x_wconf 89' lang='lat' dir='ltr'><strong>pro</strong></span> <span class='ocrx_word' id='word_1_814' title='bbox 1131 2529 1236 2556; x_wconf 88' lang='lat' dir='ltr'><strong>Latinis</strong></span> <span class='ocrx_word' id='word_1_815' title='bbox 1263 2533 1291 2556; x_wconf 89' lang='lat' dir='ltr'><strong>et</strong></span> <span class='ocrx_word' id='word_1_816' title='bbox 1314 2536 1409 2555; x_wconf 88' lang='lat' dir='ltr'><strong>eorttttt</strong></span> <span class='ocrx_word' id='word_1_817' title='bbox 1438 2528 1566 2562; x_wconf 89' lang='lat' dir='ltr'><strong>opiniotte</strong></span> <span class='ocrx_word' id='word_1_818' title='bbox 1595 2529 1694 2555; x_wconf 75' lang='lat' dir='ltr'><strong>mulir-</strong></span> 
     </span>
    </p>
   </div>
   <div class='ocr_carea' id='block_1_113' title="bbox 903 2574 1693 2609">
    <p class='ocr_par' dir='ltr' id='par_1_113' title="bbox 903 2574 1693 2609">
     <span class='ocr_line' id='line_1_113' title="bbox 903 2574 1693 2609; baseline -0.001 -6"><span class='ocrx_word' id='word_1_819' title='bbox 903 2576 1000 2603; x_wconf 81' lang='lat' dir='ltr'><strong>manda</strong></span> <span class='ocrx_word' id='word_1_820' title='bbox 1019 2575 1258 2609; x_wconf 78' lang='lat' dir='ltr'><strong>respondebimus.</strong></span> <span class='ocrx_word' id='word_1_821' title='bbox 1279 2574 1388 2600; x_wconf 78' lang='lat' dir='ltr'><strong>Nullum</strong></span> <span class='ocrx_word' id='word_1_822' title='bbox 1408 2574 1527 2600; x_wconf 70' lang='lat' dir='ltr'><strong>dit-imus</strong></span> <span class='ocrx_word' id='word_1_823' title='bbox 1542 2581 1639 2600; x_wconf 79' lang='lat' dir='ltr'><strong>nomen</strong></span> <span class='ocrx_word' id='word_1_824' title='bbox 1657 2574 1693 2602; x_wconf 86' lang='lat' dir='ltr'><strong>ita</strong></span> 
     </span>
    </p>
   </div>
   <div class='ocr_carea' id='block_1_114' title="bbox 904 2620 1693 2654">
    <p class='ocr_par' dir='ltr' id='par_1_114' title="bbox 904 2620 1693 2654">
     <span class='ocr_line' id='line_1_114' title="bbox 904 2620 1693 2654; baseline -0.003 -6"><span class='ocrx_word' id='word_1_825' title='bbox 904 2622 1043 2648; x_wconf 88' lang='lat' dir='ltr'><strong>suliicicns</strong></span> <span class='ocrx_word' id='word_1_826' title='bbox 1059 2627 1130 2653; x_wconf 76' lang='lat' dir='ltr'><strong>esse,</strong></span> <span class='ocrx_word' id='word_1_827' title='bbox 1145 2625 1173 2646; x_wconf 86' lang='grc' dir='ltr'><strong>ιιι</strong></span> <span class='ocrx_word' id='word_1_828' title='bbox 1186 2627 1269 2646; x_wconf 91' lang='lat' dir='ltr'><strong>unum</strong></span> <span class='ocrx_word' id='word_1_829' title='bbox 1283 2620 1371 2646; x_wconf 87' lang='lat' dir='ltr'><strong>solum</strong></span> <span class='ocrx_word' id='word_1_830' title='bbox 1387 2620 1470 2654; x_wconf 31' lang='lat' dir='ltr'><strong>poi-sit</strong></span> <span class='ocrx_word' id='word_1_831' title='bbox 1484 2620 1596 2654; x_wconf 69' lang='lat' dir='ltr'><strong>prtec‘se</strong></span> <span class='ocrx_word' id='word_1_832' title='bbox 1609 2620 1693 2654; x_wconf 76' lang='lat' dir='ltr'><strong>signi-</strong></span> 
     </span>
    </p>
   </div>
   <div class='ocr_carea' id='block_1_115' title="bbox 904 2665 1694 2700">
    <p class='ocr_par' dir='ltr' id='par_1_115' title="bbox 904 2665 1694 2700">
     <span class='ocr_line' id='line_1_115' title="bbox 904 2665 1694 2700; baseline -0.003 -6"><span class='ocrx_word' id='word_1_833' title='bbox 904 2668 996 2697; x_wconf 87' lang='lat' dir='ltr'><strong>licare,</strong></span> <span class='ocrx_word' id='word_1_834' title='bbox 1018 2669 1091 2700; x_wconf 87' lang='lat' dir='ltr'><strong>quod</strong></span> <span class='ocrx_word' id='word_1_835' title='bbox 1108 2665 1135 2692; x_wconf 89' lang='lat' dir='ltr'><strong>in</strong></span> <span class='ocrx_word' id='word_1_836' title='bbox 1151 2665 1251 2691; x_wconf 85' lang='lat' dir='ltr'><strong>divinis</strong></span> <span class='ocrx_word' id='word_1_837' title='bbox 1267 2665 1422 2698; x_wconf 81' lang='lat' dir='ltr'><strong>exprimere</strong></span> <span class='ocrx_word' id='word_1_838' title='bbox 1440 2665 1576 2697; x_wconf 83' lang='lat' dir='ltr'><strong>volumus,</strong></span> <span class='ocrx_word' id='word_1_839' title='bbox 1593 2673 1649 2699; x_wconf 89' lang='lat' dir='ltr'><strong>quo</strong></span> <span class='ocrx_word' id='word_1_840' title='bbox 1664 2665 1694 2693; x_wconf 80' lang='lat' dir='ltr'><strong>fit</strong></span> 
     </span>
    </p>
   </div>
   <div class='ocr_carea' id='block_1_116' title="bbox 905 2710 1692 2742">
    <p class='ocr_par' dir='ltr' id='par_1_116' title="bbox 905 2710 1692 2742">
     <span class='ocr_line' id='line_1_116' title="bbox 905 2710 1692 2742; baseline -0.003 -3"><span class='ocrx_word' id='word_1_841' title='bbox 905 2718 935 2740; x_wconf 91' lang='lat' dir='ltr'><strong>ut</strong></span> <span class='ocrx_word' id='word_1_842' title='bbox 950 2712 1043 2739; x_wconf 79' lang='lat' dir='ltr'><strong>multis</strong></span> <span class='ocrx_word' id='word_1_843' title='bbox 1059 2716 1086 2738; x_wconf 89' lang='lat' dir='ltr'><strong>ct</strong></span> <span class='ocrx_word' id='word_1_844' title='bbox 1097 2710 1213 2738; x_wconf 80' lang='lat' dir='ltr'><strong>diversis</strong></span> <span class='ocrx_word' id='word_1_845' title='bbox 1227 2710 1313 2737; x_wconf 83' lang='lat' dir='ltr'><strong>altero</strong></span> <span class='ocrx_word' id='word_1_846' title='bbox 1329 2718 1422 2742; x_wconf 89' lang='lat' dir='ltr'><strong>unam,</strong></span> <span class='ocrx_word' id='word_1_847' title='bbox 1437 2710 1524 2737; x_wconf 86' lang='lat' dir='ltr'><strong>altero</strong></span> <span class='ocrx_word' id='word_1_848' title='bbox 1535 2710 1615 2738; x_wconf 89' lang='lat' dir='ltr'><strong>aliain</strong></span> <span class='ocrx_word' id='word_1_849' title='bbox 1634 2717 1692 2737; x_wconf 90' lang='lat' dir='ltr'><strong>rem</strong></span> 
     </span>
    </p>
   </div>
   <div class='ocr_carea' id='block_1_117' title="bbox 905 2755 1694 2790">
    <p class='ocr_par' dir='ltr' id='par_1_117' title="bbox 905 2755 1694 2790">
     <span class='ocr_line' id='line_1_117' title="bbox 905 2755 1694 2790; baseline -0.003 -5"><span class='ocrx_word' id='word_1_850' title='bbox 905 2765 956 2785; x_wconf 88' lang='lat' dir='ltr'><strong>nec</strong></span> <span class='ocrx_word' id='word_1_851' title='bbox 981 2762 1046 2784; x_wconf 87' lang='lat' dir='ltr'><strong>tunc</strong></span> <span class='ocrx_word' id='word_1_852' title='bbox 1068 2756 1202 2790; x_wconf 87' lang='lat' dir='ltr'><strong>complete</strong></span> <span class='ocrx_word' id='word_1_853' title='bbox 1226 2755 1420 2790; x_wconf 78' lang='lat' dir='ltr'><strong>significemus.</strong></span> <span class='ocrx_word' id='word_1_854' title='bbox 1446 2756 1513 2782; x_wconf 84' lang='lat' dir='ltr'><strong>Cum</strong></span> <span class='ocrx_word' id='word_1_855' title='bbox 1540 2755 1613 2782; x_wconf 87' lang='lat' dir='ltr'><strong>enim</strong></span> <span class='ocrx_word' id='word_1_856' title='bbox 1634 2755 1694 2785; x_wconf 76' lang='lat' dir='ltr'><strong>inec</strong></span> 
     </span>
    </p>
   </div>
   <div class='ocr_carea' id='block_1_118' title="bbox 906 2801 1693 2834">
    <p class='ocr_par' dir='ltr' id='par_1_118' title="bbox 906 2801 1693 2834">
     <span class='ocr_line' id='line_1_118' title="bbox 906 2801 1693 2834; baseline -0.003 -3"><span class='ocrx_word' id='word_1_857' title='bbox 906 2805 1018 2831; x_wconf 88' lang='lat' dir='ltr'><strong>nomina</strong></span> <span class='ocrx_word' id='word_1_858' title='bbox 1035 2807 1062 2830; x_wconf 90' lang='lat' dir='ltr'><strong>et</strong></span> <span class='ocrx_word' id='word_1_859' title='bbox 1077 2802 1159 2829; x_wconf 84' lang='lat' dir='ltr'><strong>verba</strong></span> <span class='ocrx_word' id='word_1_860' title='bbox 1176 2810 1190 2828; x_wconf 88' lang='lat' dir='ltr'><strong>a</strong></span> <span class='ocrx_word' id='word_1_861' title='bbox 1209 2803 1291 2829; x_wconf 89' lang='lat' dir='ltr'><strong>ttobis</strong></span> <span class='ocrx_word' id='word_1_862' title='bbox 1307 2801 1417 2828; x_wconf 84' lang='lat' dir='ltr'><strong>inventa</strong></span> <span class='ocrx_word' id='word_1_863' title='bbox 1439 2802 1504 2833; x_wconf 78' lang='lat' dir='ltr'><strong>sint,</strong></span> <span class='ocrx_word' id='word_1_864' title='bbox 1527 2806 1554 2829; x_wconf 89' lang='lat' dir='ltr'><strong>et</strong></span> <span class='ocrx_word' id='word_1_865' title='bbox 1577 2802 1623 2834; x_wconf 89' lang='lat' dir='ltr'><strong>qtti</strong></span> <span class='ocrx_word' id='word_1_866' title='bbox 1645 2810 1693 2829; x_wconf 87' lang='lat' dir='ltr'><strong>na-</strong></span> 
     </span>
    </p>
   </div>
   <div class='ocr_carea' id='block_1_119' title="bbox 907 2848 1693 2884">
    <p class='ocr_par' dir='ltr' id='par_1_119' title="bbox 907 2848 1693 2884">
     <span class='ocr_line' id='line_1_119' title="bbox 907 2848 1693 2884; baseline -0.004 -6"><span class='ocrx_word' id='word_1_867' title='bbox 907 2856 967 2878; x_wconf 82' lang='lat' dir='ltr'><strong>tura</strong></span> <span class='ocrx_word' id='word_1_868' title='bbox 989 2857 1119 2884; x_wconf 80' lang='lat' dir='ltr'><strong>regimur,</strong></span> <span class='ocrx_word' id='word_1_869' title='bbox 1139 2853 1167 2875; x_wconf 90' lang='lat' dir='ltr'><strong>ct</strong></span> <span class='ocrx_word' id='word_1_870' title='bbox 1185 2848 1231 2882; x_wconf 83' lang='lat' dir='ltr'><strong>qui</strong></span> <span class='ocrx_word' id='word_1_871' title='bbox 1252 2848 1424 2875; x_wconf 86' lang='lat' dir='ltr'><strong>naturalibus</strong></span> <span class='ocrx_word' id='word_1_872' title='bbox 1441 2849 1522 2875; x_wconf 81' lang='lat' dir='ltr'><strong>rebus</strong></span> <span class='ocrx_word' id='word_1_873' title='bbox 1539 2857 1570 2875; x_wconf 84' lang='lat' dir='ltr'><strong>ea</strong></span> <span class='ocrx_word' id='word_1_874' title='bbox 1587 2848 1693 2882; x_wconf 66' lang='lat' dir='ltr'><strong>signili-</strong></span> 
     </span>
    </p>
   </div>
   <div class='ocr_carea' id='block_1_120' title="bbox 907 2894 1692 2932">
    <p class='ocr_par' dir='ltr' id='par_1_120' title="bbox 907 2894 1692 2932">
     <span class='ocr_line' id='line_1_120' title="bbox 907 2894 1692 2932; baseline -0.004 -6"><span class='ocrx_word' id='word_1_875' title='bbox 907 2897 1001 2926; x_wconf 81' lang='lat' dir='ltr'><strong>caudis</strong></span> <span class='ocrx_word' id='word_1_876' title='bbox 1015 2897 1194 2932; x_wconf 85' lang='lat' dir='ltr'><strong>imponimus,</strong></span> <span class='ocrx_word' id='word_1_877' title='bbox 1210 2902 1262 2923; x_wconf 86' lang='lat' dir='ltr'><strong>nec</strong></span> <span class='ocrx_word' id='word_1_878' title='bbox 1278 2895 1440 2930; x_wconf 82' lang='lat' dir='ltr'><strong>inventuris,</strong></span> <span class='ocrx_word' id='word_1_879' title='bbox 1457 2902 1508 2925; x_wconf 83' lang='lat' dir='ltr'><strong>nec</strong></span> <span class='ocrx_word' id='word_1_880' title='bbox 1520 2902 1616 2924; x_wconf 86' lang='lat' dir='ltr'><strong>eorum</strong></span> <span class='ocrx_word' id='word_1_881' title='bbox 1631 2894 1692 2930; x_wconf 85' lang='lat' dir='ltr'><strong>qui-</strong></span> 
     </span>
    </p>
   </div>
  </div>
