1920 3063
183 148 184 151 “
220 166 271 198 ιιι

707 152 956 186 BESSARIONIS
977 151 1008 181 S.
1029 152 1066 181 R.
1081 151 1112 181 E.
1133 147 1366 180 CARDlNALlS

1795 145 1851 176 444

219 229 272 253 tius
303 223 501 257 imponuntur.
533 221 659 245 naturam
699 215 832 243 excedere
863 215 980 248 possunt
997 221 1004 239 :
1021 215 1043 243 Δ
1059 216 1133 239 cent.
1160 210 1231 238 Sunt
1255 215 1346 237 tamen
1376 207 1500 235 nonnulli
1525 212 1699 238 sanctorum,
1725 214 1849 240 qnornni

219 272 335 304 ideoque
356 266 465 293 divinas
492 272 535 292 res
557 262 692 297 complete
718 260 873 295 signiﬁcare
893 257 1005 285 minime

220 318 343 351 possunt.
361 313 450 345 Quare
464 309 702 345 imperfectioncm
726 306 867 333 nominum
889 311 943 331 non
962 307 1005 330 at-

223 359 395 390 tribuendam
410 365 472 385 esse
487 357 570 383 rebus
585 354 697 385 divinis,
711 353 804 380 omnis
818 351 864 386 qui
879 355 953 377 recte
966 357 1007 376 sav

222 407 272 442 pit,
294 405 420 432 affirmat.
444 402 497 430 Sed
512 409 574 428 cum
589 401 650 428 aliis
666 399 822 426 nominibus
836 397 943 424 divinas
966 403 1008 423 res

222 441 380 486 exprimere
404 456 458 476 non
484 447 635 483 possimus.
668 444 798 472 utendum
826 443 936 478 quidem
966 441 1009 469 his

225 496 365 525 consuetis
379 494 538 522 nominibus
553 496 606 520 est.
620 491 757 519 Utendum
773 493 862 516 tamen
880 489 906 515 in
923 495 1010 522 quan-

225 550 281 570 tum
305 543 388 570 rebus
403 540 563 576 signiﬁcatis
577 539 759 569 couveniunt,
776 535 1010 570 imperfectioncm

224 596 330 618 eorum.
350 591 378 615 et
400 586 422 613 si
445 585 510 620 quid
526 582 755 612 inconvenientia:
774 588 868 608 secum
888 584 1009 615 portant,

226 634 387 664 relellendo,
411 637 439 659 ct
456 639 505 665 per
525 630 601 658 aliud
624 637 723 656 nomen
741 627 876 654 defectum
899 626 1012 652 alterius

225 679 390 715 supplendo.
407 678 437 705 ln
450 677 601 712 quaestione
615 675 707 708 itaque
722 673 871 708 proposita,
885 672 1012 699 videlicet

228 727 254 752 in
273 724 449 759 proccssione
466 721 585 756 Spiritus
601 728 633 746 ex
650 719 729 746 Patre
746 722 773 745 et
788 717 867 750 Filio,
888 717 940 743 duo
956 716 1013 742 ha-c

226 770 383 798 necessario
396 769 542 803 exiguntur
557 775 563 793 :
584 773 678 794 unum,
694 763 767 798 quod
782 763 862 789 Pater
886 766 914 788 et
928 760 1012 788 Filius

225 817 366 851 aequaliter
395 820 476 848 atque
490 812 652 847 simpliciter
667 811 799 845 Spiritum
815 812 937 835 sanctum
954 806 1010 841 spi-

227 866 298 892 rent,
311 869 364 888 non
378 861 449 886 unus
462 859 592 893 perferte,
607 857 675 883 alter
690 854 863 888 imperfecte;
877 853 928 879 hoc
941 852 1013 877 enim

1057 256 1141 291 aliqui
1167 256 1279 290 majoris
1302 255 1426 282 fecerunt
1452 255 1589 285 ordinem,
1615 258 1645 279 ut
1669 253 1756 286 major
1785 260 1854 286 pars

1057 301 1240 328 Orientalium
1262 309 1268 327 ε
1286 300 1369 334 aliqui
1386 299 1647 334 alqualitatcm,sivc
1664 298 1852 328 identitatem.

1059 352 1088 374 ut
1111 347 1221 382 plurimi
1246 346 1474 373 Occidentalium.
1494 345 1528 372 Et
1543 343 1774 378 quemadmodum
1804 351 1854 369 oc-

1059 393 1208 420 cidentales
1221 392 1307 426 pluris
1318 391 1450 418 facientes
1460 390 1643 424 aequalitatem
1656 389 1755 423 srepius
1767 393 1854 415 utun-

1059 441 1104 464 tur
1118 445 1159 469 εκ,
1174 437 1209 463 ita
1223 436 1382 467 orientales,
1397 435 1443 469 qui
1466 435 1591 462 ordinem
1610 434 1721 468 majoris
1753 433 1852 460 existi-

1060 488 1146 515 mant,
1165 490 1226 510 cum
1247 482 1347 517 quibus
1372 485 1399 509 et
1419 481 1517 508 beatus
1530 481 1648 507 Joannes
1667 479 1853 506 Damasccnus

1060 533 1295 560 connumeratur,
1324 536 1371 563 per
1397 532 1427 554 ut
1455 527 1601 561 plurimum
1628 529 1763 558 utuntur,
1786 533 1852 551 raro

1061 575 1237 601 admittentes
1257 573 1478 608 praepositionem
1498 579 1529 598 ex
1547 579 1556 598 :
1575 578 1628 598 non
1651 570 1702 597 sibi
1730 569 1851 596 invicem

1062 620 1296 651 contradicentes,
1312 619 1359 646 sed
1379 619 1484 646 diversa
1501 617 1653 652 signiﬁcata
1670 615 1786 642 diversis
1803 622 1854 641 no-

1062 665 1182 693 minibus
1196 665 1392 700 exprimentes.
1411 663 1502 696 Quare
1523 663 1556 690 de
1580 662 1675 689 mundi
1697 661 1852 693 creatione,

1062 713 1116 740 etsi
1133 711 1238 746 absque
1267 711 1322 738 ulla
1337 709 1515 744 ambiguitate
1529 716 1561 735 ex
1578 708 1646 735 Filio
1661 707 1742 734 etiam
1757 706 1851 733 omnia

1064 758 1197 793 producta
1216 757 1271 784 sint
1293 761 1375 792 prout
1389 765 1421 784 ex
1438 757 1529 788 Patre,
1543 754 1684 782 rarissime
1699 758 1790 780 tamen
1808 760 1853 778 re-

1065 805 1157 839 peries
1180 804 1252 839 apud
1277 803 1404 831 doctores
1428 802 1581 838 praesertim
1602 799 1757 830 orientales,
1775 798 1850 833 quod

1066 850 1185 877 mundus
1209 849 1244 876 sit
1269 849 1419 884 productus
1435 855 1468 876 ex
1492 848 1573 878 Filio,
1599 846 1645 874 sed
1671 853 1779 880 semper
1800 851 1851 879 per

204 919 208 922 -
229 889 399 933 contrarium
413 889 532 931 est'ﬁdei
551 902 668 929 veritati.
687 900 821 930 Alterum,
839 898 911 932 quod
929 897 1013 924 Filius
1030 898 1048 924 li
1064 894 1176 924 Filium.
1192 894 1227 921 ob
1251 893 1317 920 illud
1339 893 1451 920 Joannis
1467 901 1474 920 :
1490 892 1585 921 Omnia
1606 899 1652 925 per
1672 890 1759 925 ipsum
1777 889 1852 924 facta

227 958 256 980 ut
272 953 298 979 in
312 952 384 982 aliis,
400 951 437 977 ita
451 951 532 975 etiam
545 948 572 975 in
588 947 718 982 spirando
735 945 894 972 relationem
923 948 951 970 et
967 951 1012 969 οι·-

227 999 319 1025 dinem
337 997 437 1024 habeat
460 995 492 1022 ad
516 995 637 1021 Patrem.
657 991 806 1025 Utrumque
821 989 895 1016 enim
915 989 1012 1015 horum

227 1045 322 1071 insunt
340 1042 412 1069 Patri
431 1047 458 1068 et
475 1040 554 1067 Filio.
573 1039 686 1066 Summa
714 1038 814 1063 ctenim
830 1040 871 1062 est
887 1035 914 1061 in
932 1035 971 1061 eis
986 1037 1014 1060 ct

229 1089 356 1124 potentiae
368 1086 520 1121 :cqualitas,
535 1085 590 1110 imo
605 1083 745 1113 identitas.
758 1088 786 1109 et
799 1088 920 1108 summus
935 1079 1011 1106 ordo.

229 1135 404 1167 Qua-cunque
423 1132 496 1159 enim
521 1131 606 1158 Filius
638 1129 728 1160 habet,
747 1129 834 1162 ipsum
856 1127 937 1154 etiam
959 1126 1015 1160 spi-

230 1186 292 1205 rare
311 1177 454 1212 Spiritum,
473 1175 556 1202 habet
572 1184 585 1201 a
602 1175 695 1202 Patre.
713 1173 741 1200 Si
765 1173 846 1207 igitur
868 1179 950 1198 unum
967 1177 1015 1197 no-

232 1233 293 1251 men
312 1229 384 1250 esset
407 1222 554 1253 sulliciens,
575 1226 602 1248 et
621 1227 755 1248 summam
773 1217 900 1252 potentize
918 1224 1014 1244 eorum

231 1270 412 1301 illeutitatem,
425 1274 452 1295 et
467 1274 604 1295 summum
619 1266 652 1292 ad
667 1265 782 1292 invicem
798 1263 919 1290 ordinem
934 1261 1014 1288 simul

231 1315 396 1350 signiﬁcare,
424 1315 470 1341 illo
491 1313 612 1348 profecto
629 1310 757 1338 omnibus
772 1310 834 1336 aliis
856 1308 1016 1343 postpositis

232 1361 362 1388 utendum
385 1364 467 1387 esset.
487 1359 566 1386 Nunc
583 1365 646 1385 vero
665 1364 718 1383 non
736 1356 823 1383 solum
847 1355 1016 1390 impossibile

232 1412 275 1434 est
293 1414 376 1434 unum
395 1406 447 1434 tale
465 1405 582 1440 reperire
597 1411 697 1430 nomen
715 1411 722 1430 :
738 1407 765 1430 et
785 1401 846 1429 idco
862 1401 1016 1428 necessario

233 1462 287 1482 uno
308 1454 417 1481 nomine
440 1453 556 1479 alterotn
574 1451 684 1482 horum,
705 1450 792 1477 altero
819 1456 884 1476 vero
901 1449 1015 1475 alterum

232 1501 438 1535 exprimendum
457 1504 509 1530 est,
535 1505 630 1524 verum
654 1497 737 1523 etiam
761 1496 819 1522 hinc
843 1495 948 1521 diversa
967 1501 1017 1521 no-

232 1547 305 1575 mina
322 1547 354 1573 ad
368 1547 419 1572 hoc
439 1545 510 1579 quod
529 1548 674 1577 utrumque
691 1550 738 1576 per
762 1549 790 1569 se
812 1549 894 1568 unum
913 1545 1016 1567 tantum

232 1592 413 1628 signiﬁcatum
430 1590 622 1625 praedictorum
635 1589 800 1622 signiﬁcant,
818 1588 899 1614 etiam
918 1587 1016 1620 imper-

235 1640 304 1666 tccle
322 1637 388 1664 illud
405 1643 488 1662 ιιιιιιιιι
506 1635 672 1670 signiﬁcant.
691 1634 779 1666 Quare
795 1641 845 1659 nos
867 1637 939 1659 recte
955 1632 1016 1666 qui.

233 1684 295 1710 dem
322 1688 349 1709 et
373 1682 416 1717 pie
436 1681 500 1716 quid
526 1681 564 1708 rei
590 1680 774 1715 signiﬁcanda:
790 1680 933 1705 conveniat
950 1678 1019 1704 reci-

237 1729 360 1762 pientes,
391 1727 546 1762 reliquum,
573 1730 599 1752 ct
615 1726 687 1760 quod
719 1724 936 1759 iniperl'ectionis
966 1727 1017 1754 est,

236 1774 402 1808 repellimus.
420 1772 499 1799 Tales
511 1777 574 1798 sunt
587 1780 625 1798 ea:
641 1771 847 1806 prmpositioncs
861 1777 905 1802 ex,
922 1769 1019 1796 videli-

209 1842 215 1847 .
237 1823 281 1845 cet
297 1823 323 1845 et
339 1826 396 1853 per.
411 1817 571 1852 Prmpositio
589 1824 705 1850 namque
723 1824 754 1842 ea:
766 1816 852 1850 a-qual
867 1820 948 1842 tatem
963 1815 1019 1849 qui-

238 1866 299 1892 dem
316 1873 376 1892 cum
394 1865 428 1892 de
457 1865 594 1899 aliquibus
609 1863 717 1890 duobus
738 1863 779 1890 vel
803 1862 927 1896 pluribus
948 1860 1020 1888 acci-

237 1911 320 1946 pitur,
339 1911 491 1945 signiﬁcat;
511 1911 636 1938 ordinem
659 1917 723 1936 vero
743 1908 824 1936 unius
849 1909 880 1935 ad
903 1908 1020 1935 alterum

238 1957 358 1984 minime.
374 1957 400 1984 Si
417 1957 481 1991 quid
494 1956 565 1983 enim
579 1963 612 1982 ex
627 1955 733 1982 dunluis
747 1955 804 1982 ﬁeri
819 1954 945 1985 dicimus,
957 1959 1021 1988 puta

238 2003 261 2030 si
281 2002 354 2037 quod
378 2002 484 2037 pondus
500 2009 532 2028 ex
550 2001 657 2028 duobus
675 2000 802 2032 trahitur,
823 1999 949 2026 similiter
961 2000 1022 2034 qui-

239 2049 301 2076 dem
331 2054 357 2075 et
376 2049 517 2083 aequaliter
531 2055 627 2075 eorum
648 2055 680 2074 ex
702 2051 816 2081 utroque
834 2046 914 2079 trahi,
930 2046 1019 2080 quoad

238 2095 293 2122 vim
320 2095 522 2129 prmpositionis
544 2093 742 2128 signiﬁcamus.
768 2092 841 2120 Ordo
856 2100 921 2119 vero
941 2092 1021 2118 unius

239 2143 270 2169 ad
285 2142 401 2168 alterum
420 2148 474 2167 non
499 2140 562 2167 inde
576 2144 698 2174 apparet.
722 2139 758 2165 At
772 2137 931 2173 prypositio
949 2145 994 2171 per
1006 2144 1021 2163 e

239 2193 373 2212 converso
390 2185 514 2211 ordinem
533 2183 644 2218 quidem
666 2183 811 2217 signiﬁcat.
835 2181 1019 2216 aequalitatem

1062 944 1134 965 sunt.
1159 938 1196 966 ita
1225 939 1310 974 magis
1327 939 1418 966 ordini
1443 938 1619 965 adhaeserunt
1643 937 1738 964 Patres
1757 935 1854 963 oricu-

1064 986 1132 1013 laics
1144 995 1151 1018 ;
1164 991 1191 1013 et
1204 985 1267 1012 ideo
1281 990 1396 1013 utttntur
1411 992 1468 1019 per,
1481 992 1541 1018 qua:
1554 984 1612 1010 sola
1628 983 1752 1010 ordinem
1769 981 1855 1016 signi-

1065 1031 1136 1057 ﬁcat.
1163 1031 1294 1057 Praeterea
1319 1029 1411 1064 lingua
1434 1029 1528 1057 Grmea
1554 1036 1602 1062 per
1630 1027 1702 1054 hanc
1722 1025 1856 1061 pra-posi-

1064 1077 1180 1106 tionem,
1194 1084 1225 1102 ex
1253 1075 1437 1110 principalcm‘
1449 1075 1584 1109 signiﬁcat
1602 1081 1723 1105 causam,
1739 1073 1851 1108 qualem

1065 1122 1163 1149 Filium
1179 1129 1249 1152 esse,
1263 1121 1304 1148 vel
1318 1121 1449 1155 Spiritus,
1465 1122 1506 1148 vel
1520 1121 1626 1153 mundi,
1640 1119 1853 1146 millnsomniuo

1064 1168 1208 1196 concedet.
1233 1167 1322 1200 Quare
1348 1167 1455 1202 fugiunt
1485 1167 1611 1194 doctores
1637 1167 1669 1193 de
1702 1166 1770 1193 Filio
1794 1165 1853 1198 ipsa

1065 1222 1097 1240 ea:
1118 1213 1170 1246 uti,
1192 1221 1226 1240 ne
1243 1213 1304 1248 quis
1320 1221 1383 1240 eum
1401 1213 1580 1248 principaletu
1600 1220 1707 1239 causam
1726 1215 1853 1245 putaret;

1066 1263 1094 1286 et
1109 1267 1162 1286 non
1180 1259 1266 1286 solum
1284 1259 1340 1293 ipsa
1359 1267 1401 1291 ex,
1425 1267 1518 1286 verum
1542 1259 1623 1285 etiam
1648 1265 1746 1284 nomen
1763 1264 1855 1284 causa:

1067 1306 1173 1341 fugiunt
1196 1306 1229 1333 de
1255 1306 1323 1332 Filio
1350 1305 1441 1332 dicere
1471 1310 1597 1340 respectu
1627 1305 1658 1332 ad
1685 1309 1853 1336 creaturam,

1066 1360 1222 1388 quanquam
1239 1357 1266 1379 et
1279 1352 1365 1379 Filius
1380 1357 1406 1379 et
1422 1352 1540 1387 Spiritus
1556 1351 1656 1386 passim
1673 1351 1706 1377 ab
1722 1350 1855 1377 omnibus

1068 1399 1194 1426 ﬁdelibus
1209 1405 1290 1425 causa
1311 1397 1407 1424 mundi
1424 1405 1483 1424 esse
1503 1397 1664 1427 credantur,
1683 1400 1708 1422 et
1722 1403 1774 1422 una
1790 1402 1854 1421 cum

1068 1445 1148 1472 Patre
1160 1451 1242 1472 causa
1264 1453 1270 1471 :
1289 1444 1417 1471 timentes
1431 1451 1463 1470 ne
1478 1443 1540 1478 quis
1558 1447 1698 1478 propterea
1715 1441 1856 1476 print-ipa-

1068 1490 1122 1518 lem
1139 1497 1248 1517 causam
1266 1497 1328 1516 cum
1350 1497 1408 1516 esse
1429 1494 1525 1524 putet;
1550 1497 1565 1515 ιι
1588 1496 1643 1522 quo
1665 1495 1694 1513 ιιι
1716 1486 1783 1513 falso
1801 1485 1855 1512 sibi

1070 1541 1179 1566 cavent.
1197 1535 1283 1563 Unam
1297 1536 1369 1562 enim
1383 1535 1558 1570 principalem
1573 1539 1599 1561 et
1616 1534 1728 1561 Deitatis
1740 1537 1766 1560 et
1779 1539 1857 1559 crea-

1073 1588 1140 1610 tura:
1165 1589 1273 1610 causam
1300 1581 1390 1608 sciunt
1416 1581 1523 1608 Patrem
1546 1580 1675 1607 videlicet
1699 1578 1800 1605 solum.
1827 1577 1857 1604 Si

1073 1629 1156 1664 igitur
1174 1627 1262 1654 Latini
1283 1635 1344 1654 cum
1363 1626 1465 1653 sanctis
1479 1626 1693 1653 occidentalibus
1709 1633 1741 1652 ex
1776 1625 1858 1652 Patre

1072 1679 1099 1701 et
1115 1674 1183 1701 Filio
1199 1673 1330 1708 Spiritutn
1348 1678 1469 1699 sanctum
1489 1672 1619 1702 diccu'es,
1642 1679 1695 1697 non
1718 1671 1858 1705 principa-

1071 1719 1123 1746 lem
1148 1726 1257 1746 causam
1284 1718 1382 1746 Filium
1405 1721 1521 1752 ponunt,
1541 1717 1586 1744 sed
1611 1723 1706 1744 eorum
1728 1717 1858 1750 polentia}

1072 1765 1242 1792 idcutitatem
1276 1768 1303 1791 et
1325 1764 1506 1798 a‘qualitatcm
1528 1771 1576 1798 per
1596 1762 1648 1789 hoc
1671 1762 1857 1796 proﬁtentur:

1071 1811 1255 1838 Damaseenus
1270 1817 1334 1837 vero
1350 1810 1528 1845 principalem
1545 1815 1654 1836 causam
1672 1815 1786 1841 negans,
1799 1816 1859 1842 quo:

1071 1865 1120 1891 per
1131 1865 1162 1884 cz
1178 1856 1323 1891 signiﬁcari
1344 1856 1423 1889 solet,
1447 1856 1543 1883 habuit
1563 1860 1718 1891 respectum
1732 1856 1765 1882 ad
1786 1855 1860 1882 ordi-

1072 1913 1146 1938 nem,
1161 1910 1188 1932 et
1211 1905 1272 1931 ideo
1289 1905 1375 1931 utitur
1390 1912 1448 1937 per,
1463 1911 1495 1931 ex
1516 1903 1595 1931 Patre
1611 1911 1660 1938 per
1682 1902 1780 1930 Filium
1796 1909 1859 1936 pro-

1072 1950 1170 1977 cedere
1181 1950 1312 1984 Spiritum
1325 1957 1461 1982 asserens,
1472 1957 1520 1984 per
1531 1957 1612 1984 quem
1627 1948 1688 1976 Filii
1701 1948 1733 1975 ad
1750 1948 1856 1975 Patrem

1072 1996 1139 2024 ordo
1156 1996 1363 2028 manifestatur,
1389 1995 1572 2030 atqualitatem
1598 1995 1656 2022 sive
1684 1995 1857 2022 identitalen

1072 2051 1167 2071 eorum
1185 2043 1314 2077 potentia:
1332 2049 1382 2069 nec
1400 2042 1457 2076 ipse
1474 2049 1587 2077 negans,
1610 2041 1749 2076 quomodo
1771 2041 1857 2075 magis

1073 2089 1191 2121 invicem
1213 2096 1331 2116 consona
1354 2088 1504 2116 dicantur?
1520 2088 1578 2123 Ipse
1593 2088 1666 2116 enim
1687 2093 1740 2120 est,
1758 2088 1805 2122 qui
1824 2087 1856 2115 de

1072 2136 1160 2169 Patre,
1179 2137 1235 2171 ipse
1256 2136 1367 2170 quidem
1389 2139 1431 2163 est
1448 2136 1606 2163 intellectus
1631 2135 1712 2163 Verbi
1732 2135 1856 2170 abyssus.

1073 2182 1153 2209 Verbi
1176 2182 1295 2215 genitor,
1317 2187 1344 2208 et
1366 2189 1414 2216 per
1430 2181 1543 2209 verbum
1559 2181 1678 2215 spiratnr
1699 2181 1857 2214 declaratiri

239 2238 304 2258 vero
323 2230 445 2258 minimc.
466 2230 494 2257 Si
512 2229 576 2264 quid
591 2229 664 2256 enim
680 2237 712 2256 ex
733 2229 825 2263 aliquo
843 2236 890 2262 per
903 2227 1020 2261 aliquem
1035 2232 1061 2262 Β
1075 2227 1200 2262 Spiritus.
1217 2228 1249 2254 Et
1268 2235 1361 2254 rursus
1376 2235 1383 2253 :
1398 2227 1514 2261 Spiritus
1531 2234 1596 2254 vero
1608 2232 1720 2254 sanctus
1737 2227 1857 2254 declara-

240 2285 300 2304 esse
318 2281 364 2303 aut
391 2275 451 2303 ﬁeri
477 2275 595 2308 dicatur,
618 2274 761 2302 manifeste
778 2273 921 2308 apparebit
936 2273 1024 2305 illum,

241 2325 275 2350 de
288 2329 342 2357 quo
358 2321 459 2349 dicitur
473 2330 530 2356 per,
547 2321 672 2348 ordinem
687 2320 831 2356 quemdam
849 2319 881 2346 ad
898 2319 973 2345 illum
992 2317 1026 2344 de

243 2377 297 2400 quo
312 2367 468 2404 pra‘positio
483 2376 514 2394 e1:
530 2367 704 2402 pnedieatur,
721 2366 841 2398 habere;
855 2369 883 2392 et
903 2365 975 2392 hunc
992 2365 1026 2392 ab

242 2420 275 2439 eo
289 2412 428 2447 accepisse
449 2411 475 2438 id
493 2411 565 2446 quod
588 2419 635 2446 per
654 2418 716 2437 eum
734 2410 774 2437 ﬁt.
794 2409 949 2444 [Equalitas
961 2416 1027 2436 vero

244 2460 341 2487 horum
371 2459 404 2486 ad
431 2459 549 2486 invicem
574 2458 687 2484 minime
714 2457 892 2491 signiﬁcatur.
917 2456 1028 2483 lllinoris

248 2513 366 2540 namque
392 2505 521 2539 potentia:
546 2511 655 2538 semper
680 2507 709 2529 et
726 2502 897 2529 auctmitatis
914 2509 954 2529 est
971 2503 1026 2535 ille,

246 2553 280 2580 dc
305 2560 359 2587 quo
385 2551 543 2586 prrepositio
566 2558 612 2585 per
637 2549 812 2584 praedicatur.
836 2548 913 2576 Unde
941 2550 1027 2577 sancti

245 2598 339 2625 Patres
357 2603 384 2624 et
399 2596 525 2624 doctores
548 2603 609 2622 cum
634 2594 792 2625 orientales,
809 2598 865 2620 tum
895 2595 1030 2622 occiden—

246 2644 323 2675 tales,
342 2650 404 2670 cum
417 2642 449 2669 ad
471 2641 600 2676 potentia:
615 2640 807 2675 azqualitatem,
825 2640 880 2666 imo
900 2639 1028 2667 identita-

247 2693 301 2716 tem
317 2689 405 2716 Patris
421 2692 448 2714 et
462 2687 522 2714 Filii
541 2686 701 2721 respiciunt,
720 2693 752 2713 ex
766 2685 845 2712 Patre
859 2689 887 2712 et
902 2685 970 2712 Filio
987 2685 1028 2711 di-

246 2741 313 2762 cunt
333 2734 465 2769 Spiritum
489 2737 613 2759 sanctum
637 2731 786 2766 procedere
809 2735 837 2758 et
860 2737 932 2757 esse.
958 2729 1027 2756 Cum

245 2787 312 2806 vero
325 2780 447 2806 ordinem
463 2785 556 2806 eorum
573 2778 607 2805 ad
629 2777 742 2805 invicem
760 2775 906 2804 ostendere
921 2774 1025 2806 volunt,

245 2833 279 2852 ex
303 2825 381 2851 Patre
397 2833 444 2859 per
459 2825 558 2851 Filium
578 2832 640 2851 eum
662 2822 821 2859 procedere,
847 2826 874 2848 et
890 2829 923 2848 ex
945 2820 1026 2847 Patre

242 2878 293 2905 per
307 2871 415 2907 Filium,
433 2871 490 2899 sive
511 2879 543 2899 ex
556 2871 611 2898 Deo
628 2877 677 2905 per
693 2868 803 2903 Filium,
818 2874 879 2894 eum
897 2873 957 2894 esse
977 2867 1026 2893 do-

1078 2272 1130 2298 tiva
1148 2271 1286 2299 absconstt:
1302 2271 1453 2299 divinitatis
1469 2272 1591 2307 potentia
1611 2272 1710 2304 Patris,
1729 2280 1761 2299 ex
1781 2273 1858 2299 Patre

1077 2325 1126 2352 per
1149 2318 1246 2345 Filium
1270 2323 1311 2346 est
1331 2319 1493 2352 procedens.
1514 2319 1591 2351 Quod
1608 2325 1698 2346 autem
1728 2327 1776 2352 per
1792 2319 1860 2346 hanc

1077 2363 1297 2398 praepositionem
1321 2372 1377 2398 per,
1404 2368 1460 2391 tum
1482 2372 1530 2399 per
1547 2365 1630 2397 hunc,
1649 2369 1705 2392 tum
1730 2373 1779 2398 per
1793 2366 1860 2392 alios

1078 2411 1214 2442 doctores,
1230 2410 1316 2437 Filius
1331 2417 1441 2444 quoque
1457 2417 1517 2436 cum
1538 2410 1618 2437 Patre
1634 2417 1716 2437 causa
1736 2411 1862 2437 substan-

1079 2456 1121 2482 tia:
1134 2456 1250 2490 Spiritus
1267 2455 1433 2488 ostenditur,
1450 2455 1517 2483 satis
1533 2456 1560 2482 in
1575 2456 1699 2483 oratione
1713 2456 1750 2482 De
1767 2457 1861 2483 unione

1078 2509 1093 2528 a
1113 2502 1191 2529 nobis
1207 2502 1350 2536 probatum
1368 2507 1420 2532 est,
1436 2502 1586 2536 prazsertim
1605 2509 1666 2528 cum
1681 2502 1797 2529 addatur
1813 2503 1862 2530 hoc

1080 2548 1191 2575 verbum
1209 2548 1356 2582 procedere,
1371 2547 1444 2581 quod
1460 2547 1555 2579 etiam,
1573 2548 1724 2574 secundum
1744 2553 1860 2580 nostros,

1079 2595 1148 2622 nihil
1169 2594 1242 2622 aliud
1268 2603 1348 2629 quatit
1376 2595 1465 2630 ipsum
1493 2602 1552 2622 esse
1579 2596 1722 2630 personale
1745 2595 1863 2629 Spiritus

1078 2640 1165 2668 sancti
1192 2640 1337 2675 signiﬁcat.
1357 2640 1391 2667 Et
1411 2641 1444 2667 ad
1468 2631 1659 2668 auctoritatem
1679 2641 1790 2676 quidem
1815 2642 1863 2668 Da-

1079 2687 1196 2713 masceni
1209 2687 1264 2713 haec
1280 2686 1426 2713 suﬁieinnt.

1113 2732 1154 2758 Ad
1169 2732 1214 2758 illa
1229 2739 1295 2758 vero
1309 2733 1394 2758 sancti
1411 2732 1542 2766 Dionysii,
1560 2732 1647 2760 solum
1664 2732 1769 2759 fontem
1791 2732 1864 2759 llivi-

1085 2776 1179 2803 uitatis
1202 2775 1307 2802 Patrem
1324 2775 1442 2803 dicentis
1454 2795 1461 2808 ,
1479 2781 1508 2803 ut
1524 2776 1626 2804 clarius
1649 2780 1778 2810 appareat
1814 2783 1863 2803 au-

1078 2820 1231 2848 ctoritatem
1244 2820 1318 2847 illam
1329 2828 1383 2847 non
1394 2821 1496 2849 habere
1508 2821 1582 2848 illum
1593 2821 1772 2853 intellectura,
1783 2828 1862 2855 quem

1081 2865 1169 2894 nostri
1188 2870 1295 2901 putant,
1312 2865 1480 2895 audiendum
1492 2870 1534 2895 cst
1549 2866 1638 2900 primo
1652 2867 1712 2895 illos
1726 2866 1860 2896 doctores.
