1920 3063
111 120 168 152 MS

112 232 167 250 non
185 224 248 253 dico
268 227 419 262 gratiarum
444 229 566 264 Spiritus
594 239 649 258 non
676 233 901 268 subsistentiutn,

71 265 74 267 ’
112 271 164 298 hac
172 271 244 298 enim
257 273 412 301 abutuntur
426 276 459 303 ad
476 277 566 303 omnia
581 277 774 313 hujuscemodi
788 288 904 315 respon-

109 316 189 344 sione
205 327 211 345 :
228 318 275 346 sed
301 319 388 354 ipsius
406 329 531 356 persona:
547 321 669 357 Spiritus
693 326 793 353 sancti.
810 327 902 355 Primo

109 362 203 398 itaque
221 364 390 393 Athanasius
415 367 442 394 in
459 376 508 396 sua
532 375 628 396 contra
645 372 762 400 Arianos
777 373 902 401 oratione

108 408 177 436 illud
191 410 290 437 Psaiuii
309 420 315 437 :
331 411 466 444 Quoniam
485 417 556 448 apud
572 419 596 442 te
605 421 643 442 ea!
657 417 716 451 fons
730 419 801 455 vitta,
817 426 902 453 expo-

108 463 190 487 nens,
217 455 326 484 Sciebat
340 459 454 492 etenim,
471 461 570 494 inqttit,
589 461 668 489 Pater
681 463 809 491 videlicet
824 465 895 499 apud

108 508 138 527 se
166 501 270 529 habens
293 502 393 531 Filium
419 505 523 533 fontem
550 507 670 541 Spiritus
693 510 793 544 sancti.
818 510 898 542 Patet

108 545 193 579 igitur
207 548 280 581 quod
300 548 385 583 ipsam
402 558 547 584 personam
566 553 689 588 Spiritus
702 556 746 582 hic
758 555 826 584 dicit
843 566 896 586 non

106 592 222 625 gratiam
240 601 293 620 non
316 595 529 631 subsistentem;
545 599 680 628 habemus
703 602 776 630 enim
797 611 811 630 a
834 612 898 631 san-

105 642 152 663 t'to
170 637 271 666 Basilio
291 641 417 668 traditam
439 643 573 678 regulam,
597 646 669 680 quod
687 655 749 674 cum
769 649 897 676 audimus

105 678 242 714 Spiritum
269 691 331 709 cum
349 685 489 714 additionc
503 693 639 722 sanctum,
658 691 695 717 nil
712 692 789 719 aliud
814 701 894 728 quam

104 733 251 759 pers'iuam
272 728 394 763 Spiritus
412 731 565 768 intelligere
587 735 732 764 debemus.
746 737 816 765 Cum
843 739 895 774 igi-

103 777 150 798 tur
167 772 210 800 ltic
232 774 318 803 Filius
334 776 397 804 fons
413 777 532 812 Spiritus
556 788 618 807 cum
645 782 785 812 additione
804 772 893 814 sancti

101 817 195 845 dicttts
206 820 251 852 sit,
265 826 340 855 patet
355 824 427 856 quod
445 832 572 858 personae
589 827 648 861 ejus
661 828 722 856 fons
736 830 826 859 dictus
839 837 890 859 cst.

102 864 206 892 Deinde
221 874 332 902 quoque
349 870 408 903 ipSe
423 878 537 906 magnus
550 872 678 906 Basilius,
692 877 736 910 qui
754 877 826 905 hanc
845 887 893 905 no-

101 910 146 937 bis
169 912 283 939 tradidit
299 915 439 949 regulam,
459 917 562 944 l'ontetu
589 919 709 954 Spirittts
734 924 820 950 sancti
847 924 891 951 Fi-

99 956 169 984 lium
188 959 322 992 nominat,
342 961 439 989 dicens
455 971 461 988 :
482 963 552 992 Fons
566 965 629 992 vim
644 967 742 999 Filius,
765 970 803 996 ait
817 971 890 997 cnim

100 1002 187 1030 David
205 1004 237 1030 ad
255 1005 363 1033 Patrem
380 1015 387 1034 :
403 1007 535 1040 Quoniam
558 1012 629 1046 apud
646 1017 671 1038 te
688 1020 724 1040 est
743 1015 803 1050 [ous
819 1017 891 1049 vilic;

99 1051 128 1074 ct
147 1056 242 1077 rursus
255 1051 325 1079 alitis
348 1055 484 1088 propheta
503 1057 568 1083 dicit
588 1058 622 1085 de
647 1058 750 1087 Judaiis
768 1072 773 1087 :
790 1062 830 1088 ille
847 1063 891 1088 tle-

98 1094 266 1130 reliqnerunt
281 1098 381 1132 [autem
396 1109 472 1134 aqua:
488 1103 608 1130 vinculis.
622 1105 700 1139 Aqua
717 1115 781 1134 vero
795 1108 890 1136 vivens

100 1140 206 1168 dicitur
222 1142 344 1177 Spiritus
370 1152 492 1174 sanctus.
511 1147 543 1175 Et
567 1151 719 1178 notandum
737 1154 809 1187 quod
826 1155 888 1189 Spi-

99 1187 184 1213 ritum
200 1194 325 1216 sanctum
343 1190 419 1224 dicit,
438 1193 597 1227 signiﬁcans
619 1197 704 1231 ipsam
720 1199 779 1232 ejus
794 1208 889 1233 perso-

99 1239 179 1264 nant;
200 1240 316 1267 pcrsooa
337 1243 402 1263 vero
427 1238 547 1272 Spiritus
563 1244 649 1269 sancti
677 1244 748 1271 Deus
771 1251 826 1277 cst;
844 1247 888 1274 Fi-

99 1276 153 1304 lius
175 1278 260 1313 igitur
277 1287 339 1307 cum
357 1283 394 1309 sit
416 1282 478 1311 fons
499 1285 621 1320 Spiritus
639 1291 725 1317 sancti
741 1311 747 1321 ,
764 1291 825 1320 foris
846 1298 889 1320 est

98 1323 251 1352 divinitatis
275 1328 510 1358 manifestissime.
529 1331 620 1365 Quare
636 1343 698 1362 cum
715 1340 803 1364 sancti
822 1339 888 1365 Dio-

100 1371 171 1406 nysii
190 1372 234 1398 illa
248 1375 411 1406 auctOritas.
431 1377 519 1404 solntn
537 1379 643 1408 fontem
661 1382 814 1411 divinitatis
839 1386 888 1413 Pa-

97 1421 169 1444 tretn
181 1418 343 1453 inquicutis,
358 1423 497 1457 prmdictis
510 1430 888 1460 sanctorumauctoritatibus

100 1471 153 1491 non
180 1466 352 1494 contradicat
377 1469 466 1503 (nefas
491 1477 531 1498 est
556 1472 629 1500 enim
657 1475 739 1502 etiam
767 1477 888 1511 cogitare

97 1511 172 1544 quod
189 1514 275 1539 sancti
291 1513 419 1542 doctores
438 1516 555 1545 invicem
575 1521 789 1558 contradicunt)l
813 1524 886 1551 aliud

96 1565 178 1592 quant
194 1559 290 1594 vulgus
307 1566 398 1595 putat,
415 1563 564 1598 intelligit;
581 1574 631 1593 nec
656 1567 718 1594 ideo
736 1569 802 1596 dicit
830 1571 886 1598 liu-c
903 1566 923 1593 Ο

96 1602 142 1629 ille
159 1603 268 1637 doctor,
286 1607 364 1640 quasi
386 1616 490 1644 negans
505 1611 604 1638 Filium
621 1621 682 1641 eSse
698 1614 801 1642 rUﬂlL‘lll
820 1616 883 1651 Spi-

97 1649 167 1676 ritus
183 1645 284 1684 sanc'ti,
307 1653 355 1680 sed
373 1654 431 1689 ipse
455 1663 567 1692 quoque
587 1667 639 1686 tina
655 1668 716 1687 cum
743 1663 884 1696 prmdictis

94 1695 254 1724 doctoribtts
268 1706 331 1725 eutn
349 1701 452 1727 fontem
471 1710 531 1730 esse
550 1704 672 1739 Spiritus
689 1708 777 1735 sant-ti
805 1709 881 1742 dicit,

96 1741 148 1768 hoc
163 1747 215 1774 cst,
228 1744 287 1778 ejus
304 1753 434 1778 pet-sane.
451 1747 499 1775 llis
514 1749 598 1784 igitur
611 1752 756 1780 dct'laratis
769 1763 882 1789 respuu-

95 1789 202 1821 dcntus,
217 1790 288 1823 quod
307 1798 361 1817 uo"
379 1793 566 1820 omnitnodaui
582 1796 738 1824 divinarutn
754 1807 882 1833 persona-

94 1842 156 1861 rutn
176 1835 382 1864 distinctionem
399 1839 432 1865 ab
451 1839 568 1867 invicem
593 1842 647 1875 hic,
666 1848 695 1869 ut
711 1852 746 1870 no
765 1845 797 1871 tri
812 1846 881 1872 falso

93 1881 274 1914 arbitrantur,
300 1889 412 1912 sanctus
430 1885 528 1913 doctor
545 1888 654 1915 tradere
671 1892 834 1925 proposuit;
853 1898 881 1919 et

92 1933 168 1963 patet
184 1930 247 1964 quia
271 1930 374 1957 nullam
393 1931 454 1958 Filii
480 1933 685 1962 distinctionem
712 1940 741 1962 et
760 1936 880 1971 Spiritus

91 1975 178 2002 sancti
198 1975 322 2003 tradidit.
338 1975 397 2004 Non
416 1977 500 2012 igitur
522 1979 645 2007 omnium
672 1981 756 2008 trium
782 1991 877 2017 perso-

90 2028 186 2047 narutn
202 2021 236 2048 ab
255 2021 372 2049 invicem
394 2023 614 2058 distinctionem,
637 2027 685 2054 scd
702 2028 790 2055 Patris
806 2029 878 2057 dun-

89 2071 163 2094 taxat
176 2068 209 2094 ad
225 2069 347 2103 reliquas
366 2071 460 2098 tradit.
476 2071 585 2099 Patrem
603 2073 688 2108 igitur
707 2074 733 2100 in
749 2079 828 2109 parte
843 2076 876 2103 ad

89 2113 188 2141 Filium
203 2122 377 2150 comparans,
388 2122 416 2144 et
430 2125 525 2145 eorum
539 2119 574 2146 ab
588 2119 708 2147 invicem
721 2121 876 2149 distinctio-

89 2169 149 2189 nem
168 2162 289 2195 tradens,
312 2164 402 2191 solum
427 2165 532 2192 fontem
550 2167 660 2194 Patrem
678 2169 727 2201 ait,
745 2177 776 2196 ac
793 2171 814 2197 si
832 2170 874 2197 di-

89 2212 162 2236 ceret
183 2209 289 2236 Patrem
315 2210 426 2244 quidem
456 2211 559 2239 t‘ontem
585 2211 646 2240 Filii
673 2222 744 2246 esse,
773 2215 872 2242 Filium

965 2225 1022 2260 Ego
1038 2226 1148 2260 quidem
1163 2233 1208 2254 tua
1223 2230 1320 2263 gratia,

89 2262 150 2282 vero
167 2255 268 2283 fontem
285 2256 374 2284 Patris
391 2258 503 2285 minime
520 2266 591 2286 esse.
607 2258 637 2286 Et
653 2261 726 2294 quod
743 2261 776 2288 de
794 2262 872 2289 Patre

88 2307 113 2329 et
132 2302 201 2329 Filio
223 2303 357 2330 duntaxat
374 2304 419 2331 hic
443 2305 604 2338 speculetur
619 2326 626 2337 ,
653 2314 668 2334 a
692 2309 874 2342 sequentibus

88 2347 285 2375 manifestatur.
299 2349 336 2375 Ea
349 2350 465 2381 ctenin’t,
491 2350 593 2385 inquit,
611 2359 673 2386 qua:
699 2359 764 2381 sunt
788 2361 873 2388 gene-

88 2394 201 2422 rationis
216 2395 326 2427 divitne,
352 2404 415 2430 qua:
440 2404 525 2431 super
551 2406 661 2425 omnem
689 2400 871 2427 substantiam

88 2445 137 2472 est.
152 2449 206 2467 non
224 2446 426 2469 convertuntur
447 2443 481 2469 ad
504 2444 633 2471 invicem.
660 2445 717 2472 lIoc
733 2446 806 2472 cnim
825 2454 873 2473 no~

60 2486 67 2494 “
89 2495 149 2514 men
167 2488 354 2522 generationis
382 2488 484 2516 divinat
499 2489 607 2517 Patrem
627 2495 653 2517 el
677 2490 776 2518 Filium
800 2492 872 2518 dun-

89 2538 159 2560 taxat
181 2533 303 2568 respicit,
327 2541 389 2561 cum
418 2535 465 2562 ille
492 2540 616 2570 generet,
644 2536 690 2564 hic
714 2542 870 2571 generetur.

88 2579 143 2607 l‘loc
164 2585 255 2607 autem
281 2581 456 2609 manifestius
481 2587 607 2617 apparet,
632 2591 696 2610 cum
719 2584 870 2620 subjuugit,

86 2635 144 2654 ctnu
161 2627 241 2653 Pater
263 2634 317 2653 non
333 2627 368 2654 sit
384 2626 481 2660 Filius,
498 2636 549 2656 nec
570 2629 657 2657 Filius
673 2630 754 2658 Pater
769 2639 778 2659 ξ
795 2637 871 2666 patet

87 2674 166 2708 igitur
180 2673 253 2708 quod
275 2681 408 2708 generare
431 2679 459 2701 et
482 2675 568 2709 ipsam
594 2677 788 2711 paternitatem
818 2678 869 2705 soli

85 2720 155 2747 Patri
174 2720 307 2752 tribuens,
325 2720 415 2747 solum
435 2721 537 2749 fontem
554 2731 617 2750 eum
641 2726 681 2752 ait
705 2725 869 2757 divinitatis,

86 2774 116 2793 ac
138 2766 160 2792 si
184 2766 311 2794 diceret:
329 2766 411 2794 Solus
427 2767 509 2795 Pater
522 2788 530 2801 ,
559 2770 636 2797 solus
654 2778 792 2805 generans
814 2776 869 2803 est,

84 2819 132 2840 nec
146 2812 203 2847 ipse
225 2818 390 2848 generatus,
408 2822 459 2842 nec
486 2815 572 2843 Filius
595 2824 742 2851 generans,
758 2827 820 2846 cum
837 2827 870 2846 ea

84 2866 140 2894 qua:
155 2864 218 2887 sunt
231 2860 418 2895 generationis
431 2860 532 2890 divina:
549 2869 604 2892 non
617 2868 817 2894 convertantur
833 2865 867 2894 ad

582 127 632 157 DE
653 129 918 162 PROCESSIONE
939 132 1122 165 SPIRITUS
1142 136 1288 170 SANCTl.

111 179 159 211 qui
186 179 269 207 etiam
294 180 395 217 Filium
421 183 516 212 dicunt
534 184 638 213 fontem
664 186 786 222 Spiritus
803 190 902 223 sancti,
920 201 940 228 Α

1695 147 1749 178 446

961 190 1091 221 invicem.
1105 194 1141 221 Et
1164 195 1222 224 haec
1251 197 1363 232 quidem
1393 206 1455 228 vera
1483 201 1543 236 ejus
1572 206 1749 235 auctoritatis

958 239 1097 272 expositio
1113 241 1196 269 simul
1210 248 1238 269 ct
1256 243 1358 272 solutio
1373 249 1425 272 est.
1441 245 1519 279 Quod
1537 248 1559 275 si
1584 250 1646 283 quis
1661 252 1745 279 etiam

957 282 1065 311 diceret
1079 285 1190 315 Patrem
1209 288 1298 319 solum
1311 289 1415 322 fontem
1432 293 1621 326 generationis
1633 296 1746 330 divinrc,

957 335 1017 362 qua:
1033 336 1116 362 supra
1141 339 1253 359 omnem
1278 334 1464 363 substantiam
1481 342 1534 369 est,
1552 344 1683 375 tanquam
1699 344 1745 377 qui

956 374 1032 403 solus
1049 375 1112 403 Filii
1141 378 1223 413 simul
1255 387 1287 407 ac
1312 381 1434 416 Spiritus
1452 385 1618 419 principium
1647 388 1692 418 sit,
1718 394 1746 416 et

954 419 1032 446 Solus
1048 420 1110 448 fons
1135 431 1189 450 nctt
1207 432 1238 451 cx
1263 426 1338 453 fonte
1356 437 1361 454 :
1381 428 1468 456 Filius
1490 438 1555 457 vero
1578 433 1614 459 sit
1631 435 1743 468 quidem

955 464 1025 497 fons,
1043 467 1207 497 doctoribus
1225 471 1457 507 ita.doccntibns,
1473 477 1521 503 scd
1535 478 1595 505 {ous
1610 488 1641 506 rx
1658 481 1742 508 lontc.

952 509 1040 545 Hujus
1065 520 1157 541 autetn
1176 521 1325 545 sententia:
1345 525 1373 546 et
1399 520 1497 551 beatus
1518 524 1688 557 Augustinus
1714 528 1741 554 in

953 565 1051 591 quarto
1070 560 1108 587 De
1126 562 1255 590 Trinitalc
1270 569 1327 597 est;
1343 568 1381 593 ait
1397 569 1519 596 ctenim:
1542 570 1573 597 Et
1588 573 1659 605 quod
1675 573 1743 600 dicit

953 602 1085 634 Dominus
1103 615 1112 635 :
1130 607 1213 640 Quem
1226 618 1272 645 ego
1292 612 1394 639 niiuaut
1416 614 1486 641 tabis
1499 624 1516 642 α
1539 615 1628 648 l’alre,
1644 619 1742 652 probat

951 648 1084 684 Spiritum
1102 659 1228 682 sanetum
1246 662 1273 683 et
1291 658 1383 686 Patris
1399 668 1461 687 esse
1485 666 1512 687 ct
1539 662 1610 690 Filii.
1630 665 1738 692 Etenim

951 703 1014 723 cum
1027 697 1142 732 dixisset
1160 709 1166 728 :
1183 701 1362 733 Qucmmitlct
1380 705 1473 738 Pater,
1494 708 1600 736 addidit
1616 719 1621 736 :
1637 711 1670 737 lu
1694 721 1740 738 no—

950 743 1020 770 mine
1044 753 1122 778 meo;
1143 755 1198 774 non
1219 753 1310 776 tamen
1327 751 1397 778 dixit
1413 761 1419 778 :
1438 753 1524 786 Quem
1550 756 1640 782 mittet
1657 756 1739 784 Pater

949 796 963 814 a
980 796 1033 821 mc,
1052 793 1287 823 quemadmodum
1303 796 1371 824 dixit
1390 807 1396 824 :
1415 798 1496 830 Quem
1515 808 1561 835 ego
1576 803 1678 829 mittam
1693 812 1738 830 vo-

948 834 985 860 bis
1003 843 1018 860 ιι
1036 835 1132 867 Patre.
1147 841 1295 868 ostendens
1309 842 1439 871 videlicet
1456 834 1536 879 quod?
1559 848 1644 875 totius
1665 849 1735 876 divi-

910 887 932 916 B
947 881 1053 914 uitatis,
1070 884 1111 910 vel
1136 889 1166 912 ut
1190 886 1291 913 melius
1307 887 1417 915 dicatur
1429 910 1437 922 ,
1456 891 1572 920 Deitatis
1596 894 1678 922 Pater
1693 901 1736 923 est

949 926 1123 962 principium.
1143 930 1198 958 Hoc
1215 932 1374 960 beatissimo
1388 935 1503 964 doctore
1532 947 1614 972 quem
1629 940 1736 975 dignio-

944 979 1000 998 rcm
1017 982 1176 1008 quazrcmus
1193 981 1294 1006 mentis
1307 979 1430 1016 Dionysii
1445 984 1653 1017 cxpositorctn?
1667 987 1734 1021 Quis

943 1020 995 1048 hoc
1012 1022 1111 1049 melius
1127 1023 1285 1051 intellexit?
1302 1025 1328 1052 in
1346 1035 1401 1061 quo
1421 1034 1451 1056 tit
1467 1029 1514 1056 illo
1539 1031 1657 1066 Spiritus
1670 1042 1733 1061 san-

942 1073 1001 1096 ctus
1015 1069 1126 1097 locutus
1142 1071 1204 1098 est?
1221 1071 1299 1105 Quod
1321 1075 1394 1102 enim
1411 1075 1456 1103 ille
1480 1076 1549 1104 dixit
1566 1079 1654 1106 solum
1671 1080 1732 1108 fon—

941 1119 995 1141 tem
1030 1115 1196 1149 divinitatis,
1219 1127 1279 1152 qum
1305 1128 1390 1155 super
1416 1129 1524 1150 omnem
1550 1125 1730 1154 substantiam

940 1167 979 1187 est
996 1181 1002 1192 ,
1023 1162 1067 1189 liic
1093 1163 1178 1190 totius
1201 1164 1317 1193 Deitatis
1342 1168 1509 1204 principium
1538 1171 1651 1205 inquit:
1668 1181 1730 1200 cutn

940 1204 1023 1234 Fater
1039 1209 1148 1236 scilicet
1165 1218 1180 1237 ει
1205 1212 1280 1238 nttllo
1306 1213 1445 1249 principio
1467 1215 1513 1248 sit,
1542 1217 1588 1243 scd
1615 1218 1672 1252 ipse
1695 1220 1731 1246 sit

940 1253 1001 1280 Filii
1026 1258 1054 1281 ct
1080 1254 1203 1289 Spiritus
1226 1259 1314 1284 sancti
1347 1259 1525 1295 principium,
1549 1263 1635 1291 Filius
1664 1274 1731 1293 vero

941 1300 1108 1334 principiutu
1128 1303 1233 1330 habens
1244 1304 1366 1337 Patrem,
1388 1306 1446 1341 ipse
1462 1309 1544 1336 etiam
1562 1311 1728 1346 principium

940 1345 974 1372 sit
991 1345 1113 1380 Spiritus
1130 1349 1231 1376 sancti.
1249 1349 1302 1377 Sed
1327 1359 1361 1379 ne
1377 1357 1403 1379 te
1420 1353 1543 1382 offendat
1564 1345 1662 1384 rursus
1679 1366 1729 1385 no-

941 1399 1002 1418 men
1021 1393 1105 1419 totius
1119 1393 1245 1426 Deitatis,
1262 1404 1312 1423 nt-c
1329 1405 1453 1432 opponas
1468 1401 1516 1427 toti
1535 1407 1652 1436 partem,
1668 1408 1729 1431 tan-

939 1446 1022 1472 quam
1052 1439 1074 1465 si
1103 1439 1191 1467 Filius
1210 1442 1297 1474 partis
1322 1449 1397 1471 esset
1426 1446 1608 1481 principium;
1636 1450 1729 1478 Deitas

940 1487 1013 1512 enim
1030 1495 1084 1514 non
1103 1493 1143 1514 cst
1158 1490 1305 1522 partibiiis.
1326 1491 1374 1518 llic
1392 1500 1458 1520 vero
1483 1494 1622 1523 defectum
1639 1498 1726 1524 imbe-

940 1530 1062 1558 cillitatis
1084 1535 1228 1561 nominutn
1245 1541 1297 1568 est,
1322 1546 1403 1572 quem
1417 1540 1463 1574 qui
1479 1541 1511 1567 ad
1530 1549 1572 1569 res
1589 1543 1728 1577 s'guiiit-a-

942 1581 983 1604 tas
999 1579 1207 1612 transfet't,.non
1225 1587 1298 1610 recte
1326 1591 1376 1611 nec
1393 1586 1436 1619 pie
1453 1587 1516 1621 agit.
1532 1587 1570 1614 Ad
1586 1597 1726 1624 exponen-

938 1624 999 1651 dam
1015 1624 1100 1660 igitnr
1116 1629 1310 1657 auctoritatem
1338 1633 1508 1667 przcdictam,
1531 1640 1559 1662 et
1574 1639 1726 1671 oppositio-

937 1679 998 1698 ncm
1029 1671 1093 1699 inde
1119 1673 1274 1701 snlnnotam
1303 1678 1462 1706 solvendam
1494 1681 1545 1708 etsi
1572 1683 1648 1710 multi
1677 1679 1724 1713 alii

936 1717 1008 1744 modi
1030 1723 1133 1751 essent,
1150 1724 1242 1748 tamen
1260 1730 1321 1757 qum
1345 1723 1419 1751 dicta
1434 1730 1508 1755 sttnt.
1525 1727 1561 1754 ita
1578 1730 1724 1758 manifesta

935 1768 962 1791 ct
981 1765 1133 1794 clarissima
1147 1774 1221 1801 sunt,
1239 1775 1267 1796 ut
1281 1771 1338 1797 sola
1353 1771 1501 1801 sutiieiant.
1519 1775 1635 1804 l’robato
1649 1780 1723 1806 enim

933 1812 1006 1845 quod
1024 1813 1108 1847 Filius
1123 1814 1158 1841 sit
1174 1816 1257 1842 etiam
1283 1817 1343 1844 l'ons
1366 1818 1491 1852 Deitatis,
1509 1821 1646 1856 siquidem
1660 1825 1724 1854 fons

934 1857 1053 1889 Spiritus
1078 1859 1167 1886 sancti
1197 1865 1240 1887 cst
1257 1867 1415 1890 sanctorum
1440 1865 1552 1893 Patrum
1572 1870 1720 1901 sententia.

933 1901 1054 1934 Spiritus
1080 1912 1147 1932 vero
1174 1911 1286 1934 sanctus
1310 1908 1381 1936 Dcus
1397 1915 1440 1938 est
1466 1911 1580 1945 (quibus
1608 1914 1720 1943 beatum

932 1946 1093 1982 Dionysium
1111 1952 1304 1980 contradicere
1318 1954 1412 1982 nullus
1427 1956 1549 1985 fidelium
1566 1959 1663 1995 dicet),
1678 1969 1721 1988 re-

932 1997 986 2019 stat
1005 1998 1034 2019 ut
1051 1994 1102 2022 hoc
1118 1996 1191 2030 quod
1214 1997 1282 2024 dicit
1311 1999 1468 2035 Dionysius,
1495 2004 1585 2032 solunt
1613 1994 1718 2034 fontem

931 2038 1046 2067 Deitatis
1063 2039 1169 2069 Patrem
1188 2050 1258 2077 esse.
1274 2046 1425 2074 secundum
1444 2050 1594 2082 praedictos
1611 2053 1717 2087 modos,

930 2086 1108 2114 autaltcrum
1125 2088 1246 2123 illorum,
1261 2095 1289 2121 et
1305 2099 1359 2119 non
1374 2093 1454 2121 aliter
1470 2094 1581 2125 dixerit.

999 2141 1092 2171 Brevia
1108 2144 1237 2181 Epilogus
1252 2150 1380 2185 ontnium,
1395 2159 1453 2185 quia
1463 2152 1534 2180 dicta
1546 2159 1608 2181 sunt
1619 2157 1646 2183 in

1249 2184 1296 2209 hoc
1315 2193 1401 2220 opere.

1344 2230 1557 2262 clementissime
1573 2236 1623 2270 vir,
1642 2241 1715 2272 quod

928 2273 1029 2306 petiisti
1058 2281 1108 2307 pro
1135 2281 1214 2308 posse
1236 2277 1382 2311 complevi.
1408 2278 1473 2315 Quae
1501 2282 1574 2308 enim
1600 2289 1660 2312 acta
1688 2287 1714 2314 in

927 2319 1046 2346 concilio
1060 2320 1173 2347 fuerunt
1189 2329 1221 2348 ex
1246 2328 1323 2356 parte
1340 2326 1460 2357 narravi,
1479 2328 1624 2364 utriusque
1639 2340 1714 2366 qum-

926 2364 1022 2391 stionis
1040 2366 1162 2394 rationes
1187 2367 1309 2397 breviter
1325 2370 1443 2399 reddidi.
1469 2373 1534 2406 Qua:
1555 2375 1715 2405 inferuntur

925 2410 1148 2440 inconvenientia
1169 2420 1266 2442 contra
1283 2417 1431 2446 veritatem
1455 2421 1641 2449 conclusionis
1657 2425 1714 2452 sive

924 2466 956 2484 ex
979 2458 1132 2485 rationibus
1153 2461 1385 2497 adversariorum,
1411 2465 1471 2493 sive
1491 2475 1524 2494 ex
1542 2471 1713 2497 auctoritati-

924 2501 975 2529 bus
993 2502 1136 2531 doctorum
1162 2506 1244 2534 solvi.
1260 2508 1292 2535 Et
1308 2510 1420 2543 quidem
1439 2516 1467 2538 ut
1486 2517 1552 2547 puto
1576 2515 1713 2543 sufficion-

925 2552 974 2574 tcr.
991 2549 1029 2576 Ex
1042 2551 1153 2585 quibus.
1171 2553 1198 2579 ni
1217 2554 1306 2586 lallor,
1326 2556 1387 2584 iidci
1405 2563 1507 2588 nostra:
1534 2561 1638 2588 veritas
1655 2562 1712 2589 cla-

924 2595 1031 2622 rissime
1048 2597 1161 2631 probata
1189 2604 1242 2626 est.
1257 2601 1344 2628 Tuum
1374 2611 1438 2630 vero
1454 2605 1508 2632 erit
1529 2611 1555 2632 et
1579 2607 1708 2642 aliorum,

923 2649 1040 2675 quorum
1058 2643 1084 2668 in
1105 2651 1201 2671 manus
1218 2645 1270 2672 hoc
1287 2654 1356 2682 opus
1377 2648 1521 2683 legendum
1539 2655 1708 2687 pervenerit,

922 2690 1025 2712 attente
1044 2687 1148 2723 absque
1164 2690 1292 2724 paSsione
1317 2694 1418 2728 Saepius
1443 2695 1539 2723 eadem
1567 2697 1658 2731 legere
1681 2704 1710 2727 et

922 2731 1102 2766 rclegere,et
1117 2734 1187 2762 bene
1200 2744 1260 2771 qua:
1287 2737 1312 2764 iu
1337 2746 1370 2765 eo
1394 2739 1466 2766 dicta
1493 2747 1557 2769 sunt
1585 2748 1709 2772 contem-

921 2776 1006 2810 plari;
1024 2777 1150 2806 fortassis
1166 2782 1267 2807 etenim
1295 2790 1349 2810 non
1369 2783 1484 2816 inutilis,
1504 2793 1591 2820 neque
1619 2787 1708 2815 labori

920 2827 1017 2851 nostro
1047 2825 1246 2855 inconveniens
1272 2837 1320 2856 vos
1344 2830 1451 2858 fructus
1478 2837 1628 2867 sequetur;
1657 2835 1706 2861 sed

920 2869 1008 2904 qualis
1032 2872 1145 2901 maximi
1168 2874 1369 2905 existimandus
1395 2883 1446 2906 cst.
1476 2878 1619 2916 Siquidem
1648 2879 1707 2907 veri
