1920 3063
191 162 242 193 4ἱῖ

192 227 243 246 nec
258 216 414 252 inquirendi
438 214 606 243 fructuosior
622 215 698 243 labor
714 219 766 248 est,
794 221 845 242 nec
873 212 976 240 inventi

191 264 338 299 pretiosior
351 264 467 289 fructus.
484 261 536 289 Sed
553 265 617 288 ante
638 261 730 288 omnia
747 265 908 288 sanctorum
925 259 976 286 Pa-

193 313 264 335 trum
276 312 304 335 ct
319 307 463 334 doctorum
476 306 688 334 occidentalium
700 305 889 337 auctoritates,
909 311 978 338 quas

192 361 254 380 cum
272 353 316 380 his
332 352 414 380 simul
432 352 465 379 ad
489 356 515 378 te
532 353 622 384 tnitto,
651 351 784 386 legentes,
815 354 920 377 attente
945 356 978 376 ex

193 401 241 427 his
257 399 393 434 colligetis
414 399 593 434 problematis
608 398 689 433 hujus
710 397 888 425 clarissimatu
906 396 979 422 veri—

194 451 287 474 tatem.
305 446 331 473 Si
350 446 396 480 qui
416 453 483 472 vero
497 453 552 472 non
568 445 706 478 veritatis.
725 445 773 472 sed
792 443 980 472 contentionis

193 490 286 523 amici,
303 495 347 517 aut
375 490 444 517 meis
459 489 625 522 ratiOnibus,
647 494 696 516 aut
720 488 839 524 dogmati
866 487 981 514 Latino-

194 544 255 563 rum
285 536 429 563 instatttias
455 536 586 567 inferant,
613 543 662 563 eos
681 535 840 562 deridentes
872 539 900 561 et
931 540 982 568 per

679 155 930 189 BESSARIONIS
949 156 976 187 S.
994 157 1015 186 lt

1051 155 1082 185 E.
1103 153 1335 184 (ZABDINALIS
1765 145 1823 178 4’8

1031 211 1142 238 Patrum
1169 209 1347 236 auctoritates
1382 206 1509 234 facillime
1539 208 1685 239 arguentes
1704 213 1710 230 :
1727 203 1824 230 omnis

1033 257 1137 284 etenim
1168 256 1237 283 ratio
1265 255 1306 282 his
1334 252 1529 281 contradicens
1559 249 1734 285 reprobanda
1766 253 1822 280 est,

1034 307 1164 337 tanquam
1178 301 1290 329 veritati
1308 300 1462 331 contraria,
1480 297 1617 332 siquidem
1637 296 1732 323 Patres
1749 295 1824 321 vet-i-

1033 354 1117 376 tatem
1131 349 1215 376 locuti
1231 352 1306 375 sunt.
1319 347 1359 373 'l‘tt
1374 353 1440 373 vero
1456 353 1508 372 una
1523 351 1585 372 cum
1598 341 1820 371 Occidentalium

1032 395 1143 423 Patrum
1162 393 1328 422 testimoniis
1347 392 1429 419 etiam
1446 391 1551 425 aliquas
1568 387 1750 416 Orientalium
1771 394 1825 413 au-

1034 441 1176 468 ctoritates
1190 448 1204 467 a
1223 440 1302 467 nobis
1312 439 1417 473 accipe,
1427 442 1455 465 ut
1471 437 1554 463 etiam
1574 435 1642 462 istos
1657 434 1754 461 eadem
1769 433 1827 460 illis

1033 486 1169 518 dicentes,
1182 485 1337 519 intelligas;
1349 488 1377 510 ct.
1393 490 1447 509 non
1461 481 1548 509 solum
1567 479 1715 508 sententia,
1726 484 1826 504 verum

1033 531 1117 559 ctiam
1131 531 1199 566 ipsis
1213 529 1306 558 verbis
1324 535 1372 556 eos
1391 528 1554 563 plerumque
1574 533 1634 553 esse
1658 523 1826 551 concordes.

976 622 1826 635 Μ

199 642 320 650 .———_

287 735 727 814 EJUSDEM
785 733 1062 812 CARD.
1118 716 1745 810 BESSARIONIS

666 888 741 931 AD
779 885 1023 932 GRZECOS
1062 885 1358 932 EPISTOLA

200 994 484 1029 EXHORTANTIS
519 993 594 1024 EOS
633 995 688 1024 Λῐ)
725 994 1002 1025 OBEDIENTIAM
1041 994 1334 1025 SACROSANCT/E
1376 993 1559 1024 ROMANJ’E
1605 993 1829 1030 ECCLESUE,

579 1057 631 1086 ΕΤ
669 1055 964 1086 SUSCEPTIONEM
997 1054 1145 1085 SYNOD]
1175 1054 1456 1090 FLORENTINIE,

317 1118 366 1148 ET
392 1118 443 1148 DE
469 1116 696 1148 ELECTIONIS
715 1116 787 1147 SUA
805 1116 844 1146 ΙΝ
860 1115 1147 1146 PATRIARCHAM
1177 1114 1709 1146 CONSTANTlNOPOLITANUM.

863 1274 1178 1307 ARGUMENTUM.

239 1362 327 1391 Graeci
345 1362 443 1394 nostri,
461 1366 571 1389 mortuo
586 1358 706 1394 losepho
723 1357 879 1393 patriarcha
896 1357 1204 1392 Constantinopolitano
1226 1357 1373 1385 Florentiae
1385 1379 1392 1390 ,
1407 1356 1563 1384 noltterunt
1587 1358 1708 1385 alterum
1726 1359 1831 1394 eligi-rc

202 1415 231 1437 et
246 1410 272 1436 in
287 1410 376 1436 locutu
391 1407 528 1436 demortui
545 1406 731 1437 substituere,
751 1413 832 1440 quem
850 1399 1029 1432 confirmaret
1043 1411 1168 1432 summus
1187 1404 1309 1439 pontifex
1327 1404 1465 1439 Eugenius
1484 1404 1529 1437 IV,
1544 1406 1617 1440 quod
1634 1406 1757 1434 dicereut
1773 1416 1799 1434 nc
1812 1415 1830 1434 ιι

203 1463 266 1483 esse.
283 1456 368 1482 moris
388 1462 452 1481 eum
466 1453 585 1488 eligendi
604 1457 681 1480 extra
696 1451 977 1486 Consmtttittopolim.
993 1451 1100 1484 Quibus
1116 1452 1274 1479 excusando
1291 1459 1319 1478 se
1345 1452 1544 1480 humanissime
1568 1454 1688 1487 pontifex
1715 1462 1832 1489 respon-

203 1502 254 1534 dit,
269 1509 298 1528 se
317 1509 370 1528 non
386 1508 466 1535 posse
489 1501 627 1534 deponere
643 1498 769 1525 Latinum
794 1497 976 1532 patriarcham
1005 1498 1155 1530 titularem,
1177 1498 1229 1525 nisi
1245 1498 1333 1526 Grteci
1351 1503 1540 1532 proponerent
1562 1499 1678 1527 alterum
1705 1500 1832 1528 Grmcum

203 1550 240 1577 ibi
259 1549 304 1575 ubi
321 1548 513 1575 celebrabatur
529 1546 700 1578 concilium,
717 1553 731 1572 α
749 1553 779 1572 se
794 1545 1026 1572 confirmandum.
1041 1545 1127 1578 Quem
1149 1549 1240 1572 autent
1254 1550 1351 1580 postea
1368 1545 1606 1580 Constantinopoli
1630 1547 1748 1582 primum
1773 1547 1832 1574 ele-

202 1597 303 1631 gerint,
320 1603 375 1623 non
391 1596 459 1622 adeo
474 1599 593 1622 constat.
619 1595 648 1621 ln
677 1593 793 1621 historia
822 1601 903 1628 quam
921 1593 1031 1627 scripsit
1054 1598 1149 1620 nostra
1164 1597 1245 1620 επιειιο
1260 1593 1433 1621 Theodosius
1446 1593 1605 1629 Zygomalas
1623 1595 1656 1621 ad
1682 1595 1832 1622 Martinum

202 1645 330 1673 Crusium
356 1643 526 1675 btet-elicuit],
544 1643 630 1670 fertur
645 1642 730 1670 fuisse
754 1642 902 1676 Gregorius
918 1641 1145 1675 Protosyngelus.
1175 1645 1206 1668 ut
1226 1641 1382 1669 notavimus
1404 1641 1430 1668 in
1455 1649 1473 1668 tt
1500 1641 1571 1668 libro
1585 1643 1618 1670 de
1646 1643 1836 1671 Sncrantcltlis

205 1699 301 1718 versus
318 1691 410 1717 finem.
428 1689 610 1716 beatissimus
622 1688 822 1723 Caryophyllus
837 1688 864 1714 in
881 1687 952 1714 libro
965 1688 1089 1723 quinque
1108 1688 1240 1723 capitum,
1259 1696 1341 1724 quem
1361 1688 1387 1715 in
1403 1688 1523 1723 linguam
1540 1689 1631 1716 tritam
1648 1694 1676 1717 et
1696 1698 1835 1719 vernacu-

204 1737 258 1764 lam
276 1737 434 1764 Grazcerum
452 1736 545 1768 vertit,
562 1743 594 1762 ex
611 1735 671 1761 aliis
686 1734 827 1761 historicis
843 1734 944 1769 colligit
961 1735 1045 1762 fuisse
1057 1735 1267 1769 Bessariottem,
1289 1735 1362 1770 quod
1383 1743 1434 1771 ego
1450 1744 1505 1763 non
1518 1736 1612 1768 credo,
1629 1737 1740 1765 fecisset
1757 1740 1832 1767 enizn

205 1783 305 1811 alicubi
323 1791 355 1810 ea
373 1783 407 1810 de
429 1790 458 1810 re
475 1782 622 1810 Bessarion
639 1781 820 1808 mentionem.
838 1781 941 1808 Ferunt
956 1789 1020 1808 eum
1043 1781 1134 1809 facere
1156 1781 1325 1809 mentionem
1344 1783 1371 1809 in
1398 1782 1450 1810 hac
1465 1784 1522 1817 ipsa
1541 1782 1656 1816 cpistola
1673 1791 1735 1811 cum
1753 1785 1833 1818 dicit,

204 1839 235 1859 se
249 1832 378 1860 habuisse
395 1833 467 1859 inter
480 1831 590 1859 Gnaeos
607 1837 730 1857 summos
747 1830 878 1857 honores.
894 1830 928 1857 At
946 1829 998 1857 hoc
1014 1830 1164 1857 verisimile
1178 1834 1220 1857 est
1237 1837 1300 1857 cum
1318 1830 1413 1858 dicere
1428 1836 1541 1866 propter
1558 1831 1710 1860 doctrinam
1722 1838 1750 1860 et
1766 1841 1835 1868 pru-

205 1880 325 1907 dentiatn
344 1888 350 1906 :
370 1878 490 1913 alioquin
508 1878 591 1905 etiam
607 1877 757 1904 itnberbetn
773 1881 800 1904 et
812 1877 944 1912 juvenem
959 1876 1030 1911 apud
1049 1876 1230 1911 imperatores
1244 1885 1300 1912 prae
1315 1879 1421 1906 czetcris
1434 1879 1551 1914 ephebis
1577 1880 1604 1907 in
1627 1879 1732 1908 honore
1755 1880 1836 1908 habi-

207 1932 263 1954 tum
280 1927 365 1954 fuisse
380 1929 506 1953 testatur.
522 1924 575 1952 Sed
591 1931 666 1956 eum,
683 1924 780 1956 aiunt,
803 1923 961 1950 substitisse
982 1924 1076 1950 Romze
1092 1923 1260 1951 cardinalem
1275 1929 1410 1952 creatum.
1427 1925 1454 1953 Si
1471 1925 1626 1961 intelligant
1641 1926 1834 1962 Bessarionem

206 1977 267 2008 post
280 1972 427 1999 concilium
442 1978 496 1998 tton
511 1970 597 1997 fuisse
614 1976 753 1997 reversum
768 1969 795 1995 in
814 1969 959 2003 Grmciam,
986 1969 1085 1997 falsum
1101 1975 1145 1997 est
1156 1989 1162 2001 ,
1182 1973 1212 1996 ut
1228 1975 1338 1998 constat
1353 1979 1385 1998 ex
1401 1972 1515 2006 epistola
1531 1972 1704 2000 Bessarionis
1719 1973 1751 2000 ad
1768 1974 1834 2002 Las-

206 2020 289 2048 carim
308 2019 580 2053 Philanthropittum,
596 2017 670 2045 circa
688 2018 854 2052 prommium
867 2037 874 2050 ,
896 2017 941 2044 ubi
959 2026 978 2043 r4

1034 2018 1135 2044 ‘iuntur
1149 2018 1205 2045 lucc
1221 2019 1321 2051 verba,
1343 2021 1410 2054 μετὰ
1426 2020 1475 2055 τὴν
1492 2021 1641 2055 γινομένην
1655 2022 1736 2055 ἁγίαν
1752 2023 1835 2049 σύνο-

205 2068 259 2099 δον,
277 2068 324 2093 καὶ
339 2066 389 2101 τὴν
406 2067 445 2098 εἰς
465 2063 757 2092 Κωνσταντινούπολιν
778 2064 857 2099 ἡμῶν
885 2064 978 2091 ἐπεὶ-ιοὲ

1051 2069 1107 2100 post
1120 2065 1281 2092 celebratum
1306 2075 1412 2093 sacrum
1436 2067 1588 2100 concilium,
1614 2073 1638 2094 ct
1659 2073 1780 2095 nostrum
1808 2070 1836 2096 iu

207 2113 460 2149 Conslrmtinapolim
487 2113 610 2140 reditum.
634 2113 662 2140 Si
680 2117 772 2139 antetn
799 2112 955 2147 intelligant
970 2120 1032 2139 cum
1051 2113 1126 2139 brevi
1142 2113 1299 2141 substitisse
1315 2113 1342 2140 itt
1368 2122 1400 2141 ea
1420 2115 1488 2142 urhc
1502 2119 1528 2141 et
1545 2123 1685 2143 reversum
1706 2116 1790 2143 fuisse
1811 2118 1836 2143 in

207 2161 327 2191 italiam.
342 2161 468 2196 quamvis
482 2168 536 2187 non
551 2159 586 2187 sit
597 2164 716 2191 certum,
733 2164 823 2186 tamen
840 2159 898 2186 fieri
916 2163 1016 2195 potest,
1032 2164 1059 2186 et
1078 2165 1143 2186 tunc
1161 2159 1257 2187 debuit
1272 2160 1423 2188 historicus
1437 2161 1545 2192 dicere,
1561 2163 1686 2196 quamvis
1701 2162 1838 2190 Constan-

209 2209 322 2242 tinopoli
349 2215 471 2243 praesens
495 2208 598 2234 electus
613 2207 707 2239 fuerit.
724 2207 814 2234 noluit
840 2211 930 2233 tanton
950 2211 1107 2240 acceptare.
1133 2207 1292 2234 Secundum
1313 2209 1391 2235 aiunt
1409 2208 1491 2235 fuisse
1514 2208 1732 2243 Metrophanem,
1756 2218 1837 2244 qnen

208 2255 330 2282 mordaci
350 2258 499 2281 scotnmatc
522 2261 572 2288 per
585 2258 774 2288 contemptum
791 2252 929 2280 vocabant
945 2261 978 2286 μη

1038 2253 1129 2286 φόνον,
1155 2258 1182 2280 et
1201 2255 1404 2289 φρατριάρχην,
1421 2255 1533 2281 tertium
1557 2254 1718 2290 Gregorium
1744 2262 1839 2290 proto-

209 2300 349 2336 syngclttm
367 2320 374 2332 ,
400 2300 445 2334 qui
464 2300 516 2327 fuit
532 2308 546 2327 a
567 2299 790 2328 confessionibus
809 2300 923 2327 Joannis
941 2300 1084 2334 Palaaologi
1111 2302 1285 2335 inperatoris
1301 2321 1309 2333 .
1341 2308 1368 2329 et
1392 2302 1481 2328 tenuit
1506 2302 1596 2328 locum
1617 2302 1793 2330 Alexandrini
1811 2304 1838 2331 in

209 2347 324 2383 synodo.
343 2347 374 2373 lli
394 2354 490 2375 omnes
504 2342 617 2374 fuerunt
630 2355 661 2373 ex
677 2347 804 2374 l’atribus
820 2347 942 2379 concilii,
960 2347 1006 2380 qui
1026 2347 1266 2382 snhseripserant,
1281 2353 1308 2375 et
1325 2354 1538 2383 permanserunt
1553 2354 1712 2377 constantes
1731 2350 1757 2376 in
1771 2358 1838 2376 con-

210 2394 303 2422 cordia
322 2399 349 2421 ct
369 2394 471 2421 unione
490 2402 552 2422 cum
567 2393 688 2420 Ecclesia
708 2393 840 2420 Romana.
860 2393 945 2420 Porro
968 2393 1002 2420 de
1018 2393 1151 2428 Gregorio
1168 2395 1362 2430 protosyngelo
1382 2403 1440 2421 ἀπο
1459 2395 1540 2422 fuerit
1559 2396 1684 2429 primus,
1706 2397 1763 2423 sive
1782 2401 1840 2423 ter-

211 2443 275 2473 tius,
296 2442 347 2468 hoc
360 2446 465 2468 certum
481 2446 534 2472 est,
546 2448 608 2468 eum
623 2445 720 2474 sponte
736 2441 854 2467 cessisse
873 2440 1065 2474 patriarchatu
1078 2459 1085 2472 ,
1099 2446 1127 2467 ct
1143 2449 1175 2467 eo
1190 2449 1304 2468 munere
1327 2441 1470 2476 dignitatis
1499 2450 1528 2469 se
1553 2443 1706 2474 abdicasse,
1732 2444 1787 2470 imo
1813 2448 1841 2470 ct

210 2491 303 2517 ltomze
319 2497 348 2516 se
362 2488 508 2522 recepisse.
529 2495 560 2514 ac
575 2487 744 2514 inhabitasse
759 2487 957 2513 monasterium
978 2487 1008 2514 S.
1026 2487 1136 2521 Georgii
1153 2487 1180 2514 in
1206 2487 1322 2514 Velabro
1335 2509 1343 2519 ,
1361 2495 1447 2522 prope
1479 2488 1579 2515 Forum
1613 2489 1754 2516 Boarium.
1783 2489 1841 2518 lloc

211 2541 298 2562 totum
313 2534 427 2568 contigit
443 2538 566 2567 tempore
579 2532 683 2559 Nicolai
699 2532 728 2564 ν,
744 2533 791 2567 qui
807 2533 888 2558 etiam
902 2533 999 2559 scribit
1016 2532 1050 2558 ad
1069 2532 1278 2560 Constantinum
1299 2537 1468 2566 postremum
1488 2534 1698 2568 imperatorem,
1722 2540 1751 2562 et
1771 2543 1837 2561 eum

213 2582 350 2613 hortatur,
368 2584 398 2607 ut
417 2579 558 2614 proprium
572 2578 768 2613 patriarehatn,
783 2585 836 2605 non
854 2583 882 2605 ttt
900 2580 1048 2613 quemdam
1065 2578 1186 2612 aliquem
1204 2580 1294 2606 tenuis
1306 2579 1425 2607 fortunm
1445 2581 1616 2608 sacerdotem
1634 2581 1734 2608 misere
1749 2581 1839 2609 rit-ere

211 2630 306 2662 sitiat,
323 2629 371 2656 sed
401 2634 431 2655 ut
459 2627 539 2654 decet
563 2634 660 2654 verum
689 2627 873 2661 patriarchatn
895 2626 1244 2661 Constantinopolitanum,
1275 2635 1449 2662 summopere
1469 2628 1520 2662 ipsi
1545 2627 1766 2655 commendando
1795 2635 1839 2656 ro-

212 2682 267 2712 gatl
284 2681 314 2703 ut
327 2683 391 2704 ettm
406 2675 496 2703 redire
511 2674 544 2701 ad
563 2682 643 2702 suutn
662 2675 792 2701 tltronum
807 2679 886 2702 curet
904 2683 912 2702 :
927 2674 1010 2709 eique
1032 2683 1143 2702 reverso
1161 2675 1255 2703 cuncti
1281 2675 1416 2703 honoretn
1432 2680 1460 2702 et
1474 2676 1662 2704 obedientiam
1679 2676 1836 2706 exhibeant.

212 2724 344 2752 Eumdem
358 2723 450 2750 ferttnt
473 2725 535 2756 post
550 2721 654 2748 obitum
671 2720 919 2756 θαυματουργῆσχι
931 2739 938 2751 .
953 2721 1073 2748 edidisse
1090 2721 1234 2748 miracula.
1251 2721 1287 2749 De
1303 2722 1399 2750 codetn
1414 2723 1558 2759 Gregorio.
1575 2725 1609 2753 de
1626 2726 1731 2754 lsidoro
1755 2727 1839 2754 etiam

213 2771 402 2798 Ruthcnornm
418 2769 553 2800 antistite,
570 2773 596 2795 et
613 2768 777 2796 Bessarione
795 2769 836 2796 sic
853 2769 953 2796 scribit
967 2768 1033 2795 Pius
1050 2770 1189 2796 secundus
1205 2769 1275 2797 libro
1292 2778 1318 2797 x1
1340 2771 1368 2798 in
1384 2772 1441 2798 suis
1458 2772 1680 2807 Commentariis,
1693 2775 1766 2801 circa
1787 2779 1842 2802 tcr-

214 2817 277 2844 tiam
295 2821 398 2851 partem
415 2816 501 2844 libri:
518 2826 527 2842 ι
552 2816 630 2844 llunc
650 2824 752 2843 annum
770 2817 821 2844 viri
834 2837 836 2839 .
849 2821 905 2844 tres
925 2816 951 2843 in
978 2816 1101 2844 Ecclesia
1127 2817 1318 2851 przecellentes
1337 2819 1474 2854 insignem
1497 2821 1648 2849 morientes
1671 2822 1838 2849 reddidere:

215 2861 321 2896 primus
335 2861 384 2890 fuit
398 2861 518 2891 lsidorus
535 2862 682 2890 cardinalis
697 2862 842 2897 episcopus
857 2861 1031 2896 S'lbinCIlSiS,
1047 2863 1094 2898 qui
1117 2863 1164 2892 diu
1179 2869 1259 2892 antea
1279 2872 1430 2900 percussus
1453 2867 1596 2902 apoplcxia
1611 2867 1770 2901 perdiderat
1781 2875 1840 2895 scr-

275 2917 287 2924 ρ
