1920 3063
141 124 196 156 453

713 122 923 154 ENCYCLICA
944 123 995 152 AD
1013 119 1180 152 ϐΒιΕϐΟδ.

1707 117 1761 150 451.

142 181 333 213 ἐκλειπόντων,
350 180 394 207 διὰ
407 180 465 215 τὴνὶ
482 178 529 208 τοῦ
547 181 644 215 γένους
660 180 793 212 δουλείαν,
813 180 861 207 καὶ
874 179 922 213 τὴν

981 177 1018 206 ob
1032 177 1122 213 gentis
1142 176 1303 204 servitutem
1317 180 1345 202 et
1361 173 1547 209 ejuscomitem
1563 177 1761 208 paupertatem,

140 226 210 262 αὐτῇ
226 227 365 262 ξπομένην
377 235 405 254 τε
421 227 468 254 καὶ
481 227 613 254 συνοῦσαν
628 227 733 258 πενίαν,
749 226 836 257 οὐδεὶς
849 225 926 259 λόγος

142 273 249 307 σοφίας,
262 273 504 308 οὐδεμίαηζήτησις
523 274 688 308 ἐπιστήμης.
714 273 812 307 ’Δρετὴ
823 272 852 299 δὲ
862 273 926 307 ὁση-

141 327 195 354 περ
211 319 251 350 είς
265 319 295 345 τὸ
310 317 375 354 ἦθος
390 319 484 351 τείνει,
510 319 556 345 καὶ
571 318 669 350 καλοὺς
689 318 827 351 κάγαθοὺς
842 318 922 352 ἀπερ-

140 365 255 398 γάζεται
280 365 343 396 τοὺς
360 365 555 398 κεκτημένους,
580 364 648 399 αὕτη
680 364 708 390 δὲ
739 363 815 398 μένει
830 370 860 388 τε
879 362 927 388 καὶ

144 410 260 445 μείνειεν
276 410 315 441 είς
330 410 373 437 ἀεὶ
388 411 464 446 παρὰ
476 419 507 445 γε
529 411 584 441 τοῖς
597 411 753 445 ἡμετέροις.
771 409 818 440 Τίς
835 408 926 435 τοίνυν

142 457 216 482 oti-ria
230 456 275 482 τοῦ
287 456 324 483 τὰ
339 457 394 492 ἡθη
412 457 548 492 χρηστοὺς
563 456 652 489 ὂντας,
671 457 718 483 καὶ
739 456 847 490 σοφίαν,
878 455 926 481 καὶ

142 502 239 536 ἀρχὴν,
256 502 302 529 καὶ
318 503 368 537 τὴν
383 502 539 537 ἐλευθερίαν
556 502 641 538 αὐτὴν
658 502 806 535 attenuat;
824 501 855 528 οὐ
871 501 927 535 γὰρ

137 547 174 582 δὴ
189 547 257 582 τύχη
273 556 314 578 τε,
332 549 378 574 καὶ
392 548 422 574 τὸ
436 548 600 582 αὐτόματον,
627 547 682 574 οὐδ’
698 548 715 582 ἡ
741 547 856 577 ἇστατος
873 545 926 572 τῶν

142 593 314 627 πραγμάτων
332 593 379 628 ῥοὴ
391 613 399 624 ,
419 593 466 620 καὶ
483 593 513 620 τὺ
541 594 581 626 ὡς
599 593 688 627 ἔτυχε
713 593 763 628 τὴν
791 592 927 626 τοσαύτην

139 639 209 672 ἡμῖν
238 639 372 673 ἐπήνεγκε
398 639 565 673 δυστυχίαν
590 639 615 666 εί
645 639 682 673 μή
698 647 740 670 τις
760 637 841 664 οίοιτο
859 638 925 672 μηδὲ

140 684 300 711 διοικεῖσθαι
317 685 350 711 τὰ
373 684 437 711 ὄντα
462 684 523 720 θεία
539 685 665 720 Προνοίᾳ,
691 684 705 710 ὃ
737 684 785 710 καὶ
798 683 925 718 ὲννοῆσαι

139 730 241 757 ἄτοπον
248 748 255 755 .

178 819 216 846 Οὐ
234 819 288 855 μὴν
304 820 365 846 οὐδὲ
388 820 418 846 τὸ
434 819 489 846 τῶν
506 819 651 854 ἁμαρτιῶν
671 819 766 854 βάρος,
784 819 832 846 καὶ
858 817 927 852 πλῆ-

981 223 1057 250 nulla
1073 222 1143 249 ratio
1155 221 1271 248 habetur
1288 219 1439 254 sapientiae,
1466 219 1539 245 nulla
1556 219 1689 245 bonarum
1719 226 1763 245 ar-

982 269 1052 296 tium
1067 267 1223 303 inquisitio.
1258 265 1352 293 Virtus
1366 272 1449 300 porro
1465 271 1526 299 quin
1541 264 1574 291 ad
1589 272 1680 292 mores
1697 272 1765 298 spc-

980 318 1046 345 ctat.
1075 321 1193 348 quasque
1219 313 1321 348 probos
1346 315 1377 338 et
1405 310 1545 343 honestos,
1572 317 1606 337 ea
1637 310 1765 344 praeditos

978 359 1073 391 edicit,
1089 360 1145 394 ipsa
1157 364 1239 386 certe
1270 356 1342 392 apud
1372 361 1481 383 nostros
1493 360 1645 390 permanet,
1667 360 1698 382 et
1712 355 1772 382 uti-i

980 413 1043 432 natu
1073 410 1208 440 perpetrm
1237 409 1407 439 perseveret.
1427 402 1495 436 Quid
1511 402 1596 436 igitur
1609 409 1698 429 causae
1711 406 1763 433 est,

980 458 1030 478 cur
1062 450 1155 486 probi,
1182 451 1344 485 optimeque
1363 450 1461 476 morati
1496 453 1523 476 et
1541 448 1718 484 sapientiam,
1736 453 1765 475 et

980 497 1137 533 imperium,
1157 502 1238 532 atque
1267 497 1349 524 etiam
1376 496 1463 531 ipsam
1489 495 1645 522 libertatem
1660 495 1765 520 amise-

980 543 1059 572 rint?
1084 543 1143 571 Non
1159 543 1232 570 enim
1253 542 1374 576 proiecto
1391 542 1501 569 fortuna
1520 545 1547 568 et
1564 548 1644 568 casus
1658 547 1764 583 rerum-

980 598 1033 626 que
1051 590 1185 617 inslabilis
1199 590 1298 620 fluxus,
1311 593 1336 616 et
1351 588 1424 622 quod
1442 588 1528 618 aiunt,
1542 592 1570 614 ut
1580 587 1676 619 euenit,
1693 586 1765 613 hanc

981 641 1082 664 tantam
1101 636 1282 666 calamitatem
1299 635 1378 662 nobis
1390 633 1506 661 induxit.
1525 633 1582 661 Nisi
1611 633 1673 668 quis
1705 632 1764 660 exi-

981 683 1085 713 stimet.
1103 689 1137 709 ne
1165 681 1310 716 gubernari
1340 681 1449 715 quidem
1472 679 1562 707 divina
1576 678 1762 709 Providentia,

979 735 1040 762 qua:
1054 727 1080 753 in
1110 733 1200 753 rerum
1216 730 1311 752 natura
1325 725 1473 756 exsistunt,
1496 724 1569 758 quod
1588 723 1629 750 vel
1643 723 1763 758 cogitare

981 771 1128 799 absurdum
1145 774 1199 798 est.

1015 818 1097 852 Atqui
1112 825 1200 852 neque
1219 823 1393 852 peccatorum
1431 814 1543 850 ponderi
1572 821 1604 842 ac
1639 813 1763 841 multitu-

142 865 188 897 θος
199 865 223 900 (ὅ
238 874 310 898 τινες
328 865 418 895 καλῶς
434 865 535 900 τρόπον
553 865 633 892 ἄλλον
648 865 801 896 ποιοῦντες,
820 865 868 891 καὶ
881 872 922 890 τα-

981 863 1039 891 dini
1054 866 1125 898 (qua:
1141 863 1264 890 nonnulli
1280 862 1430 890 secundum
1440 862 1519 888 aliam
1534 862 1667 888 rationem
1686 863 1765 887 recte

143 911 224 938 πεινὰ
238 912 302 946 περὶ
324 911 428 938 ἑαυτῶν
442 911 615 946 φρονοῦντες,
642 911 679 942 ὡς
693 911 734 937 δεῖ
749 911 839 944 λέγειν
863 910 925 936 εἱώ-

138 957 230 992 θασι),
241 957 289 983 καὶ
303 957 358 983 τῶν
374 957 518 991 παρόντων
534 957 600 992 ἡμῖν
612 956 705 982 κακῶν
719 955 869 983 αἰτιᾶσθαι.
884 956 923 982 οὐ

146 1004 196 1038 γὰρ
213 1002 312 1038 μᾶλλον
329 1002 408 1036 ἡμεῖς
422 1002 439 1037 ἢ
459 1003 493 1028 τὰ
509 1002 589 1028 λοιπα
606 1002 660 1029 τῶν
677 1002 858 1037 Χριστιανῶν,
873 1001 925 1028 ὅσα

141 1040 359 1083 εύδαιμονοῦσιν,
376 1048 452 1082 ἔθνη,
472 1049 532 1079 ταῖς
557 1048 636 1078 ἰδίαις
649 1048 695 1074 τὸν
713 1047 779 1074 Θεὸν
793 1047 924 1082 παροργί-

142 1092 225 1126 ζομεν
243 1093 391 1128 ἁμαρτίαις
406 1101 412 1109 ·
429 1093 537 1128 εἴρηται
547 1093 601 1127 γὰρ
611 1093 655 1127 δὴ,
668 1095 714 1120 καὶ
726 1092 833 1127 ἀληθῶς
847 1094 924 1126 εῐρη-

142 1146 197 1169 ται,
213 1139 249 1165 τά
259 1138 285 1171 γ’
303 1139 332 1164 ἐν
349 1140 405 1169 τοῖς
423 1138 500 1174 ἡθεσι
516 1142 579 1170 τοὺς
590 1138 739 1174 ἡμετέρους
751 1138 874 1174 μηδένων
886 1135 924 1164 εἷς

142 1192 185 1210 ναι
204 1183 324 1219 χείρους,
341 1183 399 1210 ἐστι
411 1183 433 1209 δ’
452 1180 490 1210 ὧν
507 1185 556 1211 καὶ
572 1183 704 1219 βελτίους.

177 1268 349 1310 Εὖλαϐητέον
376 1272 423 1301 οὖν
442 1275 577 1310 μήποτεὴ
597 1274 647 1307 τῆς
672 1274 801 1308 ἀληθείας
815 1275 863 1308 τῆς
881 1273 924 1301 πί-

142 1329 227 1352 στεως
242 1321 375 1355 ὲκτροπὴ,
390 1321 406 1356 ἢ
420 1321 473 1347 τῶν
490 1321 577 1356 ὀρθῶν
592 1320 736 1355 δογμάτων
762 1321 887 1355 ἀμέλεια,
908 1321 924 1354 ἡ

96 1375 107 1383 -
140 1366 195 1393 ἀπὸ
210 1366 260 1401 τῆς
272 1366 418 1400 καθολικῆς
435 1366 599 1402 Ἑκκλησίας
611 1367 742 1401 διαίρεσις
752 1367 805 1392 τῶν
821 1374 925 1400 συμφο-

142 1412 198 1447 ρῶν
223 1412 327 1438 τούτων
342 1413 409 1447 ἡμῖν
424 1413 594 1447 ἐχρημάτισε
627 1414 728 1446 μήτηρ.
750 1412 852 1438 Τούτου
871 1412 924 1446 γὰρ

140 1456 174 1492 δὴ
187 1457 233 1483 τοῦ
250 1457 336 1484 κακοῦ
351 1455 438 1492 ἦρξαν
455 1457 507 1491 μιν
521 1466 594 1489 τινες
610 1457 664 1483 τῶν
680 1457 823 1492 ἡμετέρων
834 1456 868 1483 δι’
888 1457 925 1483 oi-

140 1504 220 1531 κείαν
239 1503 405 1535 αὐθάδειαν,
428 1504 514 1539 ἀρχὴν
541 1503 647 1534 ἑαυτοῖς
665 1503 850 1529 ἀνυπεύθυνον
866 1503 925 1529 ἐπι-

141 1550 288 1584 κτώμενοι,
299 1551 448 1587 μμετέσχον
478 1550 506 1576 δὲ
522 1550 568 1575 καὶ
583 1549 608 1575 οί
627 1549 865 1583 ὲπιγεγενημένοι,
893 1548 924 1575 οὐ

140 1594 176 1621 δι’
191 1595 295 1621 οίκείαν
312 1594 475 1630 μοχθηρίαν,
494 1594 561 1620 ἀλλὰ
571 1590 621 1619 ista;
632 1593 682 1627 τὴν
693 1593 748 1619 τῶν
763 1593 925 1627 φθασάντων

142 1640 190 1666 καὶ
216 1641 280 1670 τοὺς
306 1640 438 1674 πονηρίαν
466 1639 517 1674 τῆς
545 1639 635 1674 λώϐης
663 1639 872 1673 πεπειραμένοι,
891 1639 925 1674 ἢν

140 1683 343 1710 ἁπολούσασθαί
362 1693 438 1716 ποτε,
467 1685 512 1710 καὶ
533 1683 681 1710 ἀποθέσθαι
693 1685 757 1715 τοὺς
770 1684 798 1710 εὖ
813 1692 844 1717 γε
859 1693 925 1718 φρο-

142 1729 256 1760 νοῦντας
269 1730 316 1755 καὶ
332 1730 471 1764 προσῆκόν
489 1731 558 1761 ἐστι,
579 1729 625 1755 καὶ
646 1731 778 1765 σωτήριον
794 1730 862 1764 ἅμα.
879 1729 924 1756 Διὸ

142 1776 190 1801 καὶ
204 1775 286 1809 ὑμᾶς,
297 1774 407 1808 ἀδελφοὶ
420 1776 467 1802 καὶ
482 1775 535 1801 υἱοὶ
552 1777 580 1801 ὲν
593 1776 664 1810 ἁγίῳ
679 1777 816 1810 Πνεύματι
833 1776 924 1802 ποθει-

139 1821 258 1851 νὸτατοι,
275 1820 428 1855 παρακαλῶ
453 1828 492 1851 τε,
504 1821 552 1847 καὶ
565 1822 670 1855 δέομαι,
689 1822 732 1847 ἶνα
749 1823 822 1856 πάσῃ
839 1830 924 1847 σπου-

140 1867 171 1900 δῇ
190 1875 221 1892 τι
237 1867 283 1893 καὶ
313 1866 412 1902 μελέτῃ
427 1867 531 1897 ἑαυτοῖς
547 1867 596 1900 τὴν
621 1867 740 1902 ἀρχαίαν
763 1866 923 1899 ἀνασώσητε

139 1912 344 1946 εὐγένειαν,τὴν
357 1911 440 1938 πάλαι
456 1912 520 1938 ποτὲ
536 1912 660 1938 εὔκλειαν
673 1911 922 1945 ἑπανακαλέσησθε,

140 1957 188 1984 καὶ
201 1959 256 1988 τοῖς
271 1958 395 1992 ἀρχαίοις
408 1957 579 1988 διδασκάλοις
594 1957 673 1992 ἡμῶν
697 1957 743 1983 καὶ
761 1957 848 1990 ἁγίοις
867 1957 923 1982 Πι-

139 2003 237 2038 τράσιν
252 2004 382 2037 ἑπόμενοι
399 2001 446 2039 (ὧν
459 2005 476 2039 ἡ
490 2004 558 2038 αὐτή
575 2012 603 2030 τε
623 2004 671 2039 τῆς
693 2003 808 2035 πίστεως
825 2003 922 2038 ὁμολο-

139 2049 199 2082 γία,
213 2050 230 2084 ἡ
247 2050 316 2084 αὑτὴ
345 2050 395 2083 τῆς
410 2050 551 2081 εὐσεϐείας
566 2050 626 2076 ἐστὶ
640 2049 808 2080 διδασκαλία,
831 2050 864 2083 ἡν
877 2051 923 2076 καὶ

139 2094 157 2128 ὴ
173 2093 316 2128 Ῥωμαίων
347 2094 394 2120 νῦν
413 2094 560 2128 Ἐκκλησία.
586 2094 713 2128 ὁμολογεῖ
739 2094 785 2120 καὶ
799 2094 922 2129 κατέχει)

139 2139 201 2170 τοὺς
227 2139 374 2173 νεωτέρους
388 2139 419 2173 δὴ
436 2138 558 2171 τούτους,
576 2140 623 2166 καὶ
639 2141 701 2171 τοὺς
714 2139 762 2165 τοῦ
784 2139 922 2166 ἀπευκτοῦ

975 910 1110 938 facientes
1124 914 1150 937 et
1164 910 1280 937 humilia
1297 909 1330 936 de
1354 916 1394 940 se,
1412 913 1440 934 ut
1455 915 1503 942 par
1512 912 1570 938 est,
1598 906 1761 942 sentientes,

974 956 1066 984 dicere
1076 954 1286 990 consiteverunt)
1300 962 1382 982 causa
1395 953 1540 980 tribuenda
1552 957 1602 980 est.
1616 953 1674 980 Non
1688 952 1762 979 enim
1790 971 1793 974 .

974 1001 1061 1036 magis
1086 1009 1134 1029 nos
1162 1008 1244 1035 quam
1270 1005 1376 1028 caetera;
1406 999 1626 1028 Christianorum
1656 1003 1762 1033 gentes,

974 1054 1145 1082 quaacnnque
1163 1047 1279 1074 feliciter
1289 1050 1383 1081 agunt,
1404 1045 1523 1080 propriis
1546 1045 1628 1072 Deum
1643 1044 1763 1080 peccatis

974 1092 1131 1120 irritantus:
1148 1092 1249 1119 dictum
1278 1096 1323 1119 est
1348 1092 1435 1123 enim,
1452 1098 1487 1117 ac.
1509 1098 1571 1117 vere
1587 1090 1690 1117 dictum
1707 1095 1762 1121 est.

974 1137 1047 1172 quod
1062 1141 1165 1171 spectat
1192 1137 1225 1164 ad
1243 1144 1343 1169 mores,
1360 1138 1444 1164 nostri
1473 1144 1526 1163 non
1555 1140 1620 1165 sunt
1644 1136 1762 1163 deterio-

975 1190 1028 1214 nes,
1057 1191 1139 1217 quam
1174 1182 1340 1217 reliquarum
1353 1182 1503 1215 nationum,
1520 1182 1682 1217 quibusdam
1698 1190 1762 1210 vero

974 1234 1001 1255 et
1015 1228 1229 1262 praestantiores.
1537 1221 1543 1228 ”

1007 1273 1095 1307 Igitur
1114 1273 1270 1299 cavendum
1283 1277 1325 1300 est
1342 1281 1374 1299 nc
1388 1274 1460 1299 forte
1475 1280 1489 1298 a
1505 1273 1619 1300 veritate
1637 1273 1698 1299 fidei
1714 1273 1762 1301 de-

975 1318 1096 1351 clinatio,
1118 1323 1256 1346 rectorum
1280 1319 1436 1354 dogmatum
1453 1319 1630 1353 negligentia,
1649 1319 1683 1346 ab
1711 1319 1761 1346 Ec-

974 1364 1058 1392 clesia
1073 1364 1210 1391 catholica
1227 1364 1337 1396 divisio,
1354 1365 1451 1391 harum
1481 1365 1667 1392 calamitatum
1681 1365 1762 1392 nobis

973 1410 1052 1444 origo
1078 1410 1243 1438 exstiterint.
1264 1410 1349 1446 Hujus
1376 1412 1449 1437 enim
1468 1411 1530 1437 mali
1556 1411 1681 1438 nonnulli
1697 1419 1762 1439 nos-

976 1459 1081 1482 trorum
1100 1461 1227 1483 auctores
1242 1457 1354 1483 fuerunt
1366 1456 1400 1483 ob
1410 1457 1594 1491 arrogantiam
1609 1459 1759 1492 propriam,

977 1502 1024 1537 qui
1037 1502 1087 1530 sibi
1104 1502 1286 1537 principatum
1316 1503 1382 1530 nulli
1395 1504 1547 1539 subjectum
1563 1504 1760 1531 nancisceban-

973 1551 1033 1580 'ttrr,
1060 1547 1206 1582 participes
1233 1555 1298 1574 vero
1329 1548 1442 1574 fuerunt
1461 1548 1543 1575 etiam
1574 1549 1686 1583 posteri,
1701 1557 1755 1576 non

976 1593 1086 1628 quidem
1117 1593 1153 1620 ob
1171 1593 1310 1628 proprium
1344 1594 1452 1625 vitium,
1470 1595 1518 1621 sed
1547 1599 1660 1629 propter
1682 1596 1761 1622 mali-

976 1639 1042 1666 tiam
1076 1646 1172 1666 eorum
1191 1639 1236 1673 qui
1269 1646 1317 1666 eos
1344 1645 1563 1672 antecesserunt,
1582 1641 1652 1668 hanc
1670 1641 1771 1669 labem’

974 1685 1080 1720 experti
1093 1691 1167 1717 sunt.
1181 1693 1261 1721 quam
1272 1686 1419 1720 prudentes
1431 1686 1542 1715 abluere
1553 1687 1710 1722 aliquando,
1727 1696 1760 1716 ac

975 1732 1123 1766 deponere,
1143 1736 1170 1758 et
1187 1736 1399 1759 consentaneum
1414 1737 1456 1759 est
1478 1733 1558 1760 simul
1575 1737 1603 1760 et
1630 1735 1756 1762 salutare.

974 1777 1105 1810 Quocirca
1134 1777 1215 1805 etiam
1235 1786 1283 1805 vos
1303 1779 1400 1806 fratres
1411 1784 1439 1807 et
1465 1779 1533 1807 filios
1548 1780 1575 1806 in
1589 1785 1682 1807 sancto
1696 1781 1760 1816 Spi-

976 1827 1003 1849 tu
1031 1822 1279 1850 desideratissimos
1307 1831 1382 1859 rogo,
1412 1829 1440 1852 et
1467 1825 1591 1858 obsecro,
1621 1831 1650 1853 ut
1681 1827 1756 1854 muni

975 1868 1065 1895 studio
1079 1873 1108 1896 et
1121 1877 1185 1896 cura
1204 1870 1344 1904 antiquam
1371 1870 1450 1898 vobis
1476 1871 1647 1899 nobilitatem
1675 1880 1756 1900 recu-

975 1913 1086 1946 peretis.
1115 1914 1300 1948 etantiquum
1330 1915 1504 1949 splendorem
1523 1917 1667 1950 revocelis,
1682 1919 1756 1945 anti-

974 1965 1043 1992 quos
1060 1959 1187 1986 doctores
1204 1965 1314 1987 nostros
1345 1964 1375 1987 et
1407 1965 1517 1988 sanctos
1548 1962 1642 1990 Patres
1669 1964 1755 1992 seculi

975 2003 1104 2036 (quorum
1121 2004 1216 2030 eadem
1233 2004 1370 2038 professio
1390 2004 1462 2036 ﬁdei,
1480 2005 1575 2032 eadem
1592 2007 1701 2040 pietatis
1714 2014 1757 2035 est

973 2045 1109 2079 doctrina,
1126 2055 1207 2082 quam
1221 2049 1303 2075 etiam
1320 2055 1394 2076 nunc
1410 2049 1532 2077 Romana
1550 2050 1672 2078 Ecclesia
1690 2059 1759 2086 pro-

975 2090 1066 2118 ﬁtetur
1090 2096 1117 2119 et
1134 2093 1231 2127 tenet),
1258 2093 1309 2120 bos
1327 2094 1504 2127 recentiores,
1532 2100 1560 2122 et
1594 2099 1753 2124 ersccrandi

973 2137 1138 2168 schismatis,
1154 2137 1326 2174 diuidiique.
1345 2139 1529 2168 Ecclesiarum
1563 2142 1609 2170 Dei
1629 2148 1756 2171 auctores

139 2184 193 2210 τῶν
206 2184 253 2210 τοῦ
272 2184 340 2210 Θεοῦ
353 2183 521 2217 Ἐχκλησιῶν
540 2184 686 2218 σχίσματος
703 2187 862 2218 γενομένους
878 2185 922 2212 al-

975 2182 1150 2213 aversemini,
1162 2187 1190 2210 et
1206 2184 1338 2219 synodum
1352 2184 1497 2213 Florentia:
1508 2182 1674 2215 celebratam
1692 2189 1755 2216 reli-

139 2229 222 2260 τίους,
236 2229 444 2262 ἁποστραφήτε,
467 2228 514 2254 καὶ
530 2227 578 2261 τὴν
600 2229 628 2253 ὲν
642 2227 795 2262 Φλωρεντίᾳ
808 2228 920 2262 γενομέ-

114 2283 119 2288 ι
140 2281 188 2308 νην
199 2272 307 2298 σύνοδον
320 2272 438 2302 εὐλαϐῶς
455 2280 484 2298 τε
499 2271 676 2305 ὑποδέξησθε,
691 2272 738 2298 καὶ
751 2273 783 2297 tit
800 2273 858 2297 ἐκεῖ
872 2272 919 2298 τοῦ

140 2317 212 2344 θείου
226 2317 383 2351 Πνεύματος
397 2317 601 2351 συνεργοῦντος,
615 2317 685 2350 ὑπὲρ
696 2317 776 2342 αὑτοῦ
790 2317 918 2351 δεδογμέ-

141 2373 184 2395 να,
199 2362 360 2396 ἀσπάσησθέ
375 2371 404 2388 τε
422 2363 468 2388 καὶ
484 2363 631 2396 ’πιστεύητε
654 2363 700 2389 καὶ
716 2363 805 2397 ὑμεῖς.
824 2362 920 2388 Πολλοὶ

139 2410 198 2435 ἐκεῖ
212 2409 258 2435 καὶ
274 2409 352 2435 καλοὶ
367 2408 572 2442 κατεῦλήθησαν
586 2409 657 2443 ὑπὲρ
674 2408 769 2434 τούτου
788 2409 835 2434 τοῦ
856 2408 919 2441 65y-

143 2463 226 2490 ματος
243 2454 324 2488 λόγοι.
351 2454 439 2480 Πιλλά
463 2453 632 2488 ἑκατέρωθεν
645 2455 694 2487 τῆς
706 2454 806 2484 οἰκείας
824 2462 920 2480 συστα-

139 2501 202 2526 τικὰ
215 2500 292 2534 δόξης
310 2500 426 2534 εἴρηται.
443 2499 525 2530 Τέλος
542 2499 650 2533 ἐνίκησε
676 2500 753 2534 παρὰ
767 2500 845 2530 πᾶσι,
874 2499 918 2525 τὸν

141 2547 249 2580 Πατέρα
262 2545 366 2572 καὶτὸν
384 2545 446 2571 Υίὸν
468 2546 532 2579 μίαν
545 2545 632 2579 ἀρχὴν
648 2543 719 2571 εἶναι
732 2546 779 2571 τοῦ
792 2545 918 2579 Πνεῦμα-

139 2601 194 2624 τοξ,
220 2593 267 2617 καὶ
281 2587 318 2624 ἐξ
334 2592 435 2625 ἀμφοῖν
451 2591 516 2617 αὐτὸ
539 2591 577 2622 ὡς
595 2591 624 2623 ἐξ
638 2591 698 2622 te;
722 2591 917 2625 ἐκπορεύεσθαι

140 2637 305 2672 προὸολέως,
330 2637 429 2663 Πολλαὶ
443 2638 496 2663 τῶν
524 2637 610 2670 ἁγίων
632 2637 680 2663 καὶ
694 2637 871 2670 διδασκάλων,
885 2638 916 2664 οὐ

141 2683 221 2717 μόνον
232 2682 286 2707 ¹τῶν
294 2681 426 2713 Δυτικῶν,
435 2681 504 2707 ἀλλὰ
517 2681 628 2707 καὶτῶν
638 2682 666 2708 ’Δ
672 2682 820 2708 νατολικῶν
831 2691 859 2708 τε
870 2683 918 2708 καὶ

138 2727 278 2762 ἡμετέρων
299 2726 505 2762 προηνέχθησαν
521 2728 669 2762 μαρτυρίαι
683 2726 761 2753 τοῦτο
777 2727 914 2763 δηλοῦσαι·

140 2773 246 2804 πολλοῖς
274 2773 406 2799 δέδεικται
432 2772 580 2807 λογισμοῖς.
611 2773 656 2807 Μὴ
687 2774 740 2808 γὰρ
763 2774 914 2808 ἀτημελῶς,

138 2819 254 2852 ἀδελφοὶ,
266 2819 302 2854 μὴ
316 2819 471 2853 παρέργως,
481 2811 544 2853 περὶ
554 2819 584 2845 τὸ
595 2819 722 2845 τοσοῦτον
733 2819 916 2855 προσηνέχθη-

437 2876 459 2889 \

971 2228 1046 2261 giose
1067 2229 1235 2262 suscipiatis.
1250 2229 1282 2256 Et
1298 2238 1359 2265 quae
1376 2231 1413 2258 ibi
1428 2233 1521 2259 divino
1536 2233 1637 2268 Spiritu
1654 2243 1754 2270 coope-

971 2278 1049 2300 rante
1082 2281 1130 2307 pro
1146 2276 1205 2309 ipso
1233 2277 1337 2303 sancita
1367 2282 1441 2307 sunt,
1475 2279 1684 2313 amplectimini,
1721 2287 1749 2308 et

970 2327 1018 2346 vos
1031 2321 1145 2347 credite.
1166 2321 1254 2348 Multa:
1268 2322 1304 2348 ibi
1320 2329 1348 2350 et
1363 2325 1478 2358 egregiae
1496 2333 1551 2359 prO‘
1562 2326 1613 2353 hoc
1624 2326 1752 2361 dogmate

966 2364 1045 2398 jacue
1072 2370 1136 2392 sunt
1153 2369 1229 2400 quasi
1257 2367 1435 2396 fundamenta
1453 2370 1592 2397 rationes:
1617 2372 1702 2398 multa
1717 2380 1758 2400 ex

969 2415 1087 2444 utraque
1100 2416 1176 2444 parte
1191 2412 1263 2438 dicta
1278 2418 1352 2445 sunt,
1367 2422 1426 2447 quae
1438 2415 1578 2450 propriam
1592 2417 1749 2451 opinionem

969 2456 1208 2483 conuuendabant.
1227 2458 1345 2484 Tandem
1361 2459 1425 2485 \icil.
1440 2460 1511 2494 apud
1530 2468 1625 2489 omnes
1642 2462 1748 2490 Patrcm

967 2501 1105 2529 etFilium
1120 2510 1204 2529 unum
1215 2510 1278 2530 esse
1309 2503 1475 2538 principium
1503 2505 1637 2540 Spiritus,
1667 2513 1695 2535 ct
1715 2516 1748 2535 cx

967 2547 1099 2573 ambobus
1115 2547 1204 2581 ipsunt
1220 2552 1347 2582 tanquam
1363 2549 1397 2575 ab
1421 2557 1475 2576 uno
1489 2551 1656 2584 productore
1686 2560 1749 2587 pro-

967 2592 1073 2618 cedere.
1093 2592 1174 2620 Multa
1190 2599 1349 2621 sanctorum
1365 2600 1393 2622 et
1407 2595 1550 2623 doctorum
1573 2605 1626 2624 non
1640 2602 1746 2626 tantum

966 2635 1195 2670 Occidentalium,
1211 2639 1259 2666 sed
1270 2639 1353 2666 etiam
1379 2639 1563 2668 Orientalium
1581 2648 1609 2670 et
1636 2649 1748 2672 nostro-

968 2689 1027 2708 rum
1044 2683 1174 2717 producta
1189 2689 1253 2711 sunt
1279 2685 1434 2713 testimonia
1465 2687 1522 2719 hoc,
1551 2689 1745 2725 significantia,

966 2729 1059 2756 multis
1072 2734 1209 2756 ostensum
1223 2735 1265 2757 est
1281 2731 1558 2761 considerationibus.
1574 2735 1642 2762 Num
1657 2738 1743 2766 enim.

966 2773 1075 2806 fratres.
1104 2775 1285 2810 negligenter,
1300 2785 1365 2804 num
1383 2779 1472 2807 obiter
1492 2780 1574 2807 circa
1592 2789 1649 2808 rem
1673 2783 1743 2810 tanti

966 2820 1094 2854 ponderis
1109 2828 1158 2848 nos
1181 2822 1380 2853 exhibuimus?
1407 2825 1521 2854 Multum
1538 2828 1739 2862 evigilat-imus,
