1920 3063
147 142 199 175 457

716 150 922 182 ENCYCLICA
942 152 995 184 AD
1016 154 1185 189 Gtt/ECOS.

1714 164 1768 197 458

142 199 341 236 ὸμοουσιότητα
356 204 527 239 παριστάνει,
543 206 559 240 ἢ
575 206 604 234 τδ
620 206 650 240 ἐξ
672 207 736 234 Υἱοῦ
759 208 929 242 πέμπεσθαι.

987 217 1043 237 sum
1056 210 1160 246 Spiritu
1169 213 1367 248 demonstrare,
1381 215 1421 243 vel
1438 223 1452 242 a
1466 215 1534 244 Filio
1549 217 1632 250 mitti,
1642 223 1671 246 et
1688 225 1768 254 quot-

142 246 190 272 καὶ
204 246 254 273 ὅσα
267 247 358 281 ὃμοια,
369 250 491 285 ἀράχνης
506 251 615 285 νήματα
624 252 699 285 ὅντα,
711 253 758 279 καὶ
769 254 850 287 ἡμεῖς
865 253 930 279 πολ-

143 290 222 323 λάκις
237 292 390 328 ἐδείξαμεν.
406 295 471 322 Ehe"
482 297 536 332 γὰρ
553 297 597 324 διὰ
617 298 648 324 τὸ
663 299 806 333 ὁμοοὺσιον
822 300 930 334 ἐλέγετο

142 337 256 372 Πνεῦμα
270 340 365 371 αὑτοῦ,
378 341 423 367 διὰ
435 342 465 368 τὸ
483 343 548 369 αὐτο
559 343 591 379 δὴ
606 344 684 370 τοῦτο
697 345 745 372 καὶ
762 346 777 372 ὸ
791 345 853 377 Υἱὸς
869 346 930 372 ἐλέ-

142 391 206 418 γετο
222 385 255 411 ἂν
270 387 317 412 τοῦ
338 387 506 422 Πνεύματος,
522 389 580 416 ἀλλ’
593 390 644 417 οὐκ
661 390 694 417 ἂν
709 391 800 426 εὕροις
810 392 929 427 οὐδαμοῦ

141 430 222 456 τοῦτο
232 437 240 447 ·
255 431 308 457 είτε
326 431 370 459 διὰ
382 433 411 459 τὸ
424 434 580 469 πέμπεσθαι
594 435 641 462 ὑπ’
656 436 750 470 αὑτοῦ,
766 437 834 472 πρὸς
851 439 930 473 ἡμῶν

142 474 157 500 ὸ
169 473 259 509 λόγος.
277 476 313 502 To
329 478 383 511 γὰρ
400 479 521 513 πέμπειν
543 481 576 515 δὴ
599 481 689 514 τοῦτο,
707 484 754 509 καὶ
782 483 929 518 πηγάζειν,

142 521 190 546 καὶ
219 521 381 555 ἁναϐλύζειν
404 526 619 559 προῦποτίθεται
644 528 693 563 τὴν
717 529 866 565 προϐολὴν,
884 530 930 556 καὶ

141 566 192 600 τὴν
204 567 319 603 οὐσιώὸη
335 570 461 605 πρόοδον,
477 573 524 598 καὶ
539 573 671 600 ἀδύνατον
689 575 812 608 πέμπειν
832 578 878 601 τὸν
892 577 930 610 μὴ

142 613 341 647 προϐάλλοντα,
358 616 466 649 πολλοῖς
481 618 618 654 πολλαχοῦ
645 615 812 653 καὶ’ίκανοῖς
829 622 931 654 ἐδείξα-

144 666 194 692 μεν
211 660 258 685 καὶ
275 661 354 694 ἡμεῖς
367 662 468 696 λόγοις.
490 663 577 691 Πολλὰ
590 666 640 699 μέν
650 665 696 692 οὖν
711 666 839 694 καὶ-ἄλλα
854 668 930 703 παρὰ

142 703 198 730 τῶν
213 705 356 741 ἡμετέρων
371 707 438 741 πρὸς
455 709 505 743 τὴν
519 710 569 744 τῆς
584 711 715 746 ἀληθείας
730 713 833 747 ταύτης
857 715 929 740 ἀπο-

143 751 233 784 φυγὴν
247 752 367 786 λέγεται,
382 754 458 782 οὐδὲν
489 756 557 787 ὅλως
574 757 703 792 ἰσχύοντα
713 767 723 773 ι
745 759 835 794 πολλῷ
852 759 874 786 δ’
889 760 930 787 ἔτι

143 796 229 823 πλείω
251 807 280 824 τε
296 800 341 824 καὶ
354 801 456 827 καλλίω
469 802 492 828 οῑ
506 803 539 837 τῇ
554 803 671 839 ἀληθείᾳ
683 805 876 839 συνιστάμενοι
887 806 931 833 λέ-

141 850 237 876 γουσι·
264 845 311 871 καὶ
326 846 415 872 πάντα
432 847 555 881 ἀκριϐῶς
575 849 656 883 ῐσμεν
682 850 751 884 πρὸς
775 851 838 882 τοὺς
853 852 932 879 ἐναν-

141 890 216 920 τίους
231 891 361 922 πολλάκις
375 893 580 928 ἀποδυσάμενοι
607 895 715 929 λόγους.
745 896 878 928 Ἐνταῦθα
902 898 931 925 δέ

141 935 229 961 διὰτὸ
254 936 343 971 μῆκος
363 937 418 964 τῶν
448 938 535 973 λόγων
562 940 632 967 αὐτὰ
660 941 818 975 παρεῶντες
844 944 884 976 είς
899 944 933 971 τὰ

142 982 208 1014 περὶ
223 981 317 1008 τούτου
345 985 581 1019 συγγεγραμμένα
597 986 663 1020 ἡμῖν
674 987 737 1018 τοὺς
752 988 934 1023 βουλομένους

142 1027 378 1062 παρα-πέμπομεν.
397 1029 445 1055 Ἓν
467 1029 495 1056 δὲ
509 1029 588 1057 τοῦτο
615 1031 680 1065 ὑμῖν
702 1040 792 1067 φαμεν
810 1033 857 1060 νῦν
884 1034 933 1060 καὶ

144 1073 217 1106 μά)α
232 1074 410 1109 θαρροῦντες,
426 1075 464 1107 ὡς
482 1077 575 1104 ἱκανόν
597 1078 656 1104 ἐστι
687 1078 768 1105 τοῦτο
787 1080 871 1114 μόνον
889 1079 932 1113 (εὖ

144 1118 213 1153 fore)
237 1120 304 1155 πρὸς
319 1121 369 1154 τὴν
387 1123 435 1157 τῆς
465 1123 596 1157 ἀληθείας
619 1125 802 1159 παράστασιν,
832 1126 879 1152 τοῦ
902 1127 933 1154 τὸ

143 1164 256 1199 Πνεῦμα
271 1165 302 1192 τὸ
314 1165 393 1201 ἅγιον
407 1167 454 1194 καὶ
468 1168 497 1200 ἐξ
516 1168 580 1195 Υίοῦ
595 1169 688 1206 ὥσπερ
704 1171 749 1197 καὶ
769 1174 800 1197 ἐκ
816 1172 863 1199 τοῦ
878 1173 933 1200 Πα-

143 1210 207 1244 τρὸς
224 1210 261 1242 ὡς
278 1212 309 1237 ἐκ
325 1213 389 1245 μιᾶς
402 1212 501 1248 ἀρχῆς,
515 1215 563 1241 καὶ
578 1215 636 1247 ἐνὸς
654 1216 854 1252 ἐκπορεύεσθαι
867 1228 932 1254 προ-

143 1255 255 1287 ϐολέως.
280 1257 336 1284 Kal
360 1259 525 1293 ἐπειράθητε
545 1261 578 1287 ἂν
599 1260 683 1297 ἔργῳ,
708 1264 733 1289 εί
752 1264 847 1298 παρὼν
867 1266 931 1301 ὑμῖν

143 1301 247 1328 ἐδίδουν
259 1311 287 1329 τε
301 1304 348 1330 καὶ
364 1304 515 1340 ἐλάμϐανον
531 1307 611 1340 λόγον
621 1316 627 1323 ·
643 1305 714 1335 εἷναί
726 1318 755 1336 τε
770 1311 816 1336 καὶ
832 1312 932 1344 πολλὰς

143 1347 227 1380 ἄλλας
244 1351 396 1385 μαρτυρίας
409 1352 458 1385 τῆς
473 1352 548 1384 θείας
561 1353 682 1389 Γραφῆς,
694 1355 731 1386 ὡς
746 1356 786 1388 τὸ,
806 1358 862 1384 ὀν
873 1358 931 1393 ἐγὼ

143 1395 251 1430 πέμψω
267 1396 338 1430 ὑμῖν
349 1399 428 1431 παρὰ
442 1398 494 1426 ι’υῦ
514 1401 630 1434 Πατρός
640 1409 647 1417 ·
665 1402 702 1432 ὡς
717 1403 756 1434 τὺ,
772 1404 842 1437 Παρ’
857 1404 931 1439 ἐμοῦ

142 1442 286 1477 λήψεται,
303 1443 353 1470 καὶ
375 1445 537 1479 ἀναγγελεῖ
553 1446 641 1481 ὑμῖν·
665 1447 702 1480 ὡς
734 1450 774 1481 τὸ,
796 1449 875 1477 ’Ὅσα
891 1451 932 1478 ἂν

143 1489 273 1523 ἀκούσῃ,
285 1490 434 1524 λαλήσει·
449 1492 497 1518 καὶ
510 1491 579 1518 ἄλλα
594 1493 685 1527 ὅμοια,
707 1494 753 1526 Ἐξ
763 1491 799 1521 ὧν
814 1496 930 1524 ἑκάστου

981 261 1049 289 quot
1063 258 1176 295 similia.
1195 267 1302 287 aranea:
1312 268 1371 288 esse
1385 261 1429 289 fila
1439 270 1511 297 sazpe
1524 271 1574 290 nos
1585 264 1767 295 ostendimus.

981 301 1045 329 Sive
1054 303 1127 329 cnim
1136 304 1274 332 diceretur
1280 305 1397 340 Spiritus
1404 308 1464 343 eius
1472 313 1584 342 propter
1589 309 1769 338 consubstan-

982 347 1135 380 tialitatem.
1151 350 1186 377 oh
1201 350 1254 378 hoc
1265 351 1355 386 ipsum
1365 357 1391 381 et
1402 353 1488 382 Filius
1500 354 1638 382 diceretur
1650 355 1769 391 Spiritus

980 395 1078 426 sancti,
1090 395 1138 422 scd
1150 404 1282 431 nusquam
1294 397 1346 425 hoc
1360 400 1482 433 reperies
1493 408 1501 432 ;
1511 400 1569 428 sive
1580 401 1653 435 quod
1665 401 1699 428 ab
1709 402 1769 436 ipso

981 440 1114 472 mittatur,
1141 442 1210 470 ratio
1234 450 1250 470 a
1271 443 1351 471 nobis
1381 449 1435 472 est.
1464 445 1521 474 lloc
1545 447 1619 474 enim
1647 448 1768 479 mittere,

980 489 1009 512 et
1048 486 1209 521 eﬂundere,
1254 491 1441 524 praesupponit
1489 492 1698 525 productionem
1739 497 1768 521 et

980 531 1155 559 essentiatem
1169 540 1338 567 proressum.
1353 534 1385 562 Et
1401 535 1459 562 fieri
1475 543 1529 563 non
1541 541 1632 570 potest
1645 537 1705 566 utis
1719 538 1770 573 qui

980 583 1034 602 non
1044 576 1179 610 producit,
1192 578 1293 611 mittat,—
1302 580 1431 607 multiset
1440 581 1639 610 sufﬁcientibus
1651 583 1769 611 rationi-

982 620 1032 648 bus
1049 622 1149 656 passim
1169 622 1430 654 demonstravimus.
1458 626 1540 655 Multa
1555 628 1639 663 igitur
1652 628 1770 656 vitandae

982 675 1064 694 causa
1091 667 1173 703 hujus
1200 670 1324 696 veritatis
1343 678 1356 697 a
1373 673 1476 699 nostris
1503 673 1574 701 dicta
1602 679 1688 707 sunt;
1722 675 1771 702 sed

981 714 1093 741 omnino
1109 715 1175 742 nihil
1192 715 1291 743 valent.
1306 716 1389 745 Multo
1411 714 1477 745 vero
1503 719 1584 754 plura
1600 724 1627 747 et
1643 720 1769 753 meliora,

982 760 1032 795 qui‘
1054 762 1162 789 veritati
1176 763 1394 796 patrocinentur,
1413 765 1551 798 amarum;
1584 769 1611 793 et
1622 767 1712 793 omnia
1729 765 1771 793 di.

984 807 1101 842 ligenter
1113 810 1251 840 novimus.
1267 817 1329 837 cum
1344 814 1440 838 contra
1456 819 1554 839 omnes
1570 812 1690 839 rationes
1705 819 1772 840 con-

948 876 968 903 Β
984 854 1081 880 trarias
1091 854 1321 891 disputaveritnus
1332 865 1339 889 ;
1352 857 1405 884 hoc
1422 865 1487 885 vero
1515 858 1587 890 loco,
1604 858 1639 885 ob
1657 858 1772 892 prolixi-

985 905 1067 928 tatem
1081 909 1250 934 sermonum,
1263 903 1321 930 ιιωο
1335 903 1417 931 missa
1427 903 1553 937 facimus;
1567 909 1595 932 et
1606 904 1640 931 ad
1656 904 1769 939 scripta.

983 955 1044 981 quae
1061 947 1096 974 de
1115 947 1168 975 hoc
1190 949 1397 982 composuimus
1429 949 1554 977 volentes
1583 949 1778 982 considerare,,

984 992 1159 1020 remittimus.
1174 993 1231 1021 Hoc
1241 1001 1325 1022 unum
1341 1003 1407 1023 vero
1424 1002 1498 1023 nunc
1513 994 1592 1022 vobis
1623 1002 1686 1023 cum
1713 1002 1770 1022 ma-
1819 1025 1822 1028 Α

983 1046 1037 1074 sna
1052 1038 1152 1067 fiducia
1166 1039 1294 1073 dicimus,
1313 1041 1386 1076 quod
1405 1040 1546 1069 sufﬁciens
1572 1045 1614 1069 est
1639 1041 1693 1069 hoc
1725 1048 1771 1069 so-

982 1085 1141 1117 lum.certo
1164 1087 1269 1120 sciatis,
1295 1088 1329 1115 ad
1356 1089 1500 1116 veritatem
1527 1087 1770 1122 couiprohandam,

959 1154 967 1161 .
983 1131 1056 1167 quod
1083 1132 1205 1168 Spiritus
1216 1138 1328 1162 sanctus
1339 1134 1422 1162 etiam
1437 1141 1470 1161 ex
1483 1134 1564 1166 Filio,
1588 1133 1770 1169 quemadmo-

983 1179 1048 1205 dum
1063 1183 1090 1206 et
1106 1186 1140 1206 ex
1151 1178 1231 1207 Patre
1249 1188 1255 1206 :
1271 1184 1301 1207 ut
1312 1179 1346 1207 ab
1360 1187 1416 1207 uno
1431 1180 1578 1216 principio,
1598 1185 1626 1207 et
1642 1187 1696 1207 uno
1709 1175 1771 1213 pro;

983 1223 1103 1252 ductore
1127 1225 1259 1259 procedat
1272 1229 1300 1252 et
1311 1233 1406 1253 revera
1420 1225 1442 1252 si
1457 1233 1577 1260 praesens
1591 1232 1678 1252 essem
1699 1224 1771 1251 ultro

981 1270 1107 1305 citroque
1134 1273 1196 1298 data
1221 1275 1250 1298 et
1271 1277 1383 1305 accepta
1412 1271 1515 1299 ratione
1540 1271 1642 1304 experti
1658 1270 1769 1302 essetis,

982 1316 1067 1343 multa
1080 1316 1132 1343 alia
1140 1315 1267 1343 constar'e
1282 1317 1436 1345 testimonia
1445 1324 1583 1345 sacrarum
1592 1316 1768 1347 Litterarum.

983 1367 1013 1390 ut
1025 1362 1091 1389 illud
1114 1370 1120 1387 :
1135 1361 1218 1394 Quem
1233 1371 1283 1398 ego
1293 1363 1397 1390 mittam
1418 1363 1489 1390 vobis
1500 1371 1517 1390 a
1529 1363 1628 1395 Patre;
1641 1366 1669 1389 et
1680 1362 1746 1389 illud
1760 1369 1769 1389 :

982 1407 1021 1441 De
1044 1416 1102 1434 meo
1129 1409 1233 1442 accipit,
1262 1412 1286 1435 et
1319 1408 1488 1435 atinuntiabit
1517 1407 1603 1439 vobis:
1634 1413 1662 1434 et
1678 1407 1769 1434 illud:

983 1453 1149 1489 Quaecunque
1161 1454 1259 1486 audiet,
1268 1454 1397 1488 loquetur,
1405 1458 1432 1480 et
1441 1453 1493 1481 alia
1505 1453 1614 1481 similia.
1625 1452 1662 1480 Ex
1671 1453 1771 1488 quibus

983 1499 1099 1535 singulis
1112 1499 1217 1527 eadem'
1231 1499 1292 1527 lidei
1304 1499 1403 1527 veritas
1419 1498 1499 1526 facile
1511 1499 1662 1533 probatur;
1687 1506 1770 1534 quam

143 1535 161 1569 ἡ
174 1535 241 1572 αὑτὴ
258 1537 345 1571 ῥᾷστα
355 1537 404 1571 τῆς
417 1537 534 1568 πίστεως
547 1539 660 1573 ἀλήθεια
671 1540 864 1578 δείκνυτιι,ἡν
877 1544 930 1571 πά-

987 1546 1046 1574 alim
1063 1550 1091 1572 ct
1105 1545 1185 1572 modo
1199 1545 1335 1573 catholica
1353 1545 1472 1572 Romana
1487 1544 1609 1572 Ecclesia
1641 1545 1724 1572 docet
1740 1549 1770 1572 et

143 1584 189 1610 λαι
205 1592 234 1611 τε
251 1586 298 1611 καὶ
311 1585 384 1621 νῦνὴ
400 1587 532 1622 καθολ-κὴ
544 1588 599 1614 τῶν
614 1589 760 1624 Ῥωμαίων
778 1590 929 1628 Ἐκκλησία

986 1600 1070 1626 tenet,
1081 1602 1162 1627 quam
1175 1594 1251 1629 prius
1262 1594 1388 1622 universa
1397 1593 1517 1621 Ecclesia
1525 1592 1769 1628 complectebatur.

144 1630 264 1657 διδάσκει
281 1640 322 1664 τε,
343 1633 391 1659 καὶ
403 1633 522 1668 κατέχει,
536 1635 570 1668 ἡν
583 1635 630 1671 ὅλη
646 1636 805 1673 πρότερονὴ
827 1639 975 1675 Ἐκκλησία
995 1642 1141 1669 ἐπίστευεν

187 1678 267 1705 Ἀλλὰ
289 1680 374 1714 φαίης
392 1680 442 1713 ἂν,
461 1682 498 1712 ὡς
513 1682 595 1713 αὐτὸς
611 1684 624 1709 ὁ
641 1684 743 1719 Κύριος
759 1687 822 1721 περὶ
838 1689 933 1715 τούτου

144 1723 242 1756 λέγων,
258 1724 295 1750 Τὸ
309 1724 439 1758 Πνεῦμα,
454 1728 548 1761 φησιν,
565 1728 580 1754 ὃ
597 1729 677 1762 παρὰ.
692 1730 744 1757 τοῦ
759 1732 873 1766 Πατρός
886 1734 934 1761 ἐκ·

145 1769 313 1802 πορεύεται,
334 1769 371 1804 μὴ
387 1771 516 1805 προσθεὶς
534 1773 580 1798 καὶ
601 1774 706 1800 ἑαυτόν.

182 1814 238 1840 Kal
253 1814 280 1839 τί
294 1814 384 1848 τοῦτο,
399 1816 528 1850 ἀδελφοί;
545 1818 575 1843 οὐ
593 1819 647 1853 γὰρ
663 1819 695 1854 δὴ
712 1820 758 1847 καὶ
772 1820 808 1852 ὡς
825 1822 876 1849 οὐκ
894 1823 938 1849 ἐκ-

146 1860 295 1894 πορεύεται
322 1860 350 1894 ἐξ
375 1862 457 1888 αὑτοῦ
482 1863 604 1898 εῐρηκεν.
636 1865 721 1891 Τοῦτο
745 1867 798 1900 γάρ
814 1867 848 1894 ἂν
872 1868 937 1899 ἴσως

148 1906 300 1942 βιαιότερον
314 1905 349 1943 ἦν
359 1915 366 1923 ·
386 1909 436 1934 κᾶν
458 1909 525 1943 μηδέ
538 1909 618 1936 τοῦτο
633 1911 737 1944 ἱκανὸν,
747 1912 814 1946 πρὸς
828 1912 842 1938 ὃ
858 1913 937 1947 ὑμεῖς

149 1953 286 1988 βούλεσθε.
300 1954 353 1980 Καὶ
365 1955 418 1988 γὰρ
427 1955 440 1980 ό
449 1955 541 1987 αὐτὸς,
550 1956 619 1989 Περὶ
628 1955 683 1990 τῆς
692 1957 803 1991 ἡμέρας
814 1957 936 1992 exstrue

149 2001 199 2027 καὶ
212 1999 267 2033 τῆς
278 1999 355 2033 ὥρας
367 1999 467 2033 οὐδεὶς
482 1999 553 2033 οἶδε,
569 2002 663 2035 φησὶν,
680 2001 751 2028 οὐδὲ
768 2003 795 2029 οἱ
812 2003 933 2037 ἄγγελοι

148 2046 221 2073 οὐδὲ
236 2048 252 2072 ό
269 2045 350 2078 Υἱὸς,
363 2047 388 2072 εὶ
404 2046 446 2080 μὴ
465 2048 481 2073 ό
495 2047 595 2081 Πατὴρ
607 2047 701 2081 μόίνος
713 2055 720 2063 ·
734 2049 781 2073 καὶ
795 2048 883 2079 αὖθις,
902 2049 937 2075 Ἡ

129 2108 135 2113 -
149 2091 206 2126 ἐμὴ
228 2092 410 2119 διδασκαλία
424 2093 480 2120 οὐκ
496 2093 581 2120 ἐστιν
603 2093 671 2127 ἐμὴ,
699 2093 780 2120 ἀλλὰ
796 2094 849 2121 τοῦ
865 2093 937 2128 πέμ-

150 2138 266 2172 ψαντός
275 2147 312 2172 με
327 2138 451 2172 Πατρός,
465 2140 522 2169 καὶ,
533 2139 640 2172 Οὐδεὶς
655 2139 731 2174 ἔγνω
740 2140 793 2167 τὸν
813 2141 893 2174 Υὶᾷν,
909 2142 936 2167 εί

147 2185 191 2219 μὴ
207 2186 223 2211 ὀ
242 2184 357 2218 Πατήρ·
372 2185 417 2211 καὶ
431 2185 504 2220 ὅμως
528 2186 609 2220 ἡμεῖς
629 2186 719 2216 καλῶς
734 2179 769 2221 γε’
794 2187 936 2219 ποιοῦντες

155 2229 305 2256 ιοὺναντίον
332 2230 506 2264 πιστεύομεν.
535 2230 590 2257 Καὶ
612 2231 661 2266 τὴν
687 2232 794 2266 ἡμέραν
810 2233 934 2267 ἐκείνην,
952 2230 974 2258 ι)

151 2276 200 2302 καὶ
213 2276 261 2311 τὴν
277 2275 363 2310 ὥραν,
380 2275 451 2302 οὕτω
466 2276 559 2310 σαφῶς
585 2277 667 2304 αὑτὸν
681 2278 793 2310 εἰδέναι,
808 2278 846 2309 ὡς
866 2278 938 2304 καὶὸ

152 2322 259 2356 Πατὴρ,
275 2323 320 2349 καὶ
333 2323 429 2348 ἑαυτὸν
450 2322 551 2356 ὁμοίως
566 2323 605 2358 τῷ
620 2323 706 2358 Πατρὶ
717 2322 873 2357 γινώσκειν,
892 2323 939 2349 καὶ

152 2368 200 2402 τὴν
214 2368 389 2395 διδασκαλίαν
413 2358 495 2395 αῦτοῦ
513 2372 613 2401 παντὸς
635 2369 736 2404 μᾶλλον
758 2368 842 2395 αὑτοῦ
868 2367 938 2395 εἶναι

153 2413 294 2447 τιθέμεθα.
308 2414 339 2440 Et
348 2412 394 2440 οὖν
405 2411 442 2441 ὧν
454 2415 549 2449 σαφῶς
561 2415 750 2450 ἀπηρνὴσατο,
763 2415 844 2450 ἡμεῖς
860 2416 939 2441 ἐπαι-

154 2460 239 2492 νετῶς
255 2461 289 2487 τὰ
315 2461 424 2488 ἐναντία
449 2462 626 2497 πιστεύομεν,
641 2461 713 2489 διατι
726 2462 756 2488 οὺ
769 2462 910 2489 κάνταῦθα
921 2460 940 2489 ἃ.

156 2506 194 2541 μὴ
207 2507 356 2541 ἠρνήσατο.
369 2507 487 2538 εὐσεϐῶς
503 2507 685 2542 πιστεύσομεν
696 2516 704 2541 ;

191 2551 245 2577 Kal
260 2551 312 2586 μὴν
329 2542 460 2577 σκεπτέοῧ
476 2552 523 2578 καὶ
538 2551 626 2589 τοῦτο,
645 2552 828 2586 ἐπηγγείλατο
845 2552 859 2578 ό
876 2552 939 2586 Χρισ

156 2597 229 2629 στος,
243 2598 301 2623 ἐστὶ
317 2598 348 2632 τῇ
365 2597 411 2623 τοῦ
423 2597 525 2632 Πέτρου
542 2598 674 2633 ὁμολογίᾳ
688 2598 878 2632 οίκοδομήσειν
889 2599 940 2633 τὴν

155 2641 238 2668 αὐτοῦ
258 2642 432 2675 Ἐκκλησίαν,
451 2643 497 2668 καὶ
513 2642 601 2674 πύλας
627 2643 702 2678 ᾅδου,
726 2643 775 2675 τὰς
790 2643 845 2669 τῶν
865 2645 940 2679 αἱρε-

156 2686 241 2712 τικῶν
267 2686 368 2721 δηλαδὴ
394 2688 572 2722 κενοφωνίας,
589 2688 626 2722 μὴ
639 2687 672 2714 ἄν
687 2696 752 2714 ποτε
768 2689 940 2723 κατισχύσειν

157 2733 254 2763 αὐτῆς.
267 2732 314 2763 Τίς
331 2731 376 2758 οὖν
392 2733 425 2759 ἂν
438 2733 479 2768 εἴη
501 2733 569 2768 αὕτη
593 2735 608 2769 ή
632 2734 780 2768 Ἐκκλησία
792 2754 798 2765 ,
820 2735 940 2768 ἀδελφοὶ,

158 2779 299 2813 ζητητέον.
314 2778 368 2813 Τὴν
390 2779 439 2813 μὲν
455 2780 510 2814 γὰρ
532 2779 700 2813 ἐπαγγελίαν
715 2779 829 2814 βεϐαίαν
842 2788 872 2806 τε
893 2781 941 2807 καὶ

158 2827 261 2860 ἀψευδῆ
279 2824 349 2852 εἷναί
368 2835 408 2858 τε,
430 2827 477 2852 καὶ
494 2827 631 2853 πιστεύειν
647 2827 713 2859 δεῖν,
731 2827 818 2858 οὐδεὶς
837 2827 870 2853 ἃν
892 2827 941 2862 ἀρ-

160 2872 252 2908 νηθείη
268 2873 433 2908 Χριστιανός
458 2881 489 2906 γε
510 2872 546 2900 ὥν
560 2880 566 2886 ·
593 2874 640 2908 τὴν
655 2873 683 2899 δὲ
705 2871 867 2906 Ἐκκλησίαν
883 2872 942 2898 Γεω-

1024 1690 1076 1718 Sed
1093 1690 1217 1725 objicies,
1232 1689 1304 1725 quod
1331 1689 1464 1717 Dominus
1484 1689 1518 1717 de
1543 1689 1595 1717 hoc
1622 1689 1770 1720 disserens.

987 1736 1114 1770 Spiritus,
1131 1736 1229 1771 inquit,
1244 1736 1289 1770 qui
1310 1744 1326 1762 α
1341 1735 1422 1762 Patre
1452 1736 1580 1771 procedit,
1598 1743 1653 1763 non
1680 1740 1771 1763 autem

987 1783 1091 1810 addidit
1106 1783 1242 1817 seipsum.

1022 1828 1055 1854 Et
1075 1827 1165 1861 qualis
1179 1831 1223 1854 est
1233 1828 1289 1854 hs-c
1304 1827 1432 1862 obiectio,
1449 1833 1552 1861 quaso,
1578 1826 1696 1853 fratres?
1712 1826 1770 1854 Non

986 1872 1058 1899 enim
1072 1873 1141 1899 dixit
1156 1873 1228 1907 quod
1245 1880 1300 1899 non
1316 1872 1443 1906 procedit
1461 1873 1495 1899 ab
1516 1872 1577 1906 ipso
1593 1872 1695 1907 (Filio).
1711 1871 1768 1899 Hoc

986 1917 1059 1944 enim
1075 1917 1198 1944 fortassis
1210 1918 1400 1945 vehementius
1410 1921 1530 1952 urgeret.
1541 1918 1669 1951 Quamvis
1684 1925 1772 1951 neque

990 1961 1041 1988 hoc
1057 1962 1196 1989 sufﬁceret
1210 1962 1242 1990 ad
1264 1962 1434 1997 probandum
1456 1962 1529 1997 quod
1549 1963 1641 1990 vultis.
1665 1963 1772 1997 Quippe

988 2007 1061 2034 idem
1078 2007 1148 2035 dixit
1162 2017 1169 2034 :
1188 2008 1225 2034 De
1238 2008 1279 2034 die
1296 2008 1346 2035 illa
1363 2014 1386 2035 et
1415 2009 1481 2036 hora
1504 2017 1579 2035 nemo
1594 2009 1659 2040 scit,
1672 2009 1772 2042 inquit,

989 2061 1071 2087 neque
1084 2053 1180 2088 angeli.
1197 2062 1280 2089 neque
1296 2054 1454 2088 Fitius,niti
1467 2055 1539 2082 solus
1556 2055 1648 2082 Pater.
1663 2055 1695 2082 Et
1710 2063 1773 2081 rur-

989 2107 1052 2126 sus:
1073 2098 1134 2126 Mea
1157 2100 1278 2126 dartrina
1291 2108 1342 2126 non
1357 2106 1392 2126 est
1406 2108 1474 2132 mea.
1496 2101 1541 2128 sed
1555 2101 1600 2135 qui
1631 2100 1701 2127 misit
1733 2107 1774 2127 me

993 2144 1102 2178 Patris;
1112 2149 1140 2172 et
1154 2153 1160 2171 :
1173 2145 1256 2173 Nemo
1266 2146 1336 2173 novit
1349 2145 1458 2178 Filium,
1475 2147 1526 2173 nisi
1541 2145 1634 2178 Pater,
1646 2150 1673 2172 et
1684 2152 1772 2173 tamen

988 2201 1039 2220 nos
1053 2197 1136 2227 recte,
1148 2193 1292 2226 facientes,
1304 2192 1474 2220 contrarium
1490 2193 1637 2220 credimus.
1650 2192 1684 2219 Et
1700 2192 1772 2218 diem

989 2239 1077 2271 illum,
1095 2244 1123 2266 et
1134 2239 1228 2266 horam
1247 2238 1284 2265 ita
1297 2238 1370 2265 clare
1381 2245 1444 2265 eum
1461 2238 1532 2266 scire
1547 2239 1617 2266 sicut
1639 2243 1666 2265 et
1681 2238 1771 2270 Pater,

989 2292 1017 2313 et
1030 2285 1157 2320 seipsum
1174 2292 1255 2312 nosse
1274 2284 1403 2312 similiter
1418 2288 1501 2319 atque
1516 2284 1606 2311 Pater.
1622 2285 1654 2311 Et
1670 2284 1773 2311 doctri-

989 2338 1052 2358 nam
1075 2331 1136 2366 ejus
1151 2330 1270 2358 maxime
1285 2330 1345 2364 ejus
1356 2337 1417 2357 esse
1428 2330 1555 2358 dicimus.
1572 2329 1601 2356 Si
1628 2330 1711 2364 igitur
1724 2337 1772 2357 eo-

989 2384 1050 2404 rum
1065 2384 1126 2411 quat
1141 2377 1198 2411 ipse
1210 2375 1351 2403 manifeste
1367 2375 1503 2403 infleiatus
1524 2378 1575 2407 est,
1604 2383 1652 2401 nos
1680 2374 1774 2402 lauda-

990 2424 1082 2452 biliter
1094 2425 1234 2452 contraria
1250 2424 1409 2451 credimus:
1439 2431 1488 2451 cur
1514 2423 1596 2450 ctiam
1628 2423 1680 2450 hoc
1698 2423 1780 2455 loco,

990 2479 1050 2507 quae
1068 2479 1122 2510 non
1138 2471 1257 2506 negavit.
1270 2470 1314 2505 pie
1325 2477 1380 2497 non
1402 2469 1571 2498 credamus!

1028 2549 1162 2577 Praeterea
1182 2549 1235 2576 hoc
1250 2549 1332 2577 etiam
1357 2547 1652 2576 considerandumcsh
1669 2548 1774 2575 Promi-

991 2595 1027 2622 sit
1042 2595 1170 2622 Christus
1195 2592 1489 2629 superconfessionem
1506 2593 1579 2621 Petri
1596 2593 1771 2621 fundaturum

992 2641 1143 2669 Ecclesiam
1156 2647 1244 2672 suam,
1260 2645 1289 2667 et
1304 2644 1396 2674 portas
1412 2638 1504 2670 inferi,
1523 2638 1653 2666 nimirum
1665 2639 1774 2666 htcreti-

991 2694 1087 2714 corum
1100 2686 1250 2716 novitates,
1264 2685 1317 2719 ipsi
1331 2692 1472 2718 nunquam
1497 2684 1693 2719 praavalituras.
1708 2684 1774 2718 Que

992 2733 1089 2767 igitur,
1102 2733 1211 2761 fratres.
1227 2731 1264 2759 sit
1277 2731 1339 2759 hac
1365 2730 1497 2762 Ecclesia,
1514 2731 1693 2765 quaerendum
1711 2735 1754 2758 est
1765 2751 1772 2758 .

980 2775 1203 2806 "Promissionem
1218 2777 1291 2805 enim
1310 2776 1416 2803 ﬁrmam
1437 2783 1509 2809 esse,
1539 2776 1708 2811 minimeque
1721 2777 1773 2804 fal-

993 2824 1077 2852 lacem
1104 2828 1232 2858 oportere
1259 2822 1384 2855 credere,
1416 2829 1505 2855 nemo,
1530 2822 1577 2857 qui
1603 2823 1674 2849 inter
1695 2822 1774 2850 Chri-

994 2870 1097 2897 ssianos
1124 2869 1178 2904 sit,
1207 2867 1383 2896 inllciabitur.
1413 2866 1560 2895 Ecclesiatu
1605 2873 1669 2902 ergo
1697 2874 1772 2901 qua:-
