1920 3063
161 127 215 160 159

636 127 887 160 BESSARIONIS
906 130 936 161 s.
959 129 992 160 ιι.
1016 130 1051 161 Ε.
1073 110 1311 161 canntNALts

1727 122 1786 155 460

162 193 224 218 nam
250 185 286 212 sit
327 184 479 212 videamus.
514 183 562 212 Vel
594 185 667 212 enim
698 185 873 216 Latinorum,
904 184 944 211 vel

1001 195 1050 220 μεν
1064 186 1106 217 τίς
1123 186 1186 212 ποτέ
1203 186 1288 213 ἔστιν.
1305 185 1339 211 Ἣ
1364 184 1417 220 γὰρ
1436 185 1451 218 ἡ
1470 182 1604 214 Λατίνων,
1621 181 1636 216 ἦ
1664 181 1681 214 ἡ
1698 180 1786 214 Γραι-

155 228 317 259 ’ϐταεεοι-υιιι
357 238 388 256 ea
430 235 515 260 esset.
558 231 617 258 Alia
657 231 730 258 enim
771 236 869 266 ιιι-ξιον
896 231 945 258 has

160 284 216 304 non
237 281 322 304 esset.
352 276 493 311 Siquidem
520 285 614 304 omnes
635 277 695 304 alia:
722 277 946 311 congregationes

161 322 308 357 illegitimaa
335 322 458 357 quaedam
483 327 558 355 sunt,
592 323 726 350 haeresum
757 323 854 357 plenae,
881 322 945 350 olim

161 367 299 402 quondam
327 375 342 394 a
366 367 414 395 SS.
444 368 580 399 Patribus,
604 373 632 396 et
664 369 833 401 doctoribus,
864 372 946 402 atque

161 413 284 440 conciliis
320 413 520 440 universalihus
559 413 800 440 condcmnalarum
833 420 864 439 ac
899 420 945 440 re-

161 458 351 493 probatarum.
383 459 409 487 Si
452 459 533 494 igitur
564 459 717 487 Graecorum
743 459 846 486 dixeris
876 459 946 487 hanc

162 512 223 531 esse
243 513 250 531 :
268 505 294 532 in
312 509 456 540 angustum
470 505 626 538 admodum,
641 505 696 532 imo
725 512 790 532 vero
812 504 845 531 ad
874 504 947 531 nihi-

162 549 219 576 lum
248 549 400 577 Ecclesiam
420 550 572 578 concludis.
593 550 658 582 Qum
682 557 747 577 sane
769 551 796 584 (ο
813 549 945 582 malum!)

162 595 287 629 quotidie
306 595 400 629 eﬂluit,
428 601 457 624 et
483 595 516 623 ad
540 596 655 622 nihilum
682 595 784 627 evadit,
801 603 835 622 ue
845 595 945 626 dicam,

163 641 268 666 evasit:
286 641 376 666 omnia
403 640 476 667 enim
504 640 580 675 impii
594 645 774 674 occuparunt.
789 640 881 666 omnia
907 639 944 666 ita

162 684 276 712 Barbari
308 686 453 717 vicerunt,
488 691 518 712 ut
555 686 582 712 in
608 691 765 720 posterum,
794 686 816 713 si
846 686 946 713 malum

164 729 201 756 ita
234 730 427 765 progreditur,
460 731 592 758 citissime
630 730 769 758 defectura
795 731 852 758 sint
885 738 949 758 nos-

166 779 222 802 tros
252 776 294 802 vel
328 776 384 811 ipsa
412 776 502 811 lingua
524 776 735 807 Gratca.omnes
768 777 842 807 lihri.
858 777 948 804 omnia

165 819 375 850 commentaria,
392 827 444 845 non
461 820 548 847 solum
567 821 695 847 Ecclesiae
721 820 876 851 doctorum.
899 821 946 848 sed

165 863 246 889 etiam
262 863 318 897 ipsa
333 864 432 891 divina:
445 864 604 899 Scriptum,
616 870 643 892 et
659 865 748 900 ipsum
764 865 825 892 dico
839 873 948 892 sacrum

168 907 360 943 Evangelium:
386 909 428 936 vel
457 910 582 943 nescitis,
612 914 685 945 quod
716 919 812 940 omnes
839 911 886 946 qui
915 911 947 938 ad

157 953 306 981 'Orieutern
317 959 393 984 sunt.
408 955 429 981 si
444 960 533 982 tamen
547 956 657 991 quidem
671 961 862 984 remanserunt
871 956 950 984 Cirri-

166 998 261 1029 sllani,
273 1004 355 1034 atque
366 999 398 1026 ad
415 1000 590 1028 Occidentem
601 1001 647 1035 qui
659 1001 815 1029 ﬂraecorum
829 1010 948 1037 sequun-

167 1049 211 1070 tur
228 1044 388 1077 Ecclesium,
407 1045 444 1072 illi
462 1046 572 1080 quidem
583 1051 647 1073 ante
665 1052 776 1075 centum
805 1056 904 1080 annos,
920 1048 948 1075 hi

165 1097 232 1116 vero
250 1094 312 1117 ante
347 1091 545 1126 quinquaginta
560 1093 710 1127 etamplius
723 1101 819 1124 annos.
839 1100 950 1129 excrpta

165 1135 224 1170 ipsa
237 1135 471 1170 Constantinopoli
500 1142 528 1164 et
561 1138 658 1165 insulis
680 1137 967 1174 circumjacenlrbus,‘

165 1189 199 1207 ne
211 1180 244 1208 de
260 1182 371 1208 nomine
395 1182 504 1216 quidem
527 1187 662 1210 neverant
691 1183 811 1211 divinam
825 1184 949 1220 Scriptu-

163 1233 234 1258 ram,
245 1233 294 1253 nec
303 1234 463 1254 enumerare
487 1232 623 1262 poterant,
642 1234 709 1264 quot
720 1233 747 1257 et
763 1231 853 1265 qualia
868 1231 949 1258 biblia

163 1272 237 1300 illius
249 1278 351 1301 essent.
362 1274 455 1309 Neque
463 1275 574 1303 omnino
588 1276 658 1303 ultro
668 1276 789 1312 citroque
802 1279 914 1306 reddere
923 1285 951 1307 et

163 1317 272 1353 exigere
295 1319 429 1346 rationem
445 1319 478 1346 de
505 1327 565 1354 spe.
583 1329 644 1356 quae
663 1322 689 1348 in
706 1322 786 1349 nobis
810 1328 861 1356 est,
879 1325 951 1351 vale-

163 1363 357 1399 bantrneque
389 1365 497 1399 penitus
522 1366 710 1401 intelligebant
735 1368 837 1403 aliquid
854 1377 949 1397 eorum

163 1417 225 1444 quae
241 1409 369 1445 leguntur
382 1411 409 1437 in
425 1419 502 1438 sacro
519 1411 682 1447 Evangelio:
696 1421 748 1441 nec
770 1414 833 1449 ipsi,
851 1415 896 1449 qui
912 1415 951 1442 le-

163 1459 240 1490 gunt,
256 1456 423 1488 sacerdotes,
438 1457 483 1492 qui
512 1466 600 1492 neque
625 1459 777 1494 integrum.
803 1460 851 1487 sed
875 1460 948 1496 frag-

996 233 1052 260 κῶν
1070 232 1112 267 εἴη
1121 232 1154 259 ἂν
1171 231 1252 264 αὕτη,
1267 231 1335 263 ἄλλη
1351 230 1406 266 γὰρ
1421 230 1498 264 παρὰ
1515 229 1618 259 ταύτας
1631 227 1680 253 οὐκ
1695 226 1784 257 ἔστιν,

996 279 1064 313 εἴγε
1076 279 1161 305 πᾶσαι
1176 279 1205 306 αἱ
1218 278 1297 305 ἄλλαι
1310 274 1544 312 παρασνναγωγαί
1555 282 1626 305 τινες
1645 273 1693 299 καὶ
1708 271 1783 304 πλὴ-

998 333 1054 358 ρεις
1074 325 1144 350 εἰσὶν
1168 323 1318 358 αἱρέσεων.
1349 323 1433 349 πάλαι
1450 320 1515 347 ποτὲ
1545 319 1597 346 ὑπὸ
1622 318 1676 344 τῶν
1692 316 1785 351 ἁγίων

997 372 1128 406 Πατέρων
1140 371 1187 397 καὶ
1200 369 1379 402 διδασκάλων,
1390 369 1438 394 καὶ
1453 367 1569 394 συνόδων
1582 365 1636 391 τῶν
1649 364 1784 398 οἰκούμε-

997 411 1089 449 νικῶνξ
1105 416 1348 450 κατακεκριμένων
1367 423 1397 440 τε
1412 413 1458 440 καὶ
1473 409 1782 444 ἀποδεδοκιμασμένων.

997 463 1029 490 Εἰ
1046 464 1095 497 μὲν
1109 462 1156 489 οὖν
1168 462 1216 496 τὴν
1232 460 1358 496 Γραικῶν
1371 459 1458 489 εἴποις
1474 459 1507 484 ἃν
1521 455 1590 483 εἶναι
1614 454 1726 488 ταύτην,
1739 454 1785 481 είς

997 508 1091 535 στενὸν
1104 507 1200 541 κομιδῆ
1216 507 1264 542 τὴν
1281 504 1445 539 Ἐκκλησίαν
1459 502 1622 536 ουγκλείεις.
1636 500 1736 533 μᾶλλον
1750 499 1784 524 δὲ

996 554 1036 584 είς
1051 553 1081 578 τὸ
1098 553 1191 586 μηδὲν,
1207 552 1256 587 ἦγε
1273 551 1333 586 (φεῦ
1349 550 1394 576 τοῦ
1413 548 1499 575 κακοῦ
1509 547 1528 578 2)
1545 546 1662 580 ἀπορρεῖ
1679 544 1785 578 ὁσημέ-

998 606 1056 633 ραι,
1080 598 1128 624 καὶ
1144 599 1184 628 είς
1194 598 1224 623 τὸ
1246 597 1328 632 μηδὲν
1341 595 1471 630 καταντᾷ,
1487 594 1529 621 ἵνα
1543 592 1579 628 μὴ
1595 592 1664 618 εἴπω
1679 589 1784 622 κατήν-

996 652 1072 678 τησε.
1086 644 1198 670 Πάντων
1212 643 1267 677 γὰρ
1280 643 1304 668 οι
1315 641 1421 672 ἀσεϐεῖς
1434 639 1609 666 ἐπελάϐοντο.
1628 636 1742 662 ῐΙάντων
1755 634 1785 660 οἱ

997 689 1134 723 Βάρσαροι
1143 687 1229 718 οὕτως
1238 686 1436 722 ἐπεκράτησαν,
1448 685 1485 715 ὠς
1498 683 1545 710 τοῦ
1556 681 1651 709 λοιποῦ
1663 680 1710 707 καὶ
1723 688 1785 713 φω-

998 733 1045 767 νὴν
1058 732 1142 767 αὐτὴν
1157 732 1206 767 τὴν
1223 730 1393 765 Ἑλληνικὴν,
1415 729 1506 764 βιϐλία
1519 728 1618 757 πάντα,
1635 725 1783 760 συγγράμ-

1000 787 1074 812 ματα
1089 777 1189 809 πάντα,
1217 777 1248 803 οὗ
1270 777 1324 803 τῶν
1341 776 1423 810 ἱερῶν
1450 775 1499 809 τῆς
1520 773 1683 807 Ἑκκλησίας
1701 771 1787 805 μόνον

999 824 1176 855 διδασκάλων,
1194 823 1262 849 ἀλλὰ
1279 822 1326 848 καὶ
1340 823 1410 849 αὐτὰ
1427 821 1477 854 τῆς
1490 820 1565 851 θείας
1587 817 1710 853 Γραφῆς,
1735 817 1786 843 καὶ

1000 868 1066 896 αὐτὸ
1085 869 1156 901 λέγω
1173 868 1203 894 τδ
1229 868 1301 903 ἱερὸν
1317 866 1494 900 Εὖαγτέλιον,
1512 864 1621 898 τάχιστ’
1636 864 1668 890 ἂν
1682 860 1788 889 Ξπιλεί-

998 913 1083 948 ψοντα
1100 914 1162 944 τοὺς
1179 913 1341 948 ἡμετέρους,
1357 912 1382 938 εί
1399 912 1429 938 τὺ
1446 911 1531 938 κακὸν
1543 909 1615 936 οὕτω
1628 907 1784 942 προϐαίνει.

1002 959 1038 986 Ἦ
1052 959 1102 986 οῦκ
1117 959 1205 985 οἴδατε
1216 959 1252 988 ὼς
1266 958 1291 984 οί
1305 958 1333 984 ἐν
1345 957 1476 991 ’Δνατολῇ
1490 957 1600 986 πάντες,
1613 955 1640 981 εί
1649 961 1721 984 τινες
1734 952 1786 978 καὶ

999 1004 1160 1039 ἐλείφθησαν
1182 1004 1348 1039 Χριστιανοὶ,
1377 1003 1401 1030 οἱ
1417 1004 1444 1029 ὲν
1459 1002 1580 1036 Δυσςιαῖς
1604 1001 1636 1035 τῇ
1657 998 1787 1034 Γραικῶν

999 1051 1129 1085 ἑπόμενοι
1153 1050 1315 1084 Ἐκκλησία,
1336 1049 1360 1075 oi.
1377 1048 1426 1082 μὶν
1452 1049 1498 1075 καὶ
1519 1046 1571 1082 πρὸ
1587 1045 1695 1076 ἑκατὸν,
1713 1044 1739 1070 oi
1754 1042 1785 1070 δὲ

1000 1096 1053 1130 πρὸ
1068 1096 1244 1130 πεντήκοντα,
1256 1094 1303 1122 καὶ
1317 1095 1355 1120 ἔτι
1372 1094 1440 1120 ἑτῶν
1456 1092 1595 1122 πλειόνων,
1616 1090 1687 1124 πλὴν
1699 1088 1787 1122 αὐτῆς

1000 1141 1316 1171 Κωνσταντινουπόλειιις
1341 1140 1388 1165 καὶ
1417 1138 1472 1164 τῶν
1496 1137 1559 1171 περὶ
1582 1135 1667 1169 αὐτὴν
1681 1133 1785 1168 νήσων,

1000 1187 1061 1214 οὐδὲ
1075 1187 1102 1218 ἐξ
1125 1187 1256 1219 ὀνόματος
1276 1185 1387 1221 ᾔδεισαν
1411 1184 1461 1219 τὴν
1478 1184 1554 1209 θείαν
1587 1181 1707 1215 Γραφὴν,
1730 1179 1787 1205 οὐδ’

1001 1232 1153 1267 ἀριθμῆσαι
1181 1232 1312 1266 ἠδύναντο
1337 1231 1386 1257 ὅσα
1407 1230 1455 1256 καὶ
1475 1226 1519 1255 οἷα
1541 1228 1643 1261 ταύτης
1674 1225 1785 1260 βιϐλία·

1001 1279 1061 1305 οὐδὲ
1081 1279 1148 1309 ὅλως
1170 1278 1268 1305 διδόναι
1291 1286 1320 1304 τε
1336 1278 1382 1304 καὶ
1398 1276 1491 1303 λαϐεῖν
1513 1275 1591 1309 λόγον
1608 1273 1673 1308 περὶ
1689 1272 1739 1305 τῆς
1753 1273 1787 1297 ὲν

1000 1326 1065 1360 ἡμῖν
1075 1324 1179 1356 ἐλπίδος
1195 1325 1338 1359 ἠδύναντο,
1351 1323 1410 1350 οὐδὲ
1421 1322 1545 1348 συνίεσαν
1561 1321 1627 1350 ὅλως
1643 1318 1719 1346 οὐδὲν
1729 1317 1787 1343 τῶν

1000 1372 1029 1397 ἐν
1045 1370 1082 1405 τῷ
1095 1370 1159 1406 θείῳ
1171 1370 1332 1405 Εὐαγγελίῳ
1350 1360 1624 1401 ἀναγινωσκομένων,
1638 1365 1693 1391 οὐδ’
1707 1362 1787 1389 αὐτοὶ

1000 1417 1028 1444 οἴ
1043 1425 1074 1451 γε
1099 1415 1330 1450 ἀναγινώσκοντες
1357 1415 1449 1449 ἱερεῖς,
1467 1414 1524 1446 οῐγε
1550 1412 1610 1438 ονἰδὲ
1637 1409 1787 1444 ὁλόκληρον

1002 1463 1078 1495 αὐτὸ,
1091 1463 1158 1490 ἀλλὰ
1171 1461 1290 1497 τεμάχιὰ
1304 1470 1373 1492 τινα,
1397 1460 1432 1487 τὰ
1447 1461 1490 1486 ἐπ’
1512 1458 1673 1493 Ἐκκλησίας
1690 1457 1787 1489 ἀναγι-

160 1505 254 1527 menta
282 1500 416 1535 qua-dam,
444 1510 505 1537 quae
533 1502 559 1529 in
582 1502 704 1530 Ecclesia
734 1504 884 1539 leguntur,
904 1506 949 1532 vix

1002 1510 1172 1543 νωσκόμενα,
1192 1508 1268 1542 μόλις
1285 1507 1349 1533 ποτὲ
1369 1505 1458 1541 εἶχον·
1474 1505 1521 1532 καὶ
1534 1505 1629 1546 ὥσπερ
1643 1502 1785 1537 ψιττακὸς,

163 1545 312 1580 aliquando
328 1547 485 1574 habebant:
499 1548 614 1582 etquasi
632 1549 772 1582 psittacus,
789 1549 831 1576 vel
845 1550 950 1576 anima-

160 1589 200 1619 lia
213 1593 346 1626 quaedam,
360 1599 420 1626 qua:
429 1592 569 1619 imitantur
576 1600 670 1620 vocem
684 1594 842 1628 humanam,
855 1602 950 1622 vocent

164 1638 275 1672 quidem
292 1637 412 1665 Gmcam
427 1638 600 1670 emittebant,
615 1643 643 1665 et
667 1644 772 1666 tantum
802 1648 863 1674 qua:
878 1640 952 1668 intus

161 1688 238 1714 Iunt,
253 1683 355 1718 legunt,
372 1689 460 1717 eaque
477 1691 529 1710 non
540 1688 621 1716 recte,
636 1685 748 1712 omnino
760 1693 825 1712 vero
837 1694 897 1720 quae
908 1687 952 1714 (Ιί-

164 1733 265 1757 tutntur
272 1736 327 1755 non
340 1728 504 1762 intelligunt.
515 1729 593 1756 Nunc
602 1736 666 1757 vero
677 1729 741 1764 (heu
753 1731 818 1757 mihi
828 1730 846 1763 ί)
857 1736 884 1758 et
894 1732 951 1766 ipsa

165 1779 245 1809 capta
268 1778 297 1801 et
319 1774 458 1801 destructa
471 1768 720 1809 Constantinopoli,
743 1775 833 1809 qualis
847 1781 889 1803 est
909 1777 951 1804 vel

150 1819 221 1847 'erit
238 1819 360 1846 Ecclesia
374 1819 418 1846 cui
444 1825 528 1854 portae
549 1819 627 1846 inferi
659 1827 713 1846 non
740 1821 951 1855 praavalebnnti

166 1865 217 1893 Cui
236 1865 382 1900 promissio
408 1865 465 1892 hac
490 1864 638 1893 Salvatoris
656 1866 831 1894 servabitur?
848 1867 953 1902 Agnos-

167 1911 221 1940 cite
238 1914 354 1938 matrem
366 1918 398 1937 ac
410 1910 579 1945 magistratu.
595 1911 749 1941 Percurrite
765 1912 916 1947 volumina;
928 1915 952 1942 si

167 1961 298 1985 accurate
324 1956 541 1992 perpenderitis,
560 1956 709 1985 Ecclesiam
727 1958 877 1986 Romanam
909 1967 952 1988 re-

166 2004 281 2039 perietis
306 2010 388 2038 supra
414 2010 511 2030 omnes
545 2003 635 2030 statim
669 2003 703 2031 ab
733 2003 812 2032 initio
849 2005 951 2033 habere

169 2051 370 2085 principatum,
386 2054 414 2076 et
429 2048 498 2076 adeo
523 2050 659 2077 universa:
678 2050 809 2078 Ecclesiae
821 2048 950 2086 praesse.

168 2103 198 2125 ut
229 2097 290 2124 sine
303 2104 335 2124 ea
361 2096 429 2123 nihil
455 2096 568 2123 omnino
595 2096 846 2124 ecclesiasticarum
876 2105 951 2132 quae-

167 2143 288 2171 stionum
305 2149 336 2169 ac
351 2142 509 2176 dogmatqu
527 2141 674 2176 aliquando
703 2142 863 2169 conclusum
889 2150 950 2170 cre-

1004 1555 1019 1588 ῆ
1037 1553 1097 1580 τινὰ
1111 1553 1165 1579 τῶν
1181 1552 1307 1588 μιμηλῶν
1321 1551 1397 1582 ζώων
1412 1551 1502 1585 φωνὴν
1518 1550 1567 1584 μὲν
1576 1544 1706 1582 ’ἀφιέντες
1727 1547 1787 1572 Ἐλ-

1003 1598 1126 1633 ληνικὴν,
1143 1600 1189 1625 καὶ
1215 1599 1248 1624 τὰ
1264 1597 1413 1631 ὲγκείμενα
1439 1596 1520 1630 μόνον
1538 1594 1786 1627 ἀναγινώσκοντες,

1002 1643 1061 1669 οὐδὲ
1090 1644 1182 1669 ἐκεῖνα
1209 1642 1309 1677 ὀρθῶς,
1336 1640 1396 1675 μηδ’
1415 1640 1484 1670 ὅλως
1507 1639 1535 1665 δὲ
1553 1639 1606 1664 τῶν
1629 1636 1788 1671 λεγομένων

1002 1688 1155 1719 ἀκούοντες.
1170 1687 1226 1714 Νῦν
1241 1688 1268 1714 δὲ
1285 1688 1330 1713 καὶ
1353 1686 1437 1720 αὐτῆς
1455 1684 1566 1720 (οῐμοιῖ)
1582 1683 1630 1718 τῆς
1644 1683 1787 1709 Κωνσταν-

1001 1734 1179 1764 τινουπόλεως
1192 1733 1309 1767 ἀλούσης
1338 1733 1386 1759 καὶ
1405 1730 1587 1764 ἀπολομένης,
1603 1728 1668 1754 ποία
1683 1727 1756 1752 ἐστὶν
1768 1726 1785 1758 ἢ

1002 1779 1078 1806 ἔσται
1096 1781 1112 1814 ἡ
1136 1778 1282 1814 Ἐκκλησία
1307 1775 1341 1813 ἦς
1373 1776 1454 1803 πύλαι
1477 1775 1540 1810 ᾅδου
1555 1774 1585 1800 οὐ
1608 1771 1805 1806 κατισχύσου-,

1003 1833 1061 1857 σιν;
1080 1824 1138 1850 Τίνι
1151 1825 1168 1858 ὴ
1181 1823 1331 1857 ἐπαγγελία
1344 1821 1412 1856 αὕτη
1426 1819 1625 1855 φυλαχῦήσεται
1635 1816 1680 1842 τοῦ
1692 1815 1787 1849 Σωτῆ-

1002 1879 1062 1906 ρος;
1076 1871 1106 1897 Ἐ
1114 1869 1239 1903 πίγνωτε,
1250 1868 1369 1902 ἀδελφοὶ,
1384 1867 1432 1901 τὴν
1450 1865 1505 1892 τῶν
1523 1861 1691 1897 Ἑκκλησιῶν
1701 1867 1786 1894 κεφα-

1002 1918 1062 1952 λὴν,
1073 1917 1122 1951 τὴν
1130 1915 1176 1942 τοῦ
1183 1915 1284 1950 Πέτρου
1298 1913 1441 1948 καθέδραν.
1452 1911 1601 1944 Ἐπίγνωτε
1619 1908 1667 1943 τὴν
1678 1907 1784 1952 μητέρα

1002 1950 1035 1989 τε
1048 1963 1094 1988 καὶ
1105 1961 1273 1988 διδάσκαλον.
1281 1960 1398 1986 Ἐπίοιτε
1410 1956 1622 1991 συγγράμματα,
1633 1954 1656 1979 εί
1665 1950 1785 1986 ἀκριϐῶς

1004 2008 1158 2042 σκοποίητε,
1181 2006 1226 2032 καὶ
1248 2006 1297 2040 τὴν
1332 2002 1488 2038 Ῥωμαϊκὴν
1520 2000 1681 2034 Ἐκκλησίαν
1705 1998 1785 2032 εὑρὴ-

1004 2063 1064 2081 σετε
1075 2053 1145 2081 κατὰ
1157 2053 1265 2079 πάντων
1278 2050 1356 2081 εὐθὺς
1375 2049 1491 2083 ἑξαρχῆς
1510 2047 1626 2081 σχοῦσαν
1637 2045 1666 2071 τὸ
1675 2042 1785 2078 κράτος,

1004 2100 1051 2126 καὶ
1065 2098 1135 2125 οὕτω
1150 2098 1238 2132 πάσης
1253 2096 1407 2132 ἡγουμένην
1421 2095 1469 2127 τῆς
1483 2091 1655 2126 Ἐκκλησίας,
1671 2090 1707 2120 ὠς
1720 2089 1784 2116 ἄνευ

1004 2143 1088 2178 αὐτῆς
1106 2143 1188 2179 μηδὲν
1210 2142 1278 2173 ὅλως
1292 2142 1345 2167 τῶν
1374 2138 1607 2174 ἐκκλησιαστικῶν
1621 2135 1785 2171 ζητημάτων

168 2189 312 2222 ditumque
329 2187 375 2214 sit.
387 2187 449 2214 Hzcc
458 2187 503 2214 illa
513 2193 606 2214 revera
621 2192 673 2218 est.
683 2194 766 2221 super
775 2188 862 2222 quam'
870 2188 950 2215 Chri-

1003 2199 1032 2216 τε
1048 2190 1094 2215 καὶ
1109 2189 1251 2222 δογμάτων
1272 2185 1496 2223 συμπερανθῆναι
1521 2193 1586 2211 ποτε
1608 2184 1656 2210 καὶ
1675 2190 1787 2208 πιστευ-

168 2240 229 2262 stus
252 2232 401 2260 aediﬁcavit
429 2239 506 2259 suam
522 2231 686 2260 Ecclesiam.
705 2232 820 2260 Haecilla
829 2238 881 2264 est.
893 2242 954 2268 qua:

171 2278 245 2306 Petri
271 2277 353 2305 ﬁdem
370 2281 443 2304 tenet
457 2283 486 2305 et
501 2281 657 2308 conservat,
675 2277 794 2312 aliisque
810 2278 952 2312 praedicat.

169 2323 221 2357 Qui
230 2331 292 2351 eam
300 2327 454 2358 sequuntur
463 2330 556 2354 unam,
564 2331 626 2350 cum
635 2330 668 2350 ea
675 2323 821 2350 ecclesiam
839 2323 953 2350 faciunt.

169 2369 223 2402 Qui
243 2369 276 2396 ah
288 2376 320 2396 ea
335 2368 444 2396 discissi
459 2373 535 2399 sunt,
551 2373 580 2394 et
595 2375 608 2394 a
625 2376 673 2394 sua
693 2369 887 2396 communione
900 2369 956 2396 dis-

167 2414 268 2450 juncti.
281 2415 396 2442 salutem
414 2415 546 2448 consequi
559 2421 612 2440 nou
625 2418 750 2447 possunt.
764 2413 870 2448 Quippe
878 2419 954 2441 extra

170 2462 274 2490 Christi
296 2462 388 2489 aulam
404 2460 480 2489 salus
497 2467 552 2486 non
569 2463 620 2486 est.
636 2458 664 2486 ln
681 2459 763 2493 lupos
777 2465 804 2487 et
830 2464 956 2496 raptores

172 2512 256 2544 atque
270 2509 393 2536 latrones
406 2506 531 2534 incidere
547 2512 661 2533 necesse
676 2510 718 2532 est
737 2513 785 2533 eos
801 2506 846 2540 qui
860 2513 954 2534 vocem

172 2553 295 2582 Pastoris
310 2562 363 2581 non
379 2552 507 2580 audiunt.
529 2551 606 2584 Quod
622 2558 654 2578 ne
667 2551 765 2585 aliquis
783 2551 957 2579 Christianus

173 2599 294 2635 patiatur
317 2599 450 2634 (patiatur
466 2605 530 2624 vero
551 2604 585 2623 ne
602 2604 673 2624 unus
694 2596 805 2637 quidem
824 2598 955 2633 unquam)

173 2647 221 2674 illa
239 2646 306 2673 tides
320 2644 457 2672 credenda
471 2649 514 2671 est
524 2648 606 2678 atque
618 2643 751 2676 docenda,
766 2651 847 2679 quam
861 2645 957 2672 catho-

173 2693 227 2720 lica
245 2692 303 2719 haec
315 2690 438 2717 Ecclesia
453 2690 601 2717 conﬁtetur
622 2694 649 2717 et
667 2690 743 2717 colit.
770 2691 846 2718 Hanc
865 2696 894 2717 ut
909 2698 958 2719 vos

174 2745 271 2766 omnes
298 2736 426 2770 religiose
453 2736 608 2769 excipiatis,
636 2741 663 2764 et
691 2745 753 2764 cum
776 2745 807 2764 ea
831 2737 959 2765 sentiatis

174 2783 319 2814 adhortor,
333 2782 473 2817 Deumque
481 2783 587 2817 precari
597 2790 651 2810 non
661 2782 796 2810 desinam.
809 2783 875 2811 Volo
884 2783 959 2811 enim

176 2837 223 2857 vos
235 2837 294 2858 esse
310 2828 382 2857 sicut
397 2833 479 2866 ρῑιιςο
492 2838 497 2856 :
514 2837 568 2858 non
581 2838 695 2865 parvum
710 2829 840 2865 quiddam
854 2831 956 2858 bonum

1005 2236 1094 2270 θῆναι.
1120 2234 1193 2268 Αὕτη
1207 2235 1279 2260 ἐστὶν
1294 2233 1385 2267 ἐκείνη
1402 2231 1438 2267 τῷ
1452 2231 1519 2262 ὄντι,
1543 2226 1615 2265 ὲφ“ᾖ
1633 2230 1646 2255 ὁ
1668 2227 1784 2262 Χριστὸς

1005 2281 1053 2315 τὴν
1068 2280 1163 2306 ἑαυτοῦ
1179 2279 1354 2315 ᾠκοδόμησεν
1383 2277 1560 2311 Ἐκκλησίαν.
1583 2275 1656 2308 Αὕτη
1672 2274 1745 2300 ἐστὶν
1769 2273 1785 2306 ἡ

1004 2327 1054 2361 τὴν
1087 2327 1189 2361 Πέτρου
1215 2326 1306 2351 πίστιν
1330 2324 1483 2358 κατέχουσά
1504 2331 1533 2349 τε
1557 2321 1602 2348 καὶ
1629 2316 1785 2354 συνέχουσα,

1005 2372 1051 2399 καὶ
1070 2373 1125 2403 τοῖς
1134 2372 1223 2401 ἄλλοις
1238 2371 1421 2406 κηρύττουσι.
1434 2369 1466 2395 Oi
1482 2368 1570 2403 ταύτῃ
1581 2367 1709 2401 ἑπόμενοι
1725 2365 1788 2399 μίαν

1007 2417 1066 2454 μετ’
1082 2418 1165 2451 αὐτῆς
1197 2416 1362 2450 Ἐκκλησίαν
1389 2414 1519 2441 ποιοῦσιν.
1555 2414 1586 2439 Οἱ
1600 2412 1702 2445 ταύτης
1722 2412 1786 2437 ἀπε.

1008 2464 1161 2499 σχισμένοι,
1179 2463 1225 2489 καὶ
1239 2462 1288 2496 τῆς
1308 2460 1366 2495 μετ’
1388 2460 1470 2494 αὐτῆς
1484 2459 1609 2493 ἑνότητος
1625 2456 1787 2493 διερρηγμὲ-

1007 2518 1057 2542 νοι,
1071 2509 1207 2544 σωτηρίας
1220 2508 1311 2543 τυχεῖν
1324 2508 1373 2533 οὐκ
1390 2507 1422 2533 ἂν
1437 2507 1572 2532 δύναιντο.
1586 2503 1661 2536 Ἕξω
1676 2505 1728 2537 γὰρ
1742 2503 1787 2538 τῆς

1007 2556 1092 2589 αὐλῆς
1106 2555 1152 2581 τοῦ
1171 2554 1289 2589 Χριστοῦ
1318 2553 1438 2588 σωτηρία
1458 2553 1507 2578 οὐκ
1525 2552 1607 2578 ἐςτιν.
1630 2550 1729 2580 Δύκοις
1743 2548 1786 2574 καὶ

1009 2600 1122 2635 ἅρπαξι.
1136 2601 1183 2627 καὶ
1205 2600 1317 2635 λῃσταῖς
1333 2599 1518 2633 ἐντυγχαίνειν
1532 2598 1639 2631 ἀνάγκη
1664 2596 1724 2625 τοὺς
1741 2595 1786 2629 τῆς

1009 2647 1136 2681 ποιμένος
1153 2646 1243 2680 φωνῆς
1261 2646 1297 2679 μὴ
1309 2645 1466 2675 ἀκούοντας,
1483 2644 1550 2678 ὅπερ
1568 2642 1611 2668 ἵνα
1629 2642 1710 2676 μήτις
1724 2640 1786 2673 Χρι-

1009 2692 1116 2723 στιανὸς
1140 2691 1216 2727 πάθῃ
1232 2690 1325 2725 (πάθοι
1338 2691 1365 2716 δὲ
1387 2690 1519 2724 μηδέποτε
1537 2688 1604 2723 μηδὲ
1618 2685 1668 2721 εἷς)
1684 2686 1787 2720 ἐκείνην

1010 2737 1168 2764 πιστευτέον
1181 2746 1210 2762 τε
1239 2737 1285 2762 καὶ
1300 2736 1437 2762 διδακτέον
1454 2736 1502 2769 τὴν
1517 2735 1617 2765 πίστιν,
1633 2734 1665 2769 ἦν
1680 2734 1696 2768 ἡ
1712 2731 1776 2758 καϐο

1010 2783 1072 2818 λικὴ
1086 2782 1154 2818 αὕτη
1174 2783 1320 2817 Ἐκκλησία
1331 2782 1456 2815 ὁμολογεῖ
1470 2790 1498 2807 τε
1523 2780 1572 2807 καὶ
1587 2780 1705 2806 σέϐεται.
1720 2777 1787 2804 Ταύ-

1012 2839 1059 2865 την
1085 2829 1132 2856 καὶ
1158 2830 1229 2865 ὑμᾶς
1244 2829 1343 2860 πάντας
1361 2827 1483 2859 illam};
1500 2826 1679 2859 ὕποδέξατθαί
1694 2834 1721 2852 τε
1742 2825 1786 2851 καὶ
