1920 3063
143 102 194 133 £61

707 106 910 137 ENCYCUCA
931 108 980 137 AD
998 108 1162 142 GRAECOS.

1699 113 1751 144 462

141 159 252 193 φρονεῖν
264 159 333 193 ὑμᾶς
343 169 372 186 τε
387 161 546 196 παρακαλῶ.
569 162 612 188 11"
627 162 673 188 τοῦ
690 163 758 190 Θεοῦ
774 164 876 190 δεῖσθαι
891 163 920 189 οὗ

978 174 1023 193 acc
1036 166 1241 201 despiciendum
1252 166 1330 194 vobis
1338 166 1431 194 volens
1440 170 1467 193 ct
1475 167 1635 201 deprecans,
1647 168 1669 195 si
1679 170 1751 203 quod

142 205 295 240 παύσομαι.
309 206 384 232 Θέλω
399 207 453 242 γὰρ
469 207 571 239 πάντας
585 205 654 235 εἶναι
674 209 713 240 ὡς
726 208 812 242 κάγὼ,
831 210 860 236 οὺ
876 218 920 243 μι-

139 251 208 285 κρόν
220 260 246 277 τι
263 251 342 278 τοῦτο
356 251 442 279 θέλω
458 261 499 284 τε,
525 255 571 280 καὶ
597 255 742 289 εὐχόμενος
756 255 831 290 ὑμῖν.
859 255 920 282 Οὐδ’

138 296 387 332 εὐκαταφρόνητον,
402 299 519 333 ἀδελφοὶ,
539 300 649 334 ἀγαθὸν,
665 301 690 327 εἰ
709 302 778 336 ὅπερ
800 301 920 336 ἐμαυτῷ,

138 342 220 370 ’τοῦτο
233 345 279 369 καὶ
296 344 361 378 ὑμῖν
373 344 498 378 ἐπιθυμῶ
521 346 622 379 ἀγαθόν
634 355 640 362 ·
658 347 766 381 μείζονα
780 347 834 381 γὰρ
850 347 920 380 ἀγά-

139 397 196 424 πην
210 389 260 416 οὐκ
272 389 305 416 ἂν
318 390 376 425 ἔχοι
391 399 434 422 τις
449 392 488 426 τῷ
504 392 615 430 πλησίον
628 393 804 426 ἐνδείξασθαι,
817 393 833 426 ἦ
850 393 921 426 ᾇπερ

139 435 230 470 ἑαυτῷ
248 436 364 471 κάκείνῳ
376 437 520 472 εὐχόμενος
533 438 649 472 τάγαθά.
671 438 848 473 Ἀγαπήσεις
858 439 921 473 γὰρ,

139 481 220 515 φησὶ,
246 482 299 508 τὸν·
329 483 465 515 πλησίον
480 491 538 510 σου
549 483 588 516 ὡς
607 483 724 510 ἑαυτόν.
746 484 800 509 Καὶ
826 484 921 510 τούτου

141 525 235 559 μεῖζον
257 526 306 552 οὐκ
329 527 440 554 ἀπαιτεῖ
466 527 530 562 παρ’
559 528 636 562 ἡμῶν
651 529 665 555 ό
690 527 767 561 Θεὸς,
789 528 826 560 ὡς
844 529 923 556 τοῦτο

138 571 191 604 τῆς
221 571 307 604 ἄκρας
335 572 445 606 ἀγάπης
477 573 508 599 ὂν
539 573 648 607 δεῖγμα.
683 574 751 600 Οὐδὲ
785 573 839 608 γὰρ
867 574 922 600 οὐδ’

140 616 238 650 ἀγνοίᾳ
261 625 289 642 τε
320 618 367 643 καὶ
392 618 497 652 ἀμαθίᾳ
525 618 617 653 φαίητ’
631 619 664 645 ἂν
683 620 756 654 ἡμᾶς
784 621 833 654 τῆς
859 620 922 652 ἀλη-

141 661 216 692 θείας
240 661 405 696 ἀποτυχεῖν,
435 663 533 694 εἰδότες
563 665 594 690 ὲκ
622 664 726 690 παίδων
756 673 786 690 τε
809 665 856 691 καὶ
880 665 923 691 διὰ

141 705 229 739 λόγων
262 706 398 740 ἠγμένους
430 708 477 734 καὶ
508 709 538 735 τό
556 717 587 738 γε
612 709 678 744 παρ’
704 711 771 744 ἡμῖν
792 709 870 737 τοῦτο
892 712 923 736 τὸ

142 750 226 784 μέρος
248 750 354 782 οὐδενος
381 751 460 783 ὄντας
484 752 644 788 δευτέρους,
671 756 772 791 πολλήν
792 765 822 783 τε
860 759 923 792 περὶ

141 795 221 821 τοῦτο
262 795 293 822 τὸ
321 796 409 830 δόγμα
442 797 694 832 χαταϐαλλομένους
719 801 846 837 σπουδὴν,
876 803 922 829 καὶ

143 841 195 874 τὴν
214 840 354 875 ἀλήθειαν,
368 841 406 871 ὡς
421 842 492 874 ἐνὸν,
518 831 740 881 ἀνιχνεῦσαντας.
757 831 855 872 liabet
871 848 922 882 γὰρ
938 831 959 860 Β

142 886 209 913 ἄλλο
228 888 300 918 εἰκὸς
320 887 427 914 ἑλέσθαι
447 888 609 922 βουληθῆναι
637 887 781 924 ἄνθρωπον
804 892 836 918 ἐκ
861 893 923 919 νέου

142 932 188 958 διὰ
205 933 380 967 μιτριότητός
393 941 424 959 τε
447 935 492 960 καὶ
511 934 703 965 ταπεινώσεως
724 935 854 970 ἠγμένον,
878 938 924 963 καὶ

143 978 175 1005 ὲν
190 978 312 1012 ὑποταγῇ
331 979 377 1004 καὶ
402 979 516 1014 ἀρνήσει
542 980 588 1006 τοῦ
607 980 673 1006 ἰδίου
698 980 848 1016 θελήματος
875 983 924 1018 ζή-

145 1032 240 1056 σαντα,
262 1024 298 1055 ὡς
311 1024 379 1057 ὲνδν,
395 1025 446 1051 σὺν
465 1024 538 1060 Sed);
556 1024 684 1060 (εἰρήσθω
695 1026 724 1053 δὲ
740 1027 804 1054 ἄνευ
819 1028 925 1063 καυχή-

145 1070 226 1101 σεως)
256 1069 341 1095 πολλὰ
365 1070 430 1104 περὶ
455 1071 504 1104 τῆς
531 1070 578 1097 τοῦ
600 1071 702 1106 κόσμου
728 1073 923 1108 ματαιότητος,

145 1113 232 1140 πολλὰ
250 1115 313 1149 περὶ
330 1114 402 1149 ἠθῶν
417 1115 596 1150 βελτιώσεως,
614 1117 697 1144 πολλᾶ
713 1117 777 1152 περὶ
794 1118 846 1144 τῶν
859 1119 925 1145 ἀπο-

145 1159 281 1193 κειμένων
307 1160 432 1194 βασάνων
453 1161 469 1197 ἢ
487 1162 610 1196 ἁμοιϐὦν
635 1163 810 1197 ἁνεγνωκότα
824 1173 864 1197 τε,
878 1166 926 1192 καὶ

144 1206 178 1239 τῇ
207 1204 278 1240 ψυχῇ
296 1206 517 1242 amomum”
545 1209 602 1240 τοῖς
625 1209 716 1244 ὀρθοῖς
741 1210 860 1244 δόγμασι
876 1211 925 1245 τὴν

146 1249 236 1285 ψυχὴν
261 1251 417 1284 βελτιῶσαι,
444 1253 492 1279 καὶ¹
511 1252 560 1288 τὴν
575 1254 604 1279 ιν
619 1255 651 1289 τῇ
666 1254 757 1280 πίστει
777 1256 866 1290 ἀληθῆ
878 1256 924 1282 εὕ-

148 1303 222 1330 ρεσιν
248 1296 444 1329 ἀσπάσασθαι;
458 1297 492 1332 ἢν
506 1297 537 1332 δὴ
555 1298 683 1325 τοσοῦτον
709 1300 809 1332 μᾶλλον
823 1301 839 1333 ἢ
859 1303 926 1336 πρό-

145 1348 225 1375 τερον
242 1342 305 1376 περὶ
322 1342 450 1369 πλείστου
466 1352 496 1369 τε
524 1345 571 1373 καὶ
586 1344 631 1370 τοῦ
661 1345 761 1377 παντὸς
783 1346 924 1381 ποιοῦμαι,

145 1388 200 1422 ὅσῳ
218 1387 267 1422 ήδη
280 1388 327 1414 τοῦ
342 1390 434 1424 γήρως
450 1390 611 1421 ἱπιστάντος
634 1384 835 1427 ἁλλεπάλληλοι
852 1393 924 1420 νόσοι

145 1431 274 1458 ἐπιοῦσαι
300 1432 441 1459 ἀπειλοῦσι
469 1442 515 1464 μοι
543 1434 660 1462 θάνατον
691 1437 847 1471 ὁσημέραι,
877 1438 925 1464 καὶ

146 1476 262 1503 ἀϐίωτον
275 1478 380 1505 ποιοῦσι
393 1479 438 1505 τὸν
455 1480 522 1513 βίον.
537 1480 601 1507 Οἶδα
617 1482 736 1513 πάντως,
754 1483 863 1517 ἀδελφοὶ
877 1484 924 1509 καὶ

147 1522 275 1557 πατέρες,
288 1521 346 1550 οἴδα
358 1525 404 1551 καί
422 1533 457 1559 με
473 1525 585 1560 λέληθεν
602 1527 728 1562 οὐδαμῶς
739 1536 745 1543 ·
762 1529 812 1555 οὐκ
827 1528 867 1555 ἔτι
881 1537 925 1562 μοι

147 1569 193 1594 ἐπὶ
212 1569 279 1595 πολὺ
310 1569 430 1603 βιωτέον,
453 1572 501 1597 καὶ
520 1571 557 1603 ὡς
577 1573 672 1607 καιρὸς
697 1573 747 1608 ἤδη
778 1574 928 1608 ἐφέστηκεν

148 1614 321 1647 ἀναλύσεως⁹
338 1616 382 1642 ὅτε
408 1617 490 1651 (καθά
512 1625 543 1651 γε
565 1618 590 1644 οἰ
606 1618 708 1645 τούτων
728 1620 927 1654 πεπειραμένοι

149 1661 241 1694 φασιν)
254 1660 341 1687 ἔπεισι
364 1663 421 1694 τοῖς
438 1662 591 1697 ἀνθρώποις
615 1663 645 1690 οὐ
662 1664 760 1698 μικρὸν
777 1665 846 1697 δέος,
865 1666 928 1700 περὶ

148 1703 184 1732 ὧν
212 1705 242 1731 οὐ
262 1707 332 1732 πάνυ
357 1715 383 1732 τι
411 1708 542 1742 πρότερον
572 1708 719 1740 ἐδεδίεσαν,
745 1710 928 1746 ἐφιστάμενον

149 1752 199 1787 ήδη
214 1752 259 1778 τὸν
273 1752 369 1785 καιρὸν
391 1751 519 1786 βλέπουσι
542 1752 589 1778 τοῦ
607 1753 687 1787 λόγον
702 1753 848 1782 ἀποδοῦναι
873 1756 928 1784 τῶν

150 1797 323 1832 βεϐιωμένων
339 1798 441 1828 αὐτοῖς.
463 1798 527 1830 Ἐμὲ
538 1798 567 1824 δὲ
580 1799 653 1832 ὅμως
665 1799 718 1834 ὅσῳ
741 1801 841 1834 μᾶλλον
858 1810 928 1835 γειτ-

148 1844 236 1876 νιάζει
252 1844 266 1870 ὸ
279 1843 404 1874 θάνατος.
420 1843 540 1878 τοσούτῳ
556 1844 636 1871 πλέον
651 1845 856 1879 παραμυθεῖται
879 1847 929 1882 τῆς

150 1891 268 1922 πίστεως
279 1891 310 1917 τὸ
328 1889 471 1925 ἀκρεφνὲς,
486 1889 629 1921 ἐλπίζοντα
656 1891 686 1917 τὺ
703 1890 732 1924 ἐξ
746 1891 834 1926 ἔργων
847 1892 930 1929 ἐλλεῖ-

150 1946 200 1964 πον
212 1938 244 1972 τῇ
261 1936 381 1971 σωτηρίᾳ.
397 1935 682 1970 ἁναπληρωθήσεσθαι
707 1938 740 1972 τῇ
756 1936 809 1963 τῶν
825 1938 928 1971 δογμά-

150 1991 203 2010 των
215 1982 270 2009 τῶν
280 1981 366 2017 ὀρθῶν
381 1981 456 2017 δόξῃ,
469 1977 507 2007 ὧν
529 1981 609 2008 ἕνεκα
629 1982 674 2008 καὶ
698 1983 781 2016 τιμὰς
797 1982 929 2017 παριδὼν,

152 2029 177 2054 εἰ
191 2037 264 2059 τινας
283 2025 356 2062 εἶχον
371 2027 436 2061 παρ’
450 2027 515 2061 ὑμῖν
539 2024 623 2061 (εἶχον
640 2026 668 2053 δὲ
687 2027 717 2054 οὐ
736 2028 853 2062 μικρὰς,
869 2029 931 2055 οἱδὶ

152 2073 255 2107 ὀλίγας)
271 2073 339 2103 ὅλως
353 2071 454 2107 ταύτης
469 2072 602 2107 ἐγενόμην
614 2072 664 2106 τῆς
685 2072 824 2106 ἀληθείας.
841 2072 931 2100 Εἰδόσι

151 2122 205 2155 γὰρ
221 2119 304 2153 λέγω,
318 2119 366 2145 καὶ
380 2118 445 2152 παρ’
459 2118 569 2144 εἰδότων
585 2117 719 2144 ἀκούσασί
729 2126 770 2150 τε,
787 2119 833 2144 καὶ
849 2119 930 2145 ἀκου-

939 1502 960 1531 C

974 212 1041 239 mihi
1077 212 1157 246 ipse,
1182 212 1234 239 hoc
1261 213 1344 240 etiam
1373 212 1450 239 vobis
1480 217 1545 247 opto
1579 212 1754 240 bonum.Et-

975 258 1048 286 enim
1071 259 1201 294 majorem
1216 258 1376 286 charitatcm
1391 258 1541 286 ostendero
1559 258 1682 293 proximo
1698 266 1752 286 non

976 304 1090 331 haberet
1104 304 1215 338 aliquis,
1228 311 1308 338 quam
1325 303 1348 330 si
1363 311 1424 338 quae
1435 304 1500 334 sibi.
1513 303 1570 331 haec
1586 308 1613 330 et
1626 303 1664 330 illi
1690 311 1753 338 pre-

975 354 1053 377 cetur
1069 344 1152 378 bona.
1168 349 1266 384 Diliges
1279 349 1364 380 enim,
1388 349 1488 383 inquit.
1502 349 1653 382 proximum
1667 353 1754 380 tuum,

974 396 1042 421 sicut
1058 394 1178 428 teipsum,
1198 399 1225 421 et
1247 393 1300 421 hoc
1319 393 1408 427 majus
1423 400 1438 420 λ
1452 393 1529 420 nobis
1540 391 1611 419 Deus
1628 399 1683 418 non
1698 392 1756 418 exi-

975 441 1025 475 git,
1044 440 1122 475 quasi
1139 439 1193 466 hoc
1204 446 1318 467 summa
1328 437 1488 466 dilectionis
1500 437 1536 465 sit
1548 428 1688 464 indicium.
1700 436 1754 464 Ne-

975 491 1028 517 que
1044 485 1117 512 enim
1133 484 1303 519 ignoratione
1318 488 1345 510 et
1362 483 1468 510 inscitia
1482 482 1581 510 dicetis
1591 489 1642 510 nos
1655 482 1755 510 verita-

977 535 1030 557 tem
1060 537 1112 557 nou
1129 536 1284 561 assecutus;
1307 537 1369 556 cum
1391 529 1483 557 sciatis
1508 537 1559 556 nos
1585 529 1619 556 ab
1642 529 1755 556 ineunte

974 580 1054 603 aetate
1068 575 1166 603 studiis
1177 576 1307 607 imbutos,
1322 580 1350 603 et
1364 575 1438 610 quod
1455 579 1561 609 spectat
1571 574 1604 602 ad
1612 574 1684 602 hanc
1693 582 1757 609 par-

976 627 1040 652 tem,
1066 629 1150 656 penes
1164 629 1213 649 vos
1238 622 1305 649 nulli
1325 629 1385 649 esse
1410 621 1569 649 secundos:
1588 626 1615 649 et
1639 622 1754 649 multum

975 667 1056 694 studii
1071 668 1142 694 circa
1153 667 1203 694 hoc
1212 667 1308 701 dogma
1320 666 1490 697 adhibuisse,
1499 671 1527 694 et
1542 674 1649 698 verum,
1662 675 1750 701 quan-

976 716 1034 739 tum
1052 712 1109 740 ﬁeri
1127 713 1228 747 potuit,
1241 712 1429 747 iuvestigasse,
1442 718 1470 739 et
1482 711 1613 746 quidnam
1628 712 1701 738 aliud
1710 718 1757 738 ve-

976 757 1091 785 risimile
1113 762 1154 785 est
1170 757 1307 785 hominem
1322 757 1423 792 eligere
1440 757 1560 784 voluisse
1579 765 1593 784 ιι
1608 757 1756 791 iuventute

976 802 1109 835 modeste,
1120 807 1146 829 et
1159 802 1298 830 humiliter
1314 803 1460 830 educatum
1472 807 1499 829 et
1513 802 1680 835 institutum,
1694 803 1757 837 qui-

974 855 1027 882 que
1042 847 1093 875 sub
1109 847 1276 880 obcdientia,
1287 852 1316 875 et
1327 847 1507 882 sbnegatione
1522 855 1579 874 sua
1590 848 1752 881 voluntatis,

973 901 1024 928 pro
1041 893 1125 924 virili.
1145 893 1201 920 Deo
1211 893 1334 928 iuvante.
1352 892 1434 920 vitam
1447 892 1534 920 vixit?
1549 893 1597 927 qui
1613 893 1696 927 (absit
1708 900 1757 920 au-

974 942 1027 965 tem
1051 937 1195 973 iactantia)
1218 937 1301 965 multa
1316 937 1350 964 de
1366 937 1486 965 vanitate
1498 937 1604 971 mundi,
1622 937 1707 964 multa
1721 938 1757 965 de

974 983 1097 1018 profectu
1116 991 1234 1013 morum.
1264 983 1350 1010 multa
1364 983 1399 1010 de
1411 982 1579 1010 cruciatibus
1595 987 1623 1009 et
1634 983 1755 1017 praemiis

974 1035 1035 1063 qua:
1049 1034 1238 1061 reservantur,
1254 1029 1330 1064 legit,
1345 1033 1373 1056 et
1390 1029 1416 1055 in
1433 1028 1525 1055 animo
1542 1028 1707 1062 recondidit,
1725 1032 1756 1056 ut
1780 1064 1783 1066 η

974 1074 1095 1101 animum
1106 1074 1189 1102 rectis
1195 1073 1370 1108 dogmatibus
1382 1074 1600 1108 praestantiorem
1614 1073 1755 1105 redderet,

973 1123 1002 1146 et
1021 1126 1113 1146 veram
1142 1119 1380 1153 investigationem
1401 1118 1428 1144 in
1453 1118 1506 1145 ﬁde
1534 1117 1754 1151 amplecteretur.

973 1164 1060 1197 Quam
1073 1164 1196 1198 profecto
1210 1171 1244 1190 eo
1258 1164 1344 1198 magis
1356 1169 1429 1189 nunc
1443 1170 1523 1196 quam
1539 1162 1616 1197 prius
1631 1162 1718 1197 pluris
1727 1166 1755 1190 et

975 1208 1085 1235 maximi
1100 1207 1180 1239 facio,
1200 1215 1255 1242 quo
1267 1208 1322 1242 jam
1334 1211 1477 1234 senectute
1492 1207 1611 1234 instante
1628 1207 1755 1234 continui

975 1253 1064 1280 morbi
1077 1253 1236 1288 ingruentes
1252 1252 1376 1287 quotidie
1388 1251 1454 1279 mihi
1471 1256 1586 1279 mortem
1603 1252 1754 1285 minantur,

973 1302 1005 1326 et
1023 1298 1104 1325 vitam
1121 1297 1247 1325 acerbam
1257 1297 1361 1325 faciunt
1380 1297 1512 1325 :omnino
1528 1297 1596 1330 scio,
1612 1296 1711 1324 fratres
1727 1302 1756 1324 et

975 1348 1080 1378 patres,
1093 1343 1150 1371 seio
1165 1347 1192 1370 et
1208 1350 1252 1370 me
1269 1343 1381 1370 minime
1395 1343 1472 1375 latet,
1487 1350 1542 1370 non
1558 1342 1676 1378 amplius
1686 1342 1765 1381 ιιιιιι-⁸

976 1394 1032 1417 tum
1048 1389 1116 1418 mihi
1131 1396 1190 1416 esse
1214 1389 1372 1421 vivendum,
1391 1393 1419 1416 et
1433 1389 1507 1424 quod
1523 1393 1632 1423 tempus
1643 1389 1700 1424 jam
1714 1388 1754 1416 in-
1794 1384 1798 1388 ’

975 1440 1030 1464 stat
1044 1435 1232 1467 resolutionis,
1250 1434 1360 1470 quando
1377 1434 1417 1468 (ut
1429 1434 1527 1462 harum
1539 1442 1631 1462 rerum
1649 1435 1755 1469 experti

975 1479 1063 1514 aiunt)
1081 1479 1192 1506 advenit
1212 1478 1371 1506 hominibus
1395 1486 1450 1506 non
1467 1485 1569 1513 parvus
1597 1483 1699 1512 metus,
1720 1478 1755 1506 de

977 1525 1077 1560 quibus
1097 1532 1151 1552 non
1169 1524 1247 1552 valde
1267 1524 1414 1552 admodum
1437 1524 1513 1558 prius
1533 1523 1684 1552 timebant:
1705 1524 1756 1552 ad-

977 1574 1088 1597 ventare
1108 1569 1164 1604 jam
1184 1574 1293 1604 tempus
1313 1569 1451 1604 aspiciunt
1465 1569 1600 1597 reddendi
1621 1569 1756 1597 rationem

977 1619 1044 1643 actus
1055 1616 1126 1643 vitae.
1141 1615 1183 1642 ille
1196 1623 1261 1643 vero
1278 1619 1368 1642 tamen
1385 1622 1440 1648 quo
1455 1615 1541 1649 magis
1557 1616 1758 1650 appropinquat

977 1668 1062 1692 mors,
1079 1668 1113 1688 eo
1124 1660 1241 1695 amplius
1259 1660 1416 1687 consolatur
1433 1659 1495 1687 ﬁdei
1511 1659 1623 1691 candor,
1645 1667 1757 1695 speran-

978 1709 1044 1737 tem,
1057 1705 1130 1739 quod
1145 1713 1179 1732 ex
1196 1705 1326 1740 operibus
1343 1705 1421 1732 deest
1436 1705 1468 1732 ad
1486 1705 1615 1737 salutent.
1629 1712 1758 1739 compen-

979 1756 1067 1779 satum
1090 1752 1122 1779 iri
1140 1751 1269 1786 opinione
1287 1756 1426 1778 rectorum
1443 1751 1610 1786 dogmatum.
1636 1750 1756 1783 Quorum

978 1805 1059 1825 causa
1087 1796 1169 1823 etiam
1186 1796 1304 1823 honores
1319 1801 1510 1827 contemnens,
1526 1795 1549 1822 si
1567 1802 1637 1830 quos
1649 1803 1759 1822 assecu-

980 1846 1024 1869 tus
1051 1841 1122 1876 apud
1144 1849 1192 1868 VOS
1217 1849 1291 1869 eram
1309 1841 1462 1876 (assecutus
1487 1846 1580 1868 autem
1601 1848 1676 1868 eram
1702 1848 1758 1867 non

980 1887 1092 1922 paucos)
1107 1891 1181 1914 totus
1195 1891 1307 1914 secutus
1322 1893 1383 1914 sum
1396 1886 1466 1913 hanc
1481 1886 1636 1913 veritatem.
1661 1885 1759 1913 Scien-

981 1931 1055 1959 tibus
1081 1932 1153 1959 enim
1176 1931 1284 1966 loquor,
1301 1936 1329 1959 et
1343 1939 1356 1957 a
1377 1931 1528 1959 scientibus
1549 1931 1705 1962 audivistis,
1731 1937 1759 1958 et

981 1977 1102 2006 audituri
1115 1979 1193 2009 estis.
1207 1978 1231 2005 si
1246 1978 1400 2005 volueritis.
1419 1977 1495 2010 Quod
1505 1976 1600 2012 juveni
1615 1977 1716 2009 adhuc,
1732 1982 1760 2005 et

980 2023 1102 2051 nondum
1120 2023 1279 2058 pubescenti
1295 2022 1429 2049 maximus
1439 2022 1526 2049 honor
1539 2022 1649 2050 habitus
1659 2026 1711 2054 est,
1725 2022 1760 2048 ab

982 2068 1016 2096 iis
1035 2068 1116 2095 etiam
1133 2067 1180 2102 qui
1198 2075 1241 2095 me
1255 2075 1393 2101 nunquam
1410 2067 1547 2099 viderant,
1557 2071 1583 2094 et
1598 2071 1691 2094 notum
1701 2069 1761 2094 erat

982 2121 1082 2141 nomen
1099 2121 1189 2140 meum
1206 2113 1334 2141 omnibus
1358 2112 1515 2146 ubicunque
1533 2112 1628 2146 lingua.
1647 2112 1760 2140 Graeco-

152 2165 275 2200 σομένοις
288 2164 321 2191 ἄν
343 2172 370 2190 τι
389 2163 540 2198 βούλοισθε,
556 2163 593 2195 ὼς
610 2164 668 2189 νέον
690 2172 720 2190 τε
740 2164 779 2190 ἔτι
791 2164 839 2190 καὶ
855 2164 926 2191 oti-mc

983 2168 1044 2187 rum
1059 2159 1180 2187 auditur.
1194 2159 1314 2186 Necdum
1340 2158 1499 2186 vicesimum
1515 2163 1642 2193 quartum
1658 2165 1760 2184 annum

152 2210 299 2244 γενειῶντα
323 2209 366 2235 διὰ
392 2209 524 2242 πλείστης
541 2208 624 2242 ἦγετέ
641 2217 674 2244 με
687 2211 781 2244 τιμῆς,
798 2211 846 2236 καὶ
857 2210 934 2236 αὐτοὶ

152 2257 176 2282 οἰ
195 2254 232 2290 μὴ
259 2255 327 2285 ὅλως
356 2253 466 2284 ἰδόντες.
500 2252 642 2288 Γνώριμον
669 2251 702 2289 ἦν
731 2253 832 2287 τούμὸν
848 2253 934 2288 ὄνομα

153 2301 220 2327 πᾶσι
234 2300 290 2330 τοίς
304 2298 460 2332 ὁπηδήποτε
488 2297 579 2331 φωνῆς
601 2297 762 2333 Ἑλληνικῆς
787 2298 932 2324 ἐπαΐουσιν

153 2346 200 2372 καὶ
216 2345 299 2379 μήπω
309 2344 425 2376 τέτταρα
437 2343 482 2369 καὶ
492 2344 594 2370 εἴκοσιν
603 2342 651 2378 ἔτη
667 2343 823 2378 γενόμενος,
835 2344 933 2376 αἰδοῖος

154 2391 279 2427 ἡγεμόσι,
311 2390 358 2416 καὶ
385 2389 499 2423 ἄρχουσι
519 2389 567 2415 καὶ
593 2389 676 2415 πᾶσιν
707 2389 771 2424 ὑμῖν
798 2389 932 2424 ὑπῆρχον,

154 2437 344 2467 Ποθεινότανος
366 2435 534 2470 βασιλεῦσιν,
554 2434 578 2461 οἶ
593 2435 623 2461 οὐ
639 2434 693 2461 τῶν
716 2435 868 2470 ἡλικιωτῶν
885 2436 933 2470 μό-

154 2492 207 2516 νον,
227 2483 273 2509 καὶ
299 2481 354 2509 τῶν
371 2480 591 2516 προϐεϐηκότων,
615 2481 685 2508 ἀλλὰ
707 2482 825 2508 καὶτῶν
854 2481 934 2514 ἀξιῶ-

156 2537 228 2564 ματα
241 2527 484 2563 περιϐεϐλημένων
499 2527 573 2561 ἡμᾶς
589 2527 760 2562 προετίθουν,
783 2527 829 2554 καὶ
853 2526 934 2559 ἀξιὼ-

155 2575 221 2610 μασί
237 2583 266 2601 τε
281 2574 328 2601 καὶ
347 2574 455 2609 ἀρχαῖς,
471 2575 531 2604 ταῖς
546 2572 618 2608 ὑπὲρ
632 2573 682 2608 τὴν
708 2573 816 2608 ἠλικίαν
834 2574 875 2608 (οὐ
899 2573 933 2600 δι’

154 2621 223 2656 ἐμὴν
236 2619 345 2655 ἀρετὴν,
359 2619 425 2646 ἀλλὰ
434 2619 468 2646 δι’
479 2618 548 2645 ἰδίαν
561 2619 774 2654 καλοκάγαθίαν)
785 2619 931 2654 ἐκόσμουν.

154 2667 250 2693 Καίτοι
267 2666 314 2692 καὶ
329 2666 352 2691 εἰ
370 2665 440 2700 μέγα
455 2665 503 2691 νῦν
525 2665 554 2691 ὲν
565 2666 597 2700 τῇ
611 2664 657 2691 τοῦ
678 2665 796 2700 Χριστοῦ
818 2665 934 2699 Ἐκκλη-

155 2712 200 2746 σία
215 2711 376 2747 περίκειμαι
396 2712 498 2746 σχῆμα,
518 2710 543 2736 εἰ
568 2710 694 2746 λαμπρὸν
719 2711 828 2745 ἀξίωμα
851 2718 930 2745 περι-

154 2757 301 2792 ϐέϐλημαι,
319 2757 365 2783 καὶ
377 2756 415 2790 τῷ
430 2756 486 2783 ὗντι
505 2755 626 2791 μεγάλας
639 2756 721 2791 τιμὰς
735 2757 781 2783 καὶ
797 2756 935 2792 ὑπερόαλ-

154 2802 253 2834 λούσας
267 2802 436 2838 καρποῦμαι,
455 2802 500 2828 καὶ
517 2803 577 2829 ὅσαι
596 2802 665 2837 ὑπὲρ
677 2802 736 2837 ἐμὲ,
755 2802 821 2830 ἀλλά
836 2803 932 2838 πρῶτα

984 2205 1108 2240 agebam,
1128 2204 1300 2239 ducibusque
1324 2207 1352 2231 et
1376 2203 1556 2238 principibus,
1581 2207 1610 2231 et
1633 2202 1763 2230 omnibus

984 2250 1063 2278 vobis
1081 2250 1254 2277 venerandus
1270 2256 1356 2282 eram,
1368 2248 1578 2283 imperatoribus
1602 2247 1762 2282 acceptissi-

985 2303 1046 2324 mus
1060 2304 1067 2323 :
1081 2297 1128 2331 qui
1146 2304 1201 2324 non
1214 2295 1302 2323 solum
1317 2294 1468 2330 a‘qualibus
1482 2299 1598 2322 etaetate
1613 2294 1762 2328 provectis,

984 2341 1032 2370 sed
1057 2341 1140 2369 etiam
1164 2341 1198 2369 iis
1213 2341 1260 2376 qui
1277 2341 1303 2368 in
1323 2340 1502 2377 dignitatibus
1517 2339 1659 2367 constituti
1673 2344 1762 2369 erant.

985 2396 1034 2416 nos
1054 2388 1246 2423 praeferebant,
1264 2391 1291 2414 et
1308 2386 1489 2421 dignitatibus
1512 2394 1544 2414 ac
1571 2385 1762 2420 potestatibus,

985 2442 1045 2470 quae
1060 2439 1166 2462 atatem
1188 2433 1365 2469 superabant.
1381 2441 1434 2460 non
1447 2436 1558 2467 propter
1577 2438 1664 2458 meam
1678 2430 1764 2457 virtu-

985 2485 1051 2512 tem.
1066 2480 1112 2507 sed
1127 2480 1263 2515 propriam
1278 2479 1441 2511 bonitatem,
1458 2477 1602 2505 ornabant.
1619 2474 1652 2504 Et
1668 2483 1764 2511 quam-

984 2527 1026 2553 vis
1043 2526 1122 2553 modo
1136 2518 1263 2560 niagnum
1280 2525 1307 2551 in
1321 2524 1441 2552 Ecclesia
1457 2523 1505 2551 Dei
1517 2523 1646 2550 habitum.
1657 2528 1762 2557 geram,

984 2572 1108 2607 quamvis
1121 2571 1292 2606 splendidam
1302 2570 1462 2606 dignitatem
1474 2570 1622 2600 obtineant,
1631 2572 1659 2595 et
1669 2575 1762 2595 revera

984 2618 1090 2654 magnis
1116 2617 1266 2645 honoribus
1290 2621 1318 2644 et
1342 2615 1539 2644 excellentibus
1563 2613 1648 2645 fruar,
1665 2618 1693 2640 et
1715 2613 1764 2647 qui

984 2672 1075 2692 meum
1100 2663 1228 2690 meritum
1253 2666 1400 2698 superant;
1434 2661 1481 2688 sed
1508 2660 1625 2695 primum
1651 2658 1762 2694 quidem

984 2714 1079 2745 postea
1103 2711 1292 2740 accesserunt,
1321 2714 1410 2742 neque
1433 2705 1546 2741 sperati,
1561 2709 1591 2731 ut
1615 2703 1685 2731 Deus
1700 2702 1762 2729 scit.

984 2755 1086 2782 Deinde
1099 2753 1235 2786 fortassis,
1253 2752 1353 2780 dixerit
1375 2752 1486 2787 aliquis,
1503 2751 1620 2787 majores
1632 2748 1702 2785 apud
1716 2755 1764 2775 vos

984 2801 1132 2829 exstitisse.
1163 2799 1302 2835 Siquidem
1333 2798 1370 2827 ibi
1391 2797 1462 2833 apud
1493 2804 1540 2824 vos
1578 2795 1668 2824 statim
1693 2793 1764 2821 inter
