1920 3063
179 110 232 141 463

658 106 912 137 BESSARIONIS
935 106 964 136 S.
985 106 1023 135 Β.
1043 105 1076 135 Ε.
1097 102 1331 134 CARDINALIS

1753 98 1818 130 4M

179 168 283 203 primos
314 165 410 193 ordine
439 163 568 197 locabar,
598 164 644 191 hic
672 170 738 190 vero
769 162 895 198 plurimis
920 170 964 189 ex-

1022 161 1071 196 μὲν
1084 161 1247 194 ἐπεγένοντο
1279 158 1349 194 μετὰ
1364 158 1461 190 ταῦτα,
1480 157 1541 184 οὖδὶ
1563 156 1751 191 ἱλττιξόμα-παι,
1772 158 1817 188 ὡς

179 211 358 242 sistentibus,
393 209 448 237 imo
473 216 541 236 vero
575 216 719 236 numerum
750 207 965 239 excedentibus.

178 257 225 292 qui
258 260 285 284 et
311 256 447 291 sapientia
482 254 683 290 prudentiaque
709 259 737 282 et
762 254 837 281 omni
866 255 967 280 virtute

177 303 306 334 vincunt,
321 303 367 329 vix
381 310 441 330 sum
459 310 530 330 unus
542 302 575 329 de
595 301 699 329 multis.
717 300 790 329 Dixit
804 306 895 328 autem
907 301 968 336 qui-

178 349 240 376 dam
257 356 290 376 ex
313 348 393 376 valde
409 348 572 379 ambitiosis,
594 347 617 375 si
634 347 795 374 memoriam
811 347 921 377 tenetis,
939 346 965 372 in

177 393 310 429 oppidulo
325 394 400 421 tenui
425 400 458 420 ac
475 392 564 420 sterili
584 392 664 419 malle
680 392 785 426 primus
797 398 868 422 esse,
881 397 963 425 quam

177 439 270 465 Romae
297 439 323 465 in
341 438 458 465 maxima
478 443 507 465 et
532 437 721 466 illustrissima
737 435 806 463 urbe
830 435 965 463 secundas

176 489 268 518 partes
291 488 397 510 tenere.
410 483 516 510 Habere
537 482 610 510 enim
633 481 781 517 quamdam
798 480 965 515 voluptatem

176 529 337 564 primatum,
350 529 477 563 quamvis
487 529 560 556 inter
574 528 705 555 minimos
719 527 766 555 sit.

1018 207 1033 233 6
1049 206 1114 238 Θεὸς
1132 205 1219 233 οἶδεν·
1237 204 1322 231 ἔπειτ’
1339 204 1405 235 ἴσως
1417 204 1490 230 είποι
1506 211 1549 234 τις
1569 203 1612 234 ἂν,
1631 204 1733 238 τρόπον
1745 204 1817 230 τινὰ

1020 253 1130 287 μείζους
1142 252 1192 283 τὰς
1214 251 1281 286 παρ’
1297 251 1374 285 ὑμῶν
1389 249 1572 284 γεγανῆσθαν
1594 249 1650 282 είγε
1679 249 1737 275 ἐκεῖ
1755 249 1817 283 μὲν

1018 298 1066 324 καὶ
1078 298 1144 332 παρ’
1160 298 1225 332 ὖμίν
1240 297 1269 323 ἐν
1285 298 1342 328 τοῖς
1351 294 1472 331 πρώτοις
1487 294 1568 326 εὐθὺς
1584 294 1749 329 ἐταττόμην,
1765 295 1815 320 ὲν-

1016 344 1105 370 ταῦθα
1122 343 1150 369 δὲ
1176 343 1294 376 πολλῶν,
1321 343 1422 378 μᾶλλον
1449 342 1478 368 δὲ
1502 340 1623 375 ἀριθμοῦ
1641 341 1816 375 κρειττόνων

1018 390 1103 416 ὅντων
1117 389 1172 416 τῶν
1188 389 1271 425 σοφίᾳ.
1287 397 1316 416 τε
1330 389 1379 415 καὶ
1392 388 1524 423 φρονήσει
1546 388 1594 414 καὶ
1608 389 1641 422 τῇ
1657 387 1705 423 ὅλῃ
1719 387 1814 422 ἀρετῇ

1019 434 1172 466 νικώντων,
1195 435 1274 470 μόλις
1296 435 1356 469 εἰμὶ
1372 433 1531 466 πολλοστός.
1549 434 1623 467 Ἔφη
1647 433 1676 459 δὲ
1699 432 1748 460 καί
1763 441 1815 464 τις

1019 481 1074 507 τῶν
1097 480 1168 507 πάνυ
1195 480 1347 515 φιλοτίμων
1372 481 1396 507 εί
1423 479 1575 515 μέμνησθε,
1599 478 1743 514 βούλεσθαι
1774 479 1814 505 ἂν

1023 525 1123 560 μᾶλλον
1142 527 1170 552 iv
1197 525 1325 561 πολιχνίῳ
1353 525 1449 561 λυπρῷ
1475 525 1587 560 πρῶτος
1610 521 1724 559 εῐναι,ῆ
1746 524 1813 550 δευ-

176 577 270 611 τερεῖα
295 577 324 602 ἐν
341 577 374 611 τῇ
395 575 511 611 μεγίστῃ
535 583 564 602 τε
587 575 634 602 καὶ
658 573 843 610 λαμπροτάτῃ
867 572 963 608 Ῥώμῃ
983 572 1120 608 κατέχειν.
1138 572 1232 608 Ἐχειν
1251 573 1304 608 γάρ
1335 580 1408 605 τινα,
1427 571 1478 599 κάν
1494 571 1523 598 tv
1537 570 1689 606 ἐλαχίστοις
1702 568 1730 606 ᾗ.
1743 570 1813 605 ήδο-

177 624 224 659 νὴν
240 623 272 650 τὸ
288 625 432 658 πρωτεῖον.

211 669 347 696 Cazterum
366 674 393 696 et
407 676 467 703 qua:
478 669 550 704 apud
571 676 620 696 vos
635 669 719 696 habui
733 668 838 696 minimi
854 668 917 701 feci,
932 672 960 695 et

175 715 321 750 prmsentia
340 715 421 741 modo
432 715 528 749 (Deum
541 717 637 748 testor)
648 719 678 741 ut
687 719 808 742 stercora
821 714 962 745 ducerem,

175 764 202 786 ct
213 759 328 794 objectis
338 759 477 790 omnibus,
486 759 612 793 quamvis
621 759 708 785 multo
720 758 798 793 plura
809 757 851 785 his
860 761 962 789 essent,

175 813 210 831 ne
227 809 302 832 retro
315 805 426 840 quidem
450 805 598 839 aspiciens,
615 805 649 832 ad
669 812 719 832 vos
735 813 778 832 me
797 804 961 838 conferrem,

1068 665 1147 692 ’Δλλὰ
1157 665 1251 692 καὶτὰ
1267 663 1332 700 παρ’
1347 664 1411 699 ὑμῖν
1425 662 1460 690 δι’
1477 663 1621 698 ἐλαχίστου
1637 662 1809 697 πεποίημαιπ

1017 711 1140 745 ἀδελφοὶ,
1161 711 1210 738 καὶ.
1234 710 1267 737 τά
1285 718 1316 744 γε
1340 710 1387 736 νῦν
1415 709 1549 744 παρόντα,
1565 709 1745 745 μαρτύρομαι
1758 709 1813 735 τὸν

1018 756 1096 787 Θεὶν.
1123 756 1161 788 ὡς
1186 756 1310 782 σκύϐαλα
1338 756 1371 782 ἂν
1393 755 1552 790 ἡγησάμην.
1581 755 1628 781 καὶ
1654 755 1744 781 πάντα
1773 753 1812 780 ἂν

1018 802 1185 839 ἀπορρίψας,
1201 803 1226 829 εί
1239 800 1434 829 πολλαπλασίω
1457 800 1560 828 τούτων
1585 799 1668 836 ἦσαν,
1696 801 1810 834 ἀμεται

175 850 229 877 nisi
246 850 313 877 mihi
329 845 459 878 conscius
474 858 576 882 essem,
594 851 666 885 quod
685 851 814 886 elegerim
827 855 956 885 praestan-

1020 850 1127 884 πρεπτὶ
1141 848 1209 884 πρὸς
1223 849 1295 883 ὑμᾶς
1307 847 1432 882 ᾠχόμην,
1449 848 1473 874 εί
1494 849 1531 882 μὴ
1550 847 1675 882 συνῄδειν
1689 845 1810 881 ἐμαυτῷ

175 895 246 922 tiora
272 896 370 930 magis,
398 900 426 923 et
454 895 608 927 salutifera,
638 896 689 923 nisi
712 897 780 923 mihi
805 903 964 930 persuasum

174 945 260 970 esset.
288 939 450 966 catholicam
478 944 600 967 sanctam
633 939 785 966 Romanam
813 939 964 967 Ecclesiam

175 986 287 1017 docere,
304 989 332 1012 et
349 985 474 1016 credere,
489 993 551 1020 qua:
566 985 599 1012 ad
614 985 698 1012 vitam
709 990 838 1012 arternam
848 986 964 1013 ducunt.

174 1030 203 1058 Si
218 1031 303 1066 igitur
319 1030 353 1058 ad
371 1038 402 1058 ea
418 1038 467 1058 vos
483 1030 580 1058 hortor
594 1035 621 1058 et
632 1031 760 1063 obsecro,
773 1038 834 1066 quae
848 1031 966 1066 propriae

174 1079 256 1106 saluti
272 1079 398 1106 subsidia
410 1086 472 1106 esse
488 1078 628 1111 existimo,
646 1083 724 1114 grato
738 1079 840 1110 animo,
851 1082 965 1113 etaequo

173 1125 269 1152 audire
299 1124 417 1158 debetis,
443 1129 472 1152 et
499 1132 561 1160 quae
587 1124 718 1152 dicuntur
743 1124 864 1152 libenter
892 1124 967 1152 exci'

174 1178 251 1206 perc.

210 1216 263 1244 Sed
280 1215 451 1250 scandalum,
467 1216 594 1251 inquitis,
613 1216 693 1244 nobis
709 1220 762 1248 est,
777 1223 839 1251 quae
862 1223 876 1242 a
892 1214 965 1242 Lati-

174 1263 219 1290 nis
237 1263 309 1290 facta
328 1268 371 1290 est
390 1263 424 1290 ad
443 1262 610 1299 Symbolum
619 1263 735 1291 additiol

210 1308 238 1335 Si
251 1313 325 1336 recte
334 1309 522 1341 considerare,
533 1309 642 1342 fratres,
654 1309 809 1341 volueritis,
823 1316 876 1336 non
889 1307 964 1335 addi—

141 1384 152 1394 s
174 1353 225 1385 tio,
246 1353 293 1381 sed
308 1354 457 1386 explicatio
474 1358 502 1381 et
517 1355 675 1389 explanatio
704 1359 746 1382 est
761 1354 834 1389 quod
849 1353 962 1381 dicitur.

173 1398 281 1433 Quippe
299 1398 405 1426 additio
423 1402 466 1426 est
488 1399 570 1426 etiam
589 1399 743 1427 secundum
767 1399 841 1434 ipsos
856 1403 965 1426 nostros

174 1444 303 1471 doctores
317 1444 523 1472 contrariorum
534 1446 659 1473 doctrina
674 1445 844 1481 dogmatum.
854 1445 888 1472 At
898 1452 965 1472 vero

175 1491 336 1518 earumdem
359 1495 387 1518 et
411 1491 545 1518 similium
571 1491 718 1519 illustratio
738 1491 886 1526 explicatio
911 1496 962 1524 est,

174 1543 230 1563 non
251 1535 368 1563 additio.
398 1537 478 1569 Quod
500 1538 523 1565 si
545 1545 559 1564 a
572 1537 690 1565 veritate
709 1542 774 1570 stat,
790 1543 818 1566 et
838 1537 961 1573 opinioni

175 1581 317 1608 doctorum
332 1583 474 1614 convenit,
488 1583 615 1610 timorem
636 1584 774 1614 timemus,
792 1584 837 1611 ubi
858 1591 911 1610 non
921 1589 964 1612 est

176 1627 269 1659 timor,
286 1632 314 1654 et
326 1627 533 1661 superstitionis
545 1628 636 1662 potius
648 1637 729 1664 quam
754 1630 865 1664 pictatis
892 1638 963 1664 opus

178 1672 296 1706 agimus.
316 1672 400 1700 Multa
417 1672 526 1700 addidit
547 1674 668 1702 secunda
684 1676 804 1710 synodus
821 1676 855 1702 ad
876 1675 964 1703 Nicat-

176 1725 242 1745 num
254 1717 425 1754 Symbolum.
441 1719 550 1747 Etenim
563 1719 597 1747 de
608 1719 753 1747 divinitate
772 1721 859 1748 sancti
877 1721 964 1755 Spiri-

177 1768 232 1796 tus,
249 1764 284 1791 de
298 1763 403 1792 unitate
424 1765 567 1798 Ecclesia.
583 1765 618 1793 de
645 1765 796 1800 baptismo,
811 1766 846 1794 de
867 1767 964 1798 remis-

177 1809 255 1837 sione
285 1815 473 1844 peccatorum,
489 1810 524 1838 de
549 1812 752 1839 resurrectione
779 1817 962 1847 mortuorum,

177 1854 212 1882 de
229 1855 283 1882 vita
294 1859 417 1890 :eterna;
433 1856 519 1884 multa
537 1856 590 1884 alia
609 1857 692 1884 etiam
709 1857 787 1891 dixit,
801 1857 834 1885 de
845 1866 962 1893 quorum

176 1900 255 1928 nullo
271 1902 359 1936 prima
384 1902 507 1937 synodus
527 1902 689 1937 explicitum
714 1903 780 1930 fecit
794 1911 962 1931 sermonem.

177 1948 262 1975 Multa
283 1949 453 1983 posteriores
466 1949 562 1976 Patres
575 1949 655 1976 fidem
669 1950 841 1977 declarantes
852 1951 964 1978 uberius

177 1993 358 2021 docuerunt:
378 1999 470 2021 tamen
504 2002 557 2021 non
585 1994 709 2025 additio.
737 1995 785 2022 sed
817 1996 964 2030 explicatio

177 2039 247 2066 facta
262 2044 314 2067 est.
326 2039 383 2067 Cur
403 2040 489 2074 igitur
500 2041 585 2067 etiam
608 2041 751 2068 catholica:
768 2041 898 2070 Ecclesia:
912 2042 965 2071 hoc

177 2085 249 2114 idem
267 2086 357 2114 facere
374 2094 428 2114 non
445 2087 545 2114 licuit?
562 2086 693 2115 similiter
708 2087 902 2117 haereticorum
924 2090 965 2116 in-

177 2135 269 2159 sumte
289 2131 478 2159 necessitate?

211 2268 360 2301 Quoniam.
376 2267 467 2303 inquit
481 2269 617 2305 (aliquis),
637 2275 703 2298 tunc
723 2270 836 2306 quidem
853 2271 964 2305 licebat,

176 2317 271 2349 postea
286 2322 351 2342 vero
367 2321 430 2342 cum
447 2315 526 2343 tertia
545 2315 669 2351 synodus
688 2316 774 2350 prima
797 2317 891 2350 fuerit,
904 2326 965 2354 quas

175 2367 285 2388 omnem
309 2359 476 2388 additioncm
506 2361 691 2396 prohibuerit,
711 2362 777 2389 nulli
795 2363 835 2390 fas
861 2369 904 2390 est
918 2363 966 2391 ad-

176 2406 253 2440 dere,
271 2415 307 2434 ne
324 2407 434 2442 quidem
448 2407 536 2442 ipsam
549 2408 703 2435 veritatem.

212 2451 266 2479 Sed
283 2452 334 2480 ista
349 2453 420 2480 ratio
432 2452 499 2480 falsa
513 2458 566 2486 est,
579 2454 690 2486 fratres,
710 2461 805 2481 revera
816 2460 844 2483 et
854 2455 963 2490 futilis;
994 2465 996 2470 λ

175 2497 259 2533 legite
275 2498 297 2525 si
316 2497 410 2530 vultis,
429 2505 512 2532 quam
526 2500 560 2525 de
577 2498 629 2526 hac
643 2506 674 2526 re
686 2501 894 2535 composuimus
905 2509 965 2529 ora-

176 2544 291 2576 tionem,
308 2543 336 2570 in
348 2552 401 2579 qtta
417 2537 572 2572 luculenter
589 2545 747 2573 continetur
763 2547 821 2575 haec
840 2548 942 2576 veritas
956 2558 963 2582 ;

176 2594 205 2617 et
227 2595 302 2618 certo
320 2590 387 2623 scio,
404 2591 477 2625 quod
497 2591 593 2618 eadem
613 2591 759 2620 nobiscum
773 2594 906 2623 sentietis.
924 2595 964 2622 Oh

177 2635 237 2663 haec
265 2636 369 2669 igitur,
397 2635 495 2663 fratres
530 2640 559 2663 et
588 2639 691 2671 patres,
722 2638 815 2666 nolite‘
842 2639 964 2666 atmulari

177 2681 386 2714 contendentes,
402 2689 489 2715 neque
514 2689 562 2709 eos
587 2681 801 2719 imitamini.qu
824 2684 877 2712 hoc
892 2685 962 2720 ipso,

140 2765 148 2769 _
177 2727 251 2763 quod
270 2735 334 2754 vera
342 2727 468 2762 dogmata
479 2733 650 2764 oppugnant,
664 2729 716 2757 sibi
727 2731 840 2766 gloriam
854 2739 964 2765 compa-

178 2781 240 2801 rare
255 2773 425 2809 opinantur;
441 2774 489 2802 sed
504 2775 682 2803 humiliantes
698 2777 881 2812 vosmetipsos
896 2777 962 2811 Deo,

179 2824 206 2848 et
227 2824 267 2848 tot
279 2821 352 2849 viros
365 2821 582 2857 sapientissimos
597 2830 628 2850 ac
643 2822 784 2858 piissimos
801 2828 964 2852 consectan-

1016 894 1138 929 ἑλομένῳ
1151 894 1186 920 τὰ
1201 893 1318 929 κρείττω
1334 901 1366 920 τε
1387 893 1434 919 καὶ
1450 892 1702 927 σωτηριωδὲστερα,
1716 891 1740 917 εί
1762 889 1804 926 μὴ

1015 940 1051 967 τὰ
1067 941 1136 975 προς
1149 940 1223 975 ζωήν
1234 948 1264 966 τε
1289 939 1338 974 τὴν
1354 938 1465 965 αίώνιον
1481 939 1599 974 φέροντα
1621 937 1811 964 διδάσκουσάν

1015 995 1046 1014 τι
1062 988 1109 1014 καὶ
1123 986 1311 1013 πιστεύουσαν
1327 985 1502 1020 ἐπεπείσμην
1523 985 1576 1019 τὴν
1587 983 1736 1018 καθολικὴν
1753 983 1804 1010 καὶ

1017 1032 1099 1066 ἁγίαν
1116 1031 1282 1066 Ἐκκλησίαν
1302 1031 1460 1065 Ῥωμαίων.
1472 1030 1504 1057 Εί
1518 1028 1565 1056 οὖν
1576 1022 1616 1060 είς
1630 1030 1723 1056 ἐκεῖνα
1732 1030 1811 1063 ὑμᾶς

1016 1078 1167 1114 προτρέπου
1183 1086 1212 1104 τε
1226 1077 1275 1104 καὶ
1292 1076 1457 1112 παρακαλῶ,
1475 1076 1493 1104 ἀ
1510 1076 1560 1111 τῆς
1580 1076 1648 1107 ιδίας
1665 1076 1809 1111 σωτηρίας

1016 1125 1110 1156 ἐφόδια
1126 1121 1196 1151 εἶναι
1210 1123 1323 1158 νομίζω,
1340 1123 1523 1157 εὐγνωμόνως
1539 1131 1569 1148 τε
1598 1121 1712 1149 ἀκούειν
1731 1121 1809 1156 ὀφεί-

1016 1170 1087 1202 λετε,
1103 1170 1151 1196 καὶ
1163 1169 1279 1204 ἄσμενοι
1294 1169 1329 1196 τὰ
1343 1169 1482 1203 λεγόμενα
1504 1167 1695 1200 ὐποδέξασθαι.

1057 1215 1138 1242 Ἀλλά
1158 1215 1229 1250 μέγα
1243 1215 1310 1250 ἡμῖν
1333 1214 1426 1250 (φατὲ)
1441 1214 1591 1242 σκάνδαλον
1612 1215 1629 1249 ἡ
1655 1214 1732 1249 παρά
1749 1214 1808 1241 Δα-

1015 1261 1097 1289 τίνων
1112 1262 1141 1288 ἐν
1154 1261 1193 1296 τῷ
1213 1261 1279 1296 Θείῳ
1295 1261 1424 1296 συμϐόλῳ
1441 1261 1579 1295 γενομένη
1594 1260 1750 1295 προσθήκη.

1052 1308 1084 1335 El
1097 1308 1185 1344 ὀρθῶς
1202 1309 1314 1335 σκοπεῖν
1325 1308 1455 1341 ἐθέλοιτε,
1468 1307 1590 1342 ἀδελφοὶ,
1599 1306 1630 1334 οὐ
1646 1306 1807 1342 προσθήκη,

1015 1355 1084 1382 ἀλλὰ
1099 1354 1248 1387 ἁνάπτυξίς
1258 1362 1287 1381 τε
1298 1354 1347 1381 καὶ
1357 1355 1524 1390 ὲπεξὴγησίς
1533 1355 1590 1381 ἐστι
1602 1354 1632 1380 τὸ
1642 1353 1804 1387 λεγόμενον

1016 1403 1159 1438 προσθήκη
1177 1402 1231 1438 γάρ
1246 1403 1305 1429 sort
1319 1402 1367 1429 καὶ
1383 1401 1444 1428 κατ’
1457 1402 1556 1432 αὐτοὺς
1569 1400 1634 1432 τοὺς
1649 1399 1805 1435 ἡμετέρους

1015 1447 1220 1484 διδασκάλουςή
1235 1448 1289 1476 τῶν
1317 1448 1445 1475 ἐναντίων
1472 1449 1615 1483 δογμάτων
1632 1447 1805 1477 διδασκαλία,

1016 1495 1032 1528 ή
1044 1493 1074 1520 δὲ
1091 1494 1145 1520 τῶν
1166 1493 1257 1520 αὐτῶν
1274 1502 1304 1520 τε
1326 1495 1374 1520 καὶ
1400 1494 1501 1525 ὁμοίων
1512 1494 1674 1528 διασάφησις
1683 1494 1807 1521 ἀνάπτυ-

1019 1538 1060 1571 Et;
1073 1540 1131 1565 ἔστι
1145 1539 1193 1565 καὶ
1206 1539 1237 1565 οὐ
1251 1538 1406 1573 προσθήκη.
1418 1538 1449 1565 Εἰ
1468 1539 1497 1565 δὲ
1518 1540 1588 1574 μετὰ
1606 1540 1657 1572 τῆς
1676 1540 1806 1574 ἀληθείας

1014 1584 1146 1619 ἔστημεν,
1159 1585 1205 1610 καὶ
1218 1584 1250 1618 τῇ
1265 1583 1330 1619 δόξῃ
1341 1584 1396 1610 τῶν
1406 1584 1577 1612 διδασκάλων
1588 1586 1746 1620 συμϐαίνει,
1756 1587 1806 1621 φό-

1014 1629 1062 1656 ϐον
1080 1629 1181 1662 ἄφοϐον
1208 1629 1346 1664 δεδὶαμεν,
1378 1630 1426 1656 καὶ
1447 1629 1656 1665 δεισιδαιμονίας
1673 1633 1774 1666 μᾶλλον
1786 1633 1803 1668 ἢ

1015 1674 1160 1706 εὐσεϐείας
1186 1674 1269 1710 ἔργον
1299 1675 1444 1710 ποιοῦμεν.
1473 1676 1563 1703 Πολλὰ
1590 1677 1762 1713 προσέθηκεν
1785 1679 1802 1714 ή

1016 1720 1131 1754 δευτέρα
1149 1720 1259 1752 σύνοδος
1288 1720 1327 1756 τῷ
1344 1721 1395 1755 τῆς
1409 1722 1439 1748 ἐν
1452 1721 1557 1758 Νικαίᾳ
1574 1723 1686 1750 συνόδου
1701 1724 1804 1758 συμϐό-

1017 1765 1074 1801 λῳ’
1088 1767 1153 1801 περὶ
1180 1765 1236 1801 γὰρ
1252 1766 1301 1801 τῆς
1319 1766 1365 1793 τοῦ
1379 1767 1458 1800 ἁγίου
1475 1767 1635 1803 Πνεύματος
1663 1768 1801 1804 θεότητος.

1018 1811 1140 1846 περὶτῆς
1148 1810 1196 1845 τῆς
1205 1811 1369 1846 Ἐκκλησίας
1379 1811 1516 1846 ὲνότητος,
1527 1813 1590 1848 πιρὶ
1603 1813 1802 1848 βαπτίσματος,

1015 1857 1080 1893 περὶ
1095 1857 1239 1892 ἁμαρτιῶν
1253 1857 1390 1891 ἀφέσεως,
1408 1858 1472 1893 περὶ
1489 1858 1595 1894 νεκρῶν
1610 1859 1802 1894 ἀναστάσεως,

1015 1904 1080 1938 περὶ
1096 1902 1169 1938 ζωῆς
1184 1903 1307 1931 αἰωνίου.
1323 1903 1415 1931 Πολλά
1426 1912 1456 1930 τε
1472 1904 1520 1931 καὶ
1543 1904 1612 1932 ἀλλα
1625 1905 1747 1940 είρηκεν,
1764 1903 1803 1932 ὦν

1016 1951 1080 1985 περὶ
1099 1949 1208 1981 οὐδενὸς
1229 1950 1246 1985 ὴ
1264 1950 1361 1985 πρώτη
1388 1950 1500 1982 σύνοδος
1526 1951 1732 1986 ἀνεπτυγμένον
1755 1961 1803 1978 πε-

1016 1996 1128 2030 ποίηται
1143 1995 1235 2029 λόγον.
1251 1995 1342 2022 Πολλὰ
1363 1997 1388 2023 οί
1418 1997 1489 2031 μετὰ
1506 1996 1593 2023 ταῦτα
1622 1996 1743 2031 Πατέρες
1754 1998 1803 2032 τὴν

1016 2041 1109 2067 πίστιν
1126 2040 1379 2076 ὲπεξεργαζόμσνοι
1404 2041 1575 2077 πλατύτερον
1592 2042 1715 2075 ἐδίδαξαν
1726 2051 1733 2058 ·
1757 2043 1803 2069 καὶ

1016 2088 1091 2122 ὅμως
1104 2087 1136 2114 ού
1161 2087 1319 2123 προσθήκη,
1334 2087 1402 2114 ἀλλὰ
1425 2087 1576 2120 ἀνάπτυξις
1600 2088 1708 2122 γέγονε.
1728 2088 1802 2115 Διατί

1016 2134 1063 2162 οὖν
1089 2135 1128 2170 μὴ
1163 2135 1210 2162 καὶ
1235 2136 1268 2169 τῇ
1284 2132 1433 2169 καθολικῇ
1455 2134 1606 2170 Ἐκκλησία
1620 2134 1703 2162 ταυτδ
1727 2134 1802 2161 τοῦτο

980 2182 1003 2210 D
1018 2180 1130 2215 ποιῆσαι
1153 2179 1307 2215 ὲξεγένετος
1332 2180 1436 2215 ὁμοίως
1467 2180 1615 2216 αἱμτικῶν
1654 2180 1802 2215 ἐπιστάσης

1016 2226 1143 2261 ἀνάγκης
1157 2234 1165 2259 ;

1047 2273 1120 2306 Ὅτι,
1138 2271 1215 2307 φησὶ,
1233 2271 1294 2298 τότε
1318 2272 1368 2306 μὲν
1380 2272 1454 2307 ἐξῆν,
1472 2273 1622 2308 μετέπειτα
1636 2272 1665 2299 δὲ
1684 2273 1733 2308 τῆς
1747 2274 1801 2310 τρί-

1015 2326 1066 2352 της
1094 2318 1203 2344 συνόδου
1222 2317 1336 2353 πρώτης
1366 2319 1458 2345 πᾶσαν
1491 2319 1655 2354 κωλυσάσης
1685 2321 1801 2355 προσθή-

1016 2373 1079 2399 κην,
1096 2363 1145 2390 οὐκ
1159 2363 1265 2397 ἔξεστιν
1279 2364 1367 2390 οὐδενὶ
1387 2365 1560 2399 προσθεῖναι,
1578 2365 1633 2391 οὐδ’
1651 2366 1738 2401 αὐτὴν
1754 2367 1800 2402 τὴν

1016 2410 1154 2444 ἀλήθειαν.

1059 2456 1139 2483 Ἀλλὰ
1155 2456 1256 2492 ψευδὴς
1270 2455 1348 2488 οὗτος
1359 2457 1373 2483 ὁ
1387 2455 1477 2490 λόγος,
1492 2456 1613 2492 ἀδελφοὶ,
1630 2458 1678 2485 καὶ
1694 2459 1733 2494 τῷ
1748 2459 1799 2486 ὕντι

1019 2502 1110 2538 μωρός
1128 2510 1157 2528 τε
1184 2503 1230 2528 καὶ
1263 2502 1390 2537 μάταιος.
1411 2503 1578 2536 ’Λνάγνωτε,
1609 2505 1633 2530 εί
1662 2504 1798 2539 βούλεσθε,

1016 2549 1062 2575 τὸν
1081 2548 1145 2583 περὶ
1157 2548 1255 2574 τούτου
1276 2549 1526 2584 συγγεγραμμένον
1548 2550 1614 2585 ἡμῖν
1631 2550 1720 2584 λόγον,
1738 2552 1764 2577 ιν
1779 2548 1798 2584 ᾧ

1016 2595 1168 2629 διαρρήδην
1192 2596 1208 2629 ἡ
1228 2595 1341 2629 τοιαύτη
1366 2595 1490 2630 ἀλήθεια,
1507 2595 1555 2622 καὶ
1571 2597 1659 2623 ταυτὰ
1676 2598 1752 2632 ἡμῖν.
1771 2596 1797 2625 εὗ

1016 2638 1086 2673 οἴδα,
1106 2642 1147 2667 ὅτι
1172 2641 1334 2676 φρονήσετε.
1355 2642 1405 2668 Διὰ
1426 2641 1514 2668 ταῦτα
1540 2641 1598 2675 οὖν,
1624 2643 1736 2677 ἀδελφοὶ
1756 2645 1799 2671 καὶ

1017 2686 1145 2722 πατέρες,
1177 2688 1214 2721 μὴ
1247 2686 1362 2721 ζηλοῦτε
1384 2689 1448 2718 τοὺς
1483 2689 1638 2723 ἐρίζοντας,
1673 2690 1711 2725 μὴ
1741 2690 1798 2722 τοὺς

1016 2733 1104 2767 τούτῳ
1131 2733 1239 2764 ἑαυτοῖς
1253 2733 1339 2768 δόξανί
1353 2735 1559 2769 περιποιεῖσθαι
1583 2736 1736 2770 οἰομένους,
1763 2737 1798 2772 τῷ

1016 2778 1073 2810 τοῖς
1098 2778 1209 2813 ἀληθέσι
1242 2779 1361 2813 δόγμασι
1390 2780 1538 2814 μάχεσθαι,
1558 2782 1700 2817 μιμεῖσθε.
1723 2782 1798 2809 Ἃ).λά

1017 2823 1233 2856 ταπεινώσαντες
1249 2824 1363 2858 seu-toi);
1380 2825 1418 2861 τῷ
1445 2825 1505 2862 Θεῷ
1523 2829 1569 2854 καὶ
1595 2829 1732 2861 τοσούτοις
1756 2829 1796 2856 ἁν-
