1920 3063
77 160 135 194 465

653 163 868 194 ENCYCLICA
897 163 948 194 AD
966 164 1135 195 GRAECOS.

1658 161 1710 191 4Γ6

77 221 157 254 δράσι
190 221 358 254 cacumina;
388 229 430 255 τε,
458 221 504 247 καὶ
533 221 751 253 εὐλαϐεστάτοις,
780 222 826 253 οὓς
855 223 869 256 ἡ

929 226 979 255 les,
995 230 1067 257 quos
1082 222 1205 250 Romana
1224 220 1343 248 Ecclesia
1355 219 1452 252 nutrit,
1471 218 1544 246 illius
1557 217 1710 245 doctrinam

83 266 229 300 Ῥωμαϊκὴ
254 266 403 299 Ἐκκλησία
430 267 538 302 τρέφει,
554 267 695 302 ἑπόμενοι,
720 268 770 303 τήν
785 276 814 294 τε
832 267 870 293 δι-

77 313 229 340 δασκαλίαν
254 313 302 340 καὶ
316 312 408 340 πῖστιν
425 313 534 348 ἐκείνης
558 313 738 346 ὑποδέξασθε.
774 314 827 340 Τόν
839 322 868 339 τε

79 359 212 392 ὁρχιερέα
229 359 275 385 καὶ
294 360 411 394 ποιμένα
434 360 522 393 αὐτῆς
538 360 587 394 τῆς
607 361 772 395 Ἑκκλησίας
787 369 870 393 κεφα-

78 405 130 438 λήν
143 413 173 430 τε
207 405 254 432 καὶ
284 405 416 440 ἄρχοντα,
432 406 481 432 καὶ
505 406 555 440 τῆς
581 407 700 437 πίστεως
723 406 820 440 ὁδηγόν
840 414 869 431 τε

79 450 130 476 καὶ
146 450 307 477 διδάσκαλον
322 451 505 486 ἡγησάμενοι,
524 451 637 478 σὲὁεσθέ
655 460 684 477 τε
712 451 805 483 αὑτὸν,
823 450 869 477 καὶ

79 496 228 531 ἡγουμένῳ
237 496 286 531 τὴν
304 497 373 532 πρὸς
385 498 458 532 ζωὴν
475 497 585 524 αἰώνιον
606 498 742 532 φέρουσαν
757 496 867 524 ἔπεσθε.

80 540 159 568 Εἶναι
174 542 229 576 γὰρ
246 542 277 577 δὴ
294 543 341 569 καὶ
355 542 433 569 τοῦτο
452 540 482 570 εὖ
498 543 555 569 (ora
575 542 629 568 τῶν
645 543 869 576 ἀναγκαιοτάτων

81 587 151 623 πρὸς
169 587 319 622 σωτηρίαν,
348 588 393 614 τὴν
409 588 530 623 ποιμένα
559 588 657 615 εἰδέναι
685 589 733 614 τὸν
758 586 868 619 ἑαυτοῦ,

81 633 278 667 ἐπιγινώσκειν
303 633 352 667 τὴν
383 634 507 668 κεφαλὴν
538 633 585 660 τοῦ
612 633 798 668 πληρώματος
813 632 868 659 τῶν

80 680 197 712 πιστῶν,
215 680 260 706 τὸν
288 679 386 706 ἑαυτοῦ
408 680 532 715 ἡγεμόνα
561 680 609 706 καὶ
634 679 794 713 γνωρίζειν,
821 679 869 704 καὶ

81 727 224 755 σέϐεσθαι.
240 727 328 754 Ὅπου
344 727 399 762 γὰρ
411 728 461 754 οὐκ
476 728 580 763 ἄρχων,
597 728 657 753 ἐκεῖ
668 727 784 760 ἀταξίαο
800 727 868 753 ὅπου

78 772 109 798 δὲ
124 772 236 806 ἀταξία,
251 773 415 805 ἐκεῖλὺσις,
436 773 587 808 Γρηγόριος
598 774 611 799 ὁ
622 772 754 806 Θεολόγος
772 772 866 806 φησίν.

79 819 144 845 Elea
165 819 219 854 γὰρ
232 819 278 845 ἐπὶ
293 819 384 852 θείων,
401 819 451 846 εἴτ’
475 819 522 845 ἐπὶ
537 819 718 854 ἀνθρωπίνων
735 819 868 852 πραγμάι

79 874 135 890 των
155 867 266 892 σκοπεῖν
293 865 422 896 ἐθέλοιτε,
441 866 565 899 ἀδελφοὶ,
582 866 716 899 εὑρήσετε
737 866 803 898 μίαν
814 865 868 891 δεῖν

80 908 152 937 εἶναι
168 912 218 945 τὴν
241 910 294 937 τῶν
311 911 419 937 πάντων
446 910 542 945 ἀρχὴν,
569 910 616 936 καὶ
632 910 720 941 ἄλλως
746 909 784 944 μὴ
800 907 870 936 εἶναι

79 952 110 982 εὖ
129 955 290 981 διοικεῖσθαι
308 954 342 980 τὰ
361 954 437 981 ὄντα.
456 954 574 985 Αὐτίκα,
590 954 638 980 ἐπὶ
655 954 705 987 μὲν
718 955 774 980 τῶν
786 953 869 980 θείων

80 1002 98 1035 ἡ
117 1001 168 1033 μὲν
184 1000 287 1035 ἀληθὴς
299 1000 354 1026 τῶν
369 999 544 1035 Χριστιανῶν
557 999 684 1033 θεολογία
700 999 749 1026 ἕνα
765 999 811 1026 τὸν
825 1000 870 1026 ἐπὶ

80 1049 191 1074 πάντων
199 1047 321 1073 διδάσκει
336 1044 406 1072 εῖναι
427 1046 504 1077 θεὸν,
520 1046 567 1072 καὶ
582 1046 643 1072 ἐπεὶ
659 1046 687 1071 ἐν
697 1046 786 1080 τρισὶν
797 1045 871 1071 ἐστὶν

79 1090 160 1124 οὗτος
189 1093 384 1125 ὑποστάσεσιν,
410 1092 454 1119 ἵνα
482 1092 531 1127 τὴν
557 1091 672 1125 ἑνότητα
689 1091 794 1126 φυλάξῃ
819 1089 870 1124 τῆς

83 1139 171 1172 αὐτῆς
188 1147 216 1164 τε
237 1139 285 1165 καὶ
302 1139 373 1165 κατὰ
390 1138 479 1165 πάντα
512 1137 610 1170 ὁμοίας
638 1137 745 1167 οὐσίας,
762 1137 797 1162 τὰ
812 1136 870 1162 Gaia.

80 1185 173 1212 ικεῖνα
186 1184 289 1211 τίθεται
302 1185 434 1219 πρὸσωπα
449 1191 456 1199 ⁶
476 1185 492 1218 ἠ
508 1183 535 1210 δὲ
546 1184 600 1210 τῶν
611 1183 695 1210 ὲθνῶν
706 1184 737 1209 ἐκ
754 1182 808 1208 τῶν
825 1182 870 1208 αἱ·

81 1230 192 1265 ιθητῶν
202 1231 233 1265 δὴ
242 1230 344 1257 τούτων
359 1229 512 1265 είλημμένη
522 1229 633 1262 γνῶσις,
648 1230 695 1255 καὶ
707 1228 775 1263 αὐτὴ
787 1227 871 1254 ταυτὸ

79 1276 160 1303 τοῦτο
183 1277 318 1310 ὁμολογεῖ.
341 1276 371 1302 '0
388 1276 436 1310 μὲν
462 1276 516 1309 γάρ
531 1284 572 1306 τις
597 1274 651 1300 τῶν
683 1274 749 1309 παρ’
779 1274 871 1304 αὐτοῖς

81 1322 259 1349 κλεινοτᾶτων
272 1322 301 1348 ἓν
315 1322 343 1348 τὸ
358 1322 466 1356 πρῶτον
482 1321 578 1354 αἴτιον,
594 1320 623 1347 ἓν
638 1320 667 1346 rt
680 1320 791 1346 πάντων
816 1319 871 1345 τῶν

80 1369 167 1396 ὄντων
180 1369 364 1395 ὑποστατικῆν
379 1368 496 1399 τίθεται,
513 1367 566 1394 κᾶν
580 1366 695 1398 πολλοὺς
709 1366 768 1401 μετ’
784 1367 872 1392 ἐκεῖνο

80 1416 224 1450 ὸντότητος
242 1416 339 1450 εἰσάγῃ
356 1414 489 1449 ίὶαθμοϋς,
510 1414 574 1448 μίαν
593 1413 692 1447 ἀρχὴν,
710 1412 758 1438 καὶ
771 1411 872 1443 πολλὰς

80 1461 181 1494 ἀρχὰς,
200 1459 252 1485 ὑπὸ
277 1459 328 1494 τὴν
345 1459 459 1493 πρώτην
483 1467 513 1491 γε
540 1458 616 1492 ὅμως
639 1455 721 1487 οὓσας
741 1455 870 1488 δοξάζων.

89 1506 120 1532 Ὀ
134 1505 162 1532 δέ
176 1514 219 1536 τις
231 1505 316 1531 ταυτὺ
333 1505 380 1531 καὶ
394 1504 486 1536 αὐτὸς,
501 1503 546 1530 διὰ
576 1502 682 1529 πολλῶν
706 1502 804 1536 λόγων,
821 1499 871 1528 εῐο¹

82 1551 179 1584 ὥσπερ
200 1550 465 1584 συμπεραινόμενος,
492 1548 539 1574 ὑπ’
560 1547 640 1574 ἄλλου
666 1555 713 1573 του
735 1546 790 1572 τῶν
804 1546 871 1572 πολὺ

84 1595 139 1632 πρὸ
166 1595 250 1623 αὐτοῦ
278 1595 419 1628 τὸνλόγον
445 1594 652 1628 δανεισάμενος,
670 1593 728 1619 οὐκ
756 1591 869 1625 ἀγαθον,

84 1644 165 1679 φησὶ,
181 1642 389 1678 πολυκοιρανίη.
406 1639 453 1674 Εἷς
475 1641 602 1676 κοίρανος
625 1640 707 1670 ἔστω,
730 1637 770 1670 εἷς
792 1639 869 1674 βασι-

83 1690 159 1721 λεύς.
174 1690 212 1716 Οὐ
236 1689 290 1724 γὰρ
307 1689 390 1720 θέλει,
408 1687 486 1722 φησὶ,
509 1687 544 1714 τὰ
560 1686 625 1713 ὄντα
648 1686 741 1717 κακῶς
763 1685 871 1711 διοικεῖ-

84 1737 158 1766 σοαι.
173 1735 210 1766 ὡς
226 1735 258 1770 δὴ
274 1733 367 1765 κακῶς
377 1732 556 1768 διοικούμενα
573 1732 616 1765 ἂν,
633 1732 657 1758 ei
673 1732 711 1767 μὴ
721 1732 769 1758 ινα
783 1731 870 1766 ἔχοιεν

82 1782 130 1808 τὺν
146 1781 304 1814 ἐπιστάτην.

122 1828 188 1861 Περὶ
213 1826 240 1852 δέ
255 1834 287 1859 γε
318 1825 372 1851 τῶν
398 1825 578 1860 ἀνθρωπίνων
594 1834 623 1851 τε
651 1823 699 1851 καὶ
725 1824 870 1850 πολιτικῶν

82 1874 254 1907 διοικήσεων,
283 1872 330 1898 καὶ
358 1871 440 1898 αὑτοῦ
472 1871 521 1897 τοῦ
552 1871 692 1897 πολιτικοῦ
712 1869 827 1904 ἀγαθοῦ,
845 1870 869 1896 οἱ

83 1918 162 1945 αὐτοί
177 1925 205 1943 τε
226 1918 274 1943 καὶ
301 1916 401 1947 πάντες
419 1916 443 1942 οι
472 1916 557 1948 ἄλλοι,
582 1917 629 1941 καὶ
662 1915 715 1950 πρὸ
737 1915 829 1942 αὐτῶν
857 1916 871 1941 ὁ

83 1965 180 1998 Σωτὴρ
197 1963 278 1998 ἡμῶν
296 1962 401 1997 Ἰησοῦς
420 1962 538 1997 Χριστὸς
552 1961 602 1996 τὴν
616 1963 686 1988 κατὰ
701 1961 801 1996 νόμους
824 1969 871 1996 μο-

83 2010 199 2045 ναρχίαν
229 2009 295 2044 περὶ
313 2009 438 2039 πλείονος
463 2008 518 2034 τῶν
536 2007 624 2035 ἄλλων
648 2008 769 2033 ποιεῖται
796 2007 872 2034 πολι-

84 2057 174 2084 τειῶν.
196 2055 336 2082 Ἀπόδοτε
347 2055 412 2089 γὰρ,
430 2055 514 2089 enim
531 2055 644 2084 ἐκεῖνος,
659 2054 695 2080 τὰ
718 2054 870 2087 Καίσαρος

84 2103 222 2136 Καίσαρι,
236 2103 286 2129 καὶ
317 2101 352 2128 τὰ
377 2101 431 2128 τοῦ
447 2100 522 2127 Θεοῦ
539 2099 579 2133 τῷ
598 2099 660 2132 Θεῷ
671 2108 678 2115 ·
694 2099 730 2132 ὡς
743 2100 802 2131 ἐνὸς
820 2099 869 2134 μὲν

84 2149 113 2174 ὲν
135 2148 261 2182 οὐρανοῖς
284 2147 362 2178 ὅντο;
379 2146 459 2179 Θεοῦ,
477 2146 536 2176 ἑνὸς
550 2146 579 2172 δὲ
601 2147 649 2172 καὶ
665 2145 802 2180 μονάρχου
820 2145 869 2172 τοῦ

83 2194 222 2227 Καίσαρος
240 2193 286 2219 ἐπὶ
305 2194 368 2226 γῆς.
384 2192 446 2218 Τῶν
467 2192 495 2217 δέ
512 2200 543 2225 γε
560 2192 606 2218 τοῦ
624 2191 729 2225 κόσμου
747 2190 838 2224 σοφῶν
854 2191 869 2218 ὁ

923 273 951 296 et
969 268 1049 296 fidem
1063 269 1208 304 suscipite,
1226 276 1256 295 ac
1270 267 1427 303 pontilieem
1441 269 1615 300 etpasloretn
1625 265 1713 299 ipsius

923 314 1052 341 Ecclesiae
1071 319 1164 349 caput,
1180 319 1208 341 et
1230 313 1396 348 principem.
1419 316 1448 340 et
1464 311 1526 338 fidei
1553 310 1663 341 ducem,
1685 313 1713 335 et

922 358 1066 386 doctorem
1082 366 1143 386 esse
1156 359 1358 388 existimantes,
1376 358 1468 392 ipsum
1484 354 1665 385 veneramini,
1685 357 1713 380 et

923 405 1065 431 ductorem
1082 405 1199 436 itineris,
1218 404 1290 439 quod
1307 403 1383 430 ducit
1397 403 1429 430 ad
1444 403 1540 434 \zitam,
1552 399 1711 435 sequimini.

922 451 1045 486 Namque
1073 451 1127 478 hoc
1151 451 1234 478 etiam
1259 458 1320 479 esse
1336 449 1521 478 necessarium
1540 447 1572 475 ad
1595 448 1711 475 salutem

922 498 1025 532 optime
1042 497 1130 530 scitis,
1148 505 1228 525 nosse
1246 497 1387 532 propriutn
1400 501 1548 529 pastorem,
1563 501 1712 529 agnoscere

922 548 1004 577 caput
1031 543 1222 571 universitatis
1248 543 1380 574 ﬁdelium,
1404 543 1545 577 proprium
1574 546 1711 568 reetoretn

922 594 950 615 et
963 593 1058 616 notum
1075 589 1187 619 habere.
1203 594 1231 616 et
1246 590 1351 616 colere.
1370 589 1419 617 Ubi
1431 589 1504 616 enim
1514 596 1568 615 non
1584 591 1625 615 est
1636 587 1712 621 prin-

923 643 997 669 ceps.
1027 635 1065 662 ibi
1091 643 1146 662 non
1163 640 1205 663 est
1221 636 1307 668 ordo;
1324 635 1370 662 ubi
1389 643 1442 662 non
1458 639 1499 662 est
1521 634 1599 666 ordo,
1616 633 1652 660 ibi
1671 636 1713 659 est

923 681 1050 709 confusio
1066 689 1097 708 ac
1109 681 1266 711 dissolutio,
1284 681 1373 714 inquit
1385 681 1534 716 Gregorius
1544 679 1711 714 Theologus;

923 728 982 755 sive
995 728 1068 754 enim
1086 729 1114 754 in
1135 727 1249 758 divinis.
1268 727 1324 754 sive
1337 727 1364 754 in
1382 726 1512 754 humanis
1528 725 1611 752 rebus
1621 724 1713 752 consi-

923 774 1021 801 derare
1038 773 1195 805 volueritis,
1220 773 1367 807 reperietis
1395 781 1479 800 unum
1504 777 1632 806 oportere
1651 778 1713 798 esse

923 824 1085 847 cunctorum
1112 819 1291 854 principium,
1316 823 1346 846 et
1363 819 1443 846 aliter
1470 817 1529 845 ﬁeri
1562 825 1615 844 non
1632 824 1713 851 posse

923 869 952 892 nt
966 872 1138 900 qutecunqne
1154 873 1196 892 res
1211 870 1276 892 sunt
1291 869 1366 892 recte
1378 864 1566 900 gttbernentur
1591 864 1712 890 Primum

923 910 996 938 enim
1011 910 1040 937 in
1055 910 1155 937 divinis
1167 918 1230 937 vera
1238 910 1459 938 Christianorum
1477 910 1611 949 theologia
1628 916 1712 935 unum

922 964 983 984 esse
1002 955 1084 983 Deum
1100 963 1185 991 super
1195 956 1287 983 omnia
1300 956 1390 987 dOCet.
1407 956 1571 990 etquoniam
1589 955 1632 982 hic
1640 955 1713 982 Deus

923 1002 950 1029 in
966 1001 1058 1029 tribus
1072 1006 1114 1029 est
1129 1001 1335 1037 hypostasibus.
1353 1007 1383 1029 ut
1394 1002 1528 1029 unitatem
1537 1007 1625 1029 servet
1640 1001 1714 1036 ejus-

922 1048 984 1075 dem
999 1056 1031 1075 ae
1057 1056 1106 1082 per
1119 1048 1211 1075 omnia
1237 1048 1336 1077 similis
1350 1049 1514 1076 substantia:
1529 1049 1590 1076 illas
1605 1048 1714 1075 divinas

923 1101 1054 1127 personas
1070 1094 1158 1128 ponit.
1175 1098 1203 1121 et
1219 1094 1329 1122 statuit.
1346 1093 1497 1122 Gentilium
1514 1102 1579 1121 vero
1595 1102 1610 1121 a
1626 1093 1716 1121 sensi-

922 1138 1025 1166 bilibus
1046 1139 1105 1166 istis
1125 1144 1233 1173 sumpta
1252 1140 1349 1166 notitia
1382 1145 1411 1166 et
1427 1140 1487 1174 ipsa
1503 1140 1554 1167 hoc
1577 1139 1649 1166 idem
1673 1139 1714 1165 [ο-

923 1189 1006 1212 tetur.
1024 1184 1092 1212 Nam
1112 1193 1182 1213 unus
1198 1185 1310 1220 quidem
1324 1186 1396 1220 apud
1413 1186 1487 1220 ipsos
1502 1186 1712 1216 celeberrimus.

923 1238 1005 1257 unam
1027 1232 1144 1266 pritnatn
1162 1239 1287 1263 causam,
1308 1239 1393 1258 unum
1410 1231 1533 1258 omnium
1552 1239 1642 1259 rerum
1665 1239 1715 1258 au-

922 1282 1027 1304 ctorem
1047 1282 1076 1304 et
1091 1278 1265 1304 conditorem
1295 1278 1387 1315 ponit,
1401 1278 1533 1311 Quamvis
1556 1283 1617 1314 post
1637 1278 1714 1305 illum

923 1323 1027 1350 multos
1049 1330 1154 1355 rerum,
1181 1331 1241 1357 qua:
1258 1328 1333 1353 sunt,
1356 1324 1458 1358 gradus
1482 1324 1714 1351 inducatzununt

922 1369 1089 1404 principium
1106 1374 1134 1396 et
1147 1369 1232 1396 multa
1249 1369 1394 1404 principia.
1406 1377 1467 1404 qua:
1478 1374 1569 1397 tamen
1578 1371 1716 1398 exsistant

922 1415 1051 1449 opinatus
1066 1415 1119 1442 sub
1141 1415 1240 1449 primo.
1253 1416 1331 1442 Alter
1346 1423 1412 1443 vero
1429 1416 1501 1443 idem
1519 1416 1597 1450 ponit
1612 1421 1639 1443 et
1656 1417 1714 1450 ipse

923 1460 1018 1487 multis
1031 1460 1206 1491 rationibus;
1223 1459 1323 1487 deinde
1341 1461 1419 1495 quasi
1434 1461 1605 1488 concludens
1614 1461 1648 1488 ab
1661 1461 1715 1488 alio

923 1505 1054 1539 quodam,
1077 1505 1124 1540 qtti
1144 1506 1261 1532 multum
1286 1514 1349 1533 cum
1365 1507 1523 1539 antecessit,
1547 1507 1714 1534 sententiam

925 1554 1067 1577 tnutuatus
1083 1556 1092 1575 :
1107 1550 1166 1576 Non
1183 1555 1236 1582 est,
1252 1550 1352 1585 inquit,
1368 1550 1439 1577 bona
1459 1551 1609 1578 multorum
1627 1550 1715 1578 donti-

925 1597 1000 1623 natio
1015 1605 1023 1629 ;
1041 1604 1113 1624 unus
1127 1596 1259 1624 dominus
1281 1601 1353 1629 esto,
1378 1604 1450 1624 unus
1465 1605 1524 1624 rex.
1544 1597 1604 1625 Non
1626 1597 1711 1628 enim,

926 1643 1028 1677 inquit,
1047 1647 1165 1677 possunt
1179 1643 1254 1670 entia
1272 1647 1347 1670 recte
1364 1643 1712 1671 administrari.Nimirum

924 1689 995 1715 male
1024 1688 1300 1721 administrarentur,
1323 1689 1376 1717 nisi
1390 1697 1462 1717 unus
1480 1690 1611 1718 omnibus
1625 1690 1715 1725 pra‘li-
1754 1680 1759 1685 ”

923 1740 1034 1763 eeretur

960 1827 998 1854 De
1013 1826 1140 1854 humanis
1154 1833 1219 1853 vero
1232 1829 1260 1853 et
1273 1825 1393 1860 politicis
1420 1824 1712 1853 administrationibus

925 1872 1040 1907 ipsoque
1061 1872 1173 1906 politico
1197 1871 1270 1899 bono
1294 1871 1378 1898 iidem
1404 1876 1541 1903 auctores,
1564 1875 1593 1898 et
1616 1879 1714 1898 omnes

925 1918 982 1951 alii,
998 1923 1024 1945 et
1046 1923 1108 1945 ante
1132 1918 1207 1952 ipsos
1223 1917 1351 1944 Salvator
1371 1921 1466 1944 noster
1483 1917 1564 1944 Jesus
1588 1916 1715 1944 Christus

925 1964 1013 1999 pluris
1026 1964 1100 1995 facit,
1116 1971 1196 1996 quam
1208 1963 1261 1990 alia
1278 1964 1422 1997 regimina,
1437 1963 1586 1997 legitimam
1604 1970 1715 1990 monar-

923 2009 1024 2037 chium.
1038 2008 1146 2034 Reddite
1166 2008 1252 2038 enim,
1276 2008 1365 2041 inquit
1390 2007 1443 2039 ille,
1459 2015 1517 2042 quw
1540 2012 1601 2033 sunt
1626 2006 1716 2033 Cma-

925 2056 961 2082 ris
976 2054 1088 2086 Caesari,
1103 2058 1126 2080 et
1149 2061 1209 2089 quae
1232 2057 1292 2080 sunt
1315 2053 1362 2080 Dei
1378 2052 1442 2083 Deo,
1468 2058 1497 2080 ut
1525 2060 1580 2079 uno
1603 2053 1714 2086 quidem

925 2103 980 2130 Deo
1004 2102 1031 2128 in
1056 2101 1133 2129 emlis
1160 2101 1320 2132 exsistente,
1337 2108 1391 2128 uno
1407 2108 1471 2128 vero
1485 2100 1590 2128 Caesare
1605 2108 1715 2128 monar-

924 2149 975 2177 eha
986 2149 1135 2176 exsistente
1150 2147 1176 2174 in
1190 2148 1281 2174 terris.
1304 2147 1344 2174 Ex
1363 2147 1531 2182 sapientibus
1555 2155 1620 2174 vero
1632 2155 1714 2174 mun-

924 2195 1013 2228 danis,
1037 2195 1083 2230 qui
1114 2194 1185 2230 apud
1207 2202 1256 2222 eos
1274 2194 1377 2229 primas
1391 2199 1482 2228 partes
1504 2194 1646 2228 sapientia:
1661 2194 1712 2221 ob-
1755 2199 1761 2209 ‘

85 2240 134 2275 μὶν
147 2240 182 2266 τὰ
206 2239 253 2273 τῆς
270 2238 367 2272 σοφίας
385 2239 509 2272 πρωτεῖα
535 2237 601 2272 παρ’
614 2238 730 2268 ἐκείνοις
745 2237 869 2271 κατέχων

924 2241 1009 2274 tinet,
1033 2241 1104 2268 hanc
1127 2241 1246 2275 speciem
1279 2240 1409 2275 imperii,
1430 2244 1458 2267 et
1488 2247 1572 2266 unum
1593 2240 1712 2273 aliquem

83 2286 163 2312 τοῦτο
184 2285 234 2318 τῆς
251 2284 339 2319 ἀρχῆς
354 2283 385 2310 τὸ
409 2282 491 2314 εἴδω.
510 2283 557 2310 καὶ
569 2283 599 2309 τὸ
611 2283 658 2309 ἕνα
680 2283 741 2310 τινὰ
759 2283 871 2309 πάντων

85 2331 179 2366 ἄρχειν
193 2330 246 2357 τῶν
264 2330 351 2357 ἄλλων
364 2329 535 2363 ὑπερέχοντα
558 2329 654 2364 ἀρετῇ,
674 2328 744 2364 ὑπὲρ
760 2328 809 2358 τὰς
825 2327 872 2353 ἀλ-

84 2377 131 2408 λας
146 2376 286 2407 πολιτείας
307 2375 392 2402 οἴεται
414 2371 496 2401 εἶναι.
515 2374 574 2401 Κᾶν
592 2374 678 2408 αὐτὴν
699 2373 788 2404 εἴποις
811 2373 872 2408 ἀρι-

85 2422 258 2457 στοκρατίαν,
277 2421 310 2457 ἢν
327 2420 404 2455 παρὰ
420 2419 489 2446 πολῦ
515 2420 570 2446 τῶν
586 2419 674 2447 ἄλλων
687 2419 810 2454 βελτίονα
830 2419 872 2446 τί-

85 2470 171 2501 (istac,
184 2468 220 2498 ὡς
233 2468 398 2502 ὁμοιοτάτην
413 2475 442 2493 τε
455 2468 489 2502 τῇ
505 2465 622 2502 ἀληθείᾳ
632 2465 730 2501 ἀρχὴν,
744 2466 791 2492 καὶ
803 2465 872 2492 πάν-

85 2524 137 2542 των
168 2514 320 2549 βελτίστην,
338 2514 389 2548 τήν
406 2522 438 2547 γε
463 2512 594 2547 τοιαύτην
619 2513 744 2547 ἐκκρίνει
759 2521 789 2539 τε
822 2512 870 2539 καὶ

85 2561 196 2595 ἐξαίρει.
216 2560 250 2586 ⁸’0
267 2560 290 2586 τ’
312 2560 417 2586 ἐκείνου
432 2559 572 2594 ἀκροατὴς
592 2558 684 2585 πάντα
700 2558 735 2585 τὰ
747 2559 803 2586 τῶν
818 2566 870 2585 πο-

84 2605 195 2633 λιτικῶν
215 2605 375 2638 ἐκθέμενος,
392 2605 495 2639 ταύτην
528 2604 628 2638 μᾶλλον
651 2604 706 2631 τῶν
721 2604 812 2631 ἄλλων
825 2604 870 2631 δο-

86 2651 209 2686 κιμάζει,
226 2650 430 2685 παμϐασιλείαν
449 2650 535 2685 αὐτὴν
553 2650 708 2685 ὀνομάζων.

120 2699 176 2733 Τὴν
200 2697 232 2732 δὴ
267 2697 382 2732 ἀρίστην
407 2697 510 2731 ταύτην
527 2697 574 2724 καὶ
600 2697 773 2732 τελεωτάτην
791 2697 820 2724 ἐν
835 2705 869 2731 γε

86 2745 138 2774 τοῖς
154 2743 246 2779 ῥέουσι
261 2742 366 2773 τούτοις
382 2743 428 2767 καὶ
442 2742 529 2776 χαμαὶ
551 2742 690 2777 κειμένοις
705 2743 869 2777 πράγμασιν

86 2790 169 2820 οὕτως
184 2788 339 2822 ἀναγκαίαν
353 2785 434 2814 οὖσαν
451 2788 480 2813 ὲν
494 2789 527 2822 τῇ
548 2787 603 2813 τῶν
616 2787 712 2823 ψυχῶν
728 2789 782 2814 τῶν
800 2789 869 2815 αἰω-

86 2835 161 2866 νίων,
178 2836 226 2861 καὶ
254 2834 302 2868 τῆς
319 2834 395 2868 ἱερᾶς
415 2832 463 2862 τοῦ
488 2832 556 2860 Θεοῦ
574 2833 740 2869 Ἐκκλησίας
755 2835 868 2860 intota.

94 2883 147 2915 σία,
166 2881 346 2916 ἀτιμάζομεν,
361 2880 490 2914 ἁδελφοίς
519 2879 669 2915 Μηδαμῶς,
691 2879 821 2908 Ἐντάὖϐά
839 2890 867 2908 τε

923 2287 1052 2315 Omnibus
1069 2287 1129 2314 aliis
1142 2288 1288 2321 imperare,
1304 2285 1351 2320 qui
1369 2285 1485 2312 excellat
1499 2285 1613 2316 virtute,
1630 2292 1714 2320 super

922 2332 974 2360 alia
989 2331 1122 2367 regimina
1148 2335 1243 2359 censet
1262 2339 1335 2362 esse,
1352 2330 1426 2365 quod
1442 2329 1525 2357 etiam
1550 2329 1627 2356 dicas
1641 2330 1714 2364 opti-

923 2386 997 2405 mum
1012 2377 1211 2412 principatum,
1227 2385 1309 2412 quem
1326 2377 1405 2411 longe
1420 2375 1641 2411 praestantiorem
1652 2376 1713 2402 aliis

922 2423 1029 2452 statuit.
1059 2427 1188 2457 tanquam
1209 2422 1381 2450 simillimum
1402 2421 1513 2448 veritati
1540 2419 1661 2454 (divinae)
1687 2424 1715 2447 et

921 2467 1043 2494 omnium
1059 2467 1204 2502 optimum.
1219 2466 1299 2494 Hunc
1312 2466 1392 2494 talem
1418 2466 1530 2501 prafert
1543 2465 1604 2493 aliis
1619 2471 1647 2492 et
1667 2473 1715 2492 ex-

922 2512 1004 2540 tollit.
1023 2513 1089 2547 Ejus
1110 2520 1174 2541 vero
1192 2512 1305 2540 auditor
1319 2520 1416 2539 omnes
1438 2512 1550 2547 politiae
1571 2519 1714 2547 exponens

922 2558 995 2586 hanc
1019 2559 1106 2594 magis
1125 2566 1208 2594 quam
1226 2559 1295 2586 alias
1322 2559 1468 2594 approbat,
1490 2565 1551 2586 eam
1574 2558 1715 2594 appellans

922 2611 1056 2632 summam
1072 2604 1173 2639 regiam
1191 2609 1366 2639 potestatem.

956 2697 1033 2725 Hanc
1060 2697 1142 2733 igitur
1169 2698 1302 2732 optimam
1324 2702 1352 2725 et
1380 2698 1627 2734 absolutissimum,
1651 2710 1713 2737 quire

921 2742 1030 2770 adeoin
1044 2743 1086 2770 his
1102 2743 1183 2770 ﬂuxis
1206 2748 1233 2771 et
1246 2744 1359 2771 caducis
1377 2744 1460 2773 rebus
1481 2747 1636 2774 necessaria
1657 2752 1710 2778 est.

921 2791 947 2816 in
977 2790 1061 2817 rebus
1080 2791 1189 2818 aeternis
1214 2791 1382 2824 animorum,
1405 2797 1434 2820 et
1455 2800 1637 2822 sacrosanctae
1662 2795 1710 2822 Dei

919 2835 1048 2863 Ecclesia;
1060 2835 1230 2870 principatus
1241 2836 1481 2866 administratione
1491 2841 1707 2873 contemnimus,

920 2882 1039 2911 fratres?
1051 2882 1131 2910 alvsit.
1153 2882 1201 2910 llic
1215 2883 1288 2912 enim
1309 2886 1395 2920 magis
1411 2886 1583 2915 necessarius
1596 2891 1639 2914 est
1657 2885 1706 2914 bo-
