1920 3063
129 121 178 155 ιει

708 119 920 152 ENCYCLiCA
938 119 987 150 AD
1008 119 1179 150 GRJZCOS.

1705 115 1758 145 482

183 191 438 224 εΕΡΕΒΙΟΙὶΕΜ
461 189 688 221 EPISTOLAM
712 188 886 220 IPSEMET
909 188 931 218 Β

983 187 1130 218 SARION
1150 187 1174 218 E
1195 185 1341 217 GRECA
1364 185 1549 216 LATlNAM
1573 183 1703 219 FECIT,

335 244 451 281 QUAM
474 242 550 273 NOS
569 241 720 272 POSTEA
745 239 964 270 REPER'I‘AM
988 238 1282 269 liiPRlMENDAM
1306 238 1548 270 CURA.\'IMUS.

133 319 341 351 l‘EﬁSARION,
362 317 454 346 divina
472 315 648 345 miseratione
667 318 822 348 sanctasque
841 312 920 340 Sedis
936 317 955 343 Α
971 313 1072 348 potuit,
1091 318 1119 340 ut
1134 312 1286 340 moralibus
1305 313 1456 340 virtutibus
1471 311 1589 347 praediti,
1605 316 1634 339 et
1650 311 1761 346 sapien-

167 366 333 402 Apostoliea:
355 364 454 400 gratia,
476 367 658 391 sacrosanctae
676 361 806 388 Romame
827 359 921 386 Eccle-

169 414 216 441 site
232 411 393 442 cardinalis,
408 410 566 444 patriarcha
582 407 920 441 Constantinopolitauus.

170 459 282 488 Dilectis
309 460 335 485 in
359 458 471 485 Christo
492 456 627 483 lratrihus
651 459 679 482 et
697 454 763 481 liliis
785 453 923 487 archiepi-

168 506 271 541 scopis,
289 503 439 540 episcopis.
465 501 647 537 presbyteris,
671 500 826 531 monachis,
843 505 922 525 carie-

169 554 263 587 risque
288 549 482 578 ecclesiasticis
508 553 535 575 et
563 546 744 574 satcularibus
766 544 834 574 viris
861 552 922 578 pro-

169 598 276 626 vincias
285 600 388 624 sanelze
399 594 458 622 sedi
471 591 787 627 Constantinopolitanze
798 589 923 617 subditas

172 643 373 674 habitantibus,
391 642 519 676 gratiam,
546 646 640 674 pacem
655 644 683 666 et
698 637 922 665 benedictionem

170 700 187 720 a
204 691 260 718 Deo
284 689 489 723 omnipotente.
507 685 674 712 Volentibus
688 684 833 716 duntaxat,
850 690 925 710 eam-

171 745 226 773 que
255 736 383 764 ohtinere
411 731 653 761 desiderantibus.
678 735 706 758 et
735 737 796 765 qua:
826 729 861 756 ad
890 729 924 756 il-

170 785 224 812 lam
259 780 438 810 obtiuendam
468 779 574 806 ducunt
599 777 675 804 omni
703 781 806 804 conatu
841 782 925 809 agen-

172 831 260 859 tibus.

171 877 363 906 Voluisscmus
377 872 514 909 profecto,
531 870 624 899 dilecti
640 869 739 898 fratres
753 874 781 896 et
797 867 857 900 lilii,
872 867 925 902 ipsi

136 924 279 952 vobiscum
305 922 450 956 loquentes
465 919 530 946 dare
546 923 627 952 atque
650 917 777 951 accipere
791 915 925 942 rationem

135 979 232 999 eorutn
251 977 313 1004 quat
329 968 362 995 ad
385 971 502 994 vestram
519 965 635 991 salutem
656 961 815 990 necessaria
836 965 900 987 sunt
917 979 925 991 ,

138 1023 255 1052 qumque
268 1022 316 1041 vos
333 1019 360 1041 et
374 1012 461 1047 loqui,
478 1016 506 1038 et
525 1018 605 1044 agere
623 1009 746 1036 fraterno
769 1012 795 1034 et
812 1011 927 1041 paterno

137 1064 236 1091 aﬂectu
267 1060 469 1088 desideramus.
499 1057 551 1084 Sed
580 1055 711 1091 quoniam
746 1058 773 1080 et
803 1053 927 1080 conditio

138 1109 313 1144 [trtl‘st‘nlittttt
341 1113 451 1136 rerum,
475 1109 503 1131 et
527 1107 602 1130 tanta
630 1101 745 1128 vastitas
769 1099 871 1140 pelagi.
897 1106 928 1126 ac

140 1156 306 1189 interiacens
321 1151 467 1187 longitudo
480 1156 620 1177 tcrrarunt
636 1149 662 1175 id
678 1147 836 1183 prohibent,
852 1146 925 1180 quod

138 1202 276 1236 reliquum
304 1204 363 1231 est,
393 1197 494 1225 litteris
519 1196 639 1224 olliciutn
666 1199 792 1222 nostrum
815 1192 927 1227 exsequi

138 1247 313 1279 conabimur,
328 1250 355 1271 et
371 1244 423 1271 hac
437 1243 553 1278 epistola
567 1241 728 1276 particulam
745 1240 869 1274 aliquam
882 1245 930 1265 co-

139 1301 199 1321 rum
212 1301 273 1327 qua:
286 1298 379 1318 coram
397 1290 577 1325 loqueremur
597 1288 792 1321 exprimamus.
809 1285 930 1312 Obsecro

138 1344 230 1366 autent
246 1338 372 1369 Domino,
397 1341 428 1363 ut
446 1343 478 1362 ea
499 1342 548 1362 vos
568 1334 704 1361 charitate
720 1332 852 1362 audiatis.
870 1338 931 1365 qua:

139 1385 267 1412 dicturus
291 1391 365 1415 sum,
383 1389 446 1409 eum
464 1389 517 1416 qua
539 1380 598 1414 ipse
616 1387 666 1407 vos
689 1379 826 1413 alloquor.
840 1376 931 1405 Testis

139 1435 181 1457 est
194 1430 266 1457 enim
287 1429 354 1456 mihi
380 1428 438 1463 ipse
464 1428 547 1459 Deus,
565 1433 647 1461 quem
666 1425 748 1452 nullae
764 1429 866 1452 nostra
886 1431 930 1451 co-

140 1476 289 1511 gitationes
310 1475 394 1502 latere
417 1478 542 1509 possunt,
559 1472 631 1507 quod
648 1472 739 1506 primo
761 1470 873 1506 quidem
888 1478 932 1497 ae-

140 1524 184 1550 lus
199 1523 270 1558 ejus,
289 1521 389 1549 deinde
411 1520 597 1548 aretissimtttn
619 1517 763 1545 charitatis
776 1517 930 1548 vinculum,

140 1577 196 1603 quo
210 1569 314 1596 nationi
333 1559 435 1595 nostra?
452 1566 643 1601 astringitnur,
660 1572 704 1592 me
733 1569 763 1591 ut
784 1564 840 1591 haec
860 1564 930 1590 scri-

971 361 1048 391 liam,
1070 366 1098 387 et
1130 354 1328 395 principatum,
1345 365 1372 388 et
1401 361 1487 395 ipsam
1517 359 1641 386 omnium
1667 366 1761 386 rerum

973 407 1163 434 dulcissimam
1179 407 1336 434 libertatem
1355 407 1518 434 amiserint?
1543 407 1602 434 Non
1617 405 1689 432 enint
1709 407 1764 432 lor-

974 459 1051 485 luna,
1078 455 1120 481 vel
1146 462 1238 486 casus,
1257 458 1304 480 aut
1331 453 1497 480 temerarius
1518 460 1611 480 rerum
1633 457 1763 484 eventus,

974 509 1004 527 ac
1022 500 1112 528 fluxus
1127 500 1266 528 instabilis
1280 505 1385 527 tantam
1402 499 1504 527 nostris
1521 499 1706 527 calamitatem
1725 499 1766 525 in—

974 549 1073 578 tulere,
1088 548 1141 574 nisi
1157 548 1219 583 quis
1234 552 1311 582 pttlo‘t
1339 555 1384 575 res
1409 548 1545 576 humanas
1561 547 1654 575 divina
1671 547 1766 574 Provi-

975 595 1068 621 dentia
1086 595 1200 623 minitne
1213 595 1376 630 gubernari,
1389 595 1462 630 quod
1476 595 1559 622 etiam
1576 594 1698 630 cogitare
1715 593 1766 620 im-

977 641 1052 676 pium
1079 645 1132 674 est,
1159 645 1242 676 atque
1268 639 1417 668 nefarium.
1444 640 1497 668 Sed
1526 648 1577 668 nec
1601 641 1766 668 delictorum

976 691 1136 714 nostrorum
1164 686 1370 715 multitudinem
1398 687 1458 723 ejus
1484 687 1522 714 rei
1547 695 1656 714 causam
1682 686 1767 714 fuisse

976 734 1125 761 dicendum
1140 739 1192 767 est,
1204 738 1234 760 ut
1248 734 1358 769 quidam
1371 734 1427 762 Deo
1441 742 1470 761 se
1483 734 1664 760 hutniiiautcs
1675 733 1768 760 dicere

977 784 1190 808 consueverunt.
1204 780 1299 816 Neque
1310 781 1385 808 enim
1398 788 1449 808 nos
1464 780 1550 815 magis
1564 787 1645 815 quam
1663 784 1768 807 czetcra-

977 827 1200 854 Christianorum
1216 826 1355 859 nationes,
1374 834 1443 862 quas
1460 834 1535 854 nunc
1551 826 1692 853 mundana
1718 826 1769 852 ista

979 874 1111 901 felicitate
1128 874 1183 901 frui
1204 874 1342 906 videmus,
1362 874 1483 909 peccatis
1500 873 1606 901 nostris
1623 873 1709 900 Deum
1730 873 1769 899 ir-

979 921 1133 947 ritavimus.
1152 919 1295 956 Siquidem
1311 924 1339 948 et
1355 920 1459 948 dictum
1475 925 1527 952 est,
1544 924 1571 947 et
1585 927 1651 947 vere
1665 919 1768 946 dictum

979 972 1029 998 est.
1046 971 1074 994 ut
1095 967 1225 998 arbitror,
1243 971 1352 994 nostros
1368 967 1396 994 in
1420 967 1453 994 iis
1476 974 1537 1002 qua:
1561 966 1593 993 ad
1618 964 1710 993 mores
1741 970 1768 992 et
1788 966 1790 968 ’

979 1014 1042 1040 vine
1059 1013 1230 1041 honestatem
1256 1009 1407 1048 pertinent.
1422 1013 1505 1040 nullis
1522 1020 1584 1040 esse
1610 1012 1769 1039 inferiores.

982 1058 1137 1086 Verendum
1160 1060 1244 1094 igitur
1257 1067 1291 1086 ne
1305 1059 1397 1094 potius
1416 1063 1456 1086 tot
1473 1063 1671 1093 tantorumque
1687 1058 1770 1084 malo-

981 1113 1041 1132 rum
1059 1105 1157 1137 fomes-,
1185 1110 1213 1133 et
1237 1105 1354 1132 materia
1369 1105 1466 1138 fuerit,
1489 1105 1562 1140 quod
1581 1104 1668 1132 Gnaei
1696 1104 1769 1131 veris

981 1152 1156 1186 dogmatibus
1177 1159 1227 1187 per
1254 1152 1410 1180 socordiam
1427 1152 1538 1179 omissis
1556 1152 1589 1179 ab
1608 1146 1769 1178 intemerata

982 1198 1046 1225 ﬁdei
1068 1199 1183 1226 veritate
1201 1204 1389 1230 secesserunt,
1406 1204 1435 1226 et
1450 1199 1645 1226 ittt‘ousutilent
1663 1198 1770 1224 Domini

982 1245 1105 1273 tunicam
1120 1245 1277 1273 sciudentes
1291 1253 1305 1272 a
1317 1245 1452 1273 catholica
1466 1245 1588 1273 Ecclesia
1601 1248 1667 1272 sunt
1679 1243 1770 1271 divisi.

981 1290 1066 1326 Cujus
1083 1291 1120 1317 rei
1138 1298 1220 1318 causa
1239 1290 1292 1318 fuit
1307 1292 1450 1318 temeritas
1464 1290 1647 1325 quorumdam
1665 1293 1773 1316 nostro-

983 1343 1056 1369 rum,
1072 1344 1105 1363 ne
1130 1336 1208 1363 alteri
1233 1337 1406 1371 principatus
1425 1337 1469 1364 sdi
1493 1338 1629 1364 rationem
1656 1337 1773 1363 reddere

983 1388 1160 1418 cogerentur.
1185 1380 1240 1410 Hos
1265 1383 1366 1410 deinde
1391 1384 1560 1419 posterior-ts
1586 1391 1697 1418 quoque
1718 1390 1773 1410 non

983 1434 1038 1456 tam
1053 1437 1102 1456 sua
1123 1429 1259 1464 pravitate
1274 1431 1354 1461 moll,
1369 1437 1451 1464 quam
1467 1430 1578 1457 illorum
1602 1429 1693 1457 allecti
1713 1437 1776 1464 per-

984 1475 1115 1502 versitate
1130 1480 1193 1502 sunt
1207 1476 1306 1503 secuti.
1332 1475 1386 1503 Sed
1412 1475 1551 1510 deponere
1567 1475 1727 1510 aliquando,
1742 1482 1775 1502 ac

984 1529 1100 1556 prorsus
1116 1521 1228 1554 abigere
1244 1521 1316 1548 hanc
1342 1521 1492 1556 perniciem
1514 1521 1626 1552 decens,
1651 1528 1683 1548 ac
1704 1521 1775 1548 salu-

986 1568 1097 1594 tifcrttttt
1112 1573 1164 1594 est.
1179 1567 1364 1601 Quamobrem
1377 1575 1424 1595 vos
1438 1567 1536 1595 hortor
1548 1573 1576 1595 et
1590 1575 1664 1603 rogo,
1676 1567 1776 1594 fratres

140 1615 204 1643 bam
223 1618 344 1646 movent,
372 1620 460 1648 neque
484 1620 516 1639 ea
543 1612 687 1647 patiuntur
724 1610 852 1640 reticere,
872 1617 931 1644 qua:

985 1619 1012 1640 et
1028 1614 1074 1641 lilii
1092 1616 1118 1641 in
1136 1614 1240 1649 Spiritu
1258 1619 1354 1642 sancto
1367 1615 1611 1648 desideratissimi,
1627 1615 1702 1642 omni
1716 1619 1776 1641 stu-

141 1660 221 1687 vobis
237 1660 349 1694 cognitu
376 1659 533 1685 necessaria
558 1661 634 1685 sttnt.
652 1657 721 1684 Ante
741 1655 831 1682 omnia
849 1656 931 1690 igtur

143 1711 322 1737 mementote,
339 1706 438 1732 fratres
455 1711 482 1732 et
509 1704 570 1735 ﬁlii,
593 1703 684 1738 qualis
701 1703 778 1736 olim,
794 1709 931 1737 quamque

141 1754 279 1781 excellens
302 1753 386 1779 fuerit
413 1752 487 1778 natio
511 1755 616 1782 nostra,
640 1755 698 1776 tum
719 1749 856 1780 doctrina,
874 1753 930 1774 tum

142 1799 217 1826 omni
245 1798 387 1833 sapientiae
412 1805 524 1832 genere,
549 1804 612 1823 ctttn
639 1796 746 1823 caeteris
771 1794 930 1826 virtutibus,

141 1854 203 1881 quae
216 1849 346 1880 pra-terea
361 1843 444 1875 vires,
461 1850 522 1877 qua:
537 1842 671 1876 potentia,
687 1841 735 1876 qui
759 1841 933 1876 principatus

142 1896 302 1919 noStrorum
322 1890 436 1917 fuerint.
462 1889 528 1922 Quis
556 1889 629 1915 enim
652 1887 760 1915 dubitet
774 1887 932 1914 Grtecorum

143 1930 399 1974 gentem‘omniutn
425 1935 581 1962 liberalium
607 1934 718 1966 artium,
734 1941 765 1961 ac
789 1933 873 1960 totius
891 1941 933 1960 sa-

142 1985 253 2020 pientiae
271 1991 325 2010 non
344 1983 425 2010 modo
446 1982 637 2012 inventricem,
656 1987 753 2008 verum
774 1980 857 2007 etiam
872 1986 934 2014 pcr-

143 2032 283 2059 fcctrieem
298 2028 530 2057 exstitisseHllic
547 2035 655 2063 semper
671 2031 698 2054 et
713 2026 813 2059 virtus,
829 2030 857 2053 et
872 2026 935 2053 reli-

143 2078 198 2113 gio,
224 2082 253 2104 et
276 2075 458 2103 sanctimonia
484 2074 623 2106 floruere;
646 2073 704 2101 illic
728 2073 831 2100 enituit
850 2074 936 2099 tot'us

143 2123 220 2150 orbis
239 2122 397 2157 imperium,
414 2128 488 2148 nunc
505 2127 571 2147 vero
593 2119 656 2153 (heu
673 2118 824 2150 infelicem,
839 2122 867 2146 et
881 2118 936 2144 mi-

143 2176 233 2196 seram
248 2168 341 2200 patrim
352 2171 453 2194 nostra:
463 2164 651 2201 conditionem
663 2164 684 2199 ι)
699 2171 753 2191 non
767 2162 848 2191 modo
861 2162 938 2198 prin-

148 2214 281 2249 cipatum,
303 2218 386 2248 atque
409 2211 557 2246 imperium
574 2210 652 2237 orbis
670 2209 824 2241 antisimus,
839 2216 936 2236 verum

150 2263 232 2288 etiam
247 2259 407 2287 Servitutem
422 2258 555 2292 patimur,
575 2261 603 2284 et
618 2258 690 2283 hanc
706 2256 816 2291 quidem
839 2255 936 2282 crude-

148 2308 215 2338 lem.
231 2311 314 2341 atque
336 2304 544 2339 turpissimam;
568 2302 748 2330 dominantur
764 2302 837 2329 enim
854 2301 935 2328 nobis

147 2353 274 2382 homines
295 2356 398 2382 truces,
419 2350 542 2382 barbari,
564 2353 648 2384 atque
672 2348 816 2381 infideles;
844 2355 935 2382 neque

146 2402 235 2428 solunt
260 2400 312 2426 hoc
335 2397 408 2434 passi
434 2404 544 2428 sumus,
564 2395 614 2423 sed
630 2403 664 2423 ne
679 2395 859 2422 simulacrum
876 2395 935 2430 qui-

147 2447 210 2474 dem
237 2446 413 2480 disct‘plinm,
440 2447 488 2469 aut
514 2442 600 2470 ullum
624 2441 768 2475 rapientia:
790 2441 937 2475 vestigium

147 2493 220 2528 apud
241 2495 350 2519 nostros
364 2491 492 2518 relictum
509 2493 561 2516 est.
574 2487 671 2516 Solent
696 2487 771 2515 enim
785 2485 940 2522 disciplinae

148 2544 177 2567 et
191 2539 270 2566 bona
284 2542 372 2569 artes,
391 2535 498 2572 paratis
518 2535 620 2570 primo,
634 2541 696 2569 qua:
715 2533 748 2561 ad
771 2534 872 2562 tictum
891 2540 940 2561 ne-

150 2585 271 2614 cessaria
292 2587 367 2614 sunt.
386 2582 472 2617 quaeri
505 2585 589 2615 atque
613 2580 786 2615 investigari,
802 2587 863 2615 quae
875 2578 940 2607 cum

149 2630 232 2660 nobis
247 2631 274 2657 in
292 2628 439 2664 praesentia
454 2627 490 2654 ob
513 2627 677 2655 servitutem
700 2631 729 2653 et
748 2626 868 2662 ipopiam
893 2626 940 2653 de-

149 2679 216 2709 sint,
235 2676 310 2703 nulla
328 2673 448 2708 amplius
473 2673 619 2707 sapientiae
641 2672 713 2699 ratio
733 2669 786 2704 est,
803 2672 877 2699 nulla
899 2673 940 2700 di-

150 2722 329 2758 sciplinarum
352 2727 427 2750 cura,
451 2719 559 2746 nullum
577 2718 745 2752 optimarum
761 2718 864 2744 artium
880 2721 940 2744 stu-

152 2771 234 2797 dium.
252 2767 345 2794 Virtus
363 2767 432 2797 sola,
449 2772 510 2799 quae
522 2764 556 2790 ad
577 2772 670 2791 mores
681 2765 811 2798 pertinet,
823 2770 939 2799 quaeque

151 2815 292 2842 studiosos
307 2811 350 2839 sui
377 2812 464 2838 bonos
478 2810 574 2840 efﬁcit.
588 2817 621 2837 ea
638 2818 704 2837 vero
720 2815 829 2844 manet;
847 2817 941 2838 tuane-

151 2865 234 2894 atque
257 2865 366 2892 semper
388 2856 458 2890 apud
482 2860 603 2882 nostros.
627 2854 679 2882 Sed
701 2863 762 2890 quat
778 2863 861 2883 causa
879 2863 939 2884 esse

333 2916 471 2946 PATROL.
493 2916 552 2946 Gtt.
578 2914 684 2945 CLXI.

983 1660 1041 1692 dio,
1067 1667 1098 1687 ac
1122 1665 1233 1692 conatu,
1257 1662 1398 1695 antiquam
1423 1661 1599 1689 nob‘litatent
1624 1662 1774 1693 resumite,

981 1706 1122 1734 vindicate
1153 1706 1404 1744 nobis-pristinam
1429 1708 1556 1744 gloriam.
1577 1709 1690 1737 Veteres
1714 1709 1777 1736 illm

983 1761 1013 1780 ac
1026 1754 1218 1783 sanctissimos
1234 1737 1337 1783 intres
1352 1760 1381 1783 et
1408 1756 1537 1784 doctores
1554 1761 1666 1784 nostros
1683 1757 1776 1792 sequi-

984 1801 1065 1832 mini,
1080 1809 1200 1835 quorum
1216 1802 1314 1829 eadem
1332 1801 1474 1830 confessio
1496 1803 1572 1836 ﬁdei,
1589 1803 1686 1831 eadem
1704 1812 1777 1832 sem-

985 1855 1035 1882 per
1050 1847 1102 1875 fuit
1119 1848 1244 1875 doctrina
1266 1849 1387 1883 pietatis,
1403 1857 1464 1876 cum
1481 1857 1513 1877 ea
1532 1857 1613 1884 quam
1633 1858 1705 1878 nunc
1722 1851 1778 1878 llo-

985 1903 1066 1922 [natm
1094 1893 1216 1935 Ecclesia
1238 1899 1325 1928 tenet,
1349 1903 1382 1923 ac
1410 1897 1569 1930 proﬁtetur.
1597 1897 1777 1925 Recentiores

985 1942 1054 1968 istos
1074 1946 1127 1967 tam
1148 1941 1288 1979 pestifem
1313 1941 1463 1970 divisionis
1486 1949 1617 1971 auctores
1641 1944 1778 1972 condem-

985 1993 1061 2021 nate,
1089 1988 1310 2023 persequimini,
1340 1989 1532 2017 extermiuate.
1562 1990 1777 2019 (Ecumenicam

986 2034 1121 2069 synodum
1142 2034 1289 2062 Florentia:
1307 2035 1430 2063 habitam
1452 2036 1551 2064 devota
1570 2042 1662 2064 mente
1687 2039 1778 2066 susei-

988 2082 1057 2116 pite.
1082 2086 1112 2109 et
1123 2089 1184 2119 quae
1200 2081 1236 2109 ibi
1249 2087 1346 2110 sancto
1359 2089 1528 2118 cooperante
1542 2083 1647 2120 Spiritu
1666 2085 1779 2114 decreta

987 2132 1063 2160 sunt,
1079 2127 1188 2155 sincero
1204 2127 1288 2156 corde
1305 2129 1421 2160 credite,
1437 2135 1466 2157 et.
1495 2130 1672 2165 profitemini.
1687 2131 1780 2159 Multas

987 2173 1170 2207 efﬁcacesque
1185 2180 1218 2200 eo
1243 2173 1269 2199 in
1293 2173 1355 2200 loco
1377 2174 1500 2202 rationes
1512 2175 1638 2202 adductae
1654 2180 1721 2203 sunt
1743 2176 1780 2203 de

989 2218 1166 2254 processione
1178 2219 1267 2246 sancti
1283 2218 1414 2253 Spiritus.
1435 2219 1518 2247 Multa
1536 2221 1668 2255 tttrinqtte
1686 2228 1701 2248 tt
1718 2229 1780 2256 par-

991 2264 1064 2291 tibus
1077 2263 1104 2290 in
1123 2263 1266 2298 utriusque
1280 2265 1426 2292 sententize
1438 2265 1681 2294 confirmationem
1694 2266 1779 2294 dicta.

989 2310 1060 2338 Vicit
1078 2310 1186 2337 tandem
1201 2310 1273 2344 apud
1291 2318 1387 2337 omnes
1418 2312 1477 2339 haec
1501 2313 1654 2344 sententia,
1670 2312 1781 2340 Patrem

990 2361 1017 2383 et
1034 2355 1134 2382 Filium
1161 2363 1246 2382 unum
1269 2363 1330 2383 esse
1352 2355 1473 2390 Spiritus
1489 2357 1577 2384 sancti
1601 2357 1781 2393 principium.

991 2407 1111 2434 eumque
1127 2407 1159 2426 es
1177 2404 1295 2434 utroque
1313 2404 1444 2435 tanquam
1457 2409 1490 2428 ett
1506 2409 1562 2428 uno
1577 2402 1702 2436 spirante
1719 2410 1783 2437 pro-
1820 2429 1824 2434 ,

992 2444 1102 2473 cedere.
1130 2445 1214 2473 Multa
1243 2451 1402 2474 sanctorum
1429 2448 1587 2479 doctorum.
1617 2456 1673 2476 non
1699 2450 1782 2477 modo
1818 2455 1823 2468 τ

990 2491 1218 2525 Occidentalium,
1245 2499 1340 2520 verum
1369 2493 1452 2521 etiam
1475 2492 1672 2528 Orientalium,
1697 2499 1782 2531 atque

990 2542 1148 2564 nostrorum
1175 2537 1208 2565 ad
1231 2537 1258 2565 id
1285 2538 1456 2572 probandum
1481 2540 1636 2568 teStintonia
1660 2541 1780 2570 adducta

990 2588 1066 2616 sunt,
1083 2583 1179 2611 multis
1198 2583 1224 2611 id
1250 2584 1409 2612 rationibus
1432 2585 1666 2619 demonstratum,
1689 2595 1781 2623 neque

992 2629 1017 2656 id
1033 2634 1191 2656 nostrorum
1217 2629 1323 2658 incuria
1348 2631 1531 2674 “enin-non
1557 2632 1630 2663 enim
1647 2633 1782 2668 segniter.

991 2682 1081 2710 neque
1095 2675 1267 2710 negligenter
1291 2684 1352 2703 eam
1369 2685 1427 2704 rem
1446 2677 1613 2712 investigare
1629 2679 1719 2706 conati
1735 2687 1783 2707 su-

991 2729 1062 2753 mus,
1081 2728 1098 2747 ο
1115 2721 1231 2754 fratres;
1259 2722 1361 2749 multas
1387 2726 1484 2750 noctes
1508 2723 1648 2751 insomnes
1663 2726 1780 2760 egimus,

990 2773 1119 2800 magnam
1135 2765 1316 2801 vigilantiam,
1329 2767 1417 2795 solers
1433 2768 1567 2801 studium,
1583 2777 1720 2797 summam
1732 2778 1782 2798 cu-

989 2819 1047 2839 ram
1070 2810 1263 2844 adhibuimus,
1288 2812 1389 2840 cedere
1414 2815 1539 2848 oportuit
1557 2816 1687 2850 veritati;
1715 2817 1780 2844 victi

991 2856 1095 2884 fuimus
1120 2856 1267 2885 doctorum
1292 2859 1438 2887 sententiis
1471 2861 1549 2888 Absit
1570 2862 1645 2889 enim
1668 2871 1682 2890 a
1710 2862 1780 2890 bom

1560 2921 1597 2952 16
