1920 3063
165 125 217 156 48¹3

634 116 888 149 BESSA‘RIONIS
918 118 949 148 S.
971 117 1009 148 Β.
1028 117 1063 147 E.
1085 115 1323 146 CARDINAUS

1746 112 1800 146 484

164 186 255 213 anima
271 189 298 212 et
315 183 401 216 fideli,
418 186 448 210 ut
463 185 581 210 ostensa:
598 179 709 208 veritati
722 179 833 207 claudat
845 179 952 211 oculos,
968 179 991 208 Δ
1007 178 1068 205 dam
1083 177 1228 205 veritatem
1247 177 1302 203 dici
1319 176 1420 208 solent,
1441 175 1544 203 nuilius
1563 183 1627 203 sane
1645 178 1798 210 momenti;

164 239 280 266 tamque
308 229 431 258 victoria:
459 228 611 256 ambitione
636 226 780 262 despiciat.
808 225 951 254 Referrem

164 282 238 302 nunc
255 273 334 302 vobis
348 273 512 309 particulam
530 272 652 307 aliquam
675 271 814 298 rationum
830 270 951 302 illarum,

164 321 217 349 nisi
246 321 290 348 lex
315 320 440 355 epistolae
462 318 647 354 prohiberet:
671 317 754 345 simul
776 317 848 352 quod
872 317 953 344 vobis

165 368 229 394 licet
243 366 323 401 longe
339 366 418 401 plura
436 364 502 392 alibi
525 364 629 396 videre,
645 368 672 391 ct
686 363 788 398 legere,
803 370 886 398 quam
902 370 953 390 nos

166 411 270 439 referre
287 411 313 438 in
332 410 478 446 praesentia
503 417 656 445 possemus.
676 409 805 444 Plerique
822 408 895 436 enim
920 416 952 436 ex

167 457 209 484 his
229 457 275 491 qui
299 463 349 484 nos
365 455 548 483 antecessisse
573 453 726 482 doctissimi
744 458 772 480 et
786 453 953 481 sanctissimi

165 503 217 529 viri
236 502 321 530 multa
339 506 423 536 atque
441 501 571 536 praeclara
588 500 622 528 de
635 500 688 527 hoc
703 500 830 535 dogmate
852 499 953 526 litteris

163 549 377 576 mandaverunt.
399 548 456 575 Nos
478 555 589 582 quoque
605 553 658 574 non
677 553 761 582 pauca
778 546 953 581 scripsimus,

163 595 263 631 partim
282 599 311 623 ut
330 595 480 622 amicorum
497 594 522 621 id
539 593 641 621 obnixe
658 592 868 628 efﬂagitantium
896 601 954 620 mo-

164 649 222 669 rem
243 648 403 675 gereremus
416 639 564 672 voluntati,
584 639 684 674 partim
702 643 732 666 ut
753 639 798 666 vel
813 646 863 667 nos
883 639 956 674 cogi-

164 691 230 718 tata,
254 686 294 714 vel
312 686 374 714 aliis
396 685 500 713 frustra
518 684 752 713 contendentibtts
777 693 909 720 responsa
926 685 953 713 in

164 739 339 760 communem
353 731 499 759 utilitatem
514 731 696 759 traderemus.
709 731 775 764 Quae
787 731 878 758 omnia
891 738 954 758 cum

164 778 236 813 apud
253 786 301 806 vos
319 778 385 811 sint,
409 777 431 805 si
456 777 518 813 quis
540 782 665 805 vestrum
692 777 752 805 sine
776 776 954 805 contentione

165 824 207 852 vel
229 824 313 859 leget,
330 824 372 851 vel
394 823 499 852 audiet.
524 823 634 859 Legetis
654 827 746 851 autem
772 823 814 850 vel
835 823 955 850 audietis

164 877 264 898 omnes
278 870 312 906 (si
335 869 440 904 licebit)
466 877 520 896 non
547 877 673 905 parvam,
688 869 761 904 quod
778 869 812 897 ad
829 869 876 897 Dei
898 869 955 905 glo-

166 918 234 944 riam
258 917 362 945 dictum
388 917 433 948 sit,
459 916 608 944 utilitatem
637 920 835 951 consequetur.
851 916 954 944 Verum

167 967 257 990 tamen
277 970 359 989 unam
377 962 522 996 duntaxat,
534 966 561 989 et
577 969 635 990 eam
651 962 828 996 perbrevcm.
842 962 864 990 si
879 962 954 996 libet,

167 1010 300 1037 rationem
320 1010 504 1037 adducamus.

327 1079 364 1106 De
379 1078 493 1112 Spiritus
511 1080 596 1106 sancti
613 1079 785 1114 processione.

204 1148 326 1182 Spiritus
343 1153 457 1175 sanctus
471 1146 591 1182 Spiritus
607 1147 667 1174 Filii
686 1147 799 1179 dicitur,
813 1152 882 1175 teste
894 1148 956 1183 ipso

166 1195 248 1227 Filio,
269 1195 315 1229 qui
332 1194 465 1229 Spiritum
485 1193 564 1220 illum
581 1197 660 1220 vocat
674 1193 806 1228 Spiritum
821 1194 955 1222 veritatis.

167 1241 276 1268 Veritas
293 1247 357 1267 vero
382 1240 428 1267 ille
451 1240 510 1273 ipse
534 1245 586 1267 est.
604 1240 637 1267 Et
664 1238 787 1267 Paulus:
807 1240 892 1273 Miail,
911 1240 955 1269 in-

166 1287 235 1321 quit,
258 1286 326 1312 Dens
345 1285 473 1319 Spiritum
498 1284 565 1312 Filii
581 1286 622 1312 sui
639 1286 666 1312 in
682 1284 762 1312 corda
777 1286 889 1313 nostra‘
904 1296 910 1320 ;
929 1292 957 1315 et

165 1338 274 1358 rursum
295 1339 302 1357 :
325 1331 355 1358 Si
380 1330 438 1366 quis
454 1329 581 1363 Spiritum
600 1329 700 1358 C/triati
715 1339 766 1358 non
790 1332 877 1365 habet,
901 1333 957 1368 ipse

166 1385 218 1403 non
240 1381 277 1403 est
303 1376 394 1410 ejur'.
417 1376 494 1409 Quod
520 1376 581 1403 aliis
606 1384 716 1411 quoque
741 1377 767 1404 in
793 1377 861 1405 locis
882 1378 956 1406 idem

166 1423 315 1457 Apostolus
335 1422 505 1450 creberrime
524 1423 651 1457 replicat.
679 1423 735 1450 lloc
760 1424 957 1458 verbum,fra-

169 1474 236 1501 tres,
253 1469 321 1496 satis
337 1475 475 1504 superque
490 1468 522 1495 ad
539 1467 565 1494 id
584 1468 756 1502 probandum
773 1468 806 1496 de
826 1477 882 1504 quo
900 1470 958 1505 agi-

169 1523 242 1542 mus.
259 1515 354 1549 Neque
370 1514 442 1542 enim
457 1513 591 1541 excedere
603 1513 683 1540 decet
695 1513 806 1541 modum
821 1515 954 1550 epistolae.
970 1527 993 1558 ο

169 1562 212 1588 lel
231 1561 324 1595 itaque
344 1560 463 1595 Spiritus
480 1564 592 1588 sanctus
606 1559 708 1587 Christi
733 1559 853 1594 Spiritus
876 1566 956 1588 natu-

167 1607 262 1634 raliter
278 1611 307 1634 et
320 1605 519 1638 essentialiter,
534 1613 589 1632 non
607 1606 824 1634 accidentaliter.
839 1607 869 1634 Id
891 1615 956 1635 vero

165 1653 245 1687 cuius
262 1651 364 1686 aliquid
384 1652 436 1679 hoc
453 1651 535 1678 modo
551 1655 605 1684 est,
625 1652 791 1679 auctoritate
815 1653 905 1688 aliqua
929 1658 956 1681 et

165 1696 328 1722 excellentia
341 1695 367 1722 id
380 1695 498 1722 excellat
513 1703 627 1723 necesse
643 1700 695 1727 est,
709 1696 783 1731 quod
803 1705 883 1724 suum
896 1706 957 1726 esse

166 1740 279 1768 dicitur.
301 1741 363 1768 Haec
377 1748 441 1768 rero
458 1741 610 1769 auctoritas
627 1742 752 1776 profecto
767 1751 822 1770 non
841 1744 900 1772 talis
912 1745 955 1771 di-

166 1787 251 1814 cenda
278 1792 330 1820 est,
354 1788 448 1822 Qualis
474 1792 515 1815 est
538 1787 648 1816 Domini
676 1789 710 1816 ad
736 1783 859 1818 servum.
887 1790 954 1824 Quis

166 1835 239 1862 enim
261 1835 375 1861 auderet
403 1838 558 1862 creatorem
593 1835 620 1862 in
652 1839 813 1870 creaturam,
831 1829 953 1868 vertere,

166 1880 239 1914 quod
253 1880 335 1907 etiam
352 1875 653 1918 cogitarelsacrilegum
672 1882 734 1909 cst?
757 1875 886 1918 Superest
903 1883 954 1918 igi-

165 1931 210 1953 tur
223 1923 429 1959 auctoritatem,
454 1922 537 1965 {itque
550 1928 742 1955 excellentiam
763 1919 878 1964 originis
893 1937 955 1957 esse

165 1973 223 2008 ejus
239 1974 285 2007 qui
301 1968 447 2008 spirat,'ad
467 1973 594 2008 spiritum
610 1975 659 2008 qui
677 1968 856 2015 spiratut‘.‘El
879 1981 954 2005 certe

164 2019 238 2046 aliud
251 2020 380 2046 asserere
392 2018 528 2046 nefarium
546 2024 600 2046 est.
616 2019 684 2046 Nam
705 2019 780 2055 quod
795 2027 954 2049 nostrorum

165 2065 250 2100 aiiqui
272 2073 286 2092 a
303 2060 419 2092 veritate
440 2065 623 2098 declinantes,
640 2066 702 2093 ideo
716 2062 769 2094 dici
786 2067 846 2095 Filii
866 2068 953 2102 Spiri-

168 2115 224 2137 tum
240 2105 424 2142 contendunt,
443 2112 515 2145 quod
531 2111 654 2145 ejusdem
669 2111 705 2138 sit
720 2119 782 2138 cum
805 2120 839 2139 eo
861 2121 955 2140 essen—

166 2157 220 2189 ti.e,
240 2157 281 2183 vel
309 2157 382 2191 qttod
409 2164 442 2184 ex
466 2165 498 2183 eo
519 2157 655 2189 mittatur,
675 2166 837 2186 aranearum
864 2160 954 2194 potius

1005 223 1082 258 plura
1104 231 1170 250 vero
1187 222 1356 258 melioraque
1372 221 1504 250 dicuntur
1524 221 1614 250 abhis
1629 224 1676 258 qui
1696 223 1799 250 verita-
1829 239 1832 243 τ

1005 274 1060 297 tem
1087 274 1251 305 sequuntur.
1274 269 1340 303 Quae
1362 273 1389 296 ct
1412 268 1434 296 si
1456 276 1507 296 nos
1529 269 1632 303 optime
1658 273 1798 302 tenemus,

1006 324 1067 344 cum
1087 323 1159 351 szepe
1182 323 1299 344 numero
1325 315 1580 343 contradicentibus
1603 315 1740 343 adversati
1758 317 1800 344 si-

1005 370 1078 396 mus,
1089 361 1233 390 brevitatis
1248 366 1338 389 tamen
1351 361 1437 396 gratia
1453 360 1590 388 mittimus
1604 361 1638 388 ad
1654 361 1776 388 monitos
1791 371 1798 388 :

1007 409 1029 436 si
1052 408 1098 444 qui
1125 412 1208 435 erunt
1223 407 1423 443 investiganda:
1446 406 1570 434 veritatis
1588 407 1692 442 cupidi,
1710 411 1740 434 ut
1765 415 1799 435 ea

1006 454 1196 490 legant,-quae
1213 454 1277 481 olim
1303 453 1337 481 de
1364 453 1415 481 hac
1440 461 1470 480 re
1493 453 1722 488 conscripsimus.
1739 453 1800 482 Hoc

1006 503 1098 528 tamen
1116 500 1192 528 vobis
1207 500 1336 532 dicimus,
1353 505 1382 527 et
1399 499 1529 534 intrepidi
1544 499 1705 532 asscrimus,
1719 499 1741 527 si
1754 507 1801 527 res

1007 547 1128 579 tulisset,
1146 553 1176 574 ut
1193 551 1342 581 praesentes
1358 546 1436 578 dare,
1462 549 1544 579 atque
1560 545 1689 579 accipere
1716 545 1802 572 ratio-

1006 600 1068 620 nem
1085 592 1167 628 hujus
1182 592 1221 620 rei
1235 593 1434 627 potuissemus,
1449 591 1623 628 judicaturos
1637 598 1686 618 vos
1699 590 1798 619 fuisse.

1007 639 1065 666 Hoc
1082 647 1178 672 unum,
1196 639 1270 674 quod
1297 638 1429 671 diximus,
1446 638 1512 666 satis
1530 645 1670 673 superque
1687 644 1747 664 esse
1764 637 1799 664 ad
1821 662 1825 663 ν

1006 685 1154 712 veritatem
1176 685 1389 717 ostendendam,
1415 683 1542 719 nihilque
1559 683 1741 713 dubitationis
1755 691 1801 710 re-

1007 730 1105 766 linqui,
1121 731 1187 767 quin
1212 730 1331 766 Spiritus
1355 730 1392 758 ita
1417 738 1449 758 ex
1471 730 1540 757 Filio
1564 729 1797 764 quemadmodum

1006 785 1038 804 ex
1058 777 1151 809 Patre,
1171 782 1300 813 tanquam
1324 785 1356 804 ex
1383 785 1438 804 uno
1464 777 1602 811 principio
1620 780 1648 804 et
1672 785 1726 803 uno
1742 785 1801 811 spx--

1007 827 1085 850 rantc
1101 823 1243 857 procedat.
1268 823 1351 850 Multa
1369 830 1479 858 quoque
1495 822 1548 849 alia
1565 829 1705 850 sacrarum
1722 823 1800 850 testi-

1009 869 1099 896 monia
1115 875 1180 897 sunt
1201 870 1368 903 litterarum,
1390 873 1420 896 ut
1444 873 1509 904 puta
1528 869 1696 899 Paracletus.
1722 877 1799 904 quem

1009 924 1053 952 ego
1068 917 1172 943 mittant
1189 916 1260 943 vobis
1273 924 1288 942 a
1301 915 1400 949 Patre;
1419 920 1446 942 et
1463 923 1558 942 rursus
1575 924 1581 941 :
1600 915 1635 941 De
1659 924 1716 942 meo
1730 916 1801 942 acci-

1007 964 1070 997 piet,
1091 968 1114 989 et
1135 963 1304 989 annuntiabit
1328 963 1410 990 vobis.
1436 963 1467 989 Et
1490 962 1611 990 iterum:
1630 961 1800 996 Qurccunque

1008 1009 1096 1036 audiet
1110 1009 1242 1044 loquetur,
1254 1013 1281 1036 et
1298 1009 1350 1036 alia
1368 1009 1402 1036 iis
1425 1008 1537 1035 similia.
1559 1007 1597 1034 Ex
1620 1006 1725 1043 quibus
1738 1015 1799 1034 om-

1008 1054 1090 1082 nibus
1105 1055 1166 1082 luce
1181 1055 1282 1082 clarius
1294 1062 1324 1082 ea
1338 1054 1401 1082 fidei
1417 1055 1523 1082 veritas
1533 1055 1698 1087 ostenditur,
1716 1062 1795 1089 quam

1008 1105 1036 1127 et
1059 1104 1154 1127 sancta
1175 1099 1298 1127 Romana
1323 1100 1444 1128 Ecclesia
1473 1105 1501 1128 ut
1525 1108 1633 1136 seraper
1650 1105 1740 1131 antea.
1759 1100 1797 1128 ita

1009 1154 1082 1174 nunc
1099 1150 1183 1179 tenet,
1211 1152 1239 1174 ct
1264 1147 1406 1182 przedicat,
1433 1152 1461 1174 et
1484 1146 1549 1174 olim
1567 1146 1656 1174 omnis
1671 1147 1794 1174 Ecclesia

1008 1191 1157 1220 fatebatur.
1186 1191 1239 1219 Sed
1257 1192 1331 1220 dicet
1357 1192 1475 1220 fortasse
1501 1192 1601 1228 aliquis
1625 1201 1632 1220 τ
1653 1192 1709 1220 Cur
1738 1193 1798 1228 ipse

1009 1238 1143 1266 Dominus
1159 1246 1221 1266 cum
1239 1239 1273 1267 de
1287 1238 1392 1274 Spiritu
1409 1240 1590 1275 loqueretur:
1605 1239 1734 1276 Spiritus,
1747 1241 1798 1273 ait,

1008 1285 1053 1320 qui
1069 1294 1085 1312 α
1100 1285 1182 1313 Patre
1194 1286 1321 1320 procedit,
1338 1293 1427 1319 neque
1440 1285 1548 1314 addidit
1562 1286 1646 1313 etiam
1663 1294 1677 1313 a
1690 1294 1719 1314 se
1736 1287 1798 1321 ipso

1009 1332 1176 1367 procedere?
1192 1332 1257 1365 Quae
1279 1332 1400 1365 tandem,
1416 1338 1462 1360 aut
1476 1333 1565 1368 qualis
1578 1338 1620 1361 est
1637 1334 1696 1362 inec
1714 1335 1797 1367 ratio,

1007 1377 1108 1407 fratres
1121 1379 1131 1405 ?
1146 1379 1202 1407 Etsi
1219 1379 1292 1406 enim
1313 1379 1422 1407 dixerat
1436 1387 1449 1406 a
1471 1380 1551 1408 Patre
1568 1381 1718 1415 procedere
1732 1381 1798 1417 Spi-

1010 1424 1106 1457 ritum,
1128 1432 1182 1452 non
1199 1428 1290 1452 tamen
1308 1426 1417 1460 negavit
1433 1433 1495 1453 eum
1513 1434 1528 1453 a
1551 1434 1580 1454 se
1599 1435 1709 1463 quoque
1732 1436 1799 1464 pro-

1013 1470 1125 1499 cedere.
1143 1469 1210 1498 Nam
1229 1471 1251 1499 si
1268 1471 1294 1498 id
1314 1471 1440 1506 dixisset,
1461 1473 1567 1508 aliquid
1585 1472 1702 1502 fortasse
1723 1477 1800 1503 vitle-

1010 1520 1084 1543 retur
1102 1516 1227 1550 ingerere
1250 1516 1433 1544 difﬁcultatis.
1460 1518 1620 1552 Quanquam
1638 1528 1726 1553 neque
1746 1521 1800 1548 hoc

1008 1560 1040 1588 ad
1056 1561 1198 1588 tutandam
1213 1566 1335 1589 vestram
1350 1562 1510 1597 opinionem
1535 1564 1688 1592 sufﬁceret.
1708 1565 1801 1601 Siqui-

1008 1607 1070 1634 dem
1095 1609 1154 1642 ipse
1180 1608 1332 1635 Salvator:
1352 1608 1390 1635 De
1417 1610 1457 1636 die
1477 1610 1525 1637 illa
1552 1615 1576 1637 et
1601 1612 1677 1644 liora,
1698 1612 1799 1648 inquit,

992 1661 1083 1688 .nemo
1097 1655 1178 1686 novit,
1194 1662 1278 1690 neque
1294 1655 1394 1690 angeli,
1409 1663 1491 1690 usque
1509 1656 1593 1684 Filius
1607 1659 1733 1693 hominis,
1747 1661 1800 1688 m'u'

1007 1699 1077 1725 solus
1099 1698 1190 1726 Pater.
1206 1699 1236 1727 Et
1254 1709 1348 1728 rursus
1364 1708 1371 1726 :
1392 1699 1451 1729 Mea
1465 1701 1588 1730 doctrina
1604 1713 1657 1731 non
1672 1710 1710 1731 est
1726 1715 1797 1737 mea,

1006 1745 1051 1772 sed
1076 1746 1133 1780 ejus
1156 1747 1201 1781 qui
1216 1747 1286 1774 misit
1310 1756 1350 1774 me
1372 1748 1475 1776 Patris.
1503 1749 1537 1777 Et
1561 1750 1662 1778 its-rum
1681 1760 1688 1778 :
1711 1752 1799 1780 Nemo

993 1785 1077 1819 inor-it
1100 1793 1200 1821 Filium
1217 1794 1266 1821 nisi
1279 1794 1371 1823 Pater.
1387 1794 1509 1829 Quorum
1527 1798 1651 1825 omnium
1666 1807 1715 1827 nos
1730 1808 1800 1836 pro-

1007 1839 1051 1865 cul
1070 1839 1156 1867 dubio
1171 1841 1342 1868 contrarium
1367 1846 1394 1869 et
1411 1843 1557 1875 sentimus,
1573 1850 1600 1871 et
1621 1845 1795 1880 profitemur.

1006 1886 1045 1912 Ac
1063 1884 1163 1913 Filium
1183 1886 1240 1918 Dei,
1256 1886 1370 1922 perinde
1385 1886 1459 1915 diem
1478 1888 1556 1916 illum
1579 1894 1609 1918 et
1637 1891 1732 1919 horam
1749 1900 1797 1920 co-

1007 1937 1154 1969 gnosccre,
1173 1937 1202 1958 ut
1214 1931 1322 1959 Patrem
1336 1933 1539 1962 existimamus.
1552 1935 1744 1972 Eumdemque
1760 1939 1798 1966 ita

1008 1985 1036 2004 se
1055 1985 1148 2010 nosse,
1167 1983 1197 2005 ut
1209 1979 1290 2007 l-‘ater
1306 1987 1370 2007 cum
1387 1981 1476 2014 novit,
1491 1982 1703 2019 doctrinamque
1723 1986 1797 2012 illius

1006 2031 1084 2051 suam
1111 2025 1250 2060 praecipue
1280 2026 1436 2055 doctrinam
1452 2035 1525 2056 esse.
1542 2028 1570 2056 Si
1595 2029 1680 2065 igitur
1698 2039 1795 2060 eorum

1006 2077 1067 2105 qua:
1087 2074 1185 2106 aperte
1202 2072 1312 2107 negavit
1328 2072 1467 2106 Christus,
1484 2082 1535 2102 nos
1552 2075 1664 2110 quidem
1687 2081 1762 2106 recte
1781 2086 1797 2106 e

1006 2116 1117 2144 diverso
1142 2117 1292 2150 credimus,
1309 2126 1361 2146 cur
1384 2127 1438 2146 non
1457 2121 1541 2147 etiam
1558 2121 1623 2153 hoc,
1640 2123 1714 2158 quod
1741 2132 1795 2152 non

1008 2163 1127 2198 negavit,
1144 2164 1188 2199 pie
1204 2165 1361 2193 credimus?
1378 2166 1528 2194 Enimvero
1544 2168 1614 2196 illud
1643 2169 1670 2196 in
1697 2171 1796 2205 primis

165 2204 226 2229 tela:
242 2207 317 2233 sunt,
343 2210 425 2237 quam
452 2203 580 2235 rationes,
606 2208 636 2230 ut
655 2211 726 2238 stupe
754 2204 953 2232 demonstravi-

1007 2212 1193 2239 attentissime
1214 2213 1448 2241 considerandum
1476 2219 1527 2248 est,
1543 2215 1644 2244 fratres
1657 2222 1685 2244 et
1703 2218 1753 2245 ﬁlii
1769 2219 1796 2246 in

165 2258 236 2276 mus.
254 2249 280 2276 Si
295 2249 369 2275 enim
387 2254 500 2284 propter
513 2250 829 2283 consubstantialitatem
844 2251 954 2279 dicatur

165 2295 294 2329 Spiritus,
315 2294 375 2322 Filii
402 2294 534 2330 Spiritus,
557 2301 672 2331 propter
693 2297 818 2324 eamdem
842 2305 953 2325 causam

163 2347 190 2368 et
204 2341 291 2367 Filius
305 2341 413 2368 dicetur
427 2341 550 2376 Spiritus
574 2343 661 2369 sancti
679 2342 776 2376 Filius,
790 2345 863 2378 quod
882 2353 954 2372 nun-

164 2395 245 2421 quam
262 2388 288 2413 in
305 2387 391 2414 sacris
407 2387 510 2415 litteris
532 2388 656 2415 auditum
672 2393 726 2415 est.
744 2389 772 2417 Si
798 2399 866 2418 vero
888 2393 951 2426 quia

163 2443 195 2460 ex
211 2434 280 2461 Filio
298 2434 428 2466 mittitur,
444 2434 481 2461 ita
500 2434 613 2467 dicitur,
629 2442 661 2462 ea
681 2440 757 2464 certe
776 2437 846 2464 ratio
865 2439 951 2474 magis

130 2504 134 2507 .
162 2480 274 2508 roborat
295 2481 462 2508 sententiam
489 2485 623 2508 nostram.
645 2480 724 2514 Quod
742 2483 815 2509 cnim
843 2484 952 2511 mittere

163 2527 247 2557 istud,
261 2530 288 2553 et
302 2526 450 2558 scaturlre,
471 2531 501 2553 et
520 2527 669 2561 profluere,
685 2532 839 2563 cretei-aque
852 2530 951 2558 similia

162 2571 354 2606 spirationem,
368 2579 399 2599 ac
415 2567 624 2599 substantiaiem
637 2573 784 2608 quamdam
800 2576 952 2609 processio-

161 2625 224 2644 nem
240 2622 470 2653 praesupponant;
482 2612 610 2653 quodque
622 2619 792 2654 impossibile
803 2621 840 2647 sit
852 2614 951 2649 Filium

162 2664 272 2691 mittere
288 2663 422 2699 Spiritum
439 2669 576 2698 sanctum,
591 2665 645 2694 nisi
661 2666 744 2694 etiam
761 2666 837 2694 illum
853 2668 949 2703 spiret.

160 2709 299 2744 plerisque
325 2711 353 2736 in
378 2710 447 2738 locis
468 2711 641 2740 ostendimus
667 2713 760 2740 mttltis
787 2713 949 2750 idoneisque

162 2754 328 2782 rationibus.
347 2755 407 2783 Alia
420 2764 531 2792 quoque
548 2758 634 2786 multa
653 2766 667 2787 e
686 2760 789 2787 nostris
802 2759 835 2787 ad
854 2761 948 2788 velan-

199 2846 207 2862 ¹
224 2846 309 2876 Caiat.
327 2857 362 2883 tv,
378 2849 403 2877 6.
420 2851 429 2866 ²
447 2851 524 2878 Rom.
541 2851 567 2886 8,
586 2851 612 2879 9.

1005 2255 1116 2284 Christo
1140 2257 1382 2286 desideratissimi.
1415 2259 1546 2287 Promisit
1575 2261 1642 2288 olim
1667 2262 1796 2292 Christus

1005 2310 1088 2338 super
1104 2304 1278 2332 confessione
1297 2305 1372 2333 Petri
1386 2305 1523 2333 aediﬁcare
1535 2307 1686 2337 Ecclesiam
1704 2317 1794 2344 suam,

1005 2353 1033 2376 et
1052 2350 1125 2384 quod
1152 2355 1239 2385 porta:
1258 2350 1350 2383 inferi,
1369 2352 1422 2379 hoc
1445 2357 1498 2384 cst,
1516 2352 1712 2382 hazreticorum
1738 2357 1796 2383 bla-

1004 2395 1136 2429 sphemire
1165 2404 1307 2432 nunquam
1340 2398 1522 2432 praevalerent
1558 2398 1692 2427 adversus
1722 2409 1794 2430 eam.

1004 2439 1188 2473 Quaerendum
1204 2446 1259 2476 est,
1275 2442 1385 2477 fratres,
1400 2440 1527 2479 quaenam
1540 2446 1593 2473 ista
1609 2447 1645 2475 sit
1659 2448 1794 2476 Ecclesia.

1005 2486 1181 2517 Nam.veram
1205 2495 1366 2525 certamque
1383 2491 1471 2520 fuisse
1495 2494 1708 2528 promissionem
1733 2495 1795 2522 nul—

1004 2531 1047 2560 ius
1065 2535 1138 2561 ausit
1159 2542 1260 2569 negare
1284 2536 1471 2566 Christianus.
1499 2539 1554 2567 Aut
1576 2540 1661 2575 igitur
1685 2539 1794 2574 Latina,

1006 2584 1053 2605 aut
1066 2578 1161 2607 Graeca
1177 2580 1299 2609 Ecclesia
1322 2588 1375 2610 est.
1392 2584 1486 2612 Tertia
1510 2585 1583 2612 enim
1600 2585 1659 2613 dari
1673 2594 1729 2614 non
1746 2595 1794 2622 po-

1007 2628 1070 2652 test.
1089 2625 1232 2658 Siquidem
1246 2628 1306 2655 alim
1322 2636 1419 2657 omnes
1434 2629 1590 2658 bmresibus
1603 2636 1666 2659 sunt
1685 2633 1793 2667 plenae;

1005 2678 1074 2706 quas
1091 2672 1177 2699 sancti
1193 2672 1299 2706 Patres,
1313 2679 1340 2701 ct
1352 2676 1496 2710 generales
1512 2677 1608 2711 synodi
1624 2678 1792 2707 condemna-

1004 2722 1080 2744 runt.
1097 2717 1124 2744 Si
1136 2726 1201 2754 crgo
1215 2719 1285 2748 hanc
1297 2720 1448 2749 Ecelesiam
1463 2722 1622 2751 Graecorum
1641 2724 1792 2753 Ecclesiam

1004 2763 1084 2798 dicis,
1102 2764 1128 2792 in
1152 2770 1297 2801 angustum
1321 2768 1405 2796 nimis
1423 2774 1527 2796 arctam
1555 2770 1718 2804 Ecclesiam,
1736 2772 1793 2800 into
