1920 3063
134 145 189 179 485

715 143 924 173 ENCYCHCA
950 145 968 172 Λ
975 144 997 173 D
1018 143 1041 172 (Ἰ
1048 144 1071 173 R
1078 144 1188 174 .ECOS.

1713 145 1765 177 486

134 203 208 231 illam
223 201 255 228 ad
276 201 390 229 nihilum
409 201 519 235 redigis.
535 200 630 233 Qualis
647 199 732 233 enim,
747 200 840 226 miseri
860 207 921 231 nos,
939 205 958 231 Α
976 204 1115 234 pastorum
1133 208 1186 226 non
1207 200 1334 232 audiunt,
1347 200 1419 235 quod
1437 208 1469 227 ne
1485 201 1528 227 cui
1542 201 1764 229 Christianorum

135 253 182 275 aut
199 252 300 282 quanta
319 253 360 274 est
379 246 499 273 Ecclesia
519 245 633 273 nostra?
650 245 776 277 Labitur,
799 246 864 277 heu,
883 246 921 272 la-

136 295 221 325 bitur,
245 294 371 328 peritque
396 293 530 328 quotidie,
550 300 584 319 ne
612 292 703 319 dicam
727 300 788 319 eam
815 292 924 326 penitus

132 341 188 375 jam
204 340 354 367 interiisse.
375 339 485 366 Subditi
502 344 567 366 sunt
583 338 741 366 inﬁdelibus
761 337 846 366 Graeci
867 346 925 363 mn-

138 394 188 413 nes
205 394 211 417 ;
230 386 266 413 ita
293 386 385 413 omnia
401 384 615 420 pessumdcderc
630 384 750 412 barbarae
767 389 872 419 gentes,
896 388 926 411 ut

136 440 192 458 non
208 437 269 466 post
286 431 401 459 multum
417 431 592 465 interiectum
609 435 718 465 tempus
740 431 831 465 ipsum
855 437 925 464 quo-

137 486 191 511 que
203 478 302 512 lingua:
316 477 415 505 Graeca:
431 478 616 513 splendorem,
641 477 724 504 libros
739 483 846 507 omnes,
862 475 926 502 uni-

138 531 218 551 versa
241 532 326 559 opera
341 529 499 551 sanctorum
518 524 674 555 doctorum,
691 530 831 550 sacrarum
842 522 925 549 etiam

139 569 295 597 litterarum
310 569 432 601 codices,
454 575 482 596 ct
498 569 678 605 Evangelium
695 570 784 603 ipsum
803 573 925 595 nostrain

139 616 276 643 infelicem
292 616 407 651 patriam
422 617 567 643 desertura
586 623 640 642 non
656 615 791 648 dubitem,
803 614 853 641 nisi
869 614 927 649 pie-

139 668 180 689 tas
195 667 223 689 et
240 662 431 690 misericordia
448 661 600 689 Salv-aleris
613 661 700 688 nostri
716 664 820 688 tantam
835 667 850 686 a
863 667 928 686 ver-

138 709 194 736 tice
215 714 310 735 nostro
339 708 526 735 calamitatem
551 708 703 742 propulset.
720 706 761 733 An
785 705 927 741 ignoratis,

138 754 248 785 fratres.
275 758 305 782 ut
327 753 483 781 Orientales
500 761 610 785 omnes,
627 753 649 780 si
671 753 718 788 qui
740 753 813 780 inter
833 752 928 779 ﬁdeles

140 800 347 835 superfuerant,
365 800 410 835 qui
428 801 454 826 in
473 799 587 827 Oriente
604 799 754 826 Ecelesiam
774 806 928 833 sequeren-

142 852 186 874 tur
201 847 369 880 Grmcorum,
395 846 718 880 Constantinopolilanis,
736 850 763 873 et
784 845 929 880 circumia-

141 894 262 921 centium
291 893 442 920 insularum
461 892 617 920 cultoribus
637 892 770 919 duntaxat
793 891 927 926 exr-eptis.
947 880 966 908 Β

142 940 211 966 alios
226 943 290 966 ante
305 944 428 971 centum.
445 939 514 966 alios
525 938 598 966 enim
613 931 856 974 quinquagintalet
874 946 931 965 am-

143 986 214 1020 plius
232 993 329 1017 annos,
347 994 381 1013 ne
399 986 542 1013 nominare
559 985 670 1020 quidem
700 989 834 1012 noverant
861 985 932 1012 Scri-

144 1036 252 1066 pturam
269 1039 385 1063 sacram,
401 1039 452 1058 nec
472 1031 532 1066 ejus
547 1031 684 1058 volumina
699 1025 854 1058 numerare.
867 1030 932 1057 Nul-

143 1077 199 1104 lum
225 1077 303 1104 ﬁdele
327 1077 423 1112 dogma
448 1077 582 1109 sciebant,
606 1076 708 1103 nullam
735 1077 929 1111 quaestionem,

144 1123 245 1150 nullam
272 1123 305 1150 de
327 1131 375 1158 spe
401 1122 499 1150 futura:
515 1124 577 1150 vitae
594 1123 750 1155 rationem;
774 1123 800 1149 in
823 1130 931 1150 summa

145 1169 212 1195 nihil
230 1176 325 1195 eorum
341 1177 402 1203 qua:
414 1169 440 1196 in
459 1168 606 1204 Evangelio
629 1169 769 1203 leguntur,
795 1169 931 1203 intellige-

145 1215 220 1241 bant.
240 1215 409 1250 Presbyteri,
435 1223 593 1250 quanquam
616 1215 683 1242 illud
707 1215 817 1242 assidue
842 1215 932 1250 legen-

144 1265 194 1290 tes.
212 1269 266 1288 non
284 1263 376 1288 minus
391 1269 473 1296 quam
493 1262 583 1289 caeteri
599 1261 682 1288 rudes
697 1266 796 1294 erant;
817 1269 869 1289 nec
890 1261 931 1288 in-

144 1311 248 1342 tegrum
265 1308 375 1342 quidem
389 1307 524 1335 habebant
539 1308 729 1342 Evangelium,
742 1308 789 1335 sed
805 1308 930 1343 qitzedam

143 1353 202 1386 ejus
224 1352 383 1385 fragmenta,
405 1361 465 1388 quae
488 1353 540 1387 legi
568 1353 594 1379 in
618 1353 741 1381 ecclesiis
765 1354 854 1381 solent
889 1361 933 1380 sc-

145 1399 228 1425 miesa
248 1399 493 1427 circumferebant.
508 1400 539 1427 Et
553 1400 786 1434 quemadmodum
807 1401 930 1436 psittaei,

143 1445 252 1479 aliaque
269 1446 404 1480 ejusmodi
419 1447 548 1473 animalia
564 1447 659 1473 conari
677 1447 838 1482 aliquando,
850 1452 932 1483 atque

144 1492 274 1526 effingere
297 1493 358 1519 sine
383 1493 524 1520 intellectu
549 1499 641 1521 nostra
671 1495 755 1521 verba
777 1502 932 1522 consuete-

144 1546 217 1572 runt,
245 1540 280 1568 ita
307 1540 334 1567 1ιί
361 1547 454 1567 vocem
471 1541 581 1575 quidem
605 1541 768 1569 emittebant
796 1542 929 1574 Graecam,
947 1551 968 1579 ο

144 1585 358 1620 loctitahantque
382 1593 412 1612 ea
433 1586 534 1617 solum,
556 1594 616 1621 qna:
645 1587 747 1622 scripta
771 1593 863 1619 erant,
882 1596 932 1616 nec

144 1632 203 1658 sine
228 1631 371 1665 barbarie;
392 1639 487 1658 eorum
513 1639 578 1659 vero
607 1640 668 1667 qua:
692 1633 821 1668 legebant
861 1635 932 1662 nihil

145 1685 257 1712 prorsus
279 1679 466 1713 percipiebant
496 1678 599 1715 [deest].
626 1679 837 1716 Recognoscite,
856 1689 932 1709 recn-

145 1724 267 1755 gnoscite
283 1723 443 1758 aliquando,
456 1724 567 1755 fratres.
579 1730 662 1761 caput
676 1725 873 1759 Ecelesiarum,
887 1735 932 1754 ca-

146 1767 270 1794 thedram
286 1768 367 1795 Petri.
388 1769 587 1802 Recognoscite
604 1774 720 1796 matrem
738 1775 871 1803 vestram,
890 1777 931 1798 at-

145 1821 198 1847 que
212 1814 379 1847 magistram.
397 1814 594 1848 amplectimini
612 1815 692 1841 ﬁdem
714 1817 868 1850 apostolico
882 1824 931 1845 ore

146 1859 302 1892 laudatam;
326 1859 390 1886 inde
413 1860 510 1886 anima:
536 1866 634 1887 vestra:
662 1862 798 1896 postulate
825 1863 929 1895 cibum,

147 1905 209 1931 inde
227 1905 341 1939 qna‘rite
367 1906 526 1932 consilium.
546 1906 574 1932 Si
601 1906 744 1934 doctorum
771 1913 929 1936 nostrorum

146 1951 230 1977 libros
243 1951 413 1983 evolvcritie,
431 1952 453 1977 si
471 1952 574 1985 scripta
594 1959 690 1978 eorum
708 1953 854 1987 diligenter
866 1961 932 1981 con-

145 1996 344 2028 sideraveritis,
354 1997 502 2023 invenietis
519 1997 669 2024 Romanam
684 1996 833 2025 Ecclesiain
847 2006 930 2034 supra

146 2048 258 2069 caeteras
278 2051 387 2069 omnem
406 2048 570 2077 potestatem
587 2044 701 2075 habere,
717 2050 743 2071 cl
764 2045 801 2072 ita
819 2045 931 2073 univer-

147 2096 181 2114 sae
200 2095 318 2122 praeesse
344 2088 482 2119 I-Zeelesize,
500 2093 529 2114 ut
553 2089 656 2123 absque
683 2090 742 2124 ejus
765 2091 931 2119 auctoritate

148 2135 220 2161 nulla
248 2142 361 2169 prorsus
383 2135 570 2162 ecclesiastica
588 2136 705 2169 quaestio
722 2137 805 2169 solvi,
823 2138 930 2165 nullum

147 2180 244 2215 dogma
269 2179 408 2212 concludi,
426 2184 473 2207 aut
487 2180 583 2215 possit,
602 2185 651 2207 aut
669 2181 780 2209 debeat.
804 2182 868 2210 Πινο
890 2189 932 2211 est

148 2225 193 2253 illa
209 2231 296 2260 petra,
316 2233 399 2260 supra
424 2234 505 2260 qnam
529 2226 657 2254 Christus
681 2235 757 2254 suam
783 2229 931 2257 aediﬁcavit

147 2271 296 2298 Ecclesiam
312 2281 318 2298 :
337 2271 393 2298 lucc
418 2276 470 2303 est,
495 2279 556 2306 ane
584 2272 664 2299 ﬁdem
693 2273 766 2300 Petri
789 2279 875 2307 tenet,
903 2281 932 2302 et

149 2317 287 2351 pra-dicat.
309 2317 371 2344 llaec
389 2317 445 2344 sola
462 2322 516 2349 est,
533 2321 668 2346 adversus
686 2327 768 2354 qnam
784 2327 871 2355 portze
889 2321 932 2348 in-

148 2363 198 2390 feri
217 2371 270 2390 non
287 2363 501 2398 praavaluernnt.
519 2364 567 2391 llic
580 2371 690 2399 semper
711 2372 819 2393 servata
833 2371 874 2393 est
891 2368 931 2394 in-

149 2413 276 2442 corrupta
295 2409 403 2435 Patrum
423 2410 591 2441 auctoritas;
618 2411 661 2437 hic
677 2410 722 2438 Sol
741 2412 856 2446 iustitia:
878 2413 933 2439 ori-

149 2459 210 2487 tur;
227 2455 271 2482 hic
286 2455 342 2482 Lux
359 2455 473 2488 mundi;
494 2455 538 2483 hic
555 2456 593 2482 sal
612 2461 712 2489 terra;
732 2457 776 2484 hic
788 2462 852 2485 sunt
870 2467 933 2486 vasa

150 2509 232 2528 aurea
259 2507 286 2528 et
311 2507 450 2536 argentea.
469 2502 632 2537 Quicunque
654 2503 719 2530 huic
737 2510 838 2531 sanctae
856 2513 934 2531 com-

150 2546 272 2572 munioni
298 2546 505 2578 consociantur.
535 2555 615 2574 unam
641 2556 703 2574 cum
727 2556 759 2576 ea
782 2549 932 2577 Eeclesiam

150 2592 332 2626 faciunt;qui
357 2592 390 2618 ab
403 2600 435 2619 ea
458 2597 522 2620 sunt
537 2594 666 2628 separati,
690 2595 807 2622 salutem
831 2596 933 2624 habere

153 2646 207 2664 non
230 2643 357 2671 possunt;
381 2640 426 2673 qui
457 2639 502 2666 hic
530 2647 584 2666 non
615 2641 761 2677 colligunt,
786 2649 930 2677 spargunt.

151 2683 311 2718 Quicunque
333 2688 407 2710 extra
428 2685 498 2712 hanc
525 2693 625 2720 agnum
643 2688 804 2720 comedunt,
824 2688 932 2723 profani

116 2723 121 2727 ’
149 2732 224 2754 sunt.
242 2726 269 2753 Si
283 2727 328 2761 qui
346 2727 371 2754 in
389 2727 446 2754 Noe
461 2737 523 2756 arca
543 2738 596 2756 ιιυιι
615 2731 727 2764 fuerint,
745 2734 874 2767 peribunt
886 2741 933 2763 re-

150 2779 250 2807 gnante
267 2773 380 2801 diluvio.
399 2773 481 2801 Extra
501 2775 571 2803 ovile
587 2777 688 2806 Christi
711 2779 776 2806 salvi
794 2787 855 2807 esse
874 2788 929 2808 non

151 2823 284 2852 possunt;
303 2819 330 2845 in
355 2819 433 2853 lupos
463 2828 583 2854 rapaces,
607 2823 633 2849 in
657 2823 733 2851 fures
757 2826 932 2861 latronesque

151 2865 283 2892 incident.
309 2865 534 2901 Quandoquidem
562 2876 673 2897 necesse
691 2876 744 2900 est.
772 2873 819 2906 qui
849 2880 930 2900 voces

975 245 1094 276 accidat,
1123 245 1166 271 illa
1187 245 1372 279 pranliranda.
1400 246 1445 272 illa
1472 246 1591 273 tenenda
1617 252 1658 273 est
1685 246 1764 277 ﬁdes.

975 298 1057 325 quam
1082 291 1155 318 l’ctri
1172 291 1302 318 cathedra
1324 292 1482 327 proﬁtetur.
1501 292 1575 320 lianc
1591 301 1639 320 vos
1661 301 1765 327 quaeso,

976 336 1085 369 fratres,
1109 344 1170 363 cum
1206 337 1360 364 reverentia
1389 343 1418 365 et
1445 338 1598 365 humilitate
1624 338 1766 373 suscipite.

978 384 1043 411 huic
1058 383 1202 417 inhmrete,
1219 383 1285 411 huic
1300 384 1429 411 insistite.
1448 384 1506 411 Non
1529 392 1607 412 cesso
1623 392 1672 419 pro
1688 384 1767 411 vobis

978 438 1059 458 Orare
1089 430 1247 463 Dominum,
1277 435 1308 458 ut
1334 431 1499 466 sapientiam
1528 432 1694 463 induentes,
1718 431 1767 461 id.

978 476 1050 511 quod
1068 484 1117 504 vos
1134 477 1244 508 hortor,
1259 477 1357 512 agatis.
1378 477 1480 505 Vellem
1497 477 1570 504 enim
1594 478 1631 504 ita
1646 486 1694 504 vos
1708 486 1768 504 om~

979 532 1028 551 nes
1045 531 1116 553 esse.
1144 528 1174 550 ut
1195 531 1258 559 ego,
1275 532 1324 551 nec
1341 532 1455 559 parvum
1471 524 1560 554 vobis.
1579 529 1627 551 aut
1644 529 1768 551 contem-

979 570 1099 597 nendum
1118 570 1214 597 videor
1228 576 1326 605 optare
1345 570 1459 602 bonmn,
1477 578 1493 597 ο
1516 570 1637 602 fratres;
1654 572 1676 598 si
1693 570 1767 605 quod

980 616 1046 643 mihi
1063 616 1128 651 ipsi.
1145 617 1198 644 hoc
1218 617 1300 644 etiam
1318 617 1393 644 vobis
1410 617 1512 644 bonum
1527 618 1667 646 desidero.
1686 617 1768 653 Majo-

981 669 1040 689 rem
1056 663 1129 689 enim
1154 662 1317 690 charitatem
1335 671 1416 690 netno
1433 663 1566 690 exhibere
1581 668 1690 690 tenetur
1703 672 1768 698 pro-

981 708 1055 734 ximo
1078 714 1139 738 suo.
1163 715 1245 742 quam
1263 708 1358 735 eadem
1385 708 1424 735 illi
1445 716 1506 743 quae
1523 708 1574 735 sibi
1598 710 1668 736 bona
1686 709 1768 736 velle.

981 750 1080 787 Diliges
1104 752 1189 785 enim,
1209 753 1258 785 ait,
1278 754 1429 788 proximum
1446 759 1520 781 tuum
1536 755 1615 781 sicut~
1628 759 1651 781 lc
1671 755 1769 789 ipsum.

981 797 1043 832 plus
1068 797 1119 826 hoc
1148 806 1203 826 non
1221 800 1337 834 requirit
1361 809 1374 826 a
1396 801 1474 828 nobis
1502 801 1584 832 Deus,
1614 801 1693 837 quasi
1718 801 1769 828 hoc

981 851 1119 872 smnmum
1135 844 1171 872 sit
1185 845 1292 880 signum
1312 846 1465 874 eharitatis.
1487 845 1581 880 Neque
1594 854 1637 873 me
1648 853 1680 873 ex
1695 847 1771 881 igno-

984 889 1083 921 rantia,
1099 889 1142 916 vel
1159 889 1296 925 imperitia
1317 898 1331 916 a
1356 890 1484 922 veritate,
1503 896 1532 917 nt
1546 891 1678 925 arbitror,
1696 892 1770 920 dire-

985 934 1018 962 tis
1036 935 1192 968 aberrasse,
1210 943 1272 963 cum
1287 944 1328 962 me
1344 937 1438 964 sciatis
1452 945 1465 963 a
1479 937 1581 965 teneris
1595 939 1674 966 annis
1689 947 1770 966 «mine

986 981 1045 1006 vitae
1066 987 1134 1007 mete
1161 984 1269 1016 tempus
1288 981 1314 1008 in
1339 981 1494 1008 litterarum
1521 982 1618 1008 studiis
1644 990 1772 1009 consum-

983 1026 1082 1060 psisse,
1111 1034 1275 1062 summaque
1303 1034 1386 1062 opera
1419 1034 1451 1054 ac
1469 1027 1610 1062 diligentia
1634 1028 1708 1061 huic,
1737 1028 1771 1056 de

983 1079 1037 1106 quo
1063 1072 1213 1106 loquimur,
1239 1073 1359 1108 dogmati
1389 1073 1560 1108 incubuisse,
1582 1080 1610 1102 et
1635 1080 1768 1110 quantum

984 1117 1040 1144 ﬁeri
1055 1119 1144 1152 potuit
1157 1119 1338 1154 investigasse
1355 1121 1512 1147 veritatem.
1528 1121 1598 1154 Quid
1613 1122 1686 1149 cnim
1698 1122 1770 1149 aliud

983 1165 1084 1199 eligere
1112 1166 1162 1192 sibi
1189 1166 1280 1200 potuit
1300 1167 1392 1199 homo,
1419 1168 1464 1200 qui
1492 1168 1526 1194 ah
1553 1168 1665 1195 ineunte
1692 1174 1772 1196 aetate

985 1211 1096 1246 propria
1115 1212 1258 1240 abdicatus
1291 1214 1431 1240 voluntate
1459 1214 1484 1240 in
1512 1214 1665 1241 humilitate
1691 1220 1772 1250 atque

983 1258 1140 1285 obedientia
1168 1260 1289 1291 vixi-rit,
1313 1265 1340 1286 ct
1363 1261 1408 1294 qui
1430 1261 1500 1295 (sine
1521 1261 1652 1296 jactatttia
1669 1263 1771 1290 dictum

983 1305 1029 1339 sit)
1048 1305 1133 1332 multa
1147 1304 1181 1332 de
1196 1306 1318 1333 vanitate
1334 1307 1441 1339 mundi,
1458 1307 1490 1334 de
1505 1308 1700 1336 emendatione
1715 1317 1772 1336 mo-

985 1357 1056 1380 rum,
1073 1350 1107 1376 de
1130 1351 1264 1384 praemiis,
1286 1351 1328 1378 vel
1351 1352 1440 1386 pinnis
1458 1354 1570 1380 ate-ruis
1589 1353 1697 1387 legerit,
1722 1363 1772 1381 au-

984 1394 1076 1426 dierit,
1095 1396 1252 1429 scripserit,
1271 1403 1352 1430 quam
1370 1398 1455 1424 rectis
1478 1399 1606 1433 verisque
1625 1401 1772 1428 sententiis

984 1439 1057 1466 alere
1079 1441 1220 1474 animum,
1245 1446 1273 1468 et
1299 1442 1438 1469 invenlatn
1457 1443 1519 1470 ﬁdei
1544 1445 1688 1472 veritatem
1715 1453 1771 1473 am-

984 1485 1085 1520 plecti?
1101 1485 1189 1520 Quam
1204 1493 1278 1515 certe
1301 1495 1334 1515 eo
1352 1489 1441 1523 pluris
1456 1497 1539 1524 quam
1556 1495 1634 1519 antea
1658 1491 1686 1518 in
1706 1495 1774 1527 prat-

986 1533 1074 1560 sentia
1089 1533 1216 1567 facimus,
1232 1542 1288 1569 quo
1301 1535 1388 1570 magis
1402 1536 1612 1570 ingravescente
1624 1538 1680 1573 jam
1692 1543 1772 1566 aetate

986 1577 1161 1612 multiplicati
1188 1580 1314 1614 corporis
1332 1581 1420 1607 tuorbi
1447 1587 1563 1609 mortem
1589 1583 1655 1613 mihi
1680 1586 1770 1620 quoti~

985 1623 1029 1650 die
1057 1624 1206 1656 minantur,
1235 1631 1263 1653 et
1287 1627 1369 1653 vitam
1392 1627 1473 1655 taedio
1496 1635 1557 1656 esse
1572 1629 1686 1658 faciunt.
1709 1631 1772 1659 Scio

984 1675 1058 1697 certe
1075 1670 1186 1704 fratres,
1202 1676 1229 1700 et
1243 1672 1337 1700 Patres
1349 1693 1355 1703 .
1372 1678 1399 1700 et
1414 1675 1472 1702 scio
1492 1675 1539 1702 lihi
1563 1676 1589 1702 in
1607 1676 1719 1705 Christo
1731 1678 1773 1704 di-

984 1717 1059 1750 lecti,
1078 1726 1132 1745 non
1151 1719 1268 1747 multum
1285 1727 1344 1748 esse
1365 1721 1438 1756 quod
1456 1722 1536 1750 nobis
1555 1728 1682 1756 superest
1698 1724 1771 1756 vitm,

983 1767 1012 1789 et
1028 1763 1084 1799 jam
1103 1767 1211 1799 tempus
1238 1770 1338 1793 nostrae
1368 1766 1548 1795 resolutionis
1575 1768 1676 1801 instat,
1705 1776 1771 1804 quo.

985 1813 1014 1834 ut
1031 1809 1170 1850 sapientes
1189 1811 1278 1844 aiunt,
1297 1811 1412 1839 advenit
1432 1812 1591 1840 hominibus
1617 1814 1701 1841 timor
1725 1822 1773 1841 ea-

984 1862 1044 1880 rmn
1065 1863 1168 1888 rerum,
1193 1865 1260 1891 quas
1287 1863 1367 1885 antea
1385 1858 1533 1886 formidare
1552 1867 1610 1891 non
1634 1860 1770 1888 soli-bant.

987 1899 1085 1928 Vident
1102 1902 1175 1928 enim
1192 1903 1416 1939 appropinquare
1431 1905 1503 1932 diem
1518 1925 1526 1937 ,
1542 1913 1598 1941 quo
1614 1907 1706 1934 omnis
1721 1915 1772 1934 an-

985 1950 1080 1974 teactae
1104 1948 1164 1976 riu:
1187 1949 1327 1977 reddenda
1342 1950 1378 1978 sit
1402 1951 1483 1979 ratio.
1510 1951 1551 1981 Me
1576 1953 1687 1988 quidem
1717 1962 1773 1989 quo

984 1994 1070 2028 magis
1090 1994 1177 2021 vicina
1195 2000 1237 2022 est
1257 2004 1341 2029 mors,
1357 2004 1389 2023 eo
1411 1998 1498 2033 magis
1523 2000 1683 2026 consolatur
1699 2000 1771 2028 inte-

983 2041 1069 2075 gritas
1087 2040 1162 2068 ﬁdei.
1182 2041 1268 2077 Spero
1294 2043 1368 2070 enim
1393 2044 1429 2074 id.
1448 2044 1518 2078 quod
1538 2053 1570 2072 ex
1586 2047 1719 2080 operibus
1737 2049 1770 2075 ad

983 2086 1100 2113 salutent
1131 2087 1231 2114 anima:
1256 2095 1324 2117 mea
1352 2089 1459 2121 deerit,
1478 2090 1540 2118 ﬁdei
1559 2093 1673 2120 veritate
1691 2101 1772 2128 posse

984 2131 1119 2166 suppleri.
1142 2133 1183 2160 0b
1211 2133 1281 2161 hanc
1311 2142 1422 2162 causam
1441 2137 1562 2171 spretis.
1589 2144 1617 2166 et
1646 2145 1771 2167 contem-

985 2178 1039 2213 ptis
1066 2179 1234 2213 lmnoribus,
1264 2181 1286 2208 si
1312 2189 1382 2216 quos
1406 2183 1477 2217 apud
1496 2192 1544 2212 vos
1571 2185 1654 2213 habni
1677 2187 1771 2221 (habiti

948 2222 967 2248 D
984 2230 1076 2251 autem
1091 2233 1141 2253 nec
1157 2234 1274 2261 parvos,
1302 2235 1353 2256 nec
1372 2232 1484 2263 paucos)
1512 2235 1586 2258 totus
1610 2233 1681 2260 hanc
1708 2233 1770 2261 ﬁdei

984 2270 1128 2297 veritatem
1148 2279 1207 2299 sum
1221 2277 1344 2301 secutus.
1362 2274 1498 2309 Equidem
1520 2276 1583 2303 dico
1607 2278 1770 2311 scientibus.

984 2315 1062 2343 etiis
1079 2316 1124 2351 qui
1147 2325 1161 2344 a
1181 2318 1333 2346 scientibus
1357 2321 1516 2355 audierunt,
1542 2323 1722 2360 audientque,
1747 2328 1771 2353 si

984 2362 1078 2390 Volent
1093 2363 1119 2389 in
1135 2370 1273 2399 posterum
1293 2375 1300 2392 :
1317 2366 1563 2397 Adolescentulum
1587 2379 1642 2404 me,
1669 2377 1696 2399 et
1713 2374 1771 2407 pri-

987 2415 1029 2434 ma
1046 2409 1136 2436 adhuc
1152 2410 1282 2445 lanugine
1305 2417 1460 2444 carentem,
1477 2414 1590 2448 plurimi
1614 2416 1770 2448 faciebatis.

984 2453 1067 2480 etiam
1085 2455 1131 2488 qui
1156 2463 1299 2488 nunquam
1323 2465 1366 2484 me
1384 2458 1504 2490 vidistis.
1518 2465 1613 2488 notum
1635 2468 1695 2490 erat
1721 2473 1771 2490 nu-
1808 2467 1811 2483 τ

986 2507 1048 2526 men
1064 2508 1154 2527 meum
1170 2502 1300 2530 omnibus
1323 2503 1444 2532 Grzecam
1474 2506 1692 2542 intelligentibus
1718 2510 1772 2536 liu-

984 2553 1074 2580 guam,
1093 2548 1214 2575 nondum
1235 2555 1354 2583 quatuor
1367 2555 1395 2578 et
1419 2552 1514 2586 viginti
1541 2561 1629 2582 annos
1654 2561 1735 2584 natus
1755 2565 1771 2583 a

985 2592 1157 2628 principibus
1174 2595 1294 2622 nationis
1310 2602 1422 2630 nostrze,
1447 2606 1462 2625 a
1487 2599 1565 2627 vobis
1578 2601 1719 2633 omnibus,
1736 2594 1772 2630 ab

986 2639 1049 2672 ipsis
1066 2639 1185 2675 denique
1210 2641 1436 2676 imperatoribus.
1453 2649 1480 2670 et
1498 2645 1613 2677 honore,
1637 2654 1665 2675 et
1682 2648 1772 2684 digni.

985 2689 1039 2712 tate
1059 2693 1143 2720 supra
1165 2693 1273 2714 aetatem
1299 2689 1460 2716 extollebar.
1478 2690 1678 2726 Prwponebant
1695 2696 1771 2723 enim

983 2739 1037 2761 me,
1053 2739 1106 2758 non
1122 2733 1204 2759 modo
1219 2734 1371 2767 mqualibus
1394 2737 1472 2769 meis,
1500 2739 1547 2765 sed
1572 2740 1653 2767 etiam
1677 2743 1770 2770 senio-

981 2778 1071 2808 ribus,
1088 2782 1115 2805 et
1135 2779 1312 2813 auctOritate,
1337 2783 1481 2817 gratiaque
1510 2786 1690 2821 pollentibus,
1715 2798 1770 2817 non

983 2833 1042 2852 mea
1060 2826 1171 2859 virtute,
1187 2827 1234 2853 sed
1252 2835 1301 2855 sua
1316 2827 1452 2858 bonitate.
1470 2831 1602 2864 Quamvis
1617 2835 1690 2862 enim
1710 2844 1770 2864 ιιιιι⁴

983 2882 1034 2908 gna
1051 2874 1103 2902 hoc
1120 2879 1244 2910 tempore
1260 2876 1287 2903 in
1299 2876 1402 2905 Christi
1417 2879 1539 2908 Ecclesia
1552 2882 1686 2918 dignitate
1702 2893 1768 2918 pra:-
