1920 3063
183 187 234 218 437

658 182 913 214 BESSARIONIS
931 182 961 212 S.
984 181 1019 211 Β.
1042 180 1077 211 Ε.
1099 179 1332 210 CARDlNALlS

1759 178 1812 211 488

182 244 310 278 ftdgeant,
333 249 501 277 magnosque
528 246 556 270 et
573 241 655 276 longe
678 248 760 277 supra
780 240 878 268 merita
910 246 968 266 mea
984 236 1085 273 Aelim
1102 236 1136 265 de
1150 236 1201 265 hac
1215 244 1244 264 re
1259 236 1413 264 oralionem
1432 235 1581 267 edidimus,
1593 236 1812 266 manifestissime

182 290 298 323 adeptus
315 288 366 317 sim
392 289 522 320 honores,
547 292 638 316 tamen
667 287 726 316 haec
753 287 844 316 omnia
871 292 966 322 postea

181 341 247 364 sunt
260 340 365 368 secuta,
390 338 418 361 et
433 339 461 362 ul
486 333 557 362 Deus
572 334 696 362 omnium
726 342 818 362 rerum
841 333 969 361 conscius

181 379 285 415 optime
301 379 388 411 novit,
408 386 498 413 neque
512 383 669 414 exspectata
691 386 706 406 a
724 386 779 410 me,
802 386 893 414 neque
906 386 970 414 spe-

183 429 252 451 rata.
271 424 309 450 At
324 423 397 452 enim
413 423 528 451 fortasse
546 423 600 450 dici
625 431 680 450 non
694 423 835 450 immerito
860 430 969 459 possem

184 470 287 505 majora
305 469 352 497 illa
369 477 430 504 quze
452 469 525 504 apud
547 477 597 497 vos
621 462 716 497 habui.
740 469 968 504 Quandoquidem

183 516 241 544 illic
256 515 335 544 facile
360 516 431 543 inter
454 516 558 551 primos
581 515 794 548 adnumerabar,
822 516 868 543 hic
891 523 968 549 vero,

184 570 246 589 cum
263 562 341 589 multl
355 562 421 593 sint,
450 562 506 589 imo
526 569 595 597 pene
614 561 840 594 innumerabiles,
856 561 903 597 qui
927 569 971 589 me

183 608 330 643 sapientia,
358 607 485 635 doctrina
500 628 507 640 ,
527 608 691 642 exterisque
715 607 865 636 virtutibus
894 612 971 636 antc‘

184 654 297 686 cellunt,
312 654 355 681 vix
374 654 446 681 inter
468 659 623 689 postremos
638 653 739 691 habeol
751 654 854 682 locum.
869 654 970 682 Notum

182 709 225 730 est
241 707 332 730 autem
349 702 415 729 illud
432 701 548 729 Boxnani
566 702 697 736 principis
716 702 830 733 dictum,
848 703 894 737 qui
909 709 970 728 cum

183 753 257 776 esset
272 747 613 776 honorisstudiosissimus
627 748 706 775 malle
722 756 751 776 se
764 748 872 775 dicebat
884 747 912 775 in
923 755 973 783 op-

183 795 256 830 pido,
274 795 400 830 quamvis
416 794 514 821 humili
549 799 630 829 atque
651 794 770 822 obscuro
786 795 904 830 primum
922 795 971 822 Ita-

185 841 368 874 bcre'locum,
385 848 465 876 quam
484 840 511 867 in
538 841 752 875 gloriosissima,
774 845 855 875 atque
880 841 971 868 excel-

183 887 336 914 lentissima
353 887 422 914 urbe
439 886 525 914 Roma
538 886 691 914 secundum
705 894 777 914 esse.
795 887 883 914 llabet
897 887 970 914 enim

1020 283 1077 311 illic
1104 282 1246 311 veritatem
1264 283 1420 316 invenietis,
1450 286 1478 310 ct
1506 282 1558 310 nisi
1577 282 1708 317 fallimur,
1740 284 1813 312 idem

1021 329 1166 358 nobiscum
1182 329 1350 357 fatebimini.
1365 329 1455 359 Nolite
1477 329 1597 356 aemulari
1626 330 1815 358 contentiosos

1021 376 1159 409 homines,
1173 383 1262 411 neque
1288 375 1388 403 imitari
1410 375 1470 402 illos
1497 375 1622 410 quicum
1651 375 1731 403 aliter
1757 384 1812 403 non

1021 422 1139 458 possint,
1167 422 1263 450 saltem
1288 421 1438 457 pugnando
1456 422 1611 454 veritatem,
1625 422 1740 457 gloriam
1766 430 1815 450 cu-

1022 468 1116 504 cupari
1126 472 1272 496 conantur.
1284 467 1446 495 Humilitale
1459 475 1508 495 vos
1520 467 1586 499 Deo,
1596 473 1624 495 et
1638 472 1678 495 tot
1691 469 1814 503 talesque

1022 516 1096 543 viros
1111 504 1258 549 ‘singulari
1275 514 1406 549 praeditos
1430 513 1589 546 devotione,
1607 521 1638 541 ac
1663 514 1812 549 sapientia.

1023 561 1151 589 Romanae
1166 561 1293 589 Ecclesiae
1318 561 1444 588 alumnos
1460 561 1559 594 secuti,
1580 561 1658 589 [idem
1677 561 1738 597 ejus
1753 569 1814 589 sus-

1022 608 1116 643 cipite,
1133 607 1289 643 pontiﬁcem
1310 607 1463 635 Romanum
1487 614 1583 635 verum
1610 607 1698 643 ipsius
1720 612 1813 642 pasto-

1023 663 1093 686 rem,
1114 655 1198 682 totius
1207 658 1289 689 caput
1301 654 1449 685 Ecclesiae,
1467 653 1610 681 ductorem
1640 653 1714 685 tidei,
1730 659 1815 688 atque

1024 700 1183 735 magistrum
1200 698 1346 726 credentes
1361 697 1544 730 veneramini,
1562 701 1590 725 et
1605 698 1686 729 viam,
1703 706 1763 733 qua:
1780 697 1813 724 ad

1023 750 1153 773 teternam
1170 745 1246 772 ducit
1258 744 1342 772 vitam
1356 749 1555 777 ostentantem,
1572 736 1730 779 sequimini.
1745 743 1813 771 Nam

1024 797 1051 819 et
1062 792 1113 819 hoc
1131 799 1215 818 unum
1229 799 1323 818 eorum
1333 794 1386 821 est,
1401 799 1463 826 qua:
1474 790 1507 818 ad
1524 791 1640 818 salutem
1660 791 1815 818 necessaria

1024 843 1098 870 sunt,
1133 839 1274 873 proprium
1297 845 1377 866 nosse
1398 843 1535 873 pastorem
1549 858 1556 871 ,
1573 842 1600 866 et
1619 845 1816 873 recognoscere

1026 885 1188 920 principem,
1206 890 1233 912 et
1256 885 1325 911 scire
1342 889 1423 919 atque
1449 884 1586 911 honorare
1599 883 1816 912 ductorem.Ubi

184 933 353 968 principatus
365 933 513 967 quamdam
529 932 582 960 etsi
603 933 631 961 in
658 933 793 966 minimis,
822 933 970 960 maximam
988 929 1008 957 Β
1024 930 1095 957 enim
1112 935 1219 956 nonest
1237 929 1373 964 princeps,
1398 929 1437 956 ibi
1462 929 1653 962 inordinatio;
1677 929 1723 956 ubi
1743 929 1818 956 inor-
1840 954 1844 956 .

186 985 275 1005 tamen
292 985 322 1006 ne
335 978 524 1005 dulcissimam
543 978 722 1014 voluptatem.
738 979 773 1006 At
786 987 835 1006 nos
846 999 853 1011 ,
871 983 898 1006 et
912 987 973 1014 qua:

184 1025 257 1059 apud
275 1031 324 1052 vos
347 1024 517 1052 habebamus
532 1024 588 1052 no'n
603 1026 694 1060 magni
711 1024 838 1058 fecimus,
865 1029 893 1052 et
912 1032 973 1060 qua:

185 1079 259 1099 nunc
289 1071 421 1099 habemus
448 1076 544 1099 testem
569 1071 732 1100 invocamus
760 1071 867 1108 neum,
895 1079 972 1107 atque

185 1117 428 1153 parvifecissemus
441 1138 448 1150 ,
467 1118 534 1152 quin
550 1119 641 1154 potius
665 1119 777 1153 spretis,
790 1119 971 1154 contemptis-

186 1172 241 1199 que
269 1163 409 1196 omnibus,
433 1164 518 1191 etiam
535 1164 558 1192 si
584 1164 670 1192 multo
692 1164 771 1200 plura
794 1164 970 1198 haberemus,

185 1211 219 1238 ad
234 1217 283 1237 vos
296 1218 378 1245 quam
397 1210 544 1238 celerrime
567 1210 780 1242 defecissemus,
808 1211 862 1239 nisi
891 1211 972 1238 nobis

183 1264 308 1284 essemus
322 1256 427 1284 conscii
446 1256 563 1291 elegisse
579 1256 705 1290 meliora,
720 1257 774 1285 nisi
797 1257 971 1293 exploratum

185 1302 352 1330 haberemus
379 1303 451 1330 hanc
479 1309 602 1330 sanetam
631 1307 659 1331 et
686 1303 851 1331 catholicam
875 1304 970 1331 Eccle-

185 1349 256 1376 siam
275 1349 320 1376 illa
339 1349 463 1381 credere,
480 1348 525 1376 illa
543 1349 661 1381 tradere,
684 1354 711 1376 et
727 1349 837 1383 docere,
861 1358 922 1385 qua:
937 1351 971 1378 ad

186 1394 270 1421 vitam
292 1398 422 1421 aeternam
448 1392 501 1421 iter
519 1393 635 1421 faciunt.
651 1393 679 1421 Si
696 1394 781 1429 igitur
807 1395 840 1422 ad
867 1402 899 1422 ea
922 1403 972 1424 vos

186 1439 294 1470 hortor,
321 1445 382 1473 qua:
397 1437 480 1465 saluti
501 1442 599 1465 vestrae
619 1439 763 1474 profutura
789 1447 845 1467 non
865 1440 971 1473 dubito,

186 1491 249 1510 cum
274 1483 440 1515 humilitate,
461 1487 489 1509 et
506 1482 661 1511 reverentia
684 1483 782 1510 audire
802 1482 921 1516 debetis,
938 1491 971 1512 ac

183 1534 246 1554 cum
267 1527 381 1562 gaudio,
411 1532 439 1554 et
464 1527 607 1555 alacritate
635 1528 720 1555 animi
746 1529 849 1556 monita
877 1533 971 1557 nostra

185 1575 326 1608 suscipere
344 1574 488 1602 salutaria.

218 1622 253 1647 At
268 1627 393 1655 magnum
409 1620 479 1654 apud
495 1627 544 1647 vos
559 1621 717 1648 scandalum
732 1621 859 1656 genuisse
875 1621 970 1649 dicitis

183 1665 350 1693 adtlitionem
363 1665 522 1693 Latinorum
539 1667 566 1694 in
583 1666 789 1702 Symbolo.Cur
805 1667 842 1695 ita
855 1667 974 1695 fratres?

182 1711 264 1739 Certe
280 1711 302 1738 si
320 1716 394 1738 recte
416 1711 594 1739 considerare
610 1713 763 1746 volueritis,
788 1721 843 1740 non
869 1713 972 1741 additio

182 1756 229 1784 illa
244 1756 366 1787 fuit.sed
380 1757 524 1791 expositio,
551 1758 598 1785 sed
622 1759 789 1794 explanatio,
807 1759 853 1787 sed
881 1760 971 1788 deela—

185 1801 263 1828 ratio.
286 1801 397 1829 Additio
420 1810 537 1837 namque
562 1803 644 1831 etiam
660 1803 736 1839 juxta
753 1804 897 1833 doctorum
922 1813 980 1833 no-.

183 1853 299 1877 strorum
324 1849 489 1876 sententiam
521 1849 567 1876 illa
590 1854 643 1882 cst,
660 1857 720 1885 quae
746 1851 883 1878 contraria
907 1851 971 1886 dog-

184 1901 254 1922 mata
285 1894 457 1922 introducit:
487 1902 548 1930 quae
577 1903 642 1923 vero
669 1896 787 1929 eadem,
814 1896 972 1932 similiaque

182 1941 337 1976 proﬁtetur.
363 1940 523 1973 declaratio,
541 1949 597 1969 non
626 1941 730 1969 additio
758 1947 810 1970 est.
826 1942 931 1978 Quippe
948 1943 972 1971 si

182 1995 278 2015 verum
306 1995 361 2014 non
385 1992 468 2019 esset.
485 1987 559 2023 quod
582 1987 695 2021 dicitur,
719 1987 848 2024 fugienda
877 1990 972 2024 utique

183 2035 241 2062 hac
251 2034 355 2061 additio
369 2034 449 2061 foret.
465 2033 544 2067 Quod
560 2033 583 2062 si
602 2042 696 2062 verum
712 2039 765 2068 est,
782 2039 810 2063 et
832 2035 894 2063 ﬁdei
910 2043 972 2064 san-

182 2084 290 2108 ctorum
303 2072 468 2112 consonans,
486 2079 523 2107 ibi
545 2081 675 2108 timemus
695 2079 832 2113 timorem,
855 2081 902 2108 ubi
916 2089 970 2108 non

183 2131 225 2153 est
239 2126 332 2158 timor,
358 2130 386 2153 et
400 2125 591 2160 superstitioni
605 2126 702 2161 magis,
718 2133 799 2161 quam
814 2127 909 2162 pietati
931 2127 972 2154 in-

183 2171 337 2206 dulgemus.
349 2171 432 2199 Multa
446 2171 554 2199 Nictcno
571 2172 701 2207 Symbolo
714 2173 836 2200 secunda
849 2173 970 2209 synodus

182 2217 289 2244 addidit
315 2217 350 2244 de
377 2217 520 2245 divinitate
545 2216 665 2252 Spiritus
685 2219 783 2252 sancti,
798 2218 832 2246 de
865 2219 970 2247 unitate

184 2263 322 2295 Ecclesiae,
334 2262 368 2289 de
379 2262 553 2297 baptismate,
563 2264 597 2291 de
611 2264 771 2292 remissione
780 2270 968 2300 peccatorum,

184 2309 217 2336 tle
239 2309 440 2336 resurrectione
461 2312 645 2342 mortuorum,
662 2310 697 2337 de
722 2311 778 2338 vita
803 2315 914 2339 mterna.
931 2312 970 2339 De

182 2355 282 2389 quibus
298 2355 416 2390 primum
434 2355 580 2382 concilium
596 2356 699 2383 nullam
715 2357 829 2384 omnino
843 2358 971 2392 expedite

183 2402 352 2429 mentionem
378 2401 489 2429 fecerat.
516 2401 598 2428 Multa
625 2407 757 2437 praeterea
788 2403 832 2430 alii
862 2411 971 2439 quoque

182 2447 319 2479 doctores,
333 2447 379 2482 qui
410 2447 463 2474 illis
487 2451 680 2475 successerunt
706 2447 807 2482 Latini,
835 2456 916 2484 quam
934 2449 972 2477 illi

183 2493 323 2526 fixerant,
343 2493 502 2526 tradidere;
528 2501 589 2528 qua:
609 2498 699 2521 tamen
722 2502 776 2522 non
806 2495 970 2530 additiones,

184 2539 232 2566 scd
247 2539 447 2567 deelarationes
473 2540 594 2567 fuerunt.
614 2539 670 2567 Cur
685 2540 768 2576 igitur
787 2545 815 2569 et
828 2542 969 2570 catholica:

184 2584 312 2612 Ecclesia:
328 2593 380 2612 non
395 2585 504 2613 licuerit
525 2585 578 2613 hoc
595 2585 667 2613 idem
692 2586 793 2620 facere,
808 2587 889 2615 simili
916 2589 971 2616 bae-

184 2631 330 2659 retiecrum
343 2632 504 2659 necessitate
526 2631 741 2668 urgenletNatn
757 2633 829 2668 quod
856 2641 971 2670 respon-

183 2677 248 2705 dere
276 2677 379 2710 soletis,
410 2682 475 2705 tunc
492 2678 619 2713 quidem,
649 2678 773 2712 licuisse,
802 2688 876 2708 nunc
906 2689 971 2708 vero

183 2727 327 2758 postquam
345 2724 422 2751 tertia
448 2725 569 2759 synodus
593 2732 703 2753 omnem
718 2726 888 2754 additionem
905 2734 970 2762 pro-

183 2770 282 2801 hibuit,
302 2779 336 2798 ne
359 2771 445 2806 ipsam
462 2771 573 2807 quidem
600 2772 743 2800 veritatem
759 2772 861 2801 addere
874 2773 969 2807 licere.

182 2815 264 2842 stulta
280 2824 344 2845 sane
359 2822 385 2844 et
412 2826 478 2845 vana
498 2819 567 2846 ratio
578 2823 629 2846 est.
647 2819 748 2854 Legite,
761 2819 784 2847 si
800 2819 874 2854 libet,
885 2827 967 2856 quam

218 2910 224 2924 ¹
242 2906 335 2938 Slattl't.
353 2917 416 2943 xxii,
436 2910 483 2937 2|.

1027 975 1142 1007 diuatio,
1157 975 1193 1002 ibi
1211 975 1324 1008 solutio,
1341 979 1371 1002 ut
1387 974 1537 1010 Gregorius
1549 975 1738 1002 Nazianzenus
1756 975 1794 1002 ait
1808 982 1816 1007 ;

1028 1027 1053 1048 et
1068 1026 1142 1049 certe
1157 1021 1214 1048 sive
1232 1021 1350 1052 divinas,
1369 1028 1416 1049 seu
1433 1021 1568 1048 humanas
1585 1029 1628 1048 res
1645 1021 1817 1048 considerate

1027 1067 1178 1098 volueritis,
1196 1066 1303 1098 fratres,
1321 1066 1466 1093 invenietis
1479 1073 1564 1092 unum
1584 1066 1706 1093 omnium
1715 1065 1818 1093 debere

1026 1119 1087 1143 esse
1101 1112 1276 1146 princip'um,
1294 1118 1346 1138 nec
1373 1114 1448 1138 recte
1461 1111 1541 1138 aliter
1562 1119 1606 1139 res
1620 1119 1699 1146 posse
1713 1111 1818 1146 guber-

1026 1158 1105 1192 nari;
1120 1166 1182 1185 nam
1200 1162 1229 1185 ut
1244 1166 1258 1185 a
1275 1158 1378 1186 divinis
1404 1158 1580 1194 incipiamus,
1596 1158 1818 1185 Christianorum

1027 1204 1163 1240 theologia
1180 1213 1264 1232 unum
1280 1206 1325 1241 qui
1345 1213 1428 1240 supra
1443 1213 1539 1233 omnes
1559 1209 1612 1237 est,
1637 1204 1715 1232 docet
1731 1204 1817 1231 Deum

1026 1258 1096 1283 esse,
1111 1251 1157 1285 qui
1175 1258 1238 1278 cum
1255 1251 1281 1278 in
1304 1252 1394 1279 tribus
1408 1251 1532 1286 personis
1553 1251 1589 1278 sit
1605 1250 1644 1278 uti
1665 1251 1746 1278 illaesa
1760 1257 1818 1278 ser-

1026 1301 1107 1323 vetur
1120 1297 1220 1325 unitas.
1234 1297 1358 1332 ejusdem
1370 1297 1526 1332 similisque
1539 1297 1699 1324 substantiae
1715 1297 1817 1324 divinre

1027 1342 1079 1369 illae
1096 1346 1237 1377 ponuntur
1253 1349 1313 1369 esse
1328 1349 1464 1377 personae.
1478 1341 1628 1370 Gentilium
1647 1349 1711 1370 vero
1726 1349 1760 1369 ex
1780 1342 1817 1370 iis

1026 1389 1213 1423 sensibilibus,
1223 1394 1334 1424 accepta
1344 1389 1468 1422 scientia,
1483 1389 1540 1424 ipsa
1556 1397 1665 1425 quoque
1677 1390 1729 1417 hoc
1742 1389 1815 1417 idem

1026 1434 1138 1463 fatetur.
1154 1435 1270 1469 Quidam
1283 1435 1354 1463 enim
1381 1436 1451 1463 inter
1472 1440 1586 1464 caeteros
1600 1444 1696 1463 eorum
1724 1437 1816 1471 philo-

1026 1481 1127 1516 sophos
1141 1481 1270 1515 nobilior,
1281 1489 1361 1509 unam
1377 1489 1437 1509 esse
1458 1482 1573 1516 primam
1591 1490 1710 1514 causam,
1730 1490 1816 1510 unum

1028 1526 1151 1553 omnium
1176 1535 1266 1554 rerum
1297 1527 1396 1554 asserit
1429 1526 1608 1560 Creatorem;
1640 1533 1667 1554 ct
1690 1527 1818 1562 quamvis

1026 1572 1127 1599 multos
1153 1572 1235 1599 etiam
1260 1577 1322 1607 post
1349 1572 1426 1600 illum
1454 1574 1556 1607 gradus
1575 1574 1679 1601 entium
1708 1574 1816 1607 credat,

983 1608 1007 1640 (ἶ
1026 1626 1108 1646 unum
1137 1618 1315 1653 principium,
1334 1623 1362 1645 et
1385 1619 1469 1645 multa
1487 1619 1634 1654 principia,
1655 1621 1746 1647 omnia
1775 1626 1816 1647 ta-

1025 1671 1088 1691 men
1106 1665 1157 1691 sub
1181 1664 1270 1698 primo
1293 1664 1340 1691 illo
1355 1664 1511 1692 constituit.
1528 1665 1605 1692 Alius
1628 1674 1694 1694 vero
1723 1667 1817 1695 multis

1025 1709 1077 1736 hoc
1107 1709 1178 1736 idem
1196 1718 1323 1738 asserens
1339 1710 1440 1744 verbis,
1467 1716 1647 1747 muluataque
1660 1714 1768 1740 tandem
1800 1722 1815 1741 a

1023 1754 1142 1790 quodam
1156 1755 1311 1790 antiquiore
1328 1757 1464 1784 sententia
1479 1765 1485 1782 :
1502 1757 1561 1784 Non
1578 1762 1630 1789 est.
1649 1759 1750 1794 inquit,
1764 1760 1815 1787 bo-

1024 1808 1076 1828 nus
1102 1801 1250 1828 multorum
1273 1801 1463 1837 principatus;
1481 1810 1553 1831 unus
1570 1805 1709 1840 princeps,
1739 1814 1814 1834 unns

1024 1854 1070 1874 rex
1084 1852 1155 1874 esto.
1169 1848 1264 1883 Neque
1280 1848 1353 1875 enim
1367 1848 1462 1876 volunt
1475 1850 1548 1878 entia
1566 1851 1636 1878 male
1653 1853 1816 1887 gubernari,

1023 1893 1100 1928 quasi
1118 1894 1188 1921 male
1201 1894 1347 1929 gubernari
1362 1895 1520 1928 videantur,
1538 1897 1591 1924 nisi
1610 1905 1680 1925 unus
1699 1899 1744 1931 sit,
1765 1901 1815 1934 qui

1022 1940 1114 1974 pratsit
1135 1940 1281 1968 universis.
1303 1941 1333 1968 ln
1352 1941 1436 1969 rebus
1451 1947 1542 1969 autem
1566 1944 1704 1975 humanis.
1729 1952 1815 1980 atque

1022 1986 1149 2013 civilibus
1160 1986 1241 2014 iidem
1257 1986 1319 2021 ipsi,
1348 1994 1467 2022 quorum
1486 1988 1654 2016 mentionem
1684 1990 1814 2025 fecimus,

1021 2032 1167 2067 ceterique
1181 2040 1286 2066 omnes,
1302 2037 1328 2060 et
1346 2039 1410 2061 ante
1424 2042 1473 2062 eos
1486 2034 1611 2063 Salvator
1625 2041 1718 2064 noster
1729 2037 1813 2067 Jesus

1021 2078 1146 2106 Christus
1157 2079 1306 2114 legitimam
1320 2081 1507 2108 monarchiam
1521 2082 1628 2109 caeteris
1641 2082 1814 2118 gubernandi

1022 2125 1110 2152 modis
1129 2130 1306 2160 anteponunt.
1332 2125 1455 2157 Reddite,
1483 2126 1572 2162 inquit
1596 2128 1653 2162 ille,
1668 2137 1727 2164 qua:
1752 2134 1814 2157 sunt

1021 2169 1134 2198 Cresam
1151 2170 1259 2203 Cresam",
1273 2175 1300 2197 et
1316 2179 1373 2205 quia
1388 2171 1437 2198 Dei
1454 2171 1506 2199 Deo
1517 2173 1524 2187 ‘
1539 2181 1546 2205 ;
1576 2175 1653 2208 quasi
1668 2182 1740 2202 unus
1755 2177 1816 2209 qui-

1021 2216 1082 2243 dem
1103 2216 1138 2243 sit
1158 2216 1229 2243 Deus
1254 2217 1282 2244 in
1296 2217 1382 2249 ccelis,
1399 2221 1427 2244 et
1442 2225 1513 2245 unus
1533 2219 1662 2254 princeps
1677 2221 1702 2247 in
1717 2222 1813 2255 terris;

1023 2263 1067 2290 hic
1094 2271 1159 2290 vero
1185 2264 1232 2298 qui
1258 2263 1330 2291 inter
1359 2264 1539 2300 philosophos
1568 2267 1687 2300 primum
1706 2269 1815 2296 obtinet

1024 2309 1124 2341 locum,
1141 2309 1209 2336 illud
1223 2309 1379 2344 reipublicae
1398 2318 1484 2345 genus
1502 2320 1556 2339 non
1572 2314 1653 2340 modo
1667 2317 1816 2349 generibus

1023 2355 1139 2389 caeteris,
1156 2355 1203 2383 scd
1218 2356 1301 2383 etiam
1325 2357 1490 2391 optimatum
1514 2360 1681 2395 principatui
1699 2366 1815 2396 antepo-

1023 2402 1074 2435 nit,
1095 2407 1123 2430 et
1145 2402 1238 2430 divino
1265 2410 1347 2438 quam
1377 2404 1547 2431 simillimum
1579 2413 1639 2434 esse
1664 2407 1742 2436 dicit.
1760 2408 1813 2436 Ubi

1023 2456 1104 2482 unus,
1121 2449 1166 2484 qui
1185 2450 1334 2477 virtutibus
1350 2455 1477 2484 ⁵(κείω-οε
1505 2454 1663 2488 antecellat,
1682 2457 1814 2484 omnibus

1023 2495 1192 2522 dominetur.
1221 2495 1298 2524 Alius
1322 2501 1414 2524 autem
1442 2497 1525 2532 hujus
1549 2500 1659 2528 auditor
1684 2502 1814 2530 omnibus

1024 2542 1125 2578 politiae
1139 2543 1307 2570 enumeratis
1332 2544 1496 2579 generibus,
1516 2547 1643 2574 eumdem
1668 2548 1740 2575 hunc
1766 2557 1816 2584 ευ-

1025 2588 1160 2616 bernandi
1176 2588 1287 2616 modum
1300 2595 1364 2616 ante
1375 2597 1470 2618 omnes
1484 2593 1638 2626 constituit,
1650 2593 1818 2628 perfectissi-

1025 2642 1100 2662 mum
1115 2642 1229 2670 regnum
1244 2636 1396 2671 appellans.
1416 2637 1495 2665 Hune
1508 2639 1591 2674 igitur
1606 2647 1621 2666 a
1640 2638 1695 2667 Deo
1711 2640 1814 2667 bonum

1025 2685 1054 2708 et
1080 2681 1241 2715 perfectum,
1266 2687 1295 2709 et
1320 2683 1508 2711 necessarium
1537 2685 1662 2713 ordinem
1688 2686 1716 2713 in
1732 2687 1818 2715 rebus

1024 2725 1184 2767 fluentibus,
1195 2732 1277 2762 atque
1308 2729 1426 2756 terrenis
1446 2731 1631 2765 servabimus,
1646 2732 1769 2762 fratres:
1787 2735 1816 2762 in

1023 2779 1188 2802 aeternarum
1202 2781 1267 2803 vero
1282 2775 1448 2809 animarum,
1462 2781 1490 2804 et
1502 2783 1604 2806 sanctte
1621 2777 1667 2806 Dei
1685 2779 1818 2808 Ecclesiae

1023 2820 1222 2857 gubernatione
1249 2823 1481 2851 contemnemus?
1506 2823 1640 2853 lndeccns
1667 2831 1742 2853 certe
1760 2831 1815 2861 est,
