1920 3063
145 124 200 154 489

675 128 724 160 DE
744 129 887 161 VERBIS
907 129 1247 161 CONSECRATIONIS.

1722 132 1787 162 490'

144 188 172 212 et
185 184 219 211 ab
239 184 314 212 omni
327 185 434 214 ratione
446 186 578 216 alienum.
592 188 642 216 Hie
655 189 730 216 enim
744 190 861 217 maxime
873 197 932 217 om-
946 191 970 220 Α
985 189 1150 224 pontiﬁcalis
1164 189 1300 217 sententia
1321 188 1428 217 roboris
1455 188 1596 217 habuisset
1609 207 1617 220 .
1642 196 1696 216 non
1718 190 1774 218 illis

143 230 219 257 nium
239 235 280 258 est
293 234 361 259 ordo
376 232 539 261 servandus.
566 233 710 269 Siquidem
728 239 861 270 perpetua
888 235 931 262 di-

143 276 236 318 gniora
253 281 316 304 sunt
341 277 432 311 ﬂuxis,
457 281 676 314 momentaneis,
709 285 791 316 atque
809 281 930 311 caducis.

143 321 213 349 llinc
237 322 379 358 legislator
394 329 499 357 noster,
515 331 543 352 et
560 324 693 353 Dominus
707 326 787 355 Iesus
802 327 931 356 Christus

142 376 251 395 omnem
266 368 413 396 humanam
422 369 596 405 sapientiam,
610 372 689 407 cujus
703 373 762 407 ipse
781 373 861 400 dator
877 367 930 407 θεῖ,

141 414 287 446 excedens,
304 415 437 449 optimum
450 417 619 451 gubernandi
633 418 743 445 modum
754 426 810 446 sua:
819 419 931 455 reliquit

142 459 281 493 Ecclesiae,
292 468 353 488 cum
369 461 461 494 Petro,
475 466 502 489 et
517 469 565 497 per
575 470 638 489 eum
653 463 860 491 successoribus
871 464 931 500 ejus

141 505 324 540 principatum
335 506 408 534 illius
420 508 542 535 tradidit.
559 508 596 535 Tu
614 517 652 541 es,
665 508 766 544 inquit,
782 508 888 542 Petrus,
904 516 930 538 et

140 559 218 585 super
242 551 311 578 ham:
326 557 429 586 petram
444 553 580 587 ediﬁcabo
598 554 746 582 Ecclesium
769 564 854 583 meam
865 557 883 584 '.
897 557 931 584 Et

140 604 237 624 rursus
249 605 256 623 :
271 596 327 625 Tibi
342 598 408 625 dabo
421 599 505 626 claues
515 601 589 634 regni
600 601 724 628 ct'elorum
733 602 753 629 '.
764 602 797 628 Et
812 602 927 629 iterum:

140 642 223 670 Pasce
236 651 294 670 oves
311 652 393 675 meas,
404 652 482 679 pasce
501 654 582 680 agnos
595 654 664 673 meo:
675 647 695 676 ³.
708 647 741 674 Et
753 647 817 674 alibi
829 656 835 674 :
855 647 889 674 Et
901 653 930 674 tu

139 690 283 724 aliquando
296 698 434 718 conversus
452 692 579 726 conﬁrma
604 694 699 727 fratres
713 699 770 721 tuos
781 695 801 722 ⁵.
816 695 872 722 Nec
886 703 929 723 mc

139 735 242 769 putetis
254 735 354 763 fratres
382 744 481 764 novam
507 738 593 772 legem
620 738 807 772 introducere,
825 748 929 768 novum

140 780 236 815 dogma
252 781 363 809 docere.
380 782 507 817 Repetite
528 784 659 811 memoria
672 803 679 816 ,
699 786 746 819 qui
763 786 865 820 priscas
888 786 930 814 hi-

138 827 270 858 storicas,
288 827 335 862 qui
361 828 540 855 conciliorum
564 833 623 856 acta
650 829 772 865 legistis,
793 835 927 866 quantutn

987 234 1126 263 attulisset
1149 235 1356 267 detrimentum,
1372 235 1425 263 nisi
1448 234 1570 262 Romano
1586 235 1696 270 prasuli
1710 236 1777 264 sub-

986 281 1036 308 diti
1054 281 1233 309 exstitissent.
1250 280 1379 308 Photium
1405 281 1505 308 deinde
1522 280 1776 316 Constantinopoli-

986 330 1077 354 tanam
1102 327 1196 355 sedem
1222 332 1424 361 occupantem,
1443 327 1490 362 qui
1511 327 1687 355 sanctissimo
1713 327 1775 355 viro

985 372 1091 407 lgnatio
1113 373 1202 408 ejecto
1222 373 1373 402 Ecclesiam
1399 373 1451 401 sibi
1479 373 1586 401 viribus
1619 374 1775 410 subegerat,

985 426 1078 447 nonne
1102 419 1233 447 Nicolaus
1256 418 1396 447 Romanus
1410 419 1535 454 pontifex
1552 419 1675 447 ﬁdelium
1699 427 1774 447 com-

985 464 1114 492 munione
1127 464 1255 501 privavit,
1273 469 1302 493 et
1318 466 1454 493 ’restituto
1480 465 1583 501 lgnatio
1597 465 1632 494 ab
1651 465 1775 494 Ecclesia

985 511 1107 546 repulit?
1124 511 1182 545 Qua
1211 512 1318 539 ratione
1333 511 1360 539 id
1383 511 1440 547 egit
1461 511 1601 545 Nicolaus,
1625 512 1679 540 nisi
1709 512 1774 547 quia
1798 515 1800 534 1

985 564 1067 591 super
1088 564 1183 584 omnes
1199 557 1336 584 Ecclesiae
1360 561 1523 592 potestatem
1542 556 1673 585 habebat.
1695 557 1775 585 Post-
1791 556 1798 579 ὅ

985 609 1067 637 quam
1083 610 1148 629 vero
1163 602 1204 629 vir
1225 606 1337 630 sanctus
1365 602 1485 638 lgnatius
1497 602 1531 629 ad
1556 602 1703 630 Dominum
1724 603 1775 631 mi-

984 647 1096 682 gravit,
1125 655 1216 675 notme
1258 648 1440 682 imperatores
1474 647 1772 683 Constantinopolitaui

985 693 1089 725 multis,
1105 700 1136 720 ac
1152 693 1257 720 crebris
1274 694 1402 728 precibus
1423 694 1450 720 in
1468 693 1590 722 favorem
1606 694 1697 721 Photii
1717 694 1772 721 Ro-

984 745 1066 764 mano
1079 737 1201 772 pontiﬁci
1218 738 1446 772 interpellarunt?
1465 738 1561 766 Nonne
1576 738 1708 771 Joannes,
1724 738 1771 772 qui

984 787 1046 817 post
1065 783 1219 815 Nicolaum,
1240 788 1268 811 ct
1284 783 1434 810 Adrianum
1449 783 1613 811 universalis
1641 783 1772 811 Ecclesiae

983 828 1171 863 gubernacula
1188 834 1356 863 susceperat,
1374 830 1400 856 in
1421 829 1633 863 patriarcbalem
1650 827 1770 856 restituit

138 879 247 907 semper
262 873 402 900 Romanus
417 874 538 908 pontifex
550 882 634 909 super
649 883 758 903 omnem
775 877 926 904 Ecclesiam
939 872 965 900 Β
981 873 1084 905 sedem,
1100 873 1268 908 palliumque
1284 875 1322 902 illi
1348 875 1433 905 misit,
1448 874 1475 901 in
1499 882 1553 909 quo
1569 875 1685 908 refulget
1702 882 1771 909 pono

138 919 329 946 auctoritatem
365 920 473 947 habuit.
503 920 669 949 Caelestinns
706 930 775 957 papa
810 923 926 958 primam

139 963 305 998 Ephesinam
322 965 456 999 synodutn
474 965 548 992 solus
558 967 725 1000 reprobavit,
741 967 926 1003 irritavitque.

138 1009 265 1043 quamvis
282 1009 371 1037 omnis
394 1008 540 1038 Orientalis
553 1010 687 1044 Ecclesia,
700 1017 728 1039 et
742 1012 794 1047 ipsi
813 1013 928 1047 patriar-

138 1056 196 1082 cha:
218 1055 362 1083 unanimes
389 1055 417 1082 in
442 1063 473 1083 ea
500 1058 701 1085 convenissent.
723 1057 822 1085 Leonis
838 1058 926 1093 Magni

137 1099 282 1133 epistolam
302 1100 396 1127 Patres
408 1100 646 1129 Chalcedonenses
663 1110 779 1130 numero
791 1104 925 1135 sexcenti.

138 1150 166 1173 et
191 1145 300 1180 triginta
322 1146 443 1182 episcopi
460 1147 546 1174 instar
565 1148 637 1176 sacri
656 1148 796 1184 Evangelii
815 1157 926 1184 recepe-

138 1196 214 1225 runt,
225 1200 341 1227 eamque
357 1193 517 1221 orthodoxa
539 1193 602 1222 ﬁdei
618 1194 773 1222 columnam
798 1195 925 1223 nomina-

138 1241 221 1270 runt;
245 1245 351 1264 necnon
369 1238 445 1274 juxta
461 1239 521 1274 ejus
535 1240 712 1273 sentenliam,
732 1247 804 1272 eam,
819 1241 852 1267 de
873 1248 926 1275 qua

137 1283 279 1317 agebatur,
304 1284 488 1311 terminarnnt
510 1285 699 1320 quaestionem.
717 1285 801 1313 [idem
830 1286 926 1314 Patres

137 1328 321 1356 Alexandrino
331 1329 666 1365 Conslantinopolitanum
682 1340 731 1367 per
742 1332 926 1360 imitationem

138 1374 251 1401 secundi
276 1374 386 1402 concilii
414 1382 634 1410 praeposuerunt,
648 1384 699 1405 nec
715 1381 806 1405 tamen
828 1377 926 1405 fecisse

137 1426 167 1447 se
197 1420 300 1454 aliquid
323 1427 501 1455 censuerunt,
518 1423 570 1450 nisi
596 1423 647 1451 hoc
663 1424 736 1450 idem
749 1422 804 1450 Leo
827 1424 928 1451 conﬁr-

138 1470 226 1492 maret
238 1474 244 1492 :
255 1466 327 1501 quod
343 1472 371 1494 ut
382 1467 572 1500 impetrarent,
585 1469 678 1496 multis
687 1474 714 1496 et
728 1469 925 1505 legationibus,

137 1515 165 1537 et
179 1511 306 1545 precibus
320 1513 533 1547 contenderunt,
543 1514 647 1548 quibus
658 1519 748 1542 tamen
759 1515 800 1541 vir
815 1520 926 1542 sanctus

982 918 1064 945 titicis
1080 917 1209 952 dignitas.
1234 918 1303 952 Quid
1326 919 1436 946 tandem
1455 918 1512 946 haec
1534 919 1626 946 omnia
1640 918 1770 953 praescie-

981 967 1060 995 ruut,
1078 963 1187 996 fratres,
1201 963 1254 991 nisi
1271 971 1406 991 summam
1424 972 1485 992 esse
1503 964 1618 992 Romani
1633 965 1770 1000 pontiﬁcis

980 1016 1063 1043 super
1093 1016 1203 1037 omnem
1230 1009 1379 1038 Ecclesium
1405 1011 1609 1043 auctoritatem,
1629 1018 1765 1039 summam

981 1055 1165 1103 potestatem‘;
1179 1055 1242 1083 Haec
1256 1055 1340 1090 igitur
1355 1057 1446 1084 omnia
1457 1058 1620 1091 cogitantes,
1631 1056 1689 1084 haec
1704 1063 1767 1084 cum

980 1101 1064 1128 animi
1082 1101 1233 1130 attentione
1247 1101 1455 1130 considerantes
1469 1109 1580 1130 omnem
1599 1109 1695 1129 vanam
1711 1102 1770 1137 opi—

980 1148 1091 1174 nionem
1105 1147 1197 1175 exuite
1214 1167 1221 1180 ,
1238 1155 1320 1176 omne
1333 1148 1503 1175 immeritum
1520 1147 1614 1175 odium
1627 1147 1768 1183 deponite.

980 1199 1061 1220 omne
1077 1192 1142 1219 illud
1160 1192 1193 1220 de
1212 1193 1319 1221 Latinis
1334 1201 1388 1220 non
1402 1197 1508 1221 rectum
1523 1193 1656 1228 judicium
1668 1193 1697 1220 in
1713 1200 1770 1220 me-

980 1239 1033 1266 lius
1048 1244 1167 1272 mutate;
1183 1239 1381 1274 amplectimini
1403 1240 1565 1272 veritatem;
1583 1239 1768 1273 integritatem

980 1283 1042 1310 fidei
1064 1292 1117 1311 una
1130 1291 1192 1311 cum
1208 1283 1345 1311 catholica
1360 1287 1388 1311 et
1400 1288 1495 1311 sancta
1513 1284 1633 1310 Romana
1647 1283 1768 1310 Ecclesia

980 1329 1030 1364 ipsi
1058 1337 1168 1364 quoque
1192 1329 1302 1357 maximi
1322 1329 1513 1357 existimantes
1527 1329 1671 1356 nobiscum
1702 1336 1769 1356 con-

981 1375 1082 1403 venite.
1102 1375 1198 1402 Missos
1223 1374 1304 1403 facite
1319 1383 1367 1403 eos
1397 1375 1443 1409 qui
1468 1374 1656 1402 contentionis
1677 1374 1770 1409 potius

980 1422 1078 1455 gratia,
1093 1428 1175 1455 quam
1189 1421 1314 1448 veritatis
1335 1428 1404 1447 vana
1425 1420 1579 1454 loquentes,
1598 1427 1647 1447 vos
1659 1427 1674 1446 a
1693 1424 1768 1446 recta

981 1467 1035 1495 ﬁde
1047 1467 1192 1494 seducunt.
1207 1467 1349 1494 Pastorem
1368 1467 1497 1494 Ecclesiae
1512 1466 1643 1494 Romanae
1659 1465 1770 1492 univer-

981 1513 1064 1541 salem
1094 1513 1213 1544 Patrem,
1230 1517 1312 1547 atque
1327 1512 1486 1547 magistrum
1510 1512 1675 1541 existimate.
1692 1514 1770 1541 Hunc

138 1564 260 1584 annuere
274 1559 428 1591 recusavit;
453 1564 480 1586 et
497 1559 548 1586 nisi
564 1565 658 1595 postea
685 1561 719 1588 ab
732 1561 786 1588 alio
802 1561 925 1588 Romano
938 1547 961 1577 α
979 1559 1052 1586 enim
1070 1559 1186 1591 honore,
1202 1559 1282 1586 laude
1311 1566 1343 1585 ac
1360 1558 1538 1586 veneratione
1558 1559 1768 1594 prOSeQUimini-

137 1603 270 1632 Pontiﬁce
285 1612 447 1632 cont-essum
460 1605 623 1638 exstitisset.
637 1607 740 1635 nullius
753 1607 851 1634 fuisset
860 1614 925 1635 sane
976 1603 1033 1631 Nos
1054 1611 1120 1631 vero
1132 1611 1292 1639 quanquam
1311 1603 1482 1637 immeritos,
1506 1608 1596 1631 tamen
1618 1605 1703 1639 gratia
1721 1603 1768 1631 Dei

137 1651 359 1679 momenti.Ante
372 1654 445 1680 hunc
459 1653 636 1681 Innocentius
651 1654 794 1681 Romanus
804 1653 925 1689 pontifex

137 1693 284 1721 Arcadium
309 1699 338 1722 et
356 1696 507 1724 Eudoxiam
543 1706 631 1733 reges,
660 1698 732 1733 quod
746 1698 878 1726 Joannem
897 1706 927 1726 os

138 1747 250 1766 aureum
267 1740 359 1774 inique
372 1741 405 1768 de
418 1742 538 1770 Ecclesia
556 1744 736 1778 pepulissent,
747 1745 924 1772 anathemate

138 1785 229 1817 feriit,
260 1790 287 1812 et
315 1786 534 1815 Christianorum
567 1790 762 1817 communione
799 1790 926 1824 privavit.

138 1831 217 1865 Quod
233 1838 307 1859 certe
328 1840 381 1860 non
406 1833 526 1865 fecisset,
545 1835 597 1861 nisi
611 1842 693 1867 supra
708 1843 817 1863 omnem
833 1836 927 1863 Eccle-

138 1878 205 1905 siam
235 1877 376 1906 habuisset
407 1879 564 1914 imperium.
581 1879 686 1914 Quippe
711 1880 734 1907 si
754 1888 809 1907 non
832 1879 930 1908 fuisset

139 1924 300 1951 universalis
317 1930 420 1959 pastor,
436 1930 464 1952 et
491 1926 623 1960 pontifex,
645 1931 673 1953 et
694 1925 849 1953 communis
873 1933 931 1953 om-

138 1968 214 1994 nium
243 1968 461 1997 Christianorum
479 1970 569 2003 Pater,
600 1976 626 1997 et
655 1971 795 2006 magister.
814 1971 842 1998 Si
860 1970 932 1998 Con-

138 2015 378 2050 stantiuopolitana
395 2017 462 2044 urbs
491 2021 517 2043 et
539 2017 722 2051 imperatores
754 2017 806 2050 illi,
821 2017 855 2044 de
872 2017 931 2052 ejus

139 2070 220 2097 grege
230 2070 284 2089 non
296 2062 422 2095 fuissent,
438 2071 493 2090 non
506 2067 715 2098 separasseteos
729 2063 790 2090 talis
805 2062 931 2098 pontifex

139 2108 173 2135 ab
197 2108 311 2141 unitate,
340 2114 367 2136 et
387 2108 582 2136 communione
609 2108 742 2136 ﬁdelium.
766 2107 841 2135 Nihil
856 2106 930 2135 enim

977 1657 1027 1685 per
1040 1650 1220 1684 apostolicam
1235 1649 1328 1677 sedem
1346 1653 1373 1676 et
1387 1656 1525 1677 summum
1543 1649 1701 1684 pontiﬁcem
1716 1649 1769 1677 Do-

979 1696 1084 1723 minum
1098 1700 1233 1727 nostrum,
1249 1695 1327 1723 vobis
1338 1695 1367 1723 in
1384 1695 1568 1731 patriarcham
1584 1695 1705 1731 legitime
1718 1695 1768 1722 da-

979 1745 1050 1773 tutn,
1067 1746 1097 1769 ut
1108 1748 1157 1776 par
1168 1746 1221 1773 est,
1236 1741 1380 1775 suscipite.
1406 1741 1508 1769 Monita
1528 1745 1622 1769 nostra
1639 1745 1767 1776 tanquam

980 1793 1106 1822 paternas
1120 1787 1328 1816 adhortationes
1339 1786 1443 1818 audite.
1463 1787 1592 1815 Eamdem
1609 1795 1717 1815 mecum
1742 1793 1770 1815 et

980 1834 1141 1861 sententiam
1167 1838 1195 1861 et
1210 1833 1290 1860 fidem
1306 1833 1400 1865 colite,
1419 1837 1449 1860 nt
1467 1833 1495 1860 in
1510 1833 1607 1860 eodem
1628 1834 1726 1868 spiritu
1740 1838 1770 1861 et

981 1884 1072 1907 tuente
1087 1879 1242 1912 credentes,
1255 1878 1384 1914 idemque
1399 1879 1433 1907 de
1450 1879 1501 1906 lide
1517 1878 1668 1907 sentientes
1681 1886 1770 1914 quan-

979 1924 1026 1952 diu
1042 1925 1093 1952 hac
1108 1924 1250 1959 fungimur
1268 1924 1322 1952 vita
1338 1925 1458 1952 invicem
1474 1925 1633 1960 diligamus,
1650 1925 1769 1952 invicem

980 1971 1165 1998 consolemur.
1184 1970 1250 1997 Post
1273 1977 1339 1997 vero
1354 1970 1438 2004 hujus
1454 1970 1581 1997 mortalis
1597 1970 1710 1998 sarcinae
1724 1970 1771 1996 de-

980 2016 1145 2051 positionem
1160 2015 1284 2042 eamdem
1298 2016 1326 2043 in
1337 2015 1447 2043 Christo
1456 2016 1569 2050 gloriam
1584 2016 1769 2046 obtineamus.

979 2066 1008 2090 et
1022 2062 1207 2090 desideratum
1219 2062 1301 2089 tinem
1318 2060 1423 2096 adepti,
1443 2062 1498 2088 vita
1515 2061 1639 2089 fruamur
1655 2066 1769 2089 telerna.

980 2107 1065 2136 Anien
1070 2126 1076 2133 .

135 2201 141 2213 ._
176 2179 185 2194 '
198 2179 294 2207 Matth.
312 2187 368 2213 xvt,
396 2179 439 2206 l8.
475 2181 485 2195 ¹
501 2179 569 2207 Ibid.
589 2180 633 2207 l9.
674 2179 683 2195 '
698 2179 777 2206 Joan.
795 2185 867 2212 xx",
888 2177 985 2206 15-17.
1023 2178 1034 2193 ⁸
1051 2177 1117 2205 Luc.
1135 2184 1202 2211 xxtt,
1220 2177 1266 2204 52.

527 2311 946 2369 GBz‘ECORUM
989 2309 1385 2367 CONFESSIO

375 2415 425 2445 DE
442 2414 585 2445 VERBIS
603 2413 949 2446 CONSECRATIONIS
964 2414 1015 2444 ET
1034 2411 1549 2449 TRANSSUBSTANTIATIONE,

320 2479 347 2509 Α
375 2476 645 2509 ΒΕΞΞΑΒΙΟΝΕ
674 2475 893 2508 EXPOSITA
919 2476 928 2506 λ

1000 2474 1202 2507 CONCILIO
1229 2473 1505 2505 FLORENTINO
1535 2471 1590 2512 (1).

665 2537 813 2570 (llastuos,
827 2537 949 2563 Humum
961 2535 1086 2568 Italicum,
1100 2536 1120 2568 Ι,
1139 2543 1164 2567 ιι,
1177 2535 1244 2566 Ξιὸ.)

177 2666 223 2693 Die
239 2663 389 2696 Dominica,
401 2661 495 2697 quinta
510 2661 574 2689 Julii
595 2661 618 2688 Μ
628 2657 714 2688 CCCC
727 2659 883 2694 XXXVII",
901 2660 928 2687 in

141 2710 262 2747 generali
288 2707 516 2744 congregatione,
534 2707 697 2742 praesidente
714 2707 740 2734 in
759 2707 853 2734 eadem
867 2714 929 2734 san-

141 2755 264 2786 ctissimo
289 2755 401 2783 domino
425 2758 520 2781 nostro
544 2753 656 2781 domino
685 2753 817 2788 Eugenio,
836 2752 929 2780 divina

179 2815 216 2849 (l)
245 2813 492 2850 liuiusversitmis
518 2812 719 2850 autographum
743 2811 769 2838 in
797 2811 926 2839 thesauro

143 2848 312 2878 serenissitni
328 2849 414 2884 Magni
436 2848 551 2876 Etruriae
576 2848 656 2875 Ducis
672 2851 840 2880 asservatur,
864 2854 935 2873 cum

982 2658 1153 2694 providentia
1172 2664 1240 2692 papa
1259 2661 1369 2692 quarto,
1391 2656 1572 2692 praesentibus
1596 2657 1769 2686 reverendis-

982 2705 1060 2733 simis
1082 2703 1295 2738 reverendisque
1320 2703 1444 2730 Patribns
1469 2707 1497 2730 et
1525 2702 1644 2730 dominis
1667 2708 1769 2732 sanctae

982 2752 1113 2779 Romana:
1125 2749 1254 2777 Ecclesia:
1267 2748 1463 2778 cardinalibus.
1476 2748 1650 2783 patriarchis,
1661 2750 1768 2777 archie-

982 2808 1148 2840 authenticis
1178 2807 1277 2835 litteris
1305 2806 1428 2839 unionis,
1453 2807 1567 2835 Latinos
1591 2808 1664 2836 inter
1687 2812 1769 2841 atque

981 2849 1090 2873 brzrcos
1106 2844 1183 2871 facta:
1199 2843 1226 2871 in
1242 2843 1360 2870 concilio
1382 2842 1552 2870 Florentino.
1573 2842 1648 2871 Hane
1666 2844 1769 2870 versio-

1782 2336 1790 2362 μ

1782 2364 1788 2441 ἒ
