1920 3063
100 2465 118 2570 ἓ.

98 2572 107 2604 l

132 108 181 161 ιδι

608 128 860 161 BESSARIONIS
879 131 909 161 S.
933 132 970 161 Ii.
990 131 1023 163 E.
1047 131 1281 162 CARDINALIS

1701 130 1759 163 4932

132 186 271 222 ptseopis,
291 187 436 222 episcopis.
457 187 613 219 abbatibus,
634 187 793 215 doctoribus
811 192 836 215 et
858 195 916 214 ma-
932 191 953 218 Α
968 189 1111 223 sequimur
1130 188 1165 216 de
1179 189 1354 216 necessitate.
1374 187 1410 215 De
1425 187 1477 215 liae
1496 188 1646 222 qutcstione
1664 187 1742 216 brevi

130 234 232 267 gistris,
246 238 298 260 tam
314 232 418 260 Latinis
429 241 509 268 quam
524 232 636 265 Graecis,
654 233 819 261 reverendus
835 233 913 260 Pater

131 279 260 305 dominus
283 278 505 313 archiepiscopus
523 277 658 313 Nicaeuus,
676 287 726 306 suo
746 287 778 306 ac
798 279 914 306 aliorunt

131 325 241 350 Patrum
255 323 403 352 Ecclesiam
420 323 584 352 Orientalem
600 325 853 360 reprzesentantium
869 334 915 353 no-

131 369 216 404 mine,
231 369 350 404 publice,
365 371 419 398 alta
432 375 459 398 et
476 370 640 406 iutelligibili
657 378 723 398 voce
746 371 869 405 exposuit
889 373 914 398 in

131 416 191 443 haec
206 417 299 448 verba,
321 416 363 444 vel
380 417 420 444 eis
441 417 467 444 in
487 416 585 443 effectu
602 416 711 443 similia.
728 426 737 441 ι
757 416 915 444 Beatissime

137 462 229 493 I'ater,
241 470 344 497 vosque
359 462 581 490 reverendissimi
604 463 696 490 Patres
712 469 739 490 et
756 463 858 490 domini
872 463 917 490 hie

133 514 293 543 praesentes.
310 508 442 542 Quoniam
462 509 488 535 in
500 509 717 544 prmcedcntibus
730 510 918 545 congregatio-

134 554 216 581 nibus
233 553 334 581 ttostris
348 553 418 581 inter
431 553 498 580 alias
513 553 684 581 differentias
705 559 813 582 nostras
826 560 917 582 ortum

133 603 176 625 est
199 597 312 625 dubiutn
337 599 371 625 de
393 602 600 626 consecratione
626 599 802 626 sacratissimi
827 608 918 627 sacra-

135 644 218 670 menti
231 643 427 672 Eucharistitez
441 649 469 670 et
483 643 567 678 aliqui
585 643 714 678 suspicati
729 648 793 671 sunt
804 664 811 675 ,
829 652 877 671 nos
892 649 919 671 et

136 689 286 717 Ecclesiam
304 694 424 716 nostram
443 697 498 716 nott
507 689 627 723 credere
657 689 726 716 illud
755 690 920 724 pretiosissi-

136 743 210 763 tuum
237 740 438 762 sacramentum
463 743 512 769 per
535 735 616 762 verba
644 734 792 763 Salvatoris
813 735 919 764 Domini

135 782 221 809 nostri
246 781 311 809 Jesu
332 781 434 809 Christi
461 781 576 814 conﬁci;
595 786 707 816 propter
726 781 795 808 hanc
810 789 921 808 causam

135 834 261 855 assumus
292 834 383 854 coram
407 830 497 853 vestra
523 825 715 858 beatitudine,
737 826 920 860 omnibusque

135 873 197 900 aliis
213 872 258 900 hic
272 872 436 905 astantibus,
451 872 498 907 qui
513 879 562 906 pro
578 876 657 907 parte
673 877 775 898 sancta:
789 872 918 899 Romana:

137 918 264 946 Ecclesiae
279 923 354 949 sunt,
377 918 410 945 ad
435 914 641 945 certificandum
659 922 780 944 vestram
806 917 921 945 beatitu-

137 965 226 991 dinem
242 969 269 991 et
285 963 353 991 alios
368 964 461 991 Patres
475 968 502 990 et
519 963 644 990 dominos
660 963 704 989 hic
725 968 870 997 przesentes
886 963 920 989 de

137 1010 189 1037 bac
211 1010 391 1042 dubitatione,
415 1014 443 1036 et
465 1009 582 1037 dicimus
607 1009 729 1036 breviter
747 1017 752 1034 :
774 1008 829 1037 Nos
858 1017 921 1036 usos

141 1056 226 1084 fuisse
241 1055 390 1091 Scripturis
410 1061 437 1084 et
452 1056 598 1083 sententiis
616 1059 772 1083 sanctorum
789 1055 898 1083 Patrum
912 1076 919 1087 .

139 1107 334 1137 Cognoscentes
359 1108 386 1130 et
410 1101 661 1129 animadvertentes
679 1101 854 1136 fragilitatem
871 1102 921 1128 ltu-

140 1147 212 1174 ntani
228 1155 335 1179 sensus,
354 1148 478 1176 volumus
490 1147 630 1175 adhasrere
648 1148 792 1175 sententiis
813 1152 922 1175 sancto-

139 1201 200 1221 rum
217 1193 326 1222 Patrum
340 1198 369 1221 et
385 1194 548 1226 ratiOnibus,
566 1194 666 1228 spretis
683 1193 812 1220 humanis
827 1193 922 1221 inven-

141 1241 192 1272 tis;
207 1247 259 1274 qua
278 1239 387 1274 quidem
411 1240 445 1268 de
467 1248 512 1272 re.
530 1240 610 1269 Pater
626 1240 791 1272 beatissime,
815 1247 877 1267 cum
894 1241 921 1267 iu

140 1286 268 1316 omnibus
281 1287 342 1314 aliis
354 1287 564 1314 auctoritatibus
577 1287 688 1314 Patrum
704 1278 862 1315 sanctorum
881 1287 921 1314 ttsi

139 1339 243 1365 sumus,
259 1331 341 1359 etiam
356 1332 400 1360 his
414 1333 440 1359 in
463 1333 590 1367 praesenti
616 1332 787 1359 dubitatione
804 1333 920 1359 utimur.

141 1378 175 1405 Et
189 1379 317 1413 quoniam
332 1377 366 1404 ab
382 1378 509 1405 omnibus
529 1378 631 1405 sanctis
647 1377 808 1405 doctoribus
831 1377 924 1404 Eccle-

142 1424 200 1456 siae,
219 1423 372 1460 praesertim
388 1423 422 1450 ab
439 1423 485 1450 illo
502 1423 662 1450 beatissimo
684 1423 790 1451 Joanne
805 1422 924 1458 Chryso-

142 1474 242 1501 stonto,
260 1469 307 1504 qui
323 1468 402 1496 nobis
424 1468 592 1496 notissimus
611 1473 662 1500 est,
690 1468 817 1496 audimus
841 1468 922 1495 verba

967 240 1008 262 tcr
1026 235 1145 261 diximus
1164 239 1190 260 et
1206 233 1387 266 sufficienter,
1413 239 1440 261 et
1465 237 1584 261 vestram
1610 234 1754 262 beatitudi-

967 287 1029 306 nctn
1043 280 1077 306 de
1091 285 1184 306 nostra
1199 279 1352 307 itttenliotte
1369 284 1472 306 certam
1487 279 1638 306 reddimus.
1651 280 1758 308 Annal.-

966 333 1015 352 nus
1032 326 1169 353 notarius.

1003 370 1060 406 Ego
1075 369 1204 398 Nicolaus
1216 370 1388 404 Sagndineus
1404 370 1613 407 Euripontinus,
1631 371 1754 398 omnium

967 417 1219 451 suprascriptorum
1237 416 1383 443 verborum
1400 417 1545 452 interpres.
1560 421 1589 444 et
1606 417 1640 444 de
1660 417 1758 446 Graeco

968 463 995 489 in
1015 462 1140 489 Latinum
1156 462 1307 494 traductor,
1327 462 1414 490 fateor
1427 463 1518 489 omnia
1531 463 1572 490 sic
1589 463 1622 490 ad
1636 463 1756 491 litterant

969 516 1016 543 per
1031 508 1189 543 pra-dictum
1205 508 1347 535 domintttn
1364 507 1511 539 Nicatnum,
1524 508 1606 535 modo
1619 515 1648 536 ut
1663 517 1758 544 supra.

968 554 1063 582 Graece
1080 554 1152 581 dicta
1174 554 1259 581 fuisse
1273 574 1279 584 .
1299 558 1325 580 et
1349 562 1363 580 a
1390 561 1432 580 me
1449 553 1565 586 fideliter
1584 554 1610 580 in
1630 554 1758 582 Latinum

969 608 1111 628 conversa.
1129 599 1157 626 In
1170 600 1248 634 cujus
1264 599 1301 625 rei
1317 599 1503 626 testimonium
1514 604 1540 626 et
1555 599 1758 634 lidcjussiouem

970 645 1121 680 requisitos
1139 645 1184 671 llic
1202 653 1282 671 manu
1309 645 1421 679 propria
1447 645 1564 679 scripsi,
1591 650 1618 672 et
1642 646 1668 672 itt
1687 646 1759 673 hanc

971 690 1063 725 redegi
1079 690 1208 717 fortunam.
1232 690 1387 722 Florentiae,
1405 690 1449 717 die
1463 699 1533 718 xxvu
1553 691 1654 718 mensis
1667 693 1760 725 Augu-

971 735 1016 767 sti.
1031 743 1102 762 anno
1120 735 1265 763 Dominicm
1280 735 1435 763 Nativitatis
1454 743 1470 762 tt
1483 744 1545 763 cccc
1561 745 1685 764 xxxvntt.
1702 738 1758 764 Aa-

973 790 1074 810 tsoums
1094 782 1228 809 notarius.

1007 828 1084 861 Quod
1110 832 1138 854 et
1158 835 1209 862 ego
1227 827 1442 855 Bartholomaaus
1463 828 1582 855 Joannes
1616 827 1650 855 de
1681 827 1736 863 Lyd
1749 849 1757 859 ,

972 873 1093 900 clericus
1107 872 1268 899 Leodiensis
1282 873 1410 906 diocesis,
1430 873 1556 907 publicus
1574 874 1719 907 apostolica
1731 880 1759 900 et

972 919 1107 954 imperiali
1123 919 1334 946 auctoritatibus
1353 927 1384 946 ac
1395 919 1465 946 sacri
1486 920 1635 947 Florentini
1651 927 1759 956 ycume-

970 965 1026 992 nicl
1043 965 1152 992 concilii
1174 964 1308 997 notarius,
1325 965 1389 1000 quia
1404 966 1595 999 przedictorum
1612 967 1757 994 verborum

971 1010 1129 1046 prolationi,
1153 1010 1340 1044 expositioni,
1367 1010 1552 1043 confessioni.
1575 1011 1759 1046 omnibusque

972 1057 1032 1084 aliis
1051 1061 1078 1083 et
1093 1056 1208 1091 singulis
1228 1055 1375 1091 prtemissis
1391 1064 1443 1083 una
1460 1064 1521 1083 cum
1540 1057 1659 1091 pnefatis
1677 1065 1757 1084 reve-

972 1105 1145 1132 rendissimis
1167 1104 1381 1138 reverendisque
1402 1104 1530 1132 Patribus
1551 1110 1579 1132 et
1597 1107 1758 1133 eonnotario

973 1150 1044 1178 infra
1059 1150 1160 1184 scripto
1178 1149 1302 1181 interfui,
1314 1157 1403 1184 eaque
1419 1150 1458 1177 sic
1475 1150 1532 1176 fieri
1547 1150 1599 1177 vidi
1613 1155 1638 1177 el
1653 1151 1756 1185 audivi;

974 1199 1077 1227 idcirco
1095 1199 1145 1226 hoc
1164 1206 1286 1233 praesens
1303 1197 1442 1232 publicum
1467 1198 1679 1224 instrumentum
1708 1203 1759 1231 per

974 1243 1115 1278 praefatum
1131 1242 1308 1277 interpretem
1329 1242 1451 1269 fideliter
1469 1242 1501 1269 de
1519 1241 1612 1269 Gratco
1636 1241 1662 1267 itt
1685 1240 1760 1267 Lati-

974 1296 1038 1315 num
1065 1287 1220 1314 traductum
1247 1287 1416 1322 subscripsi,
1438 1287 1570 1321 signoque
1595 1290 1623 1313 et
1649 1286 1759 1313 nomine

975 1331 1044 1358 meis
1059 1330 1148 1358 solitis
1161 1335 1188 1357 et
1208 1331 1348 1358 consuetis
1371 1331 1477 1365 signavi
1494 1335 1606 1365 rogatus
1626 1334 1652 1357 et
1670 1331 1761 1363 requi-

974 1377 1042 1404 situs
1060 1377 1085 1402 in
1103 1377 1291 1404 testimonium
1309 1377 1524 1410 praemissorum.

1010 1421 1042 1448 Et
1059 1429 1109 1456 ego
1126 1421 1263 1449 Arnoldus
1281 1421 1427 1456 Liudolplti
1443 1421 1478 1448 de
1497 1421 1668 1456 Bevervoych,
1681 1422 1761 1448 cleri—

976 1476 1024 1495 cus
1047 1468 1231 1503 Trajeetcnsis
1253 1467 1381 1499 diocesis.
1404 1469 1532 1502 publicos
1558 1468 1706 1502 apostolica
1733 1474 1761 1496 et

142 1515 284 1542 hominica
306 1521 367 1542 esse
390 1514 435 1542 illa
458 1522 518 1549 qua:
541 1518 646 1540 mutant
669 1518 697 1540 et
719 1513 923 1541 transsubstan-
938 1526 961 1555 ο
977 1513 1111 1549 imperiali
1131 1513 1342 1541 auctoritatibus
1363 1515 1505 1546 notarius,
1529 1515 1595 1548 quia
1611 1514 1759 1541 verborum

145 1562 209 1587 tiam
226 1567 324 1596 panem
350 1565 377 1587 et
401 1558 495 1586 vinum
514 1559 540 1585 in
556 1566 655 1593 corpus
670 1566 763 1586 verum
782 1558 885 1586 Christi
898 1564 925 1586 et

143 1607 320 1643 sanguinem;
343 1611 370 1633 et
393 1605 465 1640 quod
492 1605 537 1633 illa
563 1605 644 1631 verba
670 1605 761 1632 divina
777 1604 927 1632 Salvatoris

144 1660 252 1680 omnem
267 1653 393 1687 virtutem
411 1650 724 1679 transsubstautiationis
738 1650 839 1677 habent
853 1659 860 1683 ;
878 1658 927 1677 nos

145 1703 235 1735 ipsum
252 1698 454 1726 sanctissimum
471 1698 622 1730 doctorem,
635 1701 661 1724 et
677 1696 750 1724 illius
764 1696 926 1724 sententiam

146 1776 207 1795 nem
225 1775 285 1794 cum
303 1767 473 1800 legissemus,
498 1766 583 1793 illast.
609 1764 757 1800 Antonium
782 1763 928 1799 Magliabc-

145 1811 220 1832 cum.
241 1809 358 1835 quocum
380 1806 445 1828 tunc
470 1808 591 1830 eramus.
620 1799 785 1832 rogavimus,
815 1804 844 1826 ut
869 1800 940 1833 ejus.

146 1838 227 1865 nobis
246 1837 350 1870 copiam
366 1836 423 1863 fieri
441 1843 489 1870 pro
505 1843 552 1862 sua
575 1835 602 1861 in
627 1842 676 1862 nos
696 1835 864 1870 humanitate
881 1842 930 1861 cu-

146 1876 230 1899 raret.
255 1867 286 1898 Idl
304 1870 375 1904 quod
397 1867 604 1904 diligentissime
629 1869 774 1904 praestitit,
802 1867 927 1895 adltibito

146 1908 206 1934 viro
218 1906 370 1933 clarissimo
381 1903 550 1935 Gastruzzio,
562 1905 608 1938 qui
622 1903 687 1930 illud
702 1904 790 1938 ipsum
805 1908 929 1937 autogra-

147 1943 230 1975 phnm
249 1940 412 1975 peritissime
428 1941 550 1967 imitatus
561 1944 612 1966 est.
628 1939 758 1975 Praedicta
772 1938 927 1975 Graecorum

147 1972 283 2003 confessio
300 1983 352 2002 non
370 1976 436 2002 levis
457 1980 498 2002 est
516 1974 645 2001 momenti
662 1973 694 2000 ad
713 1972 927 2007 persuadendum

149 2011 306 2038 ercorum
325 2010 358 2037 de
384 2010 556 2036 Eucltaristia
588 2008 678 2039 Iidem,
696 2009 730 2035 de
755 2015 808 2041 qua
836 2013 876 2034 tot
901 2013 928 2035 et

149 2051 230 2072 tantae
253 2045 449 2071 controversi-.e
475 2052 489 2071 a
513 2044 671 2071 (lalvittistis
698 2050 784 2076 nuper
803 2043 928 2069 excitate

148 2086 223 2107 sunt.
252 2080 394 2107 Coufessio
418 2080 474 2106 haec
499 2079 567 2105 duas
591 2079 673 2104 habet
699 2082 800 2112 partes,
830 2084 929 2111 nempe

149 2115 382 2142 consecrationem
399 2114 489 2141 verbis
503 2113 603 2140 Cltristi
621 2113 726 2140 Domini
745 2112 840 2138 confici
852 2131 860 2142 ,
874 2119 927 2138 non

149 2150 277 2184 precibus
291 2150 354 2180 lllls,
366 2157 424 2182 qure
437 2154 495 2182 post
508 2147 590 2184 verba
607 2155 682 2184 sacra
699 2147 795 2184 littora
806 2146 926 2184 Graecis:

148 2180 231 2220 atque
249 2184 291 2220 Itis
311 2180 399 2211 verbis
413 2180 509 2220 panem
521 2187 548 2208 et
563 2182 654 2220 vinum
670 2183 695 2208 in
711 2180 812 2220 Christi
828 2188 928 2220 corpus

148 2216 344 2253 ctsauguinem
363 2218 461 2244 tnutari
476 2216 780 2253 et_trattssttbstatttiari.
793 2216 927 2253 Etsivero

150 2255 183 2280 tle
203 2250 287 2287 priori
311 2253 463 2279 assertione
479 2251 570 2287 aliqua
597 2252 648 2278 fuit
664 2250 836 2287 concertatio
855 2250 926 2287 inter

149 2285 339 2315 llessariOItent
363 2287 502 2314 Niczcnum
527 2285 684 2320 episcopum
702 2286 853 2318 superioris
867 2285 927 2311 for-

149 2323 230 2349 mula:
250 2329 417 2356 praeconem,
444 2322 571 2354 interque
599 2320 716 2347 Marcum
738 2320 925 2356 Ephesiorum;

148 2358 223 2387 nulla
244 2355 333 2384 tamen
348 2363 461 2391 prorsus
473 2356 546 2383 inter
559 2363 606 2381 eos
621 2356 654 2381 de
673 2355 818 2391 posteriori
836 2355 926 2391 disce-

150 2392 235 2424 l-tatio
250 2388 414 2426 agitata'est.
428 2390 456 2418 Id
474 2395 548 2426 patet
561 2398 592 2416 ex
612 2390 736 2416 oratione
755 2388 927 2426 Bessarionis

148 2433 206 2453 tum
229 2424 375 2454 cardiualis
395 2426 429 2454 de
451 2425 620 2454 Eucltaristia
647 2433 653 2451 :
678 2432 732 2458 qua
754 2424 780 2450 in
801 2424 926 2450 oratione

148 2462 271 2488 eamdem
287 2460 449 2492 doctrinam,
466 2468 526 2494 qua:
550 2461 577 2486 in
591 2458 728 2493 superiori
749 2458 926 2485 Coulessione

148 2496 288 2533 proposita
302 2500 353 2533 est,
369 2496 476 2533 egregie
490 2499 581 2533 tuetur
601 2496 730 2533 adversus
741 2498 845 2533 “contra
862 2500 925 2532 sen-

149 2527 257 2562 iicn’tes,
271 2531 297 2557 in
309 2527 405 2564 primis~
416 2527 510 2556 contra
519 2529 639 2557 Marcum
649 2528 815 2563 Epltesinum
829 2536 835 2553 :
848 2527 927 2564 cujus

148 2565 265 2600 objecta,
281 2562 316 2592 ei
329 2565 409 2592 dictis
423 2564 524 2591 Nl(0lal
536 2562 836 2600 Cabasiledcsump‘ts,
847 2562 926 2588 refel-

148 2597 193 2626 lit?
209 2600 248 2631 Ex
268 2601 367 2634 quibus
391 2600 533 2625 manifeste
553 2598 723 2632 intelligitur,
748 2597 773 2623 in
792 2597 838 2634 illa
862 2605 927 2622 con-

149 2632 285 2662 troversia
294 2641 462 2668 nequaquam
484 2633 558 2660 litem
579 2634 662 2659 fuisse
676 2635 707 2659 de
724 2632 926 2668 transsubstau-

149 2670 271 2701 tiatione,
294 2667 374 2704 quam
391 2676 505 2702 uterque
528 2677 575 2703 pro
599 2668 750 2696 indubitata
769 2667 925 2704 Grato-orum

147 2705 270 2734 doctrina
285 2702 418 2731 habebat:
429 2705 474 2731 sed
486 2704 519 2730 de
528 2702 631 2733 vcrbis,
647 2704 745 2737 quibus
757 2702 926 2735 consecratio

149 2739 299 2772 perficitur.
319 2739 459 2766 Prtemissa
479 2747 542 2766 vero
555 2738 711 2765 Gttceorum
730 2738 877 2767 confessio,
893 2745 926 2762 co

148 2773 259 2808 majoris
279 2779 321 2804 est
344 2774 489 2808 momenti,
506 2774 576 2808 quod
595 2774 737 2800 Bessnrion
755 2772 925 2808 Illam,’cotu-

149 2809 327 2841 probantibus
341 2809 401 2836 aliis
415 2807 587 2840 erctS,uno
605 2809 694 2835 forsan
707 2813 821 2840 cxrepto
838 2807 925 2833 Marco

149 2844 296 2877 i‘dlllCSlllU,
315 2846 360 2879 qui
376 2845 435 2879 ejus
447 2850 595 2879 perpetuus
612 2843 785 2871 adversarius
801 2846 903 2868 easnttt
916 2861 922 2873 ,

978 1559 1170 1594 praedictorum
1186 1559 1331 1594 prolationi
1345 1565 1372 1587 et
1385 1560 1563 1592 confessioni,
1578 1560 1761 1594 omnibusque

978 1605 1038 1632 aliis
1058 1604 1214 1639 prectuissis,
1231 1606 1307 1637 dum,
1327 1606 1398 1632 sicut
1423 1605 1604 1640 praemittitur,
1620 1613 1667 1639 per
1684 1613 1763 1632 reve-

979 1649 1170 1676 rendissintum
1182 1650 1288 1676 Patroni
1301 1649 1404 1676 dictum
1424 1649 1659 1684 archiepiscopum
1674 1649 1762 1677 Nic-te-

979 1702 1044 1721 num
1074 1699 1229 1729 agerentur,
1256 1700 1496 1730 proponerentur,
1519 1699 1548 1722 et
1572 1695 1680 1726 tierent.
1707 1703 1760 1722 una

979 1764 1006 1789 in
1025 1763 1160 1797 frequenti
1176 1763 1292 1790 concilio
1305 1763 1442 1797 exposuit,
1457 1770 1519 1790 cum
1545 1762 1667 1788 nondum
1686 1769 1761 1789 esset

979 1797 1136 1826 eardinalis.
1148 1798 1234 1832 llujus
1252 1806 1333 1833 perro
1352 1798 1545 1833 confessionis
1557 1797 1713 1833 tuentionit
1733 1797 1759 1833 in

980 1833 1046 1865 ipsis
1057 1833 1167 1860 concilii
1180 1831 1264 1863 Actis.
1279 1840 1337 1867 cap.
1352 1840 1376 1858 tx
1391 1832 1485 1865 (Cone.
1499 1832 1567 1858 Lab.
1585 1836 1605 1858 t.
1620 1831 1690 1863 Xlll,
1704 1832 1758 1859 col.

979 1867 1052 1899 491),
1071 1868 1151 1901 paulo
1168 1872 1230 1894 ante
1247 1866 1363 1894 mortem
1386 1866 1495 1901 Josephi
1513 1867 1674 1900 patriarcha:
1689 1875 1696 1892 :
1712 1867 1759 1892 ubi

980 1909 1125 1935 utrumque
1139 1922 1146 1933 ,
1167 1902 1295 1929 nimirum
1313 1903 1342 1928 et
1362 1902 1443 1928 verba
1464 1901 1680 1928 consecrationis
1694 1922 1700 1932 ,
1731 1907 1760 1928 et

981 1936 1259 1969 transsubsmntiatio,
1274 1936 1384 1963 disertis
1394 1936 1485 1963 verbis
1498 1936 1639 1962 astruitur.
1657 1935 1759 1963 Deinde

980 1977 1039 2004 post
1053 1972 1191 1999 recitatam
1210 1971 1331 2006 ejusdem
1356 1976 1469 1998 mortem
1485 1970 1547 1997 illud
1565 1971 1655 2006 ipsum
1668 1970 1758 1997 denuo

980 2006 1121 2038 repetitur.
1133 2004 1267 2033 Cat-ternm
1283 2006 1354 2039 quod
1370 2006 1469 2032 attinet
1485 2006 1516 2032 ad
1530 2006 1624 2032 Patres
1637 2004 1757 2033 Gut-cos.

980 2042 1095 2068 tunitne
1109 2040 1346 2074 Citrysostntuum.
1363 2048 1482 2074 quorum
1500 2040 1662 2067 sententiam
1680 2041 1757 2074 sequi

979 2083 1007 2103 se
1035 2076 1061 2102 iu
1090 2076 1219 2109 pracdicto
1247 2076 1362 2102 formula
1389 2075 1475 2102 Gratci
1499 2083 1548 2108 per
1569 2074 1757 2101 Bessarionem

980 2111 1145 2136 confitentur
1163 2118 1169 2136 :
1188 2119 1281 2137 eorum
1299 2109 1453 2136 testitnonia
1478 2109 1563 2136 refert
1578 2109 1649 2135 idem
1664 2109 1759 2136 Bessa-

981 2144 1040 2171 riou
1061 2145 1087 2172 itt
1103 2146 1268 2180 pra-laudata
1283 2145 1406 2172 oratione
1425 2145 1458 2171 de
1473 2144 1652 2170 Eucltaristia.
1669 2143 1758 2180 Clu-y-

980 2178 1166 2206 sostomi'loea
1190 2181 1311 2206 citantur
1327 2187 1359 2206 ex
1378 2180 1441 2206 ltom
1454 2179 1488 2205 lia
1510 2186 1582 2205 xxxu
1600 2186 1682 2212 super
1693 2178 1761 2205 blat-

980 2214 1092 2246 tlta-um,
1106 2222 1138 2241 cx
1157 2222 1227 2241 xxvu
1243 2222 1324 2248 super
1340 2216 1454 2247 primam
1471 2214 1504 2240 ad
1525 2213 1686 2240 Corinthios
1698 2233 1704 2244 ,
1725 2221 1758 2242 ex

977 2248 1087 2275 homiiia
1099 2249 1133 2275 de
1148 2249 1304 2283 proditione
1319 2249 1468 2280 traditoris,
1480 2254 1508 2275 et
1524 2254 1760 2275 sacramentorum

978 2283 1132 2311 traditione.

1012 2318 1087 2344 Haud
1104 2319 1162 2345 scio
1178 2326 1210 2345 an
1224 2319 1352 2346 Nicotaus
1369 2319 1414 2346 ille
1427 2319 1597 2352 Sagudineus
1623 2317 1759 2351 Euripon-

977 2353 1059 2383 tinus,
1076 2353 1121 2383 nui
1140 2355 1309 2387 superiorem
1322 2351 1527 2380 Coufcssioitcm
1544 2353 1639 2380 Latine
1657 2351 1739 2378 vertit
1750 2371 1758 2382 ,

976 2388 1048 2416 idem
1066 2388 1100 2416 sit
1116 2393 1198 2422 atque
1214 2388 1342 2416 Nicolaus
1358 2388 1506 2418 Euboicus.
1520 2388 1553 2414 de
1571 2396 1626 2422 quo
1642 2387 1677 2412 ita
1690 2387 1760 2422 scrif

977 2424 1017 2449 bit
1031 2421 1174 2449 Mattlnens
1188 2423 1336 2450 Pulmertus
1354 2426 1380 2449 in
1399 2423 1468 2449 libro
1480 2424 1512 2449 de
1529 2422 1711 2455 Temportbus
1725 2421 1759 2447 :td

976 2465 1077 2484 annum
1096 2458 1162 2485 145i)
1185 2467 1190 2483 ι
1207 2458 1332 2484 Nicotaus
1347 2457 1487 2488 Euboicus,
1504 2458 1606 2485 Latina:
1621 2460 1644 2482 et
1660 2455 1759 2482 erca'

977 2492 1072 2527 lingmc
1088 2498 1167 2528 utque
1180 2492 1317 2528 elegantia:
1333 2493 1451 2528 princeps
1468 2492 1668 2528 laudatissimus
1681 2491 1759 2516 Imbe-

977 2532 1043 2554 tur:
1066 2526 1161 2561 quiiin
1186 2526 1316 2562 frequenti
1345 2527 1453 2553 concilio
1482 2527 1581 2552 medius
1615 2526 1758 2556 assistens,

976 2563 1064 2588 multis
1077 2568 1101 2588 et
1117 2564 1225 2589 eruditis
1242 2564 1304 2589 uiris
1321 2561 1495 2593 audientibus,
1519 2569 1559 2587 me
1579 2568 1678 2596 quoque
1694 2564 1758 2585 teste

976 2598 1077 2624 ridente
1092 2599 1273 2632 audienteque,
1291 2598 1484 2632 disputantium
1500 2597 1576 2623 verba
1599 2601 1678 2630 atque
1697 2602 1759 2632 sett-

976 2633 1083 2661 tentius.
1103 2637 1157 2659 tum
1174 2629 1274 2664 (Inice,
1288 2629 1342 2659 mni
1358 2632 1448 2658 Latine
1460 2631 1591 2665 prolutus,
1611 2638 1678 2656 intra
1691 2629 1759 2655 cele-

976 2669 1054 2694 ritate
1072 2669 1140 2693 ultro
1155 2669 1270 2702 citroque
1283 2669 1308 2694 in
1326 2674 1463 2702 utrumque
1476 2666 1596 2704 tinguant
1609 2665 1759 2704 ﬁdelissime

976 2707 999 2727 et
1016 2711 1117 2729 summa
1142 2700 1238 2728 ornatu
1260 2704 1394 2729 reddebat.
1419 2700 1455 2729 ita
1480 2702 1535 2734 ille,
1552 2702 1597 2734 qui
1614 2700 1709 2727 eodem
1732 2700 1759 2726 in

977 2737 1035 2763 loco
1052 2737 1242 2766 Ambrosium.
1259 2739 1475 2764 Catnalttulcnsis
1502 2737 1607 2763 Ol‘tlllllS
1631 2735 1758 2763 abbatem

976 2776 1142 2805 genet'aLcm,
1159 2773 1186 2798 in
1204 2774 1313 2799 convitia
1333 2773 1396 2800 item
1421 2772 1523 2799 clarum
1539 2772 1623 2798 luisse
1641 2770 1759 2804 subjun-

976 2814 1023 2842 git.
