1920 3063
127 166 181 198 493

623 168 672 198 DE
700 169 953 200 SACRAMENTO
981 168 1266 198 EUCUARISI‘HE.

1705 169 1759 202 49L

127 231 191 252 cum
225 223 467 252 reverendissimis
494 224 710 260 reverendisque
736 225 865 254 Patribus
891 224 1089 260 elAquisitus
1116 224 1143 251 in
1163 224 1243 251 tidem
1269 228 1296 251 et
1326 224 1513 251 testimonium
1543 222 1758 259 prmmissoru’m.

127 270 249 297 dominis
274 269 395 305 praefatis
413 277 445 298 ac
460 270 624 298 connotario
639 277 701 299 meo
723 271 913 307 suprascripto

127 323 248 350 pmsens
272 315 396 347 interfui.
411 323 498 350 caque
519 315 559 343 sic
585 315 644 343 ﬂeri
671 315 726 343 vidi
753 321 781 344 et
804 317 916 345 audivi:

128 361 189 389 ideo
204 361 256 388 hoc
270 369 391 396 praesens
406 361 547 396 publicum
563 363 790 396 instrumentum,
810 371 858 399 per
874 363 916 391 in-

128 410 276 442 tcrpretem
292 406 372 442 hujus
390 407 461 434 sacri
478 407 633 442 ycumenici
659 407 769 436 concilii
794 409 917 437 subscri-

128 458 215 486 ptum.
234 459 287 478 una
301 458 362 478 cum
381 451 456 479 dicto
471 452 633 480 connotario
658 453 808 489 subscripsi
823 475 830 486 ,
846 460 874 482 et
888 455 916 484 in

129 498 200 524 hanc
223 497 361 532 publicam
388 496 504 524 formant
532 497 637 533 redegi,
655 498 733 534 signo
757 504 786 527 et
804 500 916 529 nomine

130 544 199 571 meis
213 543 303 571 solitis
318 548 345 571 et
373 544 515 572 consuetis
538 544 644 580 signavi
675 549 786 581 rogatus
819 551 847 574 et
871 555 915 575 re-

1007 271 1064 306 Ego
1088 270 1236 303 Julianus,
1261 271 1332 298 tituli
1357 270 1462 298 Sancta:
1486 270 1593 298 Sabina:
1617 270 1759 306 presbyter

973 317 1133 350 cardinalis,
1153 316 1249 344 Sancti
1267 317 1363 352 Angeli
1389 317 1537 352 vulgariter
1562 321 1737 350 nuncupatus
1752 336 1761 349 ,

971 371 1093 398 praesens
1112 363 1152 391 fui
1168 363 1298 391 omnibus
1309 363 1464 398 prasdictis;
1482 368 1509 390 et
1531 369 1697 398 recognosco
1716 362 1761 389 lit-

970 415 1058 436 teram
1080 409 1212 444 scriptam
1237 417 1320 437 manu
1336 409 1442 445 pra-fati
1467 409 1572 437 Nicolai
1589 409 1738 444 Sagudinei
1752 430 1760 443 ,

970 455 1126 483 communis
1140 450 1298 490 interpretis
1313 454 1473 482 Latinorum
1489 460 1516 482 et
1529 453 1688 482 Grecomm
1710 462 1717 481 :
1733 458 1762 482 et

970 502 1004 529 ad
1030 507 1190 537 perpetuam
1215 502 1256 529 rei
1282 501 1444 529 memoriam
1461 501 1573 536 propria
1590 508 1672 527 manu
1693 499 1761 528 sub-

969 555 1075 583 scr-psi.

157 794 169 803 ε
623 715 1260 794 BESSARIONIS

724 849 904 881 EPISCOPI
927 849 1162 889 TUSCULANI,

244 925 412 957 SANCTJE
437 925 621 958 ROMANJE
649 924 852 956 ECCLESL/E
877 925 1130 965 CARDINALIS,
1151 927 1367 960 CPOLITANI
1390 926 1660 958 PATRIARCHIE

373 1011 463 1066 DE
504 1011 985 1082 SACBAMENTO
1025 1011 1533 1070 EUCHARISTIZE

385 1113 446 1144 ET
469 1113 622 1152 QUIBUS
648 1113 802 1145 VERBIS
823 1113 997 1145 CHRISTI
1017 1113 1175 1146 CORPUS
1197 1114 1493 1147 CONFICIATUR.

477 1189 570 1220 (Claud.
590 1188 712 1218 Sainctes,
731 1189 847 1222 Ltlurgiw
858 1189 907 1214 SS.
919 1189 1032 1215 Patrum.
1045 1190 1208 1221 Antwerplas.
1226 1189 1294 1215 1562.
1307 1190 1416 1220 Latine.)

921 1267 956 1276 ...-

167 1330 282 1358 Sacrum
300 1329 478 1364 divinumque
495 1332 538 1357 est
553 1329 736 1358 Eucharistia:
750 1330 924 1366 mysterium,
940 1337 962 1365 Β
977 1332 1231 1369 praesumpsissem,
1248 1330 1299 1358 nisi
1317 1338 1360 1358 me
1375 1336 1402 1358 et
1415 1330 1490 1366 juste
1506 1329 1679 1365 precantium
1693 1331 1766 1366 peti-

131 1384 180 1412 per
195 1377 268 1411 quod
292 1375 339 1402 ﬁlii
357 1375 422 1408 Dei,
439 1379 468 1403 et
484 1375 626 1409 baeredes.
654 1380 683 1404 et
698 1375 858 1404 cobaeredes
869 1397 876 1408 .
893 1382 922 1404 et.

131 1423 256 1459 ejusdem
276 1430 339 1450 cum
360 1422 478 1450 Domino
497 1422 622 1457 corporis
641 1423 777 1452 etIicimur
794 1431 857 1451 cum
878 1423 922 1451 di-

132 1478 185 1506 gne
201 1477 235 1497 co
252 1469 462 1505 participamus.
482 1469 535 1497 Sed
555 1469 642 1504 quaeri
658 1470 731 1497 inter
745 1470 922 1499 Christianos

132 1517 201 1543 solui.
214 1537 221 1549 ,
239 1516 341 1552 quibus
361 1515 536 1550 potiSsimum
559 1515 671 1547 verbis.
690 1516 763 1543 intra
784 1516 922 1545 solemnes

133 1563 276 1590 MLssarutn
299 1563 369 1590 ritus
384 1582 392 1594 ,
413 1568 620 1592 sacrosanctum
641 1562 749 1591 Domini
770 1570 871 1598 corpus
895 1567 924 1590 et

133 1608 247 1642 sanguis
277 1608 450 1636 conﬁciatur.
482 1609 536 1636 Alii
566 1609 639 1636 enim
668 1609 721 1636 hoc
749 1608 839 1636 facere
869 1608 923 1636 alia

134 1654 326 1682 existimantes
339 1675 346 1687 ,
377 1654 468 1682 Latini
497 1654 675 1683 Ambrosium
690 1677 697 1688 ,
719 1655 903 1690 Augustinum
915 1676 922 1688 ,

135 1699 299 1735 Gregorium
313 1720 320 1731 ,
343 1700 468 1735 aliosque
487 1700 615 1728 doctores
635 1708 701 1728 suos
721 1701 810 1729 seculi
825 1721 832 1733 ,
861 1708 923 1728 cum

134 1746 259 1774 doctrina
273 1766 281 1778 ,
299 1751 357 1772 tum
375 1746 436 1774 vita:
453 1747 598 1774 sanctitate
615 1752 793 1782 prtestantes,
810 1747 855 1775 illa
870 1747 925 1775 Do-

137 1791 206 1818 mlni
228 1791 310 1818 verba
330 1792 356 1819 id
378 1791 470 1819 facere
499 1791 722 1820 manifestissime
749 1797 924 1827 asseverant,

135 1835 192 1863 Iloc
211 1840 248 1863 est
268 1845 364 1872 corpus
385 1845 489 1869 meum;
510 1842 548 1871 et,
572 1837 622 1864 llic
649 1843 687 1865 est
706 1839 816 1874 sanguis
834 1847 924 1872 meus,

135 1888 289 1917 vanamque
310 1889 424 1916 prorsus
442 1883 502 1910 sine
521 1882 556 1910 iis
576 1891 638 1911 esse
659 1883 814 1911 orationem
834 1892 926 1912 sacer.

136 1927 209 1955 dotis
225 1929 384 1962 opinantur.
402 1929 494 1956 Graeci
512 1936 598 1961 vero,
618 1929 768 1964 praesertim
788 1929 927 1957 recentio-

137 1981 182 2001 res
196 1994 203 2006 ,
223 1981 287 2001 cum
301 1974 403 2002 Jacobo
422 1974 505 2002 fratre
523 1974 649 2008 Domini,
666 1975 767 2003 Basilio
787 1981 815 2003 et
838 1976 926 2012 Chry-

136 2027 259 2049 sostomo
278 2021 448 2054 sentientes,
466 2021 615 2057 singularis
635 2022 751 2058 exempli
773 2028 799 2050 et
820 2023 926 2050 sancti-

138 2068 238 2110 moniae
267 2067 350 2101 viris,
379 2075 433 2096 non
463 2068 518 2096 illis
546 2067 697 2096 Salvatoris
722 2069 811 2096 nostri
835 2068 928 2097 verbis

139 2114 245 2143 Christi
266 2122 366 2149 corpus
385 2120 413 2142 et
434 2115 594 2150 sanguinem
617 2114 718 2142 conlici
739 2118 857 2149 putant,
879 2113 927 2141 sed

137 2161 301 2196 quibusdam
323 2169 384 2196 qua:
404 2165 560 2195 sequuntur
579 2160 710 2195 precibus
739 2160 925 2188 sacerdotum.

138 2208 244 2241 Quibus
268 2208 296 2234 in
319 2207 462 2234 Missurum
484 2205 603 2238 officiis,
625 2213 685 2240 qua:
706 2205 805 2240 singuli
826 2206 928 2240 quique

138 2261 236 2280 eorum
258 2259 462 2287 composuere,
481 2251 528 2278 diu
548 2256 609 2286 post
626 2250 817 2278 recitationem
835 2250 929 2277 verbo-

139 2307 198 2325 rum
227 2297 360 2329 Domini,
391 2304 451 2332 quae
475 2304 558 2331 supra
584 2296 814 2328 memoravimus,
840 2296 929 2323 adhuc

140 2352 237 2378 panem
259 2347 286 2371 ct
306 2343 401 2371 vinum
420 2343 512 2370 oblata
529 2341 585 2369 Deo
602 2349 716 2368 munera
732 2341 887 2376 appellant,
900 2346 930 2368 et

140 2391 273 2426 Spiritum
294 2394 420 2418 sanctum
433 2411 440 2423 ,
462 2393 492 2417 ut
509 2397 591 2424 super
611 2398 642 2417 ea
658 2389 824 2422 descendat,
844 2388 930 2416 bene-

139 2437 232 2469 dicat,
247 2436 401 2464 sanctiﬁcat
413 2457 420 2470 ,
435 2444 466 2464 ac
483 2443 585 2471 corpus
600 2440 627 2462 et
642 2436 804 2470 sanguinem
818 2432 928 2462 Domini

139 2484 260 2517 eﬂiciat,
283 2485 414 2512 invocant
433 2488 462 2511 et
482 2489 642 2519 precantur.
663 2482 732 2510 Cum
754 2481 816 2510 talis
836 2482 929 2515 itaque

141 2535 270 2565 tantaque
290 2530 325 2557 sit
343 2529 378 2558 de
403 2538 433 2558 re
451 2530 569 2557 maxima
587 2530 660 2556 inter
676 2529 788 2556 Latinos
804 2527 929 2555 Grazcos-

140 2584 193 2611 que
215 2575 371 2607 dissensio,
389 2575 410 2603 si
427 2575 537 2610 quidem
558 2575 629 2601 inter
652 2580 802 2609 praesentes
823 2578 928 2600 tantum

141 2630 173 2649 ac
193 2627 293 2649 nostrae
311 2621 399 2648 aetatis
416 2622 489 2649 viros
507 2620 696 2648 controversia
714 2619 803 2652 foret,
822 2618 930 2646 facilius

141 2668 175 2696 de
196 2667 231 2695 iis
256 2672 349 2702 posset
373 2665 465 2702 quivis
487 2673 536 2701 pro
556 2674 605 2693 sua
623 2665 753 2700 opinione
769 2664 928 2691 disserere:

141 2722 203 2742 cum
222 2721 288 2740 vero
305 2714 377 2740 inter
395 2719 553 2739 communes
577 2711 704 2739 Ecclesia:
719 2711 863 2741 doctores,
881 2717 929 2736 ve-

143 2765 270 2794 teresque
293 2763 320 2786 et
345 2758 533 2786 sanctissimos
551 2757 645 2785 Patres
662 2762 771 2784 nostros
786 2756 928 2784 contentio

141 2807 262 2842 agitetur
281 2805 317 2841 (ii
336 2811 400 2832 sunt
420 2804 493 2831 cnim
510 2804 557 2839 qui
579 2809 604 2831 et
622 2803 770 2831 dissentire
791 2802 927 2833 invicem.

141 2859 168 2879 ct
182 2857 212 2880 ut
227 2849 272 2879 alii
288 2859 397 2887 quoque
411 2851 595 2882 dissentiant,
611 2849 701 2877 facere
717 2848 857 2883 videntur)
871 2847 929 2883 ipse

141 2907 185 2927 mc
201 2899 275 2927 inter
291 2905 339 2926 cos
364 2897 510 2925 arbitrium
537 2897 708 2925 constituere
730 2895 802 2922 haud
826 2899 930 2923 temere

975 1379 1081 1411 tiones,
1106 1385 1138 1406 ac
1158 1378 1259 1413 cupido
1277 1377 1404 1405 utilitatis
1421 1381 1583 1404 nostrorum
1599 1375 1743 1405 hominum
1755 1396 1763 1410 ,

975 1434 1094 1463 quorum
1119 1426 1217 1454 salutis
1233 1429 1260 1454 et
1275 1425 1370 1460 gloriae
1385 1432 1494 1460 semper
1511 1424 1689 1452 avidissimus
1706 1423 1744 1451 fui
1756 1444 1763 1453 .

978 1473 1012 1501 ad
1038 1472 1066 1501 id
1090 1471 1144 1500 mei
1168 1471 1258 1507 ipsius
1279 1470 1396 1498 oblitum
1417 1469 1632 1505 compulissent,
1653 1473 1682 1497 et
1704 1468 1766 1496 illos

979 1519 1052 1547 inter
1070 1525 1100 1546 se
1115 1516 1270 1545 concordes
1285 1515 1402 1544 reddere
1414 1535 1421 1548 ,
1438 1515 1532 1544 divino
1547 1515 1636 1543 fretus
1651 1513 1765 1546 auxilio,

975 1571 1126 1600 sperarent).
1142 1563 1178 1592 Ut
1198 1563 1282 1599 igitur
1298 1567 1373 1590 recte
1394 1567 1489 1590 nostra
1507 1561 1639 1597 procedat
1657 1560 1763 1593 oratio,

979 1614 1006 1638 et
1024 1610 1125 1638 veritas
1143 1609 1184 1637 rei
1206 1616 1287 1644 quam
1311 1608 1461 1643 quaerimus
1481 1606 1589 1634 facilius
1608 1606 1763 1638 elucescal,

976 1657 1069 1692 aliqua
1088 1657 1171 1684 altius
1188 1654 1338 1690 repetenda
1353 1657 1433 1686 sunt,
1458 1657 1605 1688 antequam
1630 1651 1764 1680 instituta:

977 1702 1140 1738 quaestionis
1157 1701 1256 1728 seriem
1275 1700 1478 1736 aggrediamur.

1012 1748 1083 1775 Ante
1098 1747 1193 1775 omnia
1212 1745 1297 1781 igitur
1317 1744 1462 1773 sciendum
1484 1748 1543 1778 est,
1562 1749 1615 1771 tam
1639 1742 1692 1770 hoc
1717 1749 1764 1769 sa-

977 1800 1154 1823 crosanctum
1172 1793 1395 1826 communionis,
1413 1792 1448 1820 de
1464 1799 1520 1828 quo
1539 1792 1664 1827 agimus,
1682 1798 1764 1826 quant

977 1846 1075 1869 caetera
1092 1839 1224 1868 Ecclesia:
1240 1844 1412 1867 sacramenta
1438 1838 1499 1865 ideo
1522 1842 1694 1865 sacramenta
1717 1843 1763 1864 vo-

977 1886 1079 1919 citari,
1095 1886 1226 1920 quoniam
1244 1883 1318 1912 aliud
1337 1884 1365 1911 in
1383 1891 1412 1911 se
1431 1883 1534 1911 habent
1549 1883 1623 1919 quod
1644 1882 1766 1914 videtur,

977 1931 1051 1958 aliud
1067 1931 1140 1966 quod
1155 1939 1211 1958 non
1228 1930 1353 1965 corporis
1368 1929 1468 1963 oculis,
1487 1929 1534 1957 sed
1549 1929 1608 1956 solo
1623 1928 1764 1956 intellectu

979 1977 1234 2011 cbiuprehenditur.
1259 1976 1325 2009 Quae
1347 1976 1488 2008 videntur,
1514 1974 1656 2003 sensibilia
1682 1978 1765 2006 sunt;

980 2030 1041 2057 qua:
1059 2030 1125 2049 vero
1143 2022 1285 2049 intellectu
1303 2021 1506 2056 percipiuntur,
1523 2019 1676 2055 spiritalia:
1695 2019 1768 2046 unde

979 2069 1094 2104 spiritus
1120 2073 1147 2095 et
1175 2069 1228 2095 vita
1257 2068 1400 2094 dicuntur.
1424 2066 1505 2093 Verba
1527 2070 1615 2092 autem
1633 2073 1692 2099 qua!
1713 2065 1768 2092 dixi

979 2115 1050 2141 vobis
1063 2135 1071 2147 ,
1090 2115 1179 2148 inquit
1196 2113 1345 2145 Dominus,
1368 2113 1477 2147 spiritus
1499 2115 1559 2139 sim!
1581 2116 1605 2139 et
1629 2111 1695 2139 vita.
1713 2110 1768 2138 Hu-

981 2168 1040 2187 rum
1077 2165 1210 2194 praterca
1243 2165 1481 2185 sacramentorum
1512 2157 1619 2192 singula
1651 2165 1768 2191 qua-que

980 2205 1088 2233 duobus
1102 2205 1274 2239 accipiuntur
1289 2204 1378 2231 modis
1392 2213 1398 2230 :
1414 2207 1462 2230 aut
1476 2203 1550 2230 enim
1565 2207 1766 2230 sacramentum

979 2253 1087 2287 signum
1116 2257 1177 2281 est,
1209 2255 1256 2277 aut
1273 2250 1298 2277 id
1329 2250 1402 2284 quod
1432 2249 1612 2285 signiﬁcatur.
1645 2248 1768 2276 Primum

980 2298 1090 2332 quidem
1107 2297 1216 2331 signum
1234 2295 1425 2322 tantummodo
1442 2300 1469 2322 et
1485 2300 1528 2323 est
1546 2301 1571 2322 et
1587 2295 1697 2323 dicitur.
1717 2294 1770 2322 Se-

980 2343 1100 2369 cundum
1126 2350 1191 2368 vero
1217 2350 1259 2369 res
1276 2346 1317 2369 est
1330 2363 1337 2375 ,
1356 2349 1416 2376 quin
1434 2348 1466 2368 eo
1483 2341 1561 2376 signo
1577 2340 1747 2375 signiﬁcatur
1760 2348 1769 2366 :

981 2390 1076 2417 Omnis
1092 2390 1166 2416 enim
1187 2389 1341 2425 theologica
1359 2389 1485 2416 doctrina
1498 2409 1504 2420 ,
1523 2391 1590 2414 teste
1604 2387 1769 2421 Augustino,

981 2436 1066 2470 signis
1082 2441 1190 2463 constat
1207 2440 1235 2463 ct
1253 2436 1346 2463 rebus.
1361 2435 1394 2462 Et
1409 2443 1452 2462 res
1471 2434 1582 2469 quidem
1608 2437 1690 2464 sunt,
1709 2439 1770 2466 qua:

982 2486 1011 2509 nt
1035 2482 1194 2517 signiﬁcatus
1220 2482 1406 2516 accipiuntur,
1432 2481 1509 2515 signa
1539 2486 1620 2510 vero,
1649 2485 1765 2513 quorum

982 2528 1072 2555 omnis
1095 2528 1122 2554 in
1146 2528 1325 2562 signiﬁcando
1347 2531 1390 2554 cst
1413 2534 1490 2554 usus.
1517 2525 1573 2552 Etsi
1595 2524 1668 2552 enim
1685 2531 1767 2551 omne

981 2575 1088 2607 signum
1107 2581 1150 2600 res
1165 2574 1199 2599 sit
1216 2573 1299 2607 (nunt
1326 2572 1398 2607 quod
1421 2580 1476 2598 non
1499 2576 1542 2598 est
1567 2578 1627 2601 res,
1645 2575 1680 2607 ut,
1695 2570 1765 2596 idem

979 2617 1148 2652 Augustinus
1164 2617 1266 2651 inqu:t,
1283 2616 1351 2643 nihil
1366 2616 1478 2643 omnino
1491 2621 1551 2649 est,
1563 2620 1590 2643 et
1606 2615 1646 2642 sic
1658 2614 1765 2649 signum

979 2671 1040 2690 esse
1058 2671 1110 2689 non
1135 2663 1263 2697 potest),
1284 2661 1336 2688 hoc
1358 2666 1450 2689 tamen
1473 2663 1533 2688 loco
1560 2661 1667 2695 signum
1691 2660 1766 2687 acci-

981 2702 1145 2743 pitur,'nun
1172 2712 1201 2734 ut
1223 2716 1265 2734 res
1283 2707 1435 2742 signiﬁcata
1448 2728 1456 2740 ,
1473 2706 1519 2734 sed
1537 2711 1567 2734 ut
1584 2706 1692 2741 signum
1709 2713 1766 2732 rem

984 2755 1069 2789 ipsam
1095 2753 1270 2788 signiﬁcans,
1293 2758 1430 2788 quatenus
1453 2753 1557 2780 scilicet
1580 2753 1687 2787 signum
1708 2756 1767 2786 est,

983 2805 1011 2826 ct
1035 2807 1089 2826 non
1115 2804 1253 2834 quatenus
1280 2807 1324 2826 res
1345 2799 1436 2833 aliqua
1460 2802 1512 2826 est.
1530 2798 1766 2831 Quemadmodum

984 2853 1046 2873 cum
1076 2845 1271 2880 ascendcqlem
1298 2844 1438 2872 cernimus
1464 2843 1590 2878 fumum,
1621 2851 1675 2870 non
1699 2851 1770 2878 qua-

986 2897 1065 2920 tenus
1083 2891 1235 2919 substantia
1250 2890 1341 2926 aliqua
1357 2890 1417 2919 sive
1432 2897 1476 2918 res
1493 2895 1534 2918 est
1545 2910 1552 2924 ,
1569 2889 1617 2918 sed
1635 2895 1772 2924 quatenus
