1920 3063
148 157 203 188 495

629 158 881 191 BESSARIONIS
901 161 930 192 S.
951 162 988 192 R.
1008 162 1044 194 E.
1066 161 1301 195 CARDINALIS

1421 132 1494 144 -ίισυην
1497 133 1551 145 dum.
1569 139 1581 147 κ

1722 167 1780 200 496

147 216 238 243 solum
263 219 307 243 est
336 215 445 251 signum
469 215 559 252 ignis,
577 217 687 252 signum
713 225 774 245 esse
798 217 936 250 dicimus,
953 220 975 248 Α
991 219 1209 251 cramentaliter.
1235 226 1264 248 et
1289 229 1345 249 non
1371 221 1564 257 spiritualiter,
1591 222 1609 251 ii
1640 227 1704 250 sunt
1730 225 1780 259 qui

146 262 212 298 quia
227 262 382 290 substantia
399 270 426 290 et
446 271 490 290 res
509 263 602 298 aliqua
619 268 673 291 est.
691 263 760 291 Nam
778 272 859 291 omne
875 263 937 298 qni-

146 307 209 335 dem
227 308 336 344 signum
355 317 400 336 res
416 309 506 344 aliqtta
522 315 582 342 cst,
603 318 657 337 non
679 315 771 338 tamen
787 310 878 337 omnis
894 317 938 337 res

146 355 261 383 alterius
274 355 313 383 rei
329 361 371 383 est
387 355 507 390 signum.
524 355 594 384 Sunt
605 356 678 384 enim
696 363 740 383 res
755 356 853 391 aliqua:
868 356 939 383 dun-

147 404 223 432 taxat
243 409 273 430 ut
299 404 476 438 signiﬁcata,
494 411 550 431 nou
569 408 662 432 autent
679 408 709 430 ut
727 403 806 437 signa
830 403 936 438 aliquid

150 443 225 477 aliud
241 449 440 485 signiﬁcantia,
453 450 526 485 quod
543 449 569 476 in
586 449 648 477 aliis
664 449 845 477 sacramentis
859 448 938 475 facile

147 494 347 529 comprehendi
364 500 466 529 potest.

186 541 296 568 Etenim
313 540 340 567 in
353 545 526 568 sacratnento
539 539 714 575 baptismatis
728 538 832 566 ablutio
845 537 939 565 carnis

146 595 198 622 per
213 594 313 622 aquam
332 587 369 613 ita
388 591 430 614 est
447 591 670 618 sacramentum,
695 589 726 613 ut
749 585 882 612 duntaxat
902 583 939 610 si-

147 641 231 668 gnum
256 634 291 660 sit
315 632 467 660 ablutionis
490 637 677 666 peccatorum.
705 631 766 666 Ipsa
782 630 857 657 enim
876 636 940 664 pec-

147 684 273 707 catorum
291 678 420 705 remissio
440 685 486 704 res
511 682 555 704 est
579 676 753 711 signiﬁcata,
777 675 846 702 nihil
867 675 940 702 ultra

149 725 323 760 signiﬁcans.
356 723 414 751 Hoc
446 722 518 750 idem
549 722 576 749 in
605 722 721 756 reliquis
747 720 939 749 sacramentis.

150 772 222 807 Ergo
239 777 266 798 et
286 771 312 798 in
332 774 506 798 sacramento
529 768 727 800 Eucharistiat,
754 768 872 795 alterum
897 771 940 793 est

150 818 241 846 solum
262 817 371 851 signum
387 836 394 849 ,
413 823 443 844 ut
461 815 539 851 panis
553 820 582 842 et
600 814 656 841 vini
674 813 793 840 visibilis
808 812 916 847 species
932 820 938 837 :

150 862 268 890 alterum
292 870 335 890 res
356 860 530 896 signiﬁcata.
555 864 585 887 ut
608 858 699 895 ipsum
717 865 812 884 verum
830 856 939 884 Domini

989 264 1102 300 indigne
1118 267 1325 295 communicant
1340 277 1347 295 :
1364 274 1479 296 sumunt
1493 269 1567 297 enitn
1593 278 1690 298 verum
1717 278 1783 298 cor-

987 317 1040 345 pus
1055 309 1180 343 Christi,
1195 319 1251 339 non
1269 317 1359 340 tamen
1376 314 1543 342 sacramenti
1559 314 1689 343 eﬁ‘ectum
1707 316 1784 343 acci-

989 355 1084 389 pituit,
1102 363 1152 383 nec
1166 356 1277 384 Christo
1313 358 1461 396 uniuntur.
1481 358 1519 386 De
1542 359 1576 387 iis
1597 359 1688 395 inquit
1709 361 1784 395 Apo-

989 400 1095 433 stolus,
1112 401 1334 436 quodjudicium
1359 403 1411 443 sibi
1427 404 1597 431 manducant
1620 410 1648 432 et
1668 405 1780 434 bibunt.

988 444 1048 473 Non
1064 448 1139 475 enim
1163 447 1300 482 judicium
1323 453 1351 476 et
1375 451 1640 479 condemnationem
1663 451 1784 480 mandu-

992 498 1089 519 carent
1116 498 1144 519 et
1167 493 1312 526 biberent,
1340 495 1361 522 si
1387 495 1551 530 spiritaliter
1576 499 1783 526 communicas—

989 541 1068 569 sent.
1092 538 1148 565 into
1159 539 1214 574 jam
1239 539 1351 568 Christo
1376 542 1535 570 unircntur.
1564 542 1636 571 Sunt
1650 544 1697 571 alii
1714 545 1782 578 qui,

990 584 1041 611 etsi
1059 592 1113 611 non
1131 585 1201 613 ﬁunt
1217 587 1458 615 sacramentaliter
1481 589 1641 624 participes,
1667 590 1783 625 spirita-

990 629 1054 656 liter
1071 635 1161 658 tamcn
1183 633 1410 664 communicant.
1433 635 1667 669 quemadmodum
1692 636 1714 663 si
1739 637 1784 664 vel

991 675 1082 703 infans
1097 681 1160 711 post
1175 677 1343 712 baptismum
1355 699 1362 710 .
1380 680 1423 706 vel
1438 685 1519 708 aetate
1534 687 1696 715 provectus.
1713 689 1785 710 non-

991 721 1073 755 dum,
1091 721 1127 748 ob
1140 722 1262 757 aliquam
1285 723 1475 752 inevitabilem
1501 727 1715 760 necessitatem,
1741 736 1785 755 re-

991 773 1071 802 cepto
1093 768 1198 797 Christi
1221 777 1336 805 corpore
1349 792 1357 803 ,
1374 772 1518 806 repentina
1537 778 1625 800 morte
1640 774 1782 803 deliciant.

993 813 1067 841 Nihil
1096 814 1171 842 enim
1200 814 1293 843 minus
1318 818 1487 845 sacramenti
1515 820 1666 854 participes
1693 821 1784 853 ﬁunt.

992 867 1075 894 quam
1105 861 1127 887 si
1156 863 1379 890 communionem
1409 865 1574 899 cepiSsent:
1607 866 1676 894 ﬁunt
1707 867 1784 895 cnim

149 917 250 943 corpus
277 915 305 937 et
329 908 451 943 sanguis,
478 906 552 942 quod
579 913 611 933 ex
639 903 826 932 immaculatis
852 903 939 930 beata:
957 901 977 928 Β
993 905 1116 932 membra
1130 904 1234 933 Christi
1248 911 1277 934 et
1293 908 1368 941 regni
1387 909 1509 937 caelestis
1525 910 1662 939 haarcdes.

151 956 272 992 Virginis
296 955 478 989 sanguinibus
499 952 661 987 assumpsit.
679 951 781 978 Verum
803 949 856 977 hoc
877 957 942 984 pro-

151 1003 240 1037 prium
253 1002 338 1029 habet
355 1005 454 1036 praeter
464 1000 516 1026 alia
532 998 656 1026 divinum
673 997 726 1024 hoc
739 999 940 1024 sacramentum

151 1048 351 1079 Eucharistia.
376 1046 450 1081 quod
476 1046 502 1073 in
526 1053 560 1072 eo
584 1052 628 1072 res
649 1044 803 1079 signiﬁcata
828 1041 941 1070 alterius

150 1098 235 1124 etiam
254 1096 292 1122 rci
309 1094 416 1129 signum
434 1096 488 1121 est.
506 1091 598 1126 Ipsum
621 1090 695 1118 enim
717 1097 812 1117 verum
832 1088 942 1115 Domini

151 1148 253 1175 corpus
268 1145 296 1167 et
311 1139 422 1174 sanguis
433 1158 440 1171 ,
458 1145 521 1164 curti
539 1145 583 1164 res
598 1138 634 1164 sit
652 1136 730 1170 signo
747 1135 826 1170 panis
842 1139 869 1162 et
885 1133 941 1160 vini

151 1187 306 1221 signiﬁcata
321 1205 326 1215 ,
344 1188 373 1211 ut
388 1192 448 1211 mox
467 1182 664 1214 ostendemus,
691 1185 734 1209 est
758 1186 848 1208 tamen
874 1180 941 1207 alte-

151 1233 210 1258 rius
236 1231 275 1257 rei
293 1230 401 1264 signum
415 1249 422 1261 ,
440 1236 502 1257 cum
522 1229 660 1263 signiﬁcet
678 1227 824 1263 mysticum
839 1225 941 1253 Christi

151 1284 271 1312 corpus,
287 1282 316 1304 et
333 1276 464 1304 Ecclesia:
482 1277 509 1302 in
529 1274 635 1309 Spiritu
660 1277 758 1301 sancto
783 1273 917 1300 unitatem
933 1281 939 1298 :

152 1325 206 1351 hoc
232 1331 297 1350 vero
315 1330 368 1351 non
392 1321 512 1357 amplius
528 1321 610 1348 aliam
633 1327 691 1347 rem
712 1319 870 1354 signiﬁcat,
893 1317 941 1345 sed

152 1375 258 1398 tantum
284 1368 465 1403 signiﬁcatur.
487 1367 527 1394 ita
549 1366 578 1393 ﬁt
604 1371 634 1393 ut
661 1365 779 1393 visibilis
803 1364 884 1392 simul
911 1371 943 1392 ac

151 1417 294 1448 sensibilis
311 1416 418 1453 species
435 1415 515 1450 panis
529 1419 556 1442 et
575 1413 650 1446 vini,
666 1412 783 1448 duplicis
802 1412 841 1439 rei
859 1410 943 1446 signi-

153 1463 260 1491 iicatrix
286 1463 322 1496 sit
337 1470 343 1489 :
370 1461 509 1497 signiﬁcat
522 1460 595 1488 enim
611 1465 639 1488 et
655 1467 750 1487 verum
767 1465 870 1493 corpus
887 1457 941 1484 Ilo-

154 1510 241 1541 mini,
258 1513 287 1537 et
305 1516 349 1535 res
365 1506 519 1542 signiﬁcata
536 1511 563 1533 et
577 1506 687 1541 signum
709 1513 819 1538 sacrum
843 1511 901 1537 est,
916 1507 944 1531 et

152 1558 300 1591 mysticum
317 1554 448 1582 Ecclesia:
463 1561 574 1588 corpus.
597 1552 688 1586 Quare
712 1553 790 1587 panis
805 1557 833 1580 et
849 1551 942 1579 vinum

152 1602 260 1637 signum
278 1605 320 1628 est
336 1599 484 1630 duntaxat,
502 1598 590 1631 ipsum
610 1603 702 1625 autem
721 1605 815 1624 verum
839 1596 942 1624 Christi

154 1655 257 1683 corpus
281 1652 309 1674 et
326 1645 457 1681 sanguis,
477 1644 550 1679 quod
567 1646 618 1670 sub
635 1643 730 1670 umbra
747 1643 849 1678 tegitur
863 1642 943 1678 panis

152 1700 182 1728 ct
203 1694 260 1727 viui
272 1715 280 1731 ι
302 1692 488 1728 signiﬁcatum
512 1690 625 1726 quidem
642 1697 656 1716 a
675 1698 744 1724 pane
761 1694 789 1717 et
806 1689 871 1716 vino
883 1708 891 1721 ,
907 1688 943 1716 si-

156 1739 292 1776 gniﬁcans
307 1743 399 1769 autem
416 1737 561 1772 mysticum
578 1735 709 1764 Ecclesiae
725 1743 824 1770 corpus
837 1756 843 1768 ,
858 1739 886 1762 et
900 1742 944 1762 res

156 1790 198 1813 est
218 1789 245 1812 et
260 1784 369 1820 signum
385 1791 392 1810 :
410 1783 557 1817 mysticum
573 1789 637 1808 vero
655 1789 687 1808 ex
706 1786 824 1815 utroque
842 1780 945 1814 signiﬁ-

155 1837 246 1861 catum
259 1853 266 1864 .
284 1839 328 1860 res
346 1834 451 1858 tantum
470 1834 512 1857 est
523 1850 530 1862 ,
546 1837 596 1857 nec
611 1829 682 1856 ttltra
699 1829 813 1856 alterius
825 1828 944 1862 signum.

155 1878 294 1911 Prmterea
310 1877 384 1912 quod
402 1881 508 1904 tantum
522 1876 629 1910 signum
644 1879 703 1907 est,
719 1867 835 1901 duarum
854 1880 945 1900 rerum

153 1930 197 1953 est
224 1925 332 1959 signum
349 1943 357 1956 ,
386 1922 444 1951 veri
475 1921 582 1949 scilicet
611 1925 639 1954 et
670 1920 777 1955 mystici
806 1919 944 1954 corporil.

154 1972 233 2004 Quod
261 1975 354 1997 autent
384 1976 429 1996 res
457 1973 517 2000 est,
545 1972 574 1995 et
596 1974 651 1994 non
678 1965 796 2001 amplius
821 1965 945 2000 signum.

155 2020 274 2044 duorum
285 2022 441 2054 sacrorum
459 2014 604 2049 signorum
620 2020 664 2040 res
679 2018 740 2044 est,
757 2011 809 2038 hoc
825 2016 867 2039 0:!
882 2010 946 2037 visi-

157 2064 221 2097 bilis
235 2063 337 2100 speciei
355 2062 433 2096 panis
448 2065 476 2088 et
492 2061 550 2088 vini
565 2079 573 2092 ,
589 2064 617 2088 et
634 2059 691 2087 veri
708 2059 734 2086 in
758 2060 799 2088 cis
822 2057 946 2085 contenti

155 2111 283 2145 corporis
297 2109 418 2137 Domini.
435 2108 533 2136 Verum
551 2112 643 2134 autent
661 2113 762 2140 corpus
775 2109 803 2132 et
818 2103 945 2139 sanguis,

155 2157 179 2186 si
195 2156 229 2188 ad
245 2156 364 2183 alterunt
382 2154 502 2188 aspicias
517 2151 646 2180 invisible
661 2154 886 2184 sacramentum,
903 2158 947 2177 res

155 2208 217 2236 est;
235 2203 258 2230 si
272 2203 305 2229 ad
323 2200 470 2236 mysticum
492 2205 610 2234 corpus,
631 2202 674 2225 est
695 2196 814 2232 signum.
840 2196 948 2223 Rursus

1028 950 1091 978 Haec
1109 952 1192 986 igitur
1207 959 1270 980 cum
1294 955 1422 982 otnnibus
1447 956 1592 984 manifesta
1618 958 1674 985 sint
1699 959 1785 994 (quis

993 997 1066 1024 enim
1089 1004 1191 1033 neget,
1208 1007 1240 1027 ex
1266 999 1309 1027 his
1332 1001 1380 1034 qui
1404 1003 1627 1031 communionem
1651 1010 1783 1039 sumunt,

993 1043 1061 1070 alios
1076 1045 1188 1079 quidem
1202 1046 1306 1073 nullam
1320 1047 1435 1082 gratiam
1447 1069 1455 1081 ,
1471 1049 1526 1076 imo
1551 1057 1619 1077 vero
1633 1058 1684 1085 pro
1695 1053 1784 1086 gratia

989 1089 1126 1123 judicium
1140 1096 1166 1117 et
1180 1099 1291 1126 pmnam
1303 1113 1310 1124 ,
1327 1094 1396 1121 alios
1411 1102 1478 1122 vero
1492 1096 1610 1130 gratiam
1626 1096 1785 1132 largissime

994 1137 1155 1172 consequi:
1189 1139 1325 1173 quosdam
1356 1140 1439 1167 etiam
1469 1141 1530 1169 sine
1562 1143 1784 1176 communione,

993 1181 1145 1210 dummodo
1162 1183 1188 1210 id
1207 1178 1260 1211 non
1276 1189 1437 1220 contemptu
1449 1207 1457 1220 ,
1474 1187 1517 1214 vel
1533 1187 1698 1223 negligentia
1712 1210 1719 1222 ,
1735 1190 1785 1218 sed

993 1230 1158 1257 necessitate
1173 1229 1237 1263 ﬁat,
1254 1231 1376 1259 divinam
1390 1233 1490 1260 mereri
1510 1234 1624 1269 gratiam
1637 1235 1685 1270 ‘1):
1701 1243 1765 1264 cum
1777 1257 1786 1269 ,

994 1274 1122 1310 inquam,
1155 1275 1213 1303 haec
1232 1276 1302 1304 adeo
1322 1277 1394 1304 clara
1414 1283 1441 1305 et
1462 1280 1609 1314 perspicua
1628 1281 1702 1313 sint.
1735 1283 1787 1309 tri-

994 1321 1123 1356 partitam
1154 1322 1225 1350 hanc
1247 1322 1405 1350 divinorum
1428 1330 1665 1353 sacramentorum
1688 1327 1786 1355 distri-

995 1367 1139 1394 butionem
1159 1375 1253 1396 veram
1270 1373 1299 1396 et
1314 1369 1498 1397 necessariam
1512 1378 1573 1398 esse
1594 1372 1729 1407 probant,
1751 1382 1783 1401 ex

995 1413 1038 1441 his
1065 1414 1145 1449 sequi
1163 1415 1273 1443 Videtur
1292 1416 1394 1444 Christi
1421 1425 1531 1453 quoque
1554 1426 1657 1452 corpus
1682 1419 1785 1454 duplex

994 1467 1073 1492 esse,
1090 1468 1186 1488 verum
1204 1461 1324 1488 alterum
1337 1481 1345 1494 ,
1365 1463 1481 1490 alterum
1501 1464 1660 1497 mysticum.
1682 1464 1716 1492 Et
1736 1473 1787 1492 ve-

996 1514 1056 1533 rum
1073 1506 1183 1541 quidem
1199 1511 1241 1535 est
1253 1528 1259 1540 ,
1276 1509 1349 1543 quod
1366 1509 1394 1537 in
1413 1509 1465 1537 hoc
1485 1510 1580 1537 divino
1601 1510 1785 1537 Eucharistiiu

995 1558 1168 1581 sacramento
1183 1560 1369 1582 consecratur
1386 1562 1470 1591 atque
1487 1557 1633 1584 conﬁcitur
1650 1557 1701 1585 sub
1721 1558 1786 1586 risi-

999 1598 1047 1626 bili
1077 1601 1167 1634 specic
1195 1600 1273 1635 panis
1296 1606 1324 1628 et
1348 1602 1415 1629 vini.
1437 1602 1494 1630 Hoc
1514 1603 1587 1631 idem
1607 1609 1649 1631 est
1666 1611 1729 1631 cum
1750 1611 1787 1632 eo

995 1653 1110 1681 corpore
1130 1646 1203 1680 quod
1224 1646 1278 1673 fuit
1294 1655 1327 1674 ex
1345 1647 1424 1674 beata
1437 1648 1547 1683 Virgine
1561 1649 1684 1683 Spiritus
1698 1651 1786 1677 sancti

996 1693 1208 1727 obutnbrationc
1233 1698 1409 1728 conceptum.
1438 1695 1474 1721 De
1500 1702 1555 1730 quo
1573 1695 1632 1731 ipse
1655 1696 1788 1723 Dominus

997 1739 1024 1766 in
1041 1739 1212 1766 exhibitione
1235 1740 1420 1772 sacramenti,
1440 1748 1502 1768 cum
1525 1741 1604 1769 nobis
1626 1742 1785 1770 sensibile-1

996 1793 1093 1821 panem
1113 1786 1261 1820 vinurnqtte
1279 1787 1466 1819 ostendisset,
1483 1788 1542 1815 ait:
1561 1788 1616 1815 Hoc
1631 1793 1671 1815 est
1688 1797 1784 1823 corpus

996 1839 1101 1863 meum;
1117 1836 1162 1863 et,
1178 1831 1227 1858 llic
1244 1837 1283 1858 est
1301 1835 1410 1868 sanguis
1429 1842 1521 1866 meus;
1538 1834 1638 1862 deinde
1656 1835 1763 1862 addidit
1776 1855 1785 1867 ,

997 1878 1069 1913 quod
1083 1885 1132 1913 pro
1145 1878 1223 1905 vobis
1238 1878 1367 1911 traditur,
1377 1884 1404 1912 et
1420 1881 1467 1915 qui
1483 1889 1532 1915 pro
1545 1881 1623 1908 vobis
1636 1881 1789 1909 eﬂunditcr

998 1925 1025 1952 in
1044 1925 1237 1953 remissionem
1253 1930 1443 1959 peccatorum.
1460 1926 1604 1961 Mysticum
1622 1932 1713 1955 autent
1727 1928 1789 1963 ejus

998 1978 1102 2005 corpus
1116 1976 1159 1999 est
1176 1970 1309 2004 Ecclesia,
1322 1976 1350 1998 et
1365 1972 1541 2007 congregatio
1558 1972 1694 2000 ﬁdelium.
1711 1973 1788 2001 Hanc

997 2016 1073 2045 enim
1091 2023 1192 2051 negare
1208 2023 1308 2050 corpus
1319 2015 1421 2042 Christi
1438 2023 1520 2043 nemo
1533 2016 1624 2048 ausit,
1638 2017 1788 2051 praesertim

999 2060 1114 2088 audiens
1147 2062 1310 2096 Apostolum
1342 2061 1507 2095 dicentem,
1541 2062 1675 2090 Ecclesia:
1705 2067 1789 2098 caput

998 2107 1138 2134 Christum
1152 2115 1223 2135 esse.
1239 2107 1327 2142 Caput
1340 2109 1413 2135 enim
1428 2108 1488 2135 sine
1516 2108 1646 2135 membris
1670 2116 1723 2135 non
1746 2117 1790 2136 es-

999 2161 1040 2181 set
1055 2159 1148 2190 caput.
1162 2154 1335 2189 Quapropter
1345 2153 1468 2181 membra
1479 2153 1582 2180 Christi
1599 2161 1650 2181 nos
1665 2161 1762 2181 sumus
1780 2174 1788 2186 ,

999 2204 1027 2227 et
1065 2204 1148 2234 caput
1178 2204 1302 2226 nostrum
1332 2203 1374 2225 est
1407 2198 1544 2227 Christus.
1576 2197 1654 2226 Undc
1690 2199 1791 2226 clatnat.

156 2250 277 2284 primum
302 2247 432 2283 quidem,
455 2247 527 2282 quod
547 2246 656 2281 signum
683 2244 874 2271 tantummodo
890 2248 948 2274 est,
963 2245 989 2275 D
1001 2245 1149 2279 Apostolus
1165 2253 1173 2271 :
1196 2243 1247 2272 Vo:
1265 2246 1326 2271 estis
1343 2252 1438 2279 corpus
1456 2244 1553 2272 Christi
1574 2249 1600 2271 et
1627 2245 1743 2271 ntembra
1758 2253 1791 2271 es

157 2297 247 2325 oculis
265 2294 381 2326 subest;
398 2293 550 2320 secundum
562 2312 569 2323 ,
586 2290 660 2325 quod
679 2298 722 2317 res
739 2295 781 2316 est
796 2293 823 2316 et
839 2288 945 2324 signum

157 2343 252 2370 animo
278 2340 441 2372 exceditur;
471 2338 603 2370 tertium,
632 2337 704 2372 quod
735 2343 780 2363 res
804 2336 861 2362 solo
887 2339 947 2367 est,

158 2390 242 2417 corde
266 2387 430 2423 percipitur.
456 2385 498 2412 Ad
527 2384 584 2412 hzec
611 2383 730 2419 primum
755 2381 867 2416 quidem
893 2388 948 2407 non

159 2436 240 2464 modo
257 2434 410 2470 signiﬁcat,
428 2432 478 2462 sed
495 2431 578 2459 etiam
594 2429 718 2457 continet
735 2427 900 2460 secundum.
917 2426 947 2453 In

159 2482 252 2517 specie
274 2480 348 2508 enim
372 2478 450 2514 panis
473 2482 501 2507 et
516 2475 573 2503 vini
590 2475 689 2502 veritas
706 2474 829 2508 corporis
844 2477 872 2500 et
887 2480 950 2498 san-

160 2527 252 2562 guinis
269 2525 438 2554 continetur.
457 2529 520 2550 cum
539 2521 565 2548 in
584 2520 630 2547 illa
646 2519 800 2546 substantia
818 2518 898 2552 panis
912 2517 951 2545 vi-

160 2574 246 2609 nique
272 2575 406 2600 mutetur.
431 2569 554 2597 Tertium
581 2574 647 2594 vero
675 2573 833 2601 quanquam
864 2565 951 2599 signi-

113 2616 118 2639 Ῑ
162 2621 243 2650 licet.
273 2625 328 2644 non
355 2622 446 2643 tamen
470 2615 605 2642 continet.
632 2611 694 2639 HM:
720 2619 782 2639 cum
808 2610 950 2638 verissima

163 2667 241 2700 sint,
259 2664 326 2693 illud
344 2664 426 2690 etiam
447 2661 583 2696 sequitur,
601 2667 632 2686 ex
655 2658 688 2686 iis
710 2658 757 2693 qui
783 2656 869 2685 divini
891 2665 952 2684 cor-

163 2713 239 2747 poris
254 2710 402 2746 participes
425 2709 511 2740 ﬁniit,
535 2706 604 2733 alios
628 2705 740 2740 quidem
763 2709 950 2731 sacramenta-

163 2760 227 2790 litet-
243 2755 479 2791 spiritualiterque
495 2753 644 2788 participes
666 2751 743 2783 ﬁeri,
769 2749 865 2785 quales
886 2754 951 2776 sunt

164 2804 211 2839 qui
228 2802 308 2837 digne
324 2801 547 2829 communionem
565 2798 724 2833 accipiunt,
741 2797 810 2823 alios
827 2803 893 2823 vero
908 2803 950 2822 εε-

201 2894 311 2922 ‘ltjor.
330 2903 377 2928 λιι,
395 2895 439 2922 ‘27.
462 2896 470 2909 π
492 2893 580 2922 lter.
604 2900 628 2926 κ,
659 2890 699 2918 16.
718 2891 726 2905 ³
744 2888 811 2918 ibid.
834 2887 877 2914 17.

1001 2295 1079 2325 parte
1095 2291 1116 2317 ‘.
1132 2290 1166 2318 Et
1186 2298 1300 2318 rursus:
1319 2290 1403 2318 Panis
1422 2298 1499 2325 quem
1517 2290 1683 2324 frangimus,
1701 2298 1790 2317 nonne

999 2337 1204 2363 communicatio
1227 2337 1344 2371 corporis
1371 2335 1476 2363 Domini
1500 2341 1539 2363 est
1556 2336 1593 2362 ’ἲ
1614 2336 1648 2363 Ει
1667 2336 1788 2362 iterum:

1003 2382 1076 2410 Unus
1102 2383 1196 2417 panis,
1216 2383 1271 2414 ait,
1289 2386 1313 2409 et
1341 2390 1422 2409 unum
1442 2390 1537 2416 corpus
1561 2382 1638 2408 multi
1660 2390 1751 2408 sumus
1768 2381 1790 2408 ³.

1003 2429 1036 2456 Et
1049 2429 1167 2456 reddens
1194 2429 1254 2463 ejus
1278 2428 1413 2456 rationem
1436 2427 1532 2455 addit:
1547 2427 1652 2465 ‘Omnet
1670 2429 1743 2454 enim
1758 2436 1791 2454 ea;

1003 2484 1056 2502 uno
1073 2483 1143 2509 pane
1160 2474 1365 2509 participantus.
1388 2473 1454 2506 Quae
1469 2473 1551 2500 verba
1567 2474 1631 2500 dum
1650 2481 1791 2507 exponere

998 2521 1097 2548 nititur
1110 2520 1322 2555 Chrysostomus
1339 2525 1444 2551 noster.
1461 2519 1497 2546 ita
1515 2519 1605 2554 inquit
1619 2527 1626 2546 :
1640 2518 1710 2552 Quid
1727 2518 1790 2546 dico

999 2566 1344 2600 communionem?ipstnn
1369 2564 1437 2592 illud
1461 2572 1562 2598 corpus
1586 2572 1694 2592 sumus.
1718 2564 1789 2598 Quid

1000 2611 1076 2639 enim
1093 2615 1135 2638 est
1157 2610 1245 2644 panis,
1267 2609 1320 2636 nisi
1338 2617 1436 2644 corpus
1451 2609 1570 2636 Christi?
1591 2617 1647 2637 non
1672 2618 1788 2645 corpora

1004 2658 1100 2689 multa,
1129 2656 1177 2683 sed
1206 2662 1307 2690 corpus
1327 2662 1424 2681 unum.
1450 2653 1686 2687 Quemadmodum
1716 2655 1789 2682 enim

1006 2701 1097 2737 panis,
1125 2708 1156 2727 ex
1182 2699 1275 2727 multis
1296 2705 1426 2727 constans
1442 2700 1535 2734 granis
1547 2721 1554 2733 ,
1573 2699 1609 2727 ita
1624 2700 1791 2735 compasitus

1004 2752 1056 2779 est,
1071 2751 1100 2774 ut
1119 2753 1252 2781 nusquam
1281 2753 1364 2781 grana
1382 2744 1541 2778 videantur;
1557 2749 1584 2772 et
1598 2752 1663 2773 sunt
1678 2746 1789 2780 quidem

1005 2800 1100 2829 grana,
1111 2792 1158 2820 sed
1174 2795 1286 2827 propter
1301 2790 1523 2826 coniunctionem
1538 2791 1614 2820 nullo
1629 2791 1791 2820 niscrimine
