1920 3063
110 179 172 212 ,497

619 180 669 212 DE
694 179 948 212 SACRAMENTO
971 181 1255 215 EUCHARISTIE.

1703 184 1757 216 ιοδ

119 241 319 268 discernuntur
338 249 345 268 :
362 239 398 267 ita
424 247 474 267 nos
492 247 603 275 quoque
619 243 648 268 et
667 240 784 267 invicem
809 240 835 267 in
856 236 907 274 [ηι-
921 234 946 264 Δ
961 238 1096 267 vinitatis.
1114 240 1193 274 Quod
1217 240 1342 275 apertius
1362 245 1391 268 et
1415 239 1566 276 Gregorius
1578 239 1657 272 dicit,
1680 243 1754 275 quod

105 287 161 323 Δει]
173 287 285 315 Christo
306 286 511 322 conjungimur.
530 286 716 314 Damascenus
739 294 848 321 quoque
865 285 911 313 ubi

120 333 156 360 de
170 333 355 360 sacrosanctis
368 333 506 368 mysteriis
524 337 624 360 tractat
638 341 645 360 :
659 333 841 362 Honoremus.
861 331 911 364 ait,

119 379 222 408 Christi
240 387 342 415 corpus
367 380 442 407 omni
465 380 550 407 animi
572 380 750 415 corporisque
778 380 911 414 puritate,

121 427 223 462 duplex
240 428 342 455 etenim
357 433 408 456 est.
426 428 597 463 Augustinus
615 428 710 459 etiam,
729 426 913 455 Occidentalis

73 507 78 512 _
121 472 253 500 Ecclesiae
265 473 360 501 lumen
378 481 386 500 :
405 472 662 506 Quemadmodum,
680 472 781 507 inquit,
794 479 828 499 ex
843 471 913 498 mul-

121 519 158 546 tis
184 519 278 554 granis
302 527 373 546 unus
393 519 539 547 conﬁcitur
563 519 660 554 panis,
684 523 712 546 et
737 526 771 546 ex
796 519 913 546 racemis

122 565 217 593 multis
228 573 300 593 unus
312 565 382 593 calix
396 565 572 600 exprimitur,
585 565 625 593 sic
637 573 670 592 ex
684 565 777 592 multis
789 565 913 592 ﬁdelibus

122 619 207 639 unum
233 619 336 646 corpus
352 612 497 647 mysticum
524 612 687 647 integratur.
708 612 857 640 Enimvero
877 612 914 640 si-

121 663 169 687 cut
185 666 218 686 ex
236 659 331 687 multis
350 660 482 687 membris
495 665 522 687 ct
547 660 670 694 partibus
697 661 914 695 unumquodque

121 711 224 740 corpus
238 710 357 738 constat,
370 705 404 732 ita
420 705 550 734 Ecclesia:
564 706 657 733 unitas
671 714 704 733 ex
717 707 835 734 diversis
851 714 914 741 perv

123 751 201 779 sonis
217 751 376 784 conﬁcitur,
396 752 525 780 videlicet
540 759 573 779 ex
588 752 722 786 pra'scitis
733 773 740 785 ,
771 752 915 786 praedesti-

122 797 204 830 natis,
217 798 334 828 vocatis.
345 797 514 832 justiﬁcatis.
527 803 554 825 et
569 798 742 833 gluriﬁcalis.
755 798 827 831 Quos
840 798 913 825 enim

122 844 253 878 prmct'uit
272 844 352 874 Deus.
373 844 418 871 Iros
432 849 457 870 et
472 845 685 879 pradeatinrrrit;
713 849 737 871 et
765 852 830 879 quos
843 852 913 879 pm-

965 295 1040 314 nuue
1062 287 1174 322 quidem
1204 287 1401 323 participamus
1419 295 1520 323 corpus
1547 293 1575 315 et
1594 288 1755 323 sanguinem

965 333 1018 361 sub
1031 334 1178 368 speciebus
1191 335 1270 369 panis
1287 339 1315 362 et
1331 335 1386 362 vini
1401 355 1408 367 ,
1437 339 1504 362 tunc
1520 341 1611 361 autem
1627 334 1700 362 clara
1715 335 1757 361 vi-

969 380 1058 412 sione,
1075 386 1105 408 et
1121 380 1194 408 sicut
1210 389 1274 408 vere
1290 386 1342 414 est,
1356 381 1514 409 videbimus
1527 381 1605 408 illud.

1001 426 1164 454 Cavendum
1182 433 1278 454 autem
1294 448 1301 460 ,
1322 436 1357 455 ne
1374 428 1438 462 quis
1452 433 1599 463 propterea
1615 426 1690 461 quod
1706 434 1756 454 eu-

967 473 1105 502 charistiaa
1129 475 1290 510 mysterium
1307 475 1393 510 ﬁgura
1408 482 1468 502 esse
1481 474 1594 505 dicitur,
1604 473 1695 500 dicere
1710 477 1757 500 aut

967 521 1080 548 omnino
1100 522 1239 556 suspicari
1259 522 1371 554 audeat,
1387 529 1442 549 non
1459 528 1522 549 esse
1537 528 1634 548 verum
1647 520 1756 547 Domini

966 575 1079 602 corpus.
1090 568 1168 595 Absit
1180 574 1254 595 tanta
1266 568 1435 602 blasphemia
1447 575 1461 594 a
1474 567 1594 596 ﬁdelium
1609 567 1757 594 mentibus.

967 614 1026 641 Hoc
1041 614 1123 641 modo
1150 620 1178 642 et
1200 615 1319 649 pretiosa
1339 622 1414 642 mors
1428 615 1489 650 ejus
1509 622 1564 641 non
1588 619 1663 641 esset
1693 621 1757 641 vera

968 668 1053 692 mors,
1079 660 1152 694 quod
1171 661 1270 695 partim
1289 659 1441 688 ablutionis
1460 660 1626 687 delictorum
1641 664 1757 687 nostro-

966 714 1041 739 rum,
1060 706 1161 741 partim
1177 706 1386 741 justiﬁcationis
1401 710 1505 733 nostra:
1519 706 1605 740 ﬁgura
1632 705 1678 732 sit.
1705 705 1758 732 Vas

967 759 1087 786 namque
1103 751 1249 778 electionis
1269 755 1313 778 est
1327 751 1374 786 qui
1391 751 1459 778 dicit
1473 760 1480 778 :
1501 750 1620 777 Christus
1639 754 1758 776 mortuus

967 802 1006 825 ut
1022 806 1070 833 pro
1085 798 1199 833 peccatis
1222 798 1330 828 nostris,
1346 801 1372 824 et
1396 797 1542 826 resurreait
1561 800 1669 830 propter
1679 796 1759 830 justi-

967 845 1121 879 ﬁcationem
1135 849 1254 871 nostram
1263 845 1284 870 ’.
1301 844 1335 871 Et
1350 843 1448 870 Petrus
1461 854 1465 870 :
1480 843 1600 870 Christus
1615 851 1708 877 passus
1719 845 1758 869 est

122 890 274 921 destinavit,
291 890 337 916 Iros
355 890 474 922 vocavit,-
489 895 514 916 (ι
527 898 590 925 quos
605 890 722 921 voravit,
739 891 785 918 lto;
800 895 824 917 et
832 891 915 926 justi-
933 907 954 934 Β
968 901 1015 928 pro
1030 893 1102 920 nobis
1126 892 1278 927 relinquens
1302 892 1375 918 nobis
1391 890 1541 926 exemplum
1554 890 1563 905 ³
1585 889 1659 916 Mors
1674 889 1758 924 igitur

121 936 212 970 ﬁcari!
225 945 234 968 ,'
249 941 273 962 et
284 944 347 970 quos
355 936 528 969 justiﬁcauit,
543 937 588 962 Iros
606 941 630 962 et
643 936 812 971 glori/ienuit.
827 937 916 971 inquit

122 981 270 1016 Apostolus
283 981 303 1008 ⁸.
322 981 452 1008 Eﬁiciens
469 989 534 1009 vero
550 982 632 1017 hujus
647 982 755 1018 mystici
778 983 915 1017 Corporis,

100 1027 104 1032 “
122 1032 166 1055 est
182 1028 272 1063 ipsum
288 1034 382 1054 verum
399 1027 501 1054 Christi
522 1035 621 1062 corpus
635 1033 662 1055 et
682 1029 742 1063 ejus
763 1029 917 1056 communi-

126 1075 212 1106 catio,
231 1074 253 1101 si
271 1074 353 1109 digne
368 1074 422 1101 ﬁat.
438 1074 518 1107 Quod
535 1074 692 1109 signiﬁcant
707 1076 788 1103 verba
805 1076 915 1103 iilurum

123 1120 172 1156 qui
195 1120 291 1148 dicunt
308 1129 315 1148 :
335 1120 453 1148 Oramus
473 1126 503 1148 ut
519 1121 571 1148 hoc
586 1129 688 1156 corpus
704 1127 780 1149 tuum
807 1128 916 1157 prazstet

125 1166 357 1202 participantibus
383 1167 561 1195 sobrietatem
578 1168 677 1195 anitum
690 1190 696 1200 ,
723 1169 915 1197 remissionem

124 1219 320 1249 peccaturum,
343 1215 566 1242 communionem
595 1220 696 1242 tecum.
732 1216 804 1250 Quid
841 1218 915 1244 enim

123 1260 198 1287 aliud
212 1264 255 1288 est
269 1261 439 1291 communio.
452 1269 535 1296 quam
548 1262 637 1290 unitas
653 1270 714 1289 cum
731 1262 851 1295 Christo.
869 1271 917 1291 an-

96 1340 98 1343 ,
124 1308 206 1334 nexio
225 1307 411 1334 membrorum
429 1308 462 1335 ad
481 1300 572 1342 caput.
589 1309 780 1336 convenientia
797 1310 915 1344 partium

123 1352 158 1379 ad
176 1353 283 1380 totum?
300 1353 372 1380 unde
385 1358 412 1380 et
429 1355 588 1382 communio
607 1360 721 1382 vocatur
738 1356 848 1390 proprie
864 1356 918 1384 hoc

124 1403 340 1427 sacramentum.
357 1399 388 1427 Et
403 1401 514 1436 synaxis
531 1400 605 1436 apud
621 1401 782 1437 Dionysium
802 1403 915 1437 dicitur,

124 1447 177 1474 hoc
190 1452 230 1474 est
245 1447 375 1474 collectio.
387 1447 497 1482 Colligit
509 1448 581 1475 enim
597 1456 658 1483 qua
672 1449 744 1483 apud
756 1456 785 1476 se
802 1448 916 1483 distant,

124 1499 152 1519 et
170 1493 254 1520 multa
280 1501 365 1521 unum
394 1494 469 1528 facit,
485 1500 510 1522 et
532 1495 676 1526 dissimilia
702 1500 802 1530 aquai,
830 1500 858 1523 et
888 1496 917 1523 in

125 1545 210 1566 unum
227 1546 321 1574 sparsa
341 1539 458 1567 reducit.
480 1539 664 1572 Quamobrem
681 1541 753 1569 idem
772 1542 916 1570 Damasce-

124 1593 177 1612 nus
196 1593 229 1612 eo
245 1594 300 1621 qun
315 1594 397 1621 supra
421 1588 636 1616 memoravimus
656 1589 727 1621 loco,
752 1589 916 1617 Communio
933 1574 955 1605 θ

125 1629 226 1663 inquit,
243 1630 355 1664 dicitur,
374 1636 403 1659 et
420 1636 462 1659 est
477 1633 550 1663 ideo.
565 1633 627 1668 quia
644 1641 692 1667 per
707 1641 766 1661 eam
790 1642 916 1662 commu-

125 1675 250 1703 nicarnus
261 1684 324 1703 cum
339 1677 459 1710 Christo,
476 1683 503 1706 et
517 1679 610 1707 carnis
624 1679 835 1716 divinitatisque
857 1682 917 1718 ejus

124 1723 276 1756 participes
298 1731 406 1757 sutuus,
430 1729 457 1751 et
478 1725 595 1753 invicem
620 1727 813 1762 conjungimur
835 1733 918 1763 atque

125 1767 248 1796 unimur.
275 1769 343 1796 Cum
367 1770 440 1797 enim
467 1779 500 1798 ex
526 1780 581 1799 uno
615 1780 685 1807 pane
709 1774 916 1809 participamus,

125 1821 221 1841 onmes
237 1822 320 1842 unum
342 1815 444 1843 Christi
462 1824 575 1852 corpus,
598 1823 626 1845 et
645 1827 715 1846 unus
743 1821 865 1855 sanguis.
891 1826 918 1848 et

126 1860 262 1892 membra,
277 1861 347 1888 alter
359 1862 484 1893 alterius.
498 1863 622 1897 ejusdem
650 1872 711 1891 cum
727 1865 840 1893 Christo
855 1874 919 1893 cor-

126 1907 202 1942 poris
216 1907 359 1935 eth'cimur.
377 1908 410 1935 Et
426 1917 522 1936 rursus
537 1909 639 1937 ibidem
653 1919 659 1937 :
672 1910 724 1938 Per
739 1911 842 1938 Christi
859 1919 920 1938 cor-

126 1961 179 1988 pus
190 1958 218 1981 et
232 1954 398 1989 sanguinem
419 1955 540 1991 purgati,
559 1952 671 1983 unimur
686 1957 795 1992 corpori
811 1958 918 1985 Domini

125 2005 155 2027 et
171 2000 282 2035 spiritui
299 2001 370 2036 ejus,
390 2007 419 2029 et
437 2010 538 2037 corpus
562 2003 664 2031 Christi
683 2003 827 2031 eﬁieimur.
842 2003 919 2032 Unde

127 2051 155 2073 et
171 2046 294 2078 Messias.
312 2055 361 2074 seu
381 2052 409 2075 et
427 2047 572 2080 Mediator,
589 2055 617 2076 et
630 2049 700 2083 lapis
720 2050 862 2083 angularis
877 2051 920 2078 di-

127 2093 199 2121 citur
217 2092 360 2125 Dominus.
373 2095 450 2130 quasi
463 2095 634 2131 conjungens
643 2101 765 2124 extrema
778 2102 806 2124 et
820 2097 919 2126 unicus

127 2140 225 2169 divisa.
254 2141 386 2169 Mediator
403 2143 486 2170 unius
500 2150 555 2170 non
575 2148 635 2177 est,
654 2143 702 2170 sed
719 2144 857 2179 duorum,
876 2145 917 2172 in-

127 2188 188 2222 quit
211 2187 314 2216 Paulus
336 2192 365 2216 et
388 2189 458 2224 lapis
483 2190 622 2224 angularis
639 2190 758 2218 duorum
783 2191 918 2226 parietum

968 937 1070 965 Christi
1089 939 1188 966 mortis
1216 943 1319 965 nostra;
1342 937 1494 966 secundum
1511 940 1652 971 peccatum
1675 939 1702 962 et
1716 943 1758 962 re-

968 985 1105 1012 surrectio
1128 984 1190 1019 ejus
1211 985 1274 1012 vita:
1307 989 1408 1012 nostrae
1437 991 1488 1019 per
1510 983 1758 1018 justiﬁcatiouem.

965 1032 1043 1066 juxta
1061 1032 1258 1066 primariorum
1271 1031 1460 1065 apostolorum
1476 1029 1654 1062 sententiam,
1665 1036 1758 1056 exem-

968 1077 1042 1112 plum
1059 1082 1087 1104 et
1106 1077 1192 1111 ﬁgura
1216 1076 1278 1105 fuit.
1294 1077 1348 1104 Nec
1364 1081 1455 1103 tamen
1478 1076 1547 1103 adeo
1564 1082 1638 1102 mors
1660 1079 1688 1102 et
1713 1082 1758 1101 re—

968 1123 1105 1151 surrectio
1123 1123 1182 1158 ejus
1200 1132 1253 1150 non
1272 1123 1324 1150 fuit
1345 1130 1408 1149 vera
1428 1130 1502 1150 mors
1516 1127 1543 1150 et
1565 1121 1732 1149 resurrectio
1749 1129 1757 1148 :

967 1173 1010 1195 est
1026 1169 1111 1203 igitur
1124 1169 1302 1195 encharistize
1322 1173 1539 1200 sacramentum,
1561 1171 1590 1194 et
1604 1167 1717 1198 veritas,
1730 1169 1759 1193 et

969 1215 1073 1250 ﬁgura;
1089 1223 1122 1242 ex
1134 1223 1189 1250 quo
1204 1215 1272 1242 nihil
1291 1213 1403 1242 absurdi
1420 1214 1498 1249 sequi
1515 1214 1637 1241 videtur.
1650 1213 1758 1240 Etenim

968 1263 1059 1296 ipsum
1083 1270 1194 1296 quoque
1220 1262 1386 1290 sacramenti
1412 1269 1511 1289 nomen
1537 1261 1606 1288 nihil
1624 1260 1761 1295 signiﬁcat

968 1307 1042 1334 aliud
1059 1315 1140 1341 quam
1159 1307 1271 1342 ﬁguram
1284 1307 1403 1341 alicujus
1419 1312 1445 1334 et
1457 1307 1565 1342 signum
1576 1307 1701 1333 alterius.
1717 1305 1760 1333 Si-

972 1353 1084 1387 quidem
1103 1358 1307 1380 sacrsmentum
1327 1358 1427 1381 tectum
1449 1353 1589 1388 mysteriis
1610 1357 1761 1380 secretum-

969 1406 1023 1434 que
1039 1406 1099 1426 esse
1116 1399 1207 1431 decet,
1223 1405 1252 1427 et
1272 1399 1347 1426 aliud
1364 1399 1540 1426 extrinsecus
1556 1406 1612 1433 pra-
1631 1406 1660 1425 se
1674 1398 1759 1430 ferre,

969 1447 1043 1474 aliud
1059 1447 1163 1475 habere
1181 1447 1255 1482 quod
1272 1447 1443 1482 intelligatur
1461 1447 1638 1474 intrinsecus.
1663 1446 1757 1474 Nemi-

969 1501 1032 1520 nem
1047 1498 1139 1520 autem
1158 1487 1325 1520 conturbare
1349 1493 1431 1520 debet
1448 1499 1547 1519 nomen
1566 1492 1637 1519 istud
1655 1491 1759 1526 ﬁgurae,

970 1548 1021 1568 nec
1038 1540 1064 1567 id
1092 1539 1165 1575 quod
1182 1540 1221 1567 ait
1241 1539 1428 1566 Damascenus
1453 1538 1532 1573 panis
1549 1544 1577 1565 et
1591 1538 1686 1565 vinum
1703 1546 1758 1565 non

970 1591 1012 1614 est
1027 1587 1078 1614 nisi
1096 1585 1182 1621 ﬁgura
1200 1586 1325 1621 corporis
1340 1592 1368 1612 et
1380 1585 1522 1619 sanguinis
1534 1584 1648 1612 Christi.
1662 1584 1759 1612 Absit!

969 1634 1016 1662 sed
1033 1634 1122 1669 ip'suur
1136 1641 1237 1668 corpus
1254 1632 1361 1659 Domini
1379 1632 1535 1659 deillcatum
1548 1651 1554 1662 ,
1573 1631 1632 1665 ipso
1645 1630 1761 1657 Domino

969 1681 1089 1711 dicente.
1105 1680 1160 1708 Hoc
1180 1684 1218 1707 est
1241 1689 1336 1715 corpus
1352 1688 1438 1707 meum
1452 1699 1458 1710 .
1472 1684 1500 1706 et
1516 1686 1581 1709 non,
1600 1677 1684 1711 ﬁgura
1700 1684 1761 1704 cor-

969 1726 1045 1762 poris
1062 1726 1114 1753 mei
1128 1735 1133 1757 ;
1151 1731 1188 1757 et,
1205 1725 1252 1752 Hic
1265 1729 1302 1751 est
1323 1725 1431 1761 sanguis
1447 1731 1529 1754 meus,
1550 1727 1579 1749 et
1595 1730 1660 1753 non,
1675 1722 1761 1756 ﬁgura

970 1773 1113 1809 sanguinis
1129 1772 1192 1799 mei.
1211 1772 1305 1799 Primo
1322 1771 1394 1798 enim
1413 1770 1492 1805 panis
1507 1775 1534 1796 et
1552 1769 1608 1796 vini
1634 1769 1758 1797 nomine.

969 1826 1024 1845 non
1051 1818 1137 1852 ipsam
1158 1817 1295 1845 visibilem
1321 1816 1440 1851 speciem
1464 1816 1542 1850 panis
1563 1821 1589 1841 et
1611 1814 1680 1845 viui,
1710 1814 1758 1841 sed

970 1865 1190 1893 substantialiter
1208 1868 1419 1892 transmutatam
1438 1863 1464 1890 in
1480 1869 1580 1896 corpus
1604 1866 1631 1888 et
1647 1861 1761 1896 sangui-

971 1921 1033 1940 nem
1053 1912 1191 1946 intelligit.
1210 1911 1314 1939 Deinde
1342 1911 1458 1946 ﬁguram
1481 1909 1533 1937 hoc
1555 1909 1616 1936 luco
1635 1908 1762 1943 intelligit

972 1960 1096 1987 umbraut
1114 1959 1187 1986 illam
1199 1979 1206 1992 ,
1220 1966 1281 1993 qua:
1295 1958 1362 1985 nihil
1375 1957 1449 1984 aliud
1474 1963 1657 1992 praaterquam
1675 1955 1761 1990 ﬁgura

971 2009 1023 2036 est,
1039 2004 1204 2038 simpliciter
1220 2003 1294 2030 aliud
1319 2003 1493 2037 signiﬁcans,
1517 2002 1620 2029 nullam
1647 2001 1760 2027 omnino

971 2050 1091 2078 faciendi
1102 2051 1157 2077 vim
1173 2053 1202 2077 et
1217 2053 1380 2084 potestatem
1396 2049 1510 2075 habens.
1524 2046 1761 2081 Quemadmodum

971 2103 1142 2124 sacramenta
1158 2095 1258 2122 veteris
1283 2094 1367 2130 legis,
1384 2094 1452 2121 Novi
1479 2094 1648 2121 Testameuti
1668 2100 1762 2119 sacra-

971 2148 1128 2170 mentorum
1143 2142 1229 2177 ﬁgura
1246 2141 1368 2173 fuerunt,
1381 2145 1410 2167 ut
1424 2139 1599 2167 circumcisio
1613 2139 1763 2173 baptisma-

972 2189 1018 2221 tis,
1034 2190 1145 2223 sanguis
1166 2189 1306 2215 hircorum
1325 2193 1352 2215 et
1371 2187 1521 2228 vitulorum
1547 2185 1681 2212 Dominiri
1699 2192 1762 2212 sau-

128 2233 271 2261 vinculum
289 2239 318 2262 et
333 2235 492 2270 conjunctio
507 2241 558 2264 est.
576 2236 641 2264 Post
655 2237 712 2265 hth
727 2237 795 2265 iliud
808 2245 918 2273 quoque
931 2242 959 2273 D
972 2236 1064 2272 guinis
1087 2236 1114 2263 in
1139 2243 1204 2262 arca
1227 2234 1319 2262 crucis
1334 2234 1431 2265 effusi,
1448 2240 1477 2261 et
1500 2241 1614 2269 serpens
1639 2234 1762 2268 pendens

129 2282 211 2308 tertio
226 2281 287 2309 loco
302 2281 459 2309 addendum
485 2287 536 2315 est,
566 2284 639 2318 quod
669 2284 783 2310 ver-hum
811 2283 918 2310 Domini

128 2334 230 2362 corpus
249 2333 278 2355 et
295 2328 396 2355 veritas
410 2333 453 2355 est
470 2335 496 2355 et
513 2330 609 2363 ﬁgura.
625 2329 766 2364 Siquidem
779 2336 918 2357 ostensum

128 2378 182 2403 est.
197 2375 430 2408 quemadmodum
447 2374 526 2410 panis
549 2380 577 2402 et
597 2375 653 2402 vini
672 2375 790 2403 visibilis
803 2376 918 2410 species,

130 2419 216 2455 ﬁgura
233 2429 281 2448 seu
298 2420 406 2456 signum
419 2426 459 2449 est
476 2421 533 2448 veri
550 2427 578 2449 et
594 2422 619 2448 in
637 2421 678 2449 eis
691 2422 813 2450 contenti
831 2422 922 2450 Domi-

128 2466 183 2493 nici
203 2468 327 2501 corporis
342 2473 369 2494 et
384 2468 466 2494 etiam
485 2468 591 2504 mystici
610 2469 733 2503 corporis
745 2489 752 2501 ,
770 2469 806 2496 ita
821 2476 922 2503 corpus

128 2519 225 2539 verum
238 2514 351 2547 ﬁguram
364 2513 468 2547 mystici
477 2517 506 2539 et
520 2513 698 2540 ecclesiastici
712 2513 836 2547 corporis
849 2520 921 2539 esse.

129 2558 170 2586 Ad
191 2559 249 2586 hate
267 2566 361 2586 verum
376 2559 484 2586 Domini
508 2567 610 2594 corpus
626 2559 698 2594 quod
715 2559 742 2586 in
760 2559 839 2586 altari
855 2567 921 2586 cou-

128 2612 265 2637 secratnr,
287 2606 442 2643 l'utnrorum
457 2607 572 2641 ﬁguram
589 2606 644 2633 dici
657 2626 665 2639 ,
688 2606 873 2634 Damascenus
888 2614 920 2633 eo

129 2661 185 2688 quo
199 2661 283 2688 supra
308 2654 523 2681 memoravimus
540 2654 613 2687 loco,
630 2658 758 2682 testatur.
776 2653 923 2688 Signiﬁca-

131 2701 197 2732 tiva,
220 2699 320 2734 inquit,
339 2700 496 2727 futurorum
514 2699 656 2733 dicuntur,
681 2708 734 2727 non
751 2700 813 2735 quia
827 2708 921 2727 verum

130 2748 188 2774 sint
218 2753 319 2782 corpus
341 2748 506 2781 sanguisque
530 2747 632 2774 Christi
660 2755 761 2779 verus,
785 2747 833 2775 sed
859 2748 922 2782 quia

132 2801 207 2821 nunc
219 2793 330 2829 quidem
344 2801 392 2828 per
403 2793 447 2820 illa
459 2792 614 2821 divinitatis
625 2793 777 2827 participes
788 2793 923 2821 cﬁicimur

133 2844 199 2868 tunc
214 2847 280 2868 \‘ero
297 2847 347 2874 per
362 2839 530 2867 intellectum
549 2840 607 2866 sola
621 2839 726 2867 visione
741 2839 866 2867 fruemur
881 2840 924 2867 di-

170 2930 177 2945 ¹
195 2929 274 2958 Rom.
293 2938 350 2963 vui,
367 2932 410 2958 50.

450 2930 476 2958 Ἰ
498 2931 560 2957 tior.
586 2937 629 2962 \v,
645 2929 671 2956 ’5.
711 2929 742 2954 ²Ι
759 2928 831 2956 l'clr.
851 2936 879 2962 ll,
898 2929 944 2959 :‘l.

974 2284 1000 2311 in
1016 2291 1110 2311 eremo
1123 2282 1248 2318 corporis
1264 2282 1372 2309 Domini
1389 2282 1414 2308 in
1431 2290 1513 2309 cruce
1531 2281 1689 2316 pendentis.
1711 2280 1763 2308 Ve-

972 2339 1032 2358 rqu
1051 2330 1096 2357 illa
1111 2329 1222 2364 quidem
1244 2328 1337 2363 ﬁgura:
1362 2333 1468 2356 tantum
1481 2333 1570 2358 erant,
1593 2333 1622 2355 et
1645 2328 1760 2354 aliorutn

972 2377 1164 2412 signiﬁcativa,
1188 2384 1244 2403 non
1267 2376 1405 2408 eil'ectiva,
1430 2379 1457 2402 et
1483 2382 1625 2402 sacrorum
1650 2374 1761 2409 quidem

972 2421 1175 2456 signiﬁcativa,
1201 2428 1257 2447 non
1282 2420 1342 2454 ipsa
1370 2427 1458 2448 sacra.
1490 2419 1586 2446 Nostra
1614 2427 1679 2446 vero
1708 2426 1762 2446 non

973 2468 1056 2494 modo
1072 2467 1255 2502 signiﬁcativa
1272 2471 1299 2494 et
1325 2466 1418 2501 ﬁgura:
1441 2465 1538 2492 salutis
1556 2470 1639 2498 sunt,
1668 2473 1762 2492 verum

973 2514 1055 2540 etiam
1069 2513 1209 2541 salutifera
1219 2533 1226 2545 ,
1241 2512 1294 2540 hoc
1318 2517 1361 2539 est
1389 2511 1515 2539 eﬁectiva
1527 2511 1634 2543 salutis,
1649 2510 1762 2545 ipsaque

974 2568 1052 2588 sacra
1069 2565 1098 2587 et
1117 2568 1203 2588 sacra:
1227 2568 1368 2587 sacrarum
1384 2566 1476 2586 rerum
1493 2558 1594 2594 ﬁgura).
1612 2557 1670 2585 lloc
1687 2557 1760 2584 enim

975 2608 1091 2634 interest
1117 2606 1190 2633 inter
1215 2607 1316 2633 veteris
1331 2610 1358 2632 et
1378 2613 1455 2632 novae
1478 2605 1546 2640 legis
1568 2609 1762 2635 sacramenta,

972 2654 1046 2688 quod
1065 2653 1111 2680 illa
1129 2652 1242 2688 quidem
1260 2652 1393 2679 duntaxat
1416 2651 1610 2686 signiﬁcabant
1633 2650 1762 2683 salutent,

973 2700 1030 2726 bare
1045 2699 1127 2726 etiam
1142 2698 1276 2734 prwbcut,
1294 2703 1320 2725 et
1339 2698 1383 2724 illa
1411 2697 1521 2732 quidem
1539 2705 1594 2723 non
1610 2703 1700 2729 sacra,
1712 2696 1761 2724 sed

972 2753 1114 2773 sacrarum
1142 2743 1332 2772 tantummodo
1356 2751 1447 2770 rerum
1473 2742 1652 2778 signiﬁcativa
1676 2751 1684 2771 :
1704 2742 1763 2770 haec

973 2799 1064 2820 autem
1082 2797 1110 2820 et
1134 2791 1314 2827 signiﬁcativa
1337 2798 1477 2817 sacrarum
1495 2797 1587 2816 rerum
1612 2793 1694 2823 atque
1722 2787 1763 2815 ef-

973 2840 1072 2868 fectiva
1095 2843 1170 2868 sunt.
1199 2838 1268 2867 lllne
1292 2842 1403 2866 sanctus
1429 2836 1548 2864 llilarius
1573 2837 1611 2864 ait
1629 2846 1634 2863 :
1654 2836 1761 2871 Corpus
