1920 3063
156 159 210 192 409

638 158 888 190 ΒΕΒΞΑΒιΟΝΙΞ
909 159 939 189 s.
962 156 998 189 Η.
1021 158 1055 190 E.
1080 136 1314 191 CAnemALts

1746 158 1806 191 εοθ

156 218 258 246 Christi
277 224 331 252 quo
349 217 374 244 in
397 217 477 244 altari
499 216 718 252 participanius.
734 217 819 252 ﬁgura
842 216 950 251 quidem
967 218 989 244 Λ
1006 215 1072 243 Nam
1092 217 1114 244 si
1133 218 1260 246 humanae
1277 226 1374 253 preces
1402 219 1455 247 hoc
1470 222 1594 254 possent,
1610 218 1703 254 potius
1723 218 1806 246 viro-

154 270 208 297 est,
222 270 360 299 quatenus
379 264 458 299 panis
473 268 501 292 et
515 264 608 291 vinum
633 264 820 292 exterioribus
836 270 950 298 apparet

156 311 305 341 sensibus,
330 310 433 337 veritas
453 314 543 337 autem
561 314 613 343 est,
639 316 775 344 quatenus
799 317 901 344 corpus
923 306 951 336 cl

158 356 269 391 sanguis
286 356 312 383 in
331 355 446 383 veritate
461 357 544 383 corde
559 356 693 383 creditur.
710 354 744 383 Et
759 354 949 390 Augustinus:

157 403 259 432 Christi
277 411 387 438 corpus.
400 404 499 438 inquit,
517 407 545 431 et
560 403 662 432 veritas
677 408 704 430 et
721 403 809 438 ﬁgura
826 407 868 430 est
883 411 890 429 :
907 409 954 429 ve-

161 451 229 478 ritas
248 450 373 485 quidem,
392 451 418 476 in
435 455 570 484 quantum
593 450 694 476 virtute
710 449 824 484 spiritus
835 456 868 476 ex
886 448 953 476 sub~

161 496 260 523 stantia
278 497 356 531 panis
379 501 407 524 et
431 496 485 523 vini
502 503 604 530 corpus
618 495 754 528 eﬁicitiir;
780 496 864 530 figura
890 502 954 522 vero

160 546 203 569 est
218 542 283 569 illud
304 543 376 577 quod
392 543 576 570 exterioribus
590 543 717 570 sensibus
730 543 881 578 suhjaceat.
897 542 954 569 Nos

161 587 256 623 itaque
271 588 385 623 figurant
399 589 450 616 hoe
464 590 525 616 loco
540 590 575 616 ita
592 589 754 624 accipimus,
775 596 835 623 qua:
848 588 956 615 scilicet

163 634 253 668 quoad
270 635 417 663 scnsibiles
435 637 542 670 species
558 636 636 670 panis
658 641 686 662 et
703 635 758 662 vini
773 655 780 666 ,
798 634 872 662 aliud
887 634 958 661 dun-

163 685 238 708 taxat
248 680 384 715 signiﬁcet
395 681 484 716 quoad
499 690 593 708 verum
605 689 707 716 corpus
717 680 832 712 Christi,
843 685 871 707 et
883 680 958 708 aliud

163 725 318 759 signiﬁcet,
344 731 371 753 et
397 731 487 754 tamen
514 728 616 753 veritas
643 727 688 754 sit.
721 726 958 759 Quemadmodum

166 771 352 799 Damascenus
375 780 484 808 quoque
500 793 506 805 ,
526 773 607 800 sicuti
628 773 709 807 paulo
736 779 799 799 ante
825 779 960 799 memora-

166 818 267 850 vimus,
283 824 390 846 veteres
407 824 519 846 secutus
540 820 678 850 doctores,
697 826 792 846 verum
818 826 918 853 corpus
933 823 961 845 et

167 864 328 898 sanguinem
341 864 445 892 Christi
467 865 608 900 ﬁgurativa
626 866 781 893 futurorum
799 865 959 892 nominavit.

1007 271 1066 290 rum
1083 263 1220 292 bonorum
1242 273 1347 300 preces,
1366 265 1418 293 etsi
1435 273 1490 292 non
1507 264 1695 298 sacerdotum,
1715 271 1804 300 quam

1007 318 1155 345 pravorum
1169 312 1344 338 sacerdotum
1361 312 1411 339 hoc
1423 311 1548 339 divinum
1565 318 1636 346 opus
1646 311 1804 339 ellieerent.

1006 357 1089 391 Atqui
1106 357 1239 385 indecens
1253 363 1338 390 esset,
1351 363 1435 393 atque
1447 358 1480 385 ab
1493 358 1614 385 humana
1626 357 1714 385 salute
1731 356 1805 384 alie-

1008 411 1085 434 num.
1108 404 1270 431 existimare
1295 409 1401 432 tantum
1419 409 1625 432 sacramentum
1641 411 1655 431 α
1671 411 1700 432 re
1718 403 1806 432 dubia

1008 449 1185 484 dependere:
1209 450 1311 486 quippe
1334 450 1449 478 dubium
1466 455 1549 486 atque
1574 450 1733 485 ambiguum
1750 453 1808 480 est,
1836 478 1840 481 ,

1009 503 1043 523 an
1069 504 1165 530 preces
1184 504 1217 524 ac
1239 497 1454 531 supplicationes
1472 502 1574 525 nostra:
1602 497 1658 524 Deo
1683 499 1808 529 acceptae

1010 541 1066 569 sint
1081 542 1181 569 futurae
1203 551 1210 568 :
1228 549 1262 569 ex
1278 549 1333 577 quo
1348 541 1435 578 ﬁeret,
1459 546 1489 569 ut
1505 546 1534 569 et
1559 541 1632 569 salus
1650 539 1731 568 nobis
1747 540 1807 567 vir-

1013 591 1071 615 tute
1096 587 1178 622 hujns
1196 588 1320 623 mysterii
1335 592 1495 622 exspectata
1518 587 1603 615 dubia
1629 587 1710 614 foret.
1727 586 1808 620 Quod

1012 642 1046 661 ne
1065 633 1183 666 accidat,
1203 634 1258 661 imo
1274 634 1349 662 salus
1367 638 1473 666 nostra,
1488 641 1571 667 quam
1589 633 1671 667 digne
1695 632 1810 666 partici-

1013 679 1141 713 pantibus
1163 679 1215 706 hoc
1240 683 1442 708 sacramentum
1462 679 1593 714 praebet,
1620 684 1697 706 certa
1725 682 1811 712 atque

1014 724 1126 752 indubia
1139 727 1185 758 sit,
1199 733 1313 754 necesse
1326 729 1369 754 est
1386 726 1539 753 Dominicis
1554 725 1646 753 verbis
1662 725 1812 753 duntaxat.

1014 776 1042 799 et
1054 772 1137 799 nullis
1147 772 1209 800 aliis
1221 777 1327 800 tantum
1340 773 1438 800 conﬁci
1451 777 1670 800 sacramentum.
1683 772 1724 799 Ad
1740 772 1810 802 haec,

1017 817 1146 853 precibus
1173 818 1284 853 quidem
1301 820 1405 846 nostris
1420 826 1476 846 non
1494 819 1665 853 perﬁcimus,
1681 817 1729 845 sed
1748 823 1811 845 tau-

1018 866 1160 892 tummodo
1188 872 1315 899 rogamus
1347 869 1378 892 ut
1408 865 1567 900 perﬁciatur
1593 870 1810 893 sacramentum.

167 908 219 936 Ubi
234 908 307 936 enim
331 909 473 944 figuratiua
495 910 576 942 dixit,
593 915 621 937 et
644 911 758 945 ﬁguram
782 910 842 937 sine
865 909 962 939 discri-
979 898 999 926 Β
1015 910 1104 938 Verba
1122 918 1188 938 vero
1201 898 1263 945 quae
1278 911 1331 938 hoc
1343 898 1468 938 divinum
1481 919 1583 945 corpus
1595 916 1756 947 operantur,
1768 910 1814 938 ef-

169 955 243 982 niine
259 955 351 983 dicere
367 956 512 990 potuisset.
528 956 580 984 Sed
599 956 633 983 de
646 956 679 983 iis
693 957 770 990 satis,
786 961 816 983 ut
832 956 962 989 arbitror,

170 1002 364 1035 disseruimus,
377 999 533 1038 nune'quod
550 1003 686 1038 reliquum
699 1008 743 1030 est
759 1003 962 1038 aggrediantur.

172 1045 231 1072 Erit
247 1051 338 1073 autem
354 1051 445 1074 nostra
463 1048 552 1074 omnis
573 1049 662 1075 oratio
678 1048 825 1082 tripertita.
840 1047 964 1075 Primum

172 1091 247 1118 enim
272 1092 436 1119 conabimur
460 1093 606 1121 ostendere
631 1094 834 1121 divinissimum
864 1102 965 1130 corpus

172 1136 275 1164 Christi
291 1142 319 1164 et
334 1139 505 1173 sanguinem,
521 1139 603 1166 nullis
619 1139 680 1166 aliis
698 1139 800 1172 verbis,
813 1144 859 1166 aut
873 1147 966 1167 sacer.

175 1183 271 1210 datum
296 1184 424 1219 precibus
442 1185 551 1217 conﬁci,
571 1193 652 1220 quam
672 1185 705 1212 iis
722 1193 783 1220 qua:
809 1194 891 1220 supra
908 1193 967 1212 mc-

176 1231 346 1259 Inoravimus
370 1231 477 1258 Doniini
503 1232 612 1259 verbis:
632 1232 686 1259 Hoc
699 1236 736 1259 est
752 1240 847 1267 corpus
862 1238 967 1263 meum;

177 1282 216 1311 et,
233 1277 280 1304 llic
296 1283 332 1305 est
346 1278 454 1313 sanguis
472 1287 553 1305 mens.
575 1278 639 1306 Post
657 1278 714 1306 hac
736 1284 894 1306 sanctorum
917 1277 970 1304 Ec-

179 1325 269 1352 tlesim
293 1324 437 1352 doctorum
464 1333 495 1351 ac
521 1324 632 1351 Patrum
659 1330 816 1352 nostrorum
844 1332 925 1351 unam
942 1328 970 1351 et

179 1371 302 1398 eamdem
322 1379 382 1398 esse
399 1372 564 1398 sententiam
588 1371 802 1398 declarabimus.
827 1371 971 1398 Postremo

181 1425 242 1452 quae
256 1417 319 1445 huic
327 1417 450 1452 opinioni
464 1417 604 1444 adversari
617 1417 754 1450 videnlur,
764 1418 833 1444 duce
844 1416 970 1448 Domino,

183 1465 262 1498 cujus
276 1471 320 1491 res
334 1463 424 1498 agitur
434 1484 440 1496 ,
457 1464 649 1491 disSolvmnus.

218 1510 297 1542 Quod
316 1510 399 1545 igitur
414 1511 581 1544 impossibile
597 1511 631 1538 sit
645 1511 707 1538 aliis
723 1517 804 1545 quam
824 1508 973 1537 Dominicis

1016 955 1137 983 ﬁcientia
1153 957 1321 983 sacramenti
1345 965 1406 984 esse
1432 956 1545 990 debent,
1567 965 1621 984 non
1638 962 1668 984 ut
1678 956 1813 984 conﬁcia-

1017 1007 1062 1030 tur
1077 1001 1269 1036 deprecantia.
1286 1002 1358 1038 Ergo
1371 1011 1426 1030 non
1443 1003 1546 1031 nostris
1561 1003 1654 1030 verbis
1670 1011 1732 1038 qua:
1755 998 1819 1030 non

1016 1048 1179 1082 conﬁciunt,
1196 1049 1243 1077 sed
1268 1054 1298 1076 ut
1314 1049 1478 1078 conficiatur
1492 1054 1583 1082 orant,
1609 1055 1716 1077 tantum
1741 1057 1815 1084 opus

1019 1094 1210 1129 tribuendunt,
1226 1096 1275 1123 sed
1289 1096 1381 1124 verbis
1408 1095 1558 1124 Dominicis
1576 1103 1639 1123 vere
1663 1096 1816 1123 conﬁcien-

1019 1141 1104 1175 tibus,
1119 1148 1154 1169 eo
1170 1141 1252 1169 modo
1274 1150 1330 1177 quo
1347 1143 1479 1171 Dominus
1496 1143 1554 1178 ipse
1571 1150 1620 1178 per
1636 1142 1733 1170 eadem
1750 1150 1816 1170 ver-

1019 1189 1066 1221 ba,
1084 1193 1113 1216 ut
1130 1188 1231 1224 legitur
1248 1189 1274 1216 in
1292 1189 1442 1224 Evangelio
1453 1209 1461 1222 ,
1477 1189 1660 1218 consecravit.
1677 1188 1815 1216 Praeterea

1021 1234 1105 1262 verba
1129 1234 1237 1262 Domini
1269 1234 1449 1269 proferuntur
1466 1243 1480 1262 a
1504 1235 1666 1268 sacerdote,
1683 1238 1816 1269 tanquam

1021 1285 1186 1315 potestatem
1205 1280 1326 1308 habente
1348 1289 1380 1308 ea
1407 1281 1568 1316 perﬁciendi
1584 1288 1646 1316 qua:
1658 1281 1718 1316 ipsa
1731 1280 1816 1308 verba

1021 1327 1187 1362 signiﬁcant.
1216 1327 1350 1355 Precibus
1373 1335 1438 1355 vero
1468 1328 1527 1356 suis
1554 1332 1716 1363 potestatem
1747 1327 1818 1362 petit

1023 1373 1094 1401 idem
1112 1374 1241 1402 sacerdos
1256 1379 1386 1410 tanquam
1414 1375 1536 1402 nondum
1563 1374 1680 1402 habens.
1702 1374 1816 1401 Atenim

1024 1421 1123 1448 melius
1147 1421 1307 1456 certiusque
1329 1429 1373 1449 res
1397 1421 1433 1448 ab
1448 1429 1481 1449 eo
1494 1425 1659 1455 potestatem
1683 1420 1817 1452 habente,

1014 1474 1106 1502 quam
1120 1474 1135 1494 a
1151 1466 1273 1494 nondum
1293 1467 1424 1499 habente,
1441 1466 1488 1494 sed
1503 1471 1533 1494 ut
1548 1474 1608 1494 eam
1633 1466 1744 1498 habeat,
1772 1473 1819 1492 ro-

1024 1517 1116 1547 gante,
1130 1511 1284 1547 perﬁcitur,
1296 1512 1461 1547 faciliusque
1474 1512 1498 1539 id
1511 1512 1568 1547 agit
1581 1512 1628 1547 qui
1638 1512 1694 1547 jam
1714 1515 1818 1546 potest,

185 1557 278 1598 verbis
294 1557 473 1584 Eucharistia:
489 1561 689 1584 sacramentum
705 1556 803 1584 conﬁci
821 1556 972 1584 evidentis-
984 1571 1007 1603 C
1027 1565 1108 1593 quam
1125 1557 1173 1593 qui
1191 1565 1271 1592 posse
1287 1565 1316 1585 se
1341 1562 1442 1593 sperat.
1460 1557 1519 1585 Non
1546 1557 1631 1593 igitur
1647 1556 1820 1592 supplicibus

186 1605 254 1632 sime
273 1610 299 1631 et
317 1604 378 1631 luce
403 1604 504 1631 clarius
520 1610 644 1638 apparet.
663 1603 812 1630 Enimvero
827 1611 908 1630 nemo
931 1606 974 1630 est

186 1660 267 1686 queui
286 1651 367 1678 lateat
381 1672 388 1682 ,
412 1650 642 1685 quemadmodum
660 1651 738 1686 panis
754 1655 782 1678 et
803 1650 860 1678 vini
877 1657 976 1685 corpus

188 1703 214 1724 et
228 1697 389 1732 sanguinem
400 1697 501 1724 (Ihristi
515 1698 541 1724 in
559 1697 670 1724 instanti
685 1697 756 1724 facta
770 1696 960 1724 transsubstan

190 1744 307 1774 tialitas,
327 1743 474 1769 humanam
491 1751 599 1770 onmem
622 1743 779 1770 facultatem
795 1743 915 1776 excedit,
933 1742 978 1770 in-

190 1797 313 1824 petwlne
339 1796 408 1823 opus
438 1794 499 1821 est.
523 1794 550 1816 et
576 1794 648 1816 certe
676 1789 800 1815 divinum
819 1797 825 1816 :
843 1789 879 1816 ita
896 1788 979 1816 etiam

191 1837 274 1870 hujus
288 1836 450 1863 sacramenti
466 1835 609 1862 efficientia
625 1835 719 1866 verba.
737 1836 824 1862 instar
836 1834 924 1870 ipsius
935 1842 980 1862 sa-

192 1880 323 1907 rramenti
337 1900 344 1912 ,
361 1880 468 1907 eximia:
484 1880 624 1915 cujusdam
651 1880 761 1907 virtutis
784 1887 844 1907 esse
868 1879 980 1908 debere.

192 1926 291 1954 Christi
317 1934 381 1954 vero
404 1926 506 1953 divinis
523 1926 615 1953 verbis
629 1945 636 1957 ,
658 1926 727 1952 nihil
744 1933 805 1953 esse
829 1926 980 1961 potentius,

194 1974 262 2001 nihil
275 1972 412 2001 cﬁicacius
425 1981 485 2001 esse
496 1981 576 2008 posse
591 1972 764 1999 manifestum
778 1976 830 2000 est.
847 1972 984 2006 Quamob-

196 2028 252 2047 rem
279 2020 358 2048 fateri
385 2027 497 2048 necesse
521 2025 579 2050 est.
596 2019 744 2046 Dominicis
762 2019 815 2046 illis
832 2019 937 2051 verbis,
957 2024 984 2046 et

196 2067 280 2094 nullis
293 2067 352 2094 aliis
361 2066 483 2094 divinum
497 2066 550 2093 hoc
562 2070 764 2094 sacramentum
776 2065 874 2093 conﬁci
894 2072 983 2100 posse.

197 2113 252 2140 Nec
267 2113 339 2139 enim
357 2112 528 2140 divinissiuia
547 2120 595 2146 per
616 2112 738 2138 divinam
754 2111 904 2146 potentiam
920 2118 986 2137 con~

198 2160 241 2186 ﬁ-‘i
264 2158 406 2193 negaverit
429 2158 576 2193 quispiam,
604 2165 654 2185 nec
680 2158 772 2185 verbis
787 2157 891 2184 Christi
917 2157 987 2184 nihil

197 2206 312 2234 omnino
327 2206 465 2233 efﬁcacius
480 2213 552 2238 esse,
575 2213 636 2232 cum
663 2212 716 2231 non
736 2206 816 2231 modo
833 2204 926 2235 homo,
944 2211 987 2230 ve-

1027 1604 1216 1638 sacerdotum,
1240 1605 1288 1632 sed
1307 1604 1487 1632 euuntiativis
1512 1604 1621 1632 Domini
1639 1603 1731 1631 verbis
1747 1602 1820 1630 eﬁici

1028 1651 1199 1678 credendum
1214 1655 1257 1678 est
1274 1651 1331 1677 haec
1345 1658 1423 1678 sacra
1447 1650 1590 1686 mysteria.
1607 1649 1673 1677 Item
1689 1649 1755 1676 dum
1776 1657 1823 1676 ro-

1028 1700 1074 1732 gat
1089 1696 1238 1728 sacerdos,
1253 1700 1301 1722 aut
1314 1695 1382 1730 petit
1395 1695 1521 1723 obtinere
1546 1699 1712 1730 potestatem
1734 1692 1824 1721 conﬁ-

1030 1743 1122 1772 ciendi
1137 1743 1272 1779 mysterii.
1285 1748 1333 1771 aut
1345 1751 1418 1777 non;
1434 1743 1456 1770 si
1473 1743 1553 1778 petit,
1567 1750 1622 1769 non
1635 1741 1718 1775 igitur
1733 1740 1825 1767 inerat

1030 1790 1182 1819 sacerdotis
1204 1790 1332 1825 precibus
1349 1797 1382 1816 ea
1401 1789 1522 1823 potentia
1540 1788 1613 1823 (quis
1625 1787 1699 1815 enim
1716 1790 1826 1821 peteret

1031 1836 1106 1872 quod
1118 1837 1176 1872 jant
1188 1841 1262 1864 tenet
1275 1836 1296 1870 ἵ)
1316 1836 1394 1868 Quod
1412 1835 1435 1862 si
1451 1842 1504 1862 non
1518 1835 1599 1869 petit,
1615 1833 1717 1860 frustra
1735 1838 1824 1866 rogat.

1032 1883 1208 1919 Quapropter
1220 1891 1278 1910 non
1292 1883 1366 1916 ipsas
1377 1881 1553 1909 sacerdotum
1577 1887 1683 1915 preces,
1697 1879 1746 1906 sed
1775 1879 1826 1905 Do-

1035 1930 1102 1958 mini
1116 1929 1200 1957 verha
1216 1926 1412 1956 eucharistiam
1430 1927 1568 1954 conﬁcere
1581 1925 1758 1953 manifestum
1770 1930 1823 1952 est.

1035 1974 1112 2002 Adde
1126 1974 1199 2009 quod
1213 1973 1359 2001 verborum
1377 1980 1436 2008 qum
1449 1972 1507 1999 hmo
1520 1972 1648 2007 mysteria
1662 1971 1825 2000 coniiciunt,

1036 2021 1110 2048 nulla
1139 2020 1287 2047 diversitas
1301 2040 1308 2051 ,
1334 2018 1410 2046 nulla
1429 2018 1547 2045 mutatio
1571 2025 1633 2044 esse
1649 2017 1729 2044 debet
1747 2024 1754 2042 :
1772 2023 1827 2042 una

1036 2067 1109 2095 enim
1128 2065 1261 2101 cujusque
1276 2069 1304 2092 et
1328 2065 1506 2092 immutabilis
1524 2064 1611 2091 forma
1629 2067 1680 2095 est,
1696 2070 1750 2096 qua
1766 2070 1828 2088 mu-

1037 2118 1093 2141 tata
1108 2117 1195 2141 totum
1213 2112 1294 2139 etiam
1312 2116 1442 2138 mutatur.
1461 2109 1538 2138 Unde
1560 2108 1703 2136 Manlia-us
1719 2112 1747 2134 et
1760 2107 1830 2134 Mar-

1039 2167 1087 2187 cus
1102 2164 1130 2187 et
1153 2158 1260 2190 Lucas,
1277 2162 1304 2185 et
1328 2165 1390 2184 eum
1414 2156 1447 2184 iis
1468 2150 1609 2190 apostolus
1627 2154 1746 2187 Paulus.
1765 2160 1827 2180 eum

1041 2207 1123 2242 hujus
1144 2204 1360 2233 consecrationis
1388 2205 1555 2230 mentionem
1582 2200 1706 2233 faciunt,
1725 2207 1786 2234 quae
1815 2207 1829 2225 a

202 2261 261 2280 rum
285 2253 368 2280 etiam
385 2252 456 2279 Deus
471 2252 515 2282 sit.
532 2257 694 2287 creatorque
711 2252 846 2283 omnium,
866 2251 912 2286 qui
929 2251 988 2278 solo
1006 2256 1026 2283 ο
1042 2253 1183 2281 Salvatorc
1194 2256 1273 2278 nocte
1287 2257 1340 2284 qna
1352 2248 1510 2276 tradebatur
1526 2247 1646 2281 perfecta
1660 2251 1712 2278 est,
1734 2246 1829 2272 eadem

201 2305 270 2328 nutu
287 2305 384 2326 cuncta
410 2298 558 2333 produxit,
584 2299 629 2332 qui
654 2298 739 2326 verbo
767 2306 854 2333 aegros
871 2297 989 2329 curavit,

202 2350 326 2372 mortuos
342 2344 502 2377 suscitavit,
519 2348 671 2379 eteteraque
690 2344 820 2372 miracula
836 2344 911 2375 fecit,
930 2352 991 2379 qua:

203 2392 229 2418 in
245 2391 395 2426 Evangeliis
410 2390 570 2418 recitantur.
584 2390 718 2418 Praeterea
734 2392 859 2419 humana:
884 2398 989 2426 preces,

203 2443 270 2465 tunc
293 2437 366 2472 quod
393 2440 471 2464 orant
492 2436 624 2464 facillime
643 2441 868 2472 consequuntur‘,
888 2445 950 2465 cum
965 2436 992 2464 id

204 2483 310 2510 meritae
336 2483 401 2514 sint,
426 2487 453 2510 et
477 2491 492 2510 a
517 2483 695 2510 benetneritis
722 2483 884 2511 elfunditur.
909 2483 993 2518 Atqui

207 2530 284 2565 panis
301 2534 329 2557 et
344 2529 399 2557 vini
417 2529 444 2556 in
460 2536 560 2564 corpus
573 2533 600 2556 et
612 2530 771 2564 sanguinem
786 2529 991 2563 transmutatio,

208 2584 262 2602 non
293 2576 444 2610 petentium
470 2575 587 2607 meritis,
607 2575 655 2602 sed
672 2575 732 2610 ejus
751 2575 874 2610 potentia
899 2575 945 2610 qui
962 2583 995 2603 ex

208 2621 295 2648 nihilo
314 2625 412 2648 cuncta
435 2620 585 2655 produxit,
607 2628 655 2656 per
672 2621 842 2648 sacerdotem
866 2626 995 2656 tanquam

210 2674 259 2702 per
287 2667 500 2694 instrumentum
526 2667 665 2701 quoddam
691 2665 820 2694 eﬁieitur.
845 2666 922 2694 Unde.
941 2675 997 2695 non

210 2713 301 2740 minus
325 2713 360 2740 ab
385 2711 504 2748 indignis
527 2712 719 2740 sacerdotibus
742 2716 825 2747 atque
849 2712 996 2747 perversis,

211 2766 320 2793 quanta
341 2758 421 2786 bonis
437 2759 594 2793 sanctisque
607 2763 797 2786 consecratur.
815 2758 854 2786 Ex
868 2768 922 2794 quo
940 2767 999 2787 ma—

213 2805 342 2832 nifestum
365 2810 417 2838 cst,
433 2813 487 2832 non
504 2805 610 2833 orantis
624 2805 797 2833 sanctitatem
808 2826 815 2838 ,
839 2807 887 2833 sed
909 2807 998 2840 ipsunt

215 2853 360 2879 Dominum
377 2854 494 2889 propriis
509 2854 567 2881 suis
578 2853 679 2887 verbis,
691 2861 704 2880 a
721 2853 863 2881 sacerdote
877 2853 999 2886 prolatis,

216 2905 313 2932 pauent
329 2903 355 2925 et
369 2899 460 2926 vinum
478 2899 504 2925 in
526 2897 666 2933 proprium
683 2905 783 2932 corpus
807 2901 999 2924 transmutarc.

1043 2300 1125 2327 verba
1134 2305 1230 2326 omnes
1240 2297 1335 2324 eodem
1348 2295 1428 2322 modo
1443 2294 1624 2329 pronuntiant
1641 2290 1649 2319 ξ
1663 2292 1790 2327 quamvis
1803 2296 1831 2318 et

1042 2346 1069 2374 in
1085 2343 1276 2380 superioribus
1292 2348 1320 2369 et
1335 2341 1363 2369 in
1387 2339 1567 2376 sequentibus
1593 2339 1695 2366 diversi
1720 2338 1832 2364 diverso

1044 2392 1126 2420 modo
1152 2394 1216 2418 sunt
1237 2389 1333 2416 loculi.
1359 2387 1409 2416 llic
1435 2387 1538 2421 pariter
1553 2393 1651 2414 omnes
1674 2385 1831 2412 dixerunt:

1044 2439 1098 2466 Hoc
1110 2442 1147 2465 est
1161 2445 1255 2470 corpus
1269 2443 1371 2467 meum;
1389 2439 1426 2467 et,
1439 2434 1486 2462 Hic
1499 2437 1538 2460 est
1551 2434 1659 2468 sanguis
1675 2439 1755 2458 nteus.
1767 2430 1832 2458 Pre~

1045 2493 1090 2512 ces
1103 2491 1166 2511 vero
1184 2488 1211 2510 et
1222 2482 1437 2517 supplicationes
1451 2479 1638 2511 sacerdotum,
1651 2478 1753 2513 quibus
1767 2485 1834 2504 non-

1046 2529 1115 2558 nulli
1129 2528 1290 2556 existimant
1302 2526 1353 2553 hoc
1374 2525 1534 2561 mysterium
1548 2523 1657 2556 conﬁci,
1681 2523 1748 2550 alias
1762 2521 1833 2556 apud

1046 2575 1116 2604 alios
1133 2579 1161 2602 et
1176 2574 1256 2607 longe
1280 2572 1391 2607 quidem
1407 2571 1531 2598 diversas
1547 2577 1608 2597 esse
1626 2569 1763 2596 videmus.
1780 2567 1834 2594 Alii

1047 2621 1121 2649 enim
1137 2619 1258 2656 optando
1269 2639 1277 2652 ,
1294 2618 1340 2645 alii
1355 2616 1516 2652 imperando
1537 2616 1563 2643 id
1581 2619 1675 2651 agunt.
1692 2613 1834 2649 Siquidem

1047 2665 1176 2693 Clemens
1192 2669 1219 2692 et
1233 2663 1353 2692 Iacobus
1365 2671 1372 2689 :
1383 2662 1533 2698 Rogamus,
1548 2661 1696 2695 inquiunt,
1718 2663 1747 2686 ut
1773 2657 1836 2685 utit-

1051 2717 1090 2739 tas
1108 2711 1241 2747 Spiritum
1257 2714 1381 2737 sanetum
1398 2712 1477 2736 tuum
1495 2715 1581 2742 super
1594 2707 1647 2734 hoc
1658 2704 1836 2736 sacriﬁcium.

1051 2757 1098 2793 qui
1113 2756 1212 2785 eﬂiciat
1225 2756 1299 2784 hunc
1315 2762 1412 2790 panem
1430 2761 1530 2790 corpus
1544 2753 1646 2781 Christi
1663 2752 1713 2782 tui.
1725 2756 1753 2779 et
1764 2751 1838 2786 quod

1051 2803 1080 2831 in
1099 2803 1151 2830 hoc
1164 2802 1248 2830 calice
1263 2805 1322 2834 est,
1339 2800 1501 2836 sanguinem
1519 2799 1623 2827 Christi
1645 2798 1694 2826 tui.
1717 2797 1838 2826 Jacobus

1053 2857 1118 2876 vero
1136 2858 1143 2876 :
1162 2849 1309 2884 Rogamus,
1326 2847 1425 2882 inquit,
1445 2851 1474 2873 ut
1491 2845 1611 2881 Spiritus
1624 2849 1736 2873 sanctus
1758 2843 1840 2870 adve-

1053 2896 1134 2924 niens
1152 2900 1257 2929 sancta,
1275 2895 1345 2923 bona
1362 2898 1445 2928 atque
1462 2892 1582 2928 gloriosa
1602 2892 1661 2927 ejus
1692 2889 1839 2926 praesentia
