1920 3063
108 180 160 213 501

606 178 656 208 DE
677 174 933 208 SACBAMENTO
957 176 1240 208 EUCil-AliiSTl.E.

1679 176 1712 208 ’5.
1722 178 1740 210 2

105 240 278 271 sanctiﬁccl,
302 243 330 265 et
356 237 437 264 iaciat
454 236 528 264 hum:
543 237 654 272 quidem
681 245 779 272 pauetn
795 243 897 270 corpus
912 237 934 265 Α
950 242 1004 262 non
1019 236 1046 263 in
1063 244 1123 270 ens,
1137 237 1184 264 sed
1202 237 1229 264 in
1252 244 1306 264 non
1320 245 1371 265 eus
1389 241 1552 265 mutaretur.
1569 237 1646 264 iiunc
1672 244 1738 263 vero

105 288 193 314 sancti
210 285 313 314 Christi
328 285 378 316 tui,
395 289 422 311 et
443 283 555 311 calicem
574 283 815 319 huucpretiosum
832 290 896 310 san-

105 334 217 368 guinem
242 331 345 360 Christi
373 331 422 358 tui.
449 331 483 358 At
503 338 616 365 magnus
640 330 737 358 doctor
756 330 893 361 Basilius;

108 379 261 414 Rogamus,
278 377 378 412 inquit,
397 381 425 403 ut
448 377 544 403 veniat
558 375 680 410 Spiritus
695 380 808 403 sanctus
833 380 896 402 tuus

106 433 192 460 super
207 431 269 456 nos,
285 429 313 451 et
330 430 414 457 super
427 422 485 449 hinc
504 421 644 456 proposita
659 428 772 448 munera
784 440 791 451 .
809 425 838 448 et
851 421 898 448 be-

107 472 219 499 nedicat
234 479 275 504 ea,
301 470 454 497 sanctiﬁcet
470 474 497 496 et
514 469 607 502 iaciat,
626 469 699 496 hunc
716 468 829 503 quidem
847 476 897 503 pa—

106 525 182 549 nem,
199 518 288 552 ipsutn
303 516 453 550 pretiosum
469 522 582 549 corpus,
594 519 622 541 et
639 515 732 541 vinum
748 514 897 549 pretiosum

107 564 269 599 sanguinem
297 561 417 594 Domini,
442 567 471 589 et
495 561 553 592 Dei,
580 565 609 589 et
633 560 787 589 Saivatoris
811 560 897 587 nostri

106 611 172 639 .iesu
192 609 306 640 Christi.
322 609 368 644 qui
384 608 489 636 eﬁ'usus
503 612 545 635 est
562 615 612 642 pro
629 608 724 634 mundi
744 607 809 634 vita.
824 607 899 634 Divi-

109 663 161 682 nus
179 659 269 681 autem
291 653 506 688 Chrysostomus
522 662 528 679 ς
546 652 659 684 Emitte,
686 652 736 684 ait,
763 652 898 687 Spiritum

109 707 198 732 tuum,
215 705 242 728 et
270 700 344 727 hunc
363 707 463 734 panem
490 699 644 734 pretiosum
668 707 770 733 corpus
795 699 898 727 Christi

109 746 160 778 tui,
180 745 255 780 quod
271 752 337 772 vero
349 744 376 770 in
392 744 445 771 hoc
461 745 546 771 calice
559 750 613 776 est,
627 745 778 778 pretiosum
791 744 900 779 sangui-

108 800 171 819 nem
191 791 293 819 Christi
310 791 362 818 tui.
378 795 566 818 transmutans
587 797 618 817 ea
643 790 749 824 Spiritu
772 795 818 817 tuo
837 798 900 817 sau-

107 843 165 865 cto.
183 838 251 864 Cum
270 837 355 871 igitur
370 841 445 864 tanta
465 836 501 863 sit
525 836 552 862 in
579 836 613 863 iis
636 835 792 863 diﬁerentia
818 841 900 870 atque

107 883 237 915 varietas,
251 880 334 909 verba
347 887 440 909 autem
453 881 618 909 sacramenti
630 881 789 914 eﬁicientia,
802 881 899 908 immu-

110 930 203 957 tabilia
218 937 279 957 esse
300 929 432 962 debeant,
461 928 587 963 profecto
611 935 665 955 non
689 927 736 955 illa
762 935 823 963 quae
847 928 898 955 alia

110 976 183 1010 apud
200 975 269 1003 alios
283 980 358 1006 sunt,
372 975 420 1002 sed
438 974 496 1002 haec
511 974 618 1001 Domini
634 974 731 1005 verba,
749 982 810 1008 quae
826 974 899 1009 apud

110 1029 208 1049 omnes
225 1021 320 1048 eadem
336 1025 401 1048 sunt
414 1040 421 1053 ,
445 1025 473 1047 et
493 1022 526 1047 ah
555 1020 683 1048 omnibus
701 1019 801 1047 eodem
819 1020 900 1047 modo

109 1067 301 1101 proteruntur,
315 1067 384 1094 tanti
397 1066 519 1102 mysterii
539 1066 655 1093 fortnam
673 1073 746 1098 esse,
761 1070 789 1093 et
802 1066 835 1093 iis
852 1066 900 1093 tri-

111 1114 252 1142 buendum
265 1121 325 1141 esse
353 1112 514 1148 perﬁciendi
546 1112 698 1147 potentiam
726 1112 898 1139 manifestum

108 1164 152 1186 cst
169 1169 175 1186 :
193 1167 242 1194 per
254 1166 286 1186 ea
307 1159 380 1186 euitn
402 1157 429 1185 ﬁt
447 1162 477 1185 ut
494 1158 529 1184 sit
543 1158 615 1192 quod
630 1162 682 1185 est.
703 1157 772 1185 Illud
789 1164 900 1192 quoque

108 1205 341 1232 considerandum
356 1210 410 1237 est,
427 1212 459 1231 ea
476 1211 536 1231 esse
549 1204 667 1240 alicujus
685 1204 723 1231 rei
742 1203 897 1235 ciﬁeientia,

108 1259 158 1286 per
173 1260 234 1286 qua:
258 1259 302 1278 res
326 1251 370 1278 illa
397 1251 429 1278 ad
449 1258 511 1278 esse
526 1250 700 1285 producitur,
726 1250 760 1278 ab
785 1250 899 1285 aliisque

108 1297 301 1331 distinguitur.
328 1297 414 1332 llujus
440 1301 532 1323 autetu
554 1297 643 1324 divini
671 1297 795 1331 mysterii
826 1296 900 1323 nulla

108 1344 160 1371 alia
179 1351 260 1379 quam
276 1344 358 1370 Verba
386 1343 494 1370 Domini
508 1342 655 1370 eﬁit-ientia
680 1350 741 1370 esse
759 1342 898 1370 videntur.

109 1391 181 1424 Ergo
204 1391 262 1424 ipsa
283 1390 435 1422 duntaxat,
463 1394 491 1417 et
516 1397 569 1416 non
597 1389 782 1416 sacerdotaies
805 1397 901 1424 preces

111 1442 216 1463 tantum
232 1443 301 1470 opus
315 1436 452 1463 conﬁcere
467 1435 581 1463 dicenda
597 1440 669 1462 sunt.
684 1435 772 1470 Hujus
787 1435 901 1462 rationis

106 1482 198 1516 prima
213 1483 324 1517 quidem
344 1489 408 1516 pars
431 1489 480 1517 per
494 1490 523 1509 se
541 1482 598 1516 ipsa
615 1488 680 1509 nota
697 1487 751 1515 est,
767 1489 854 1517 quare
869 1489 900 1509 ea

110 1529 212 1555 omissa
228 1528 362 1555 minorem
387 1528 579 1563 probabimus.
595 1527 686 1563 Ipsum
703 1533 778 1556 certe
803 1529 901 1556 c'onsc~

950 283 1102 310 terminum
1122 283 1271 318 dupliciter
1286 283 1465 311 considerare
1491 290 1638 316 possumus
1660 291 1668 309 :
1690 283 1741 309 ali-

948 328 1060 363 quando
1077 327 1187 363 quidem
1207 329 1295 363 ipstnn
1316 336 1418 363 corpus
1435 333 1462 356 et
1486 329 1648 363 sanguinem
1662 328 1740 355 intel-

949 375 1077 410 ligentes,
1092 376 1119 402 in
1134 383 1195 410 quae
1217 375 1440 403 substantialitas
1459 376 1505 408 lit;
1523 379 1550 402 et
1575 375 1627 402 hoc
1653 375 1740 410 signi.

950 422 1048 450 ﬁcatur
1064 431 1127 450 cum
1143 422 1256 455 dicitur,
1280 431 1374 457 corpus
1398 427 1423 449 et
1443 425 1569 458 sanguis,-
1593 421 1741 458 aliquando

949 477 1015 497 vero
1031 469 1057 496 id
1071 469 1291 500 considerantes,
1310 474 1341 496 ut
1360 470 1418 497 haec
1442 469 1741 497 transsubstantialitas

950 516 1132 543 determinata
1148 521 1176 543 et
1190 515 1368 550 particularis
1381 516 1416 543 sit
1433 521 1461 543 et
1480 524 1544 543 una.
1559 515 1742 548 Quemadmm

950 563 1015 589 dum
1032 562 1066 590 iis
1080 562 1162 590 ctiatn
1180 570 1241 597 qum
1259 570 1308 596 per
1324 568 1410 589 artem
1430 562 1514 594 ﬁunt,
1531 566 1606 593 sunt,
1622 568 1676 587 una
1690 567 1741 587 cu-

948 608 1049 642 jusque
1065 608 1153 634 t’orma
1174 612 1202 634 et
1218 608 1328 642 species
1342 612 1384 635 est
1400 616 1407 635 :
1427 608 1463 634 ita
1478 609 1560 634 etiam
1577 606 1660 633 unius
1676 613 1741 639 0pc.-

951 653 1068 680 rationis
1094 661 1167 680 unus
1192 653 1309 681 eﬁ'ectus
1333 657 1385 686 est,
1404 659 1517 688 propter
1536 654 1608 687 quod
1630 653 1742 679 additur

950 708 1048 727 meum.
1066 699 1190 726 Tertium
1211 707 1277 727 vero
1297 705 1379 734 atque
1398 706 1578 734 postremum,
1595 707 1645 734 per
1668 699 1742 733 quod

951 746 1050 773 modus
1062 746 1381 774 transsubstantialitatis
1399 746 1573 781 exprimitur,
1595 745 1662 772 satis
1679 749 1743 780 apte

950 793 1116 828 exprimitur
1132 800 1182 828 per
1199 793 1314 820 verbum
1331 797 1379 820 est.
1400 793 1479 826 Quod
1498 792 1571 819 enim
1586 792 1613 819 in
1627 792 1741 819 instanti

957 840 997 873 ﬁt,
1018 841 1074 874 jam
1093 847 1149 866 non
1177 839 1312 872 futurum,
1342 839 1389 866 sed
1406 839 1484 873 quasi
1514 837 1615 866 factum
1635 842 1663 866 et
1690 838 1742 872 iatn

951 887 1031 921 plane
1055 887 1213 919 exsistens,
1241 894 1296 913 non
1316 886 1499 918 imperativo,
1526 893 1582 912 non
1609 885 1742 919 optativo,

951 941 1007 960 non
1023 932 1145 966 cujusvis
1163 932 1278 960 alterius
1295 932 1368 959 modi
1387 932 1472 959 verbo
1483 954 1490 965 ,
1508 940 1559 958 nec
1574 931 1667 958 futuro
1681 931 1744 966 qui-

951 978 1013 1005 dem
1034 983 1167 1013 tempore,
1184 986 1245 1013 quae
1260 977 1344 1005 dubia
1359 983 1433 1011 sunt,
1453 985 1503 1005 nec
1525 977 1553 1004 id
1585 977 1659 1012 qttod
1689 982 1741 1010 est,

951 1025 998 1053 sed
1015 1025 1088 1060 quod
1104 1024 1230 1052 futurum
1247 1029 1299 1058 est,
1310 1024 1384 1060 quod
1398 1025 1480 1052 etiam
1497 1032 1552 1051 non
1564 1023 1624 1051 ﬁeri
1640 1028 1742 1058 possot,

952 1072 1105 1107 signiﬁcat;
1121 1072 1169 1100 sed
1194 1072 1255 1106 ipso
1269 1071 1353 1099 verbo
1370 1076 1406 1098 ρει
1432 1071 1564 1106 tetnporis
1586 1070 1741 1104 prtesentis,

951 1124 977 1145 et
996 1118 1069 1146 modi
1085 1117 1239 1151 indicativi,
1256 1117 1328 1152 quod
1347 1116 1437 1152 ipsutn
1450 1117 1505 1152 jam
1518 1123 1580 1143 esse
1595 1115 1741 1150 Signiﬁcat,

950 1164 1119 1192 suﬁicienter
1144 1164 1327 1199 exprimitur:
1352 1163 1409 1190 imo
1438 1171 1505 1190 vero
1534 1163 1666 1189 duntaxat
1692 1162 1745 1194 hoc

952 1211 1034 1238 modo
1050 1210 1167 1246 exprimi
1186 1214 1276 1245 potest
1292 1214 1320 1236 et
1333 1217 1387 1236 non
1403 1210 1494 1236 aliter.
1509 1209 1570 1236 Haec
1585 1209 1670 1244 igitur
1685 1215 1745 1235 om-

950 1257 1007 1290 nia,
1027 1256 1097 1283 adeo
1114 1256 1143 1283 in
1166 1255 1218 1282 hac
1235 1255 1353 1282 naturali
1371 1253 1683 1282 transsubstaniialitate
1696 1260 1744 1279 ne-

951 1301 1081 1333 ci-ssaria,
1105 1307 1168 1327 cum
1189 1299 1272 1326 nullis
1297 1299 1358 1326 aliis
1384 1303 1566 1334 prmterquam
1595 1298 1746 1325 Dominicis

951 1347 1043 1374 verbis
1057 1347 1264 1379 contineantur,
1280 1345 1363 1372 sicuti
1386 1349 1527 1371 ostensum
1543 1348 1597 1377 est,
1619 1343 1744 1378 profecto

951 1393 1110 1420 existimare
1127 1393 1251 1427 cogimur
1280 1395 1363 1426 atque
1376 1390 1466 1424 fateri,
1485 1391 1530 1417 illa
1546 1390 1604 1425 ipsa
1625 1390 1745 1418 elﬁcieu-

952 1440 988 1466 tia
1004 1447 1067 1467 esse
1088 1444 1142 1466 tam
1171 1441 1240 1466 sacri
1263 1438 1406 1474 mysterii,
1428 1438 1530 1473 quibus
1550 1437 1618 1464 nihil
1639 1438 1741 1470 deﬁcit,

952 1487 1021 1514 nihil
1035 1491 1172 1521 superest,
1190 1490 1217 1513 et
1231 1493 1285 1512 non
1310 1492 1405 1519 preces
1429 1485 1564 1511 humanas
1580 1483 1681 1518 quibus
1695 1484 1746 1510 aii—

951 1541 1005 1568 qua
1028 1533 1128 1560 desunt
1145 1539 1205 1567 qua:
1231 1531 1317 1566 magis
1341 1530 1495 1559 necessaria
1519 1531 1620 1558 forent.
1643 1531 1745 1558 Praeter

111 1575 240 1602 nationis
263 1582 342 1609 opus,
361 1579 388 1601 et
403 1582 453 1608 per
469 1575 707 1602 consecrationem
721 1574 839 1602 efﬁcitur
854 1583 897 1602 δει-
914 1583 934 1611 c
951 1579 1008 1606 haec
1025 1579 1128 1612 omnia,
1145 1586 1207 1605 cum
1223 1579 1275 1604 hoc
1299 1577 1505 1605 immaculatum
1522 1577 1687 1604 sacriﬁcium
1716 1577 1743 1603 in

110 1628 186 1647 crutn
208 1619 366 1654 mysterium
382 1620 409 1646 in
433 1625 556 1646 extrema
580 1619 738 1653 prolatione
753 1620 899 1647 verborum

111 1666 317 1693 conticientiutn
332 1686 339 1698 ,
365 1673 537 1700 quascunque
552 1665 598 1692 illa
623 1666 669 1697 sit,
694 1670 722 1693 et
739 1666 766 1692 in
787 1666 900 1693 instanti

115 1713 154 1739 tit.
171 1711 314 1745 Siquidem
333 1711 412 1745 panis
428 1715 455 1738 et
480 1711 536 1738 viui
561 1711 716 1739 substantia
733 1711 760 1738 in
777 1719 826 1739 sua
841 1720 901 1747 per-

113 1761 205 1784 manet
221 1761 331 1788 natura,
347 1757 436 1784 donec
450 1757 542 1783 omnia
566 1757 612 1783 illa
628 1765 800 1792 quaecunque
825 1764 900 1791 sunt,

113 1810 174 1838 qum
190 1807 391 1830 sacramentum
414 1802 561 1837 perﬁciunt
575 1803 658 1830 verba
680 1803 827 1831 dicantur:
842 1805 903 1839 qui-

114 1851 165 1877 tuus
181 1849 263 1876 dictis
276 1856 337 1876 mox
353 1849 525 1876 consecratio
550 1849 591 1881 tit,
604 1849 902 1877 traussubstantialitas

111 1896 265 1931 perﬁcitur.
281 1900 488 1922 consummatur
503 1900 720 1922 sacramentum.
735 1896 813 1928 Quod
830 1896 903 1924 etde

113 1941 278 1976 baptismate
294 1941 392 1967 beatus
405 1939 576 1974 Augustinus
591 1939 630 1966 ait
649 1948 656 1966 :
678 1940 775 1972 Aufer,
803 1941 902 1974 inquit,

112 1990 211 2018 verba.
231 1992 259 2014 et
283 1986 348 2022 quid
368 1994 438 2021 aqua
462 1986 514 2012 nisi
532 1985 624 2021 aqua?
639 1986 762 2013 Accedat
788 1986 901 2013 verbum

113 2037 260 2066 elemento,
279 2038 307 2060 et
332 2032 451 2060 cﬁicitur
479 2036 693 2070 sacramentum.
724 2032 801 2060 Unde
830 2037 902 2059 tanta

114 2080 236 2115 putentia
251 2086 330 2113 aqua:
345 2083 373 2104 ut
387 2085 449 2105 cum
464 2078 585 2113 tetigerit
601 2086 713 2112 corpus,
731 2084 828 2113 purget
843 2087 901 2110 cor,

112 2127 167 2153 nisi
182 2134 215 2152 ex
230 2133 263 2152 eo
281 2126 325 2160 qui
345 2126 429 2151 verbo
448 2125 499 2151 hoc
523 2124 606 2152 facit?
619 2124 687 2152 Cum
716 2126 799 2160 igitur
813 2126 903 2152 titani-

111 2173 213 2199 festum
240 2172 285 2204 sit,
310 2178 359 2206 per
378 2171 462 2198 verba
486 2171 540 2198 hoc
563 2177 765 2198 sacramentum
792 2171 901 2202 conﬁci,

111 2221 193 2248 decet
213 2228 275 2255 quae
290 2221 322 2246 ad
338 2220 409 2247 hanc
424 2227 457 2246 ex
479 2220 633 2246 substantia
661 2221 686 2246 in
719 2219 901 2248 substantiam

952 1625 994 1652 sui
1009 1624 1170 1651 memoriam
1190 1623 1247 1650 ﬁeri
1264 1623 1378 1658 jusserit
1402 1623 1555 1650 Dominus:
1578 1621 1634 1649 lloc
1655 1622 1742 1654 enim,

953 1671 1067 1706 inquit,
1089 1670 1170 1698 facite
1192 1670 1219 1696 in
1241 1677 1329 1696 meam
1350 1669 1639 1697 commemorationem
1656 1678 1670 1701 ,η
1684 1675 1746 1696 cer-

954 1723 979 1745 te
1000 1717 1161 1752 expressior
1182 1717 1242 1752 ejus
1271 1718 1402 1742 memoria
1424 1716 1472 1748 ﬁt,
1494 1723 1556 1742 cum
1579 1716 1654 1743 illius
1674 1723 1738 1742 ver-

954 1763 987 1790 ba
1019 1771 1053 1790 ex
1083 1763 1270 1790 sacratissimo
1297 1762 1344 1788 illo
1365 1769 1412 1789 ore
1440 1762 1543 1796 prolata
1574 1763 1743 1796 repetimus,

953 1817 1034 1844 quain
1055 1808 1077 1835 si
1096 1808 1148 1834 alia
1167 1815 1338 1842 quzecunquc
1362 1807 1524 1835 referamus.
1539 1807 1617 1840 Quod
1639 1808 1742 1835 conﬁr-

957 1858 1014 1880 mat
1034 1853 1177 1888 apostolus
1207 1852 1319 1884 Paulus,
1342 1853 1406 1879 dum
1438 1853 1506 1880 dicit
1536 1853 1644 1880 Domini
1673 1861 1746 1880 mor-

956 1904 1008 1926 tem
1029 1899 1056 1925 in
1080 1899 1132 1925 ltoc
1161 1899 1297 1925 sacriﬁcio
1324 1898 1493 1924 adnuntiari.
1515 1898 1574 1930 Quo
1592 1899 1666 1924 enim
1688 1907 1745 1925 mo-

954 1945 988 1971 do
1021 1944 1178 1971 annuntiari
1210 1944 1369 1978 expressius
1397 1948 1486 1977 potest
1501 1952 1581 1977 quam
1599 1944 1664 1970 dum
1682 1952 1744 1970 cur-

955 1997 1006 2023 pus
1020 1994 1048 2017 et
1063 1989 1177 2023 sanguis
1194 1989 1254 2023 ejus
1271 1989 1390 2023 propriis
1405 1989 1465 2023 eius
1483 1988 1576 2015 verbis
1586 1997 1667 2023 quam
1681 1989 1744 2023 qui-

955 2034 1051 2062 busvis
1077 2034 1139 2061 aliis
1160 2038 1264 2060 tantum
1282 2033 1380 2060 conﬁci
1396 2037 1612 2060 sacramentum.
1629 2033 1746 2060 Verum-

956 2085 1046 2107 tamen
1072 2086 1240 2107 concurrerc
1263 2079 1371 2106 Patrem
1400 2086 1432 2105 ac
1461 2079 1594 2114 Spiritum
1618 2084 1744 2106 sanctum

955 2127 1025 2154 Filio
1040 2127 1066 2153 in
1085 2126 1136 2153 hoc
1149 2125 1242 2152 divino
1259 2133 1341 2159 opere
1361 2125 1682 2152 transsubstantiaiitatis
1698 2133 1746 2160 pa-

956 2173 998 2199 nis
1013 2177 1040 2199 et
1052 2172 1108 2198 vini
1133 2173 1158 2199 in
1176 2178 1278 2206 corpus
1293 2175 1320 2198 et
1337 2170 1498 2205 sanguinem
1514 2170 1628 2204 ChrESti,
1651 2171 1690 2198 ias
1705 2177 1746 2198 (ει

956 2228 969 2246 a
991 2219 1119 2246 ﬁdelibus
1140 2218 1227 2246 credi.
1257 2217 1353 2245 Omnia
1376 2218 1448 2244 enim
1461 2225 1540 2251 opera
1563 2218 1589 2244 itt
1612 2218 1746 2247 creaturis

112 2267 382 2298 transmutationem,
404 2266 616 2293 similitudinem
632 2267 752 2301 aliquam
770 2267 900 2300 habeant,
918 2254 940 2280 θ
955 2266 1082 2293 Trinitati
1113 2265 1270 2292 communia
1296 2269 1378 2296 sunt,
1412 2263 1536 2298 nihilque
1565 2265 1594 2291 ﬁt
1621 2265 1748 2298 omnino,

109 2315 192 2349 eique
205 2314 357 2341 eonformia
375 2313 442 2340 sint.
457 2313 536 2340 Unde
554 2313 683 2347 quoniaut
703 2313 730 2339 in
749 2314 798 2339 hac
815 2318 903 2340 trans-

112 2362 263 2388 mutatione
284 2360 335 2387 tria
352 2359 409 2386 haac
424 2367 484 2386 esse
498 2366 614 2386 necesse
628 2363 680 2391 est,
712 2359 860 2386 terminum
887 2369 902 2387 a

111 2415 176 2442 quo,
192 2407 337 2433 terminum
356 2405 388 2433 ad
409 2413 490 2440 quem
511 2405 569 2440 ipsa
587 2406 781 2432 transmutatio
801 2407 848 2439 tit,
875 2411 902 2433 et

113 2453 221 2480 modum
241 2453 326 2487 ipsius
340 2451 580 2479 transmutationis
592 2471 598 2483 ,
614 2459 673 2485 quae
692 2453 784 2479 omnia
799 2453 844 2479 illa
865 2452 902 2480 si-

112 2499 257 2533 gniﬁcant;
277 2499 340 2525 talia
353 2506 419 2525 vero
434 2505 495 2526 esse
511 2497 594 2524 verba
619 2497 727 2524 Domini
741 2497 821 2525 facile
839 2506 901 2533 pro-

113 2546 203 2577 batur,
218 2545 246 2571 in
265 2544 300 2571 lis
310 2543 385 2571 enim
401 2543 562 2570 continetur
585 2542 721 2569 terminus
738 2551 752 2569 a
772 2551 836 2577 quo,
853 2552 901 2578 per

112 2590 228 2618 \erbum
245 2589 323 2622 Hoc;
338 2597 400 2616 nam
415 2589 468 2616 nisi
483 2589 511 2616 in
527 2596 559 2616 ea
573 2593 646 2616 esset
660 2589 793 2615 terminus
806 2597 819 2615 a
834 2597 899 2623 quo,

113 2644 167 2663 non
184 2639 258 2663 esset
277 2635 488 2667 transmutatio;
504 2639 532 2660 at
555 2634 580 2661 in
597 2642 629 2661 ea
644 2635 678 2660 de
694 2634 847 2660 substantia
873 2635 900 2661 in

113 2682 295 2709 substantiam
312 2680 505 2707 transmutatio
534 2679 563 2706 ﬁt
580 2688 586 2706 :
611 2679 684 2706 hunc
701 2679 785 2713 igitur
808 2680 902 2706 termi-

114 2735 179 2755 num
212 2726 349 2762 signiﬁcat
375 2725 443 2753 illud
460 2725 527 2752 Hoc.
548 2725 636 2752 Simili
666 2725 747 2752 modo
767 2725 902 2752 terminus

114 2775 146 2801 at
167 2782 247 2808 quem
263 2773 357 2801 iisdem
371 2772 463 2800 verbis
471 2772 561 2804 inest;
578 2778 640 2798 nam
656 2771 716 2798 sine
736 2779 769 2798 eo
784 2772 902 2798 termino

115 2827 169 2846 non
186 2824 258 2846 esset
275 2817 480 2851 transmutatio,
502 2816 551 2845 sed
577 2817 669 2851 potius
694 2819 847 2852 corruptio,
878 2819 901 2846 si

129 2953 136 2957 _
149 2909 158 2925 ‘
177 2909 254 2937 item.
272 2918 308 2946 ιι,
322 2910 366 2939 56.
405 2912 415 2935 .'
434 2911 516 2940 Hebr.
531 2920 548 2946 t,
566 2912 593 2939 ‘2.
626 2913 635 2928 ³
653 2911 721 2939 ibid.
744 2913 769 2940 ὅ.
807 2914 816 2927 ⁸
831 2913 897 2941 Joan

952 2914 1004 2943 ,3.

954 2312 1006 2339 nisi
1019 2316 1131 2338 creante
1150 2311 1230 2342 Filio,
1256 2310 1428 2344 beneplacito
1454 2310 1552 2342 Patris,
1574 2315 1602 2337 et
1625 2310 1748 2344 Spiritus

952 2358 1040 2385 sancti
1059 2358 1208 2384 \oluntate.
1228 2356 1270 2383 Ea:
1286 2357 1341 2391 ipso
1359 2357 1439 2387 enim,
1459 2362 1482 2382 et
1503 2364 1551 2391 per
1563 2357 1662 2391 ipsum,
1679 2361 1701 2382 et
1719 2357 1755 2386 in~

952 2405 1009 2439 ipso
1025 2405 1112 2430 omnia
1129 2403 1148 2434 ‘,
1168 2403 1248 2437 juxta
1271 2403 1426 2436 apOstolum
1442 2402 1568 2429 l'aulum.
1584 2403 1615 2429 Et
1630 2410 1744 2429 rursus:

955 2449 1008 2476 Per
1033 2456 1110 2484 quem
1135 2452 1159 2474 et
1182 2447 1279 2475 swcuta
1301 2447 1362 2482 fecit
1378 2448 1399 2474 ¹.
1426 2447 1460 2474 Et
1482 2448 1580 2475 iterum
1600 2458 1606 2475 :
1630 2448 1745 2475 Portans

956 2497 1045 2522 omnia
1058 2496 1133 2522 verba
1150 2497 1287 2529 potestatis
1300 2502 1354 2521 suo:
1371 2495 1391 2521 ³.
1408 2494 1439 2521 Et
1458 2494 1578 2522 Joannes
1593 2483 1744 2529 evangelis-

956 2548 992 2574 ta,
1006 2542 1103 2569 Omnia
1118 2541 1168 2577 ’ραν
1180 2543 1265 2577 ipsum
1281 2543 1352 2577 facta
1365 2549 1426 2570 sunt
1441 2542 1461 2570 ⁸.
1481 2542 1616 2569 Elidem:
1632 2541 1745 2577 Spiritus

955 2593 991 2615 est
1009 2589 1054 2622 qui
1072 2588 1187 2621 v'vi/icat
1204 2588 1225 2615 ⁸.
1239 2589 1271 2615 Ει
1287 2589 1408 2615 Paulus:
1427 2589 1457 2616 Si
1472 2590 1540 2616 enim
1558 2588 1673 2624 Spiritus
1687 2590 1746 2624 ejus

954 2635 998 2668 qui
1018 2636 1182 2661 resuscituvit
1197 2634 1289 2661 lusum
1314 2634 1446 2662 Christum
1468 2644 1483 2662 α
1501 2636 1621 2666 mortuis,
1643 2636 1745 2663 habitat

952 2684 978 2707 in
998 2681 1079 2710 uobis.
1099 2681 1144 2716 qui
1167 2682 1302 2708 suscitavit
1323 2681 1415 2708 Iesum
1432 2682 1565 2709 Christum
1590 2691 1605 2709 a
1621 2684 1743 2716 mortuis,l

953 2727 1094 2760 uiviﬁcubit
1113 2731 1137 2753 et
1154 2727 1278 2754 mortalia
1292 2736 1405 2762 corpora
1426 2733 1516 2755 nostra
1531 2736 1577 2763 per
1590 2729 1743 2756 inhabitan-

953 2779 1003 2800 tem
1022 2773 1048 2800 in
1061 2773 1134 2799 nobis
1152 2772 1281 2807 Spiritum
1295 2774 1351 2808 ejus
1364 2775 1384 2800 ⁸.
1398 2774 1430 2800 Et
1446 2774 1545 2801 iterum
1558 2783 1565 2801 :
1581 2774 1677 2802 Omnia
1693 2783 1742 2802 au-

954 2826 1004 2847 tem
1019 2820 1073 2846 [ιιι-ε
1089 2824 1214 2855 operatur
1228 2820 1296 2846 idem
1311 2826 1389 2855 atque
1403 2828 1470 2847 unus
1483 2820 1601 2856 Spsritus
1623 2820 1741 2850 dividens

1049 2915 1058 2930 ⁸
1076 2914 1153 2942 Joan.
1173 2921 1207 2948 vt,
1227 2915 1271 2941 iii.
1312 2915 1320 2927 ‘
1340 2913 1418 2940 liotn.
1442 2920 1496 2946 \‘tn,
1518 2913 1560 2939 il.
