1920 3063
185 142 240 176 503

669 136 922 169 BESSARIONIS
944 137 974 167 S.
995 137 1031 168 Β.
1052 136 1087 167 Ε.
1105 136 1337 169 CARDINALIS

1740 160 1743 161 ν
1771 136 1831 168 504

185 200 330 233 unicuique
351 201 429 233 prottt
446 195 502 224 vult
517 197 538 224 ί.
555 195 587 224 Ει
611 196 708 223 David.
726 195 825 223 Emitte
845 194 976 230 Spiritum
990 198 1014 226 Α
1029 201 1101 230 qua,
1117 193 1170 222 etsl
1184 194 1217 221 ad
1233 201 1296 222 esse
1309 194 1349 222 rei
1363 192 1480 221 minime
1495 192 1651 222 necessaria
1666 192 1734 227 sint,
1750 193 1831 221 mul-

187 249 260 271 tuum
271 248 295 270 et
309 242 472 270 creabuntur
487 243 508 268 ⁸.
523 241 591 269 lllud
608 249 675 269 sane
690 241 854 276 simpliciter
880 245 977 268 tenen-

187 291 264 321 dum,
279 294 307 317 et
321 297 370 324 pro
386 289 506 324 generali
521 287 637 323 quadam
655 287 747 321 regula
760 285 975 319 observandum,

185 337 286 365 divina:
307 336 450 363 Trinitatis
473 335 661 369 operationes,
677 334 700 361 si
724 334 787 368 quis
810 333 977 360 intrinsecus

185 391 245 411 eam
262 383 347 416 ipsam
361 385 476 416 spectet,
492 380 640 407 distinctas
654 381 768 406 omnino
784 387 816 406 ac
837 385 977 413 separatas

186 437 258 461 esse,
275 428 422 463 aliquando
437 428 519 454 etiam
532 427 607 454 nullo
618 427 699 453 modo
716 426 832 454 invicem
852 433 977 452 contmn-

187 476 292 506 nicare,
309 473 542 509 quemadmodum
567 481 596 500 se
611 473 715 500 habent
739 479 871 507 generare
885 474 912 497 et
929 478 978 504 ge-

186 520 291 551 nerari,
309 526 414 554 spirare
431 523 460 545 et
473 518 584 552 spirari,
601 523 630 544 et
643 517 696 543 alia
720 516 843 551 quaedam
864 515 975 542 similia.

186 566 365 593 Extrinsecus
378 573 452 596 vero.
465 570 492 592 et
502 570 637 599 quatenus
650 563 682 590 ad
694 568 848 589 creaturam
861 567 976 596 spectat,

188 621 242 639 una
266 617 308 638 est
324 611 459 647 operatio,
476 616 504 638 et
528 611 599 638 idem
625 617 695 644 opus
714 609 803 636 Putris
825 612 851 634 et
876 607 935 635 Filii
950 612 977 634 et

188 657 307 691 Spiritus
324 657 424 687 sancti.
446 656 572 690 nihilque
588 659 632 682 cst
650 661 747 681 eorum
764 660 825 688 qua:
842 654 870 680 in
895 652 977 679 nobis

186 704 265 735 ﬁunt;
292 702 364 737 quod
386 710 440 729 non
457 709 491 728 ex
508 705 563 728 tota
580 700 719 728 Trinitate
736 702 856 732 emanet,
870 706 924 725 una
937 703 977 725 ta—

186 755 248 775 men
276 748 455 782 operatione,
479 755 534 774 una
560 745 702 782 potentia.
738 753 792 773 una
823 745 974 772 voluntate.

185 794 276 827 Quare
290 802 361 821 unus
371 794 455 822 etiam
473 793 575 821 dicitur
589 796 710 823 creator.
729 796 757 818 et
771 798 858 818 unum
874 791 989 825 princi-‘

185 841 261 874 pium
278 847 374 867 corum
390 839 526 870 omnium.
543 846 604 873 qua
617 842 692 869 sunt,
708 845 770 873 qua:
791 836 975 869 ﬁunt,Trini-

186 891 227 913 tas
261 892 322 912 esse
351 885 486 912 creditur.
509 884 617 918 Quibus
640 889 733 912 autem
761 883 854 911 verbis
883 883 975 918 potius

185 931 344 958 consentire
359 931 438 958 decet
452 931 560 958 Patrem
570 934 599 958 et
609 930 744 966 Spiritum
756 935 883 958 sanctum
894 937 977 965 quam

186 977 259 1009 Filii,
279 978 324 1012 qni
342 978 466 1013 ejusdem
482 983 526 1006 est
540 983 660 1010 naturae,
672 977 854 1012 ejusdemque
869 984 931 1004 cum
943 983 977 1004 eo

187 1023 372 1051 substantiae?
396 1024 570 1051 Manifestum
590 1024 643 1050 hoc
658 1022 788 1050 omnibtts
804 1027 845 1050 est
858 1026 976 1049 conten-

147 1063 154 1066 ’
168 1094 171 1095 ν
186 1071 252 1098 dere
275 1070 444 1098 nolentibus.
460 1071 509 1097 Est
524 1074 616 1097 autem
632 1069 665 1096 ad
690 1069 747 1096 haec
762 1068 934 1096 necessarius
949 1072 977 1096 et

187 1117 304 1144 idoneus
321 1121 348 1144 et
359 1116 498 1143 snﬁiciens
513 1116 650 1143 minister.
665 1115 810 1143 Sufﬁciens
822 1119 915 1142 autem
934 1119 977 1142 est

186 1162 233 1197 qui
252 1167 412 1197 potestatem
426 1170 474 1197 per
487 1164 724 1190 consecrationem
737 1160 832 1189 habuit
845 1166 873 1189 et
884 1169 976 1189 sacer-

187 1210 235 1236 dos
252 1209 339 1236 factus
355 1214 407 1236 est.
423 1209 478 1236 Nec
492 1210 565 1236 enim
577 1217 591 1236 a
601 1217 769 1243 quocunque
783 1209 889 1243 prolata
901 1208 977 1244 ejus-

186 1255 261 1282 tnodi
290 1255 374 1282 verba
389 1256 498 1283 efﬁcere
523 1262 638 1290 possunt
659 1256 733 1291 quod
754 1256 898 1289 quatitur,
921 1256 977 1282 imo

187 1309 251 1328 vero
266 1302 335 1328 nihil
356 1302 469 1329 omnino
489 1307 616 1336 possunt,
635 1302 687 1329 nisi
705 1309 720 1329 a
745 1302 888 1329 secerdote
912 1309 976 1336 pro-

187 1347 321 1374 ferantur.
338 1347 404 1382 Ejus
416 1348 455 1374 rei
473 1348 542 1375 ratio
568 1353 610 1375 est
626 1348 699 1381 quod
720 1348 756 1374 ita
772 1347 828 1374 Deo
845 1347 976 1382 placitum

187 1397 240 1423 est.
255 1393 291 1419 ita
312 1392 460 1425 ordinavit,
480 1393 552 1420 hanc
569 1393 633 1420 tulit
648 1393 748 1428 legem.
765 1392 975 1428 Transgressori

187 1438 273 1472 igitur
291 1439 358 1473 legis
370 1444 398 1466 et
418 1439 569 1466 voluntatis
583 1439 644 1474 ejus
659 1439 772 1473 dignum
786 1442 914 1474 paratum
933 1443 976 1466 est

186 1486 325 1513 meritutn.
342 1492 377 1511 ne
388 1485 452 1519 quid
465 1485 554 1512 fact-te
571 1485 669 1519 possit.
682 1484 797 1519 Oportet
816 1487 907 1512 autem
932 1491 976 1512 sa-

1030 246 1089 268 tum
1111 245 1202 268 tamen
1217 240 1364 268 conferunt
1374 240 1407 267 ad
1423 239 1551 268 decorem
1569 239 1832 275 perfectionemque

1030 287 1173 322 mysterii;
1190 294 1223 314 ex
1235 286 1337 322 quibus
1353 286 1375 315 si
1390 286 1456 322 quid
1471 285 1621 321 aliquando
1634 286 1708 321 justa
1724 293 1831 312 neces-

1030 334 1112 361 sitate
1128 335 1368 368 praetermittatur,
1382 334 1457 361 nulla
1477 335 1583 368 jactura
1600 332 1636 360 sit
1652 341 1659 359 :
1680 332 1832 368 hujusmo-

1029 379 1056 407 di
1072 385 1137 407 sunt
1154 381 1314 415 mysterium
1333 388 1417 415 super
1429 379 1509 407 altari
1526 379 1676 412 conﬁcere,
1692 379 1831 407 sacerdo—

1030 425 1130 453 talibus
1152 425 1274 453 vestibus
1290 426 1379 458 indui,
1396 425 1581 456 sacerdotem.
1607 425 1692 452 multa
1714 428 1742 453 et
1760 429 1831 452 ante

1029 471 1113 498 verba
1133 471 1240 498 Domini
1261 476 1289 498 ct
1305 476 1367 506 post
1381 471 1408 498 in
1426 470 1536 498 laudem
1560 470 1619 501 Dei,
1643 471 1668 496 in
1687 470 1831 497 narratio-

1030 524 1092 544 nem
1107 525 1220 551 opcrnm
1236 525 1360 548 suorum,
1378 517 1405 544 in
1424 517 1650 551 impetrationem
1667 516 1729 543 vitae
1742 521 1829 543 ater-

1029 571 1081 594 nze,
1108 564 1206 597 partim
1229 571 1243 590 a
1268 563 1471 596 sacerdotibus,
1486 563 1586 598 partim
1602 571 1617 590 a
1632 563 1734 598 populo
1756 562 1828 590 dici.

1031 607 1108 636 Unde
1125 614 1153 636 ct
1168 609 1220 635 ulla
1236 609 1308 641 apud
1324 609 1393 636 alios
1405 609 1548 641 dicuntur,
1563 614 1592 636 et
1601 609 1672 644 apud
1687 608 1830 643 quosdam

1029 655 1075 689 plu
1082 662 1120 686 ra,
1142 655 1214 689 apud
1232 654 1301 681 alios
1315 655 1454 689 pauciora.
1469 654 1541 682 Hinc
1552 659 1595 682 est
1606 655 1680 690 quod
1695 655 1828 687 Basilius.

1028 700 1122 728 Jacobi
1136 721 1144 733 ,
1165 700 1380 736 Chrysostomus
1387 709 1453 728 vero
1464 701 1558 728 Basilii
1570 702 1669 728 missas
1679 701 1829 728 breviares

1028 746 1165 779 fecerunt,
1193 746 1266 782 quod
1292 754 1346 774 non
1363 747 1520 774 necessaria
1543 747 1634 774 forent
1652 747 1745 774 omnia
1762 754 1829 781 qua

1028 794 1201 822 dicebantur.
1232 794 1319 822 Nemo
1354 796 1429 821 enim
1457 795 1648 822 necessarium
1671 794 1828 829 quidquam

1029 840 1176 867 detrahere
1198 838 1428 875 praesumpsisset.
1444 840 1523 874 Quod
1546 841 1569 868 si
1590 840 1654 875 quis
1672 848 1747 868 nunc
1766 847 1826 867 non

1028 892 1078 921 per
1094 891 1283 921 contemptum
1309 886 1449 918 Ecclesiae,
1472 893 1534 921 quae
1558 885 1596 914 ita
1610 885 1757 919 ordinavit,
1773 893 1829 913 nec

1030 936 1160 966 tanquam
1181 939 1280 959 novam
1297 931 1505 960 introducendo
1523 932 1653 966 baeresin,
1673 933 1720 960 sed
1736 931 1827 959 inevi-

1029 975 1106 1004 tabili
1136 976 1228 1011 aliqua
1249 975 1417 1004 necessitate
1447 980 1570 1010 coactus,
1597 976 1656 1004 sola
1682 975 1828 1004 Dominica

1029 1021 1112 1048 verba
1130 1030 1193 1050 cum
1209 1022 1307 1050 debita
1328 1022 1482 1050 intentione
1497 1022 1658 1057 protulerit.
1672 1021 1731 1057 ipsa
1748 1021 1826 1049 dun-

1029 1072 1103 1097 taxat
1117 1076 1179 1104 quae
1195 1068 1241 1095 ille
1255 1068 1325 1096 dixit
1338 1073 1367 1096 et
1378 1068 1454 1101 fecit,
1464 1068 1562 1096 dicens
1574 1073 1602 1096 et
1612 1068 1726 1101 faciens,
1740 1067 1826 1094 dum-

1029 1114 1110 1141 modo
1142 1114 1272 1142 sacerdos
1300 1114 1355 1148 slt,
1382 1114 1654 1149 convenientemque
1680 1113 1827 1141 materiam

1028 1160 1140 1194 habeat,
1159 1160 1284 1195 profecto
1300 1169 1395 1188 verum
1412 1160 1516 1188 Christi
1529 1167 1631 1195 corpus
1645 1161 1829 1195 sanguinem-

1028 1214 1081 1242 que
1106 1206 1231 1242 perfecit.
1244 1207 1345 1234 Contra
1362 1214 1430 1235 vere
1445 1207 1467 1235 si
1484 1207 1548 1242 quis
1563 1212 1662 1234 caetera
1678 1206 1780 1238 omnia,
1796 1210 1828 1233 et

1027 1253 1079 1280 alia
1098 1260 1168 1286 pene
1191 1252 1296 1280 inﬁnita
1310 1252 1466 1288 proferens,
1489 1253 1572 1281 verba
1590 1253 1699 1280 Domini
1722 1252 1827 1280 omise-

1033 1300 1083 1332 rit,
1101 1299 1170 1327 lusit
1184 1307 1307 1335 operam,
1328 1306 1358 1327 ut
1376 1300 1465 1333 aiunt,
1483 1300 1608 1335 nihilque
1621 1299 1736 1335 peregit.

1062 1345 1140 1378 Quod
1165 1346 1188 1374 si
1214 1344 1285 1374 forte
1305 1347 1440 1382 quispiam
1471 1347 1507 1374 iis
1537 1347 1652 1374 minime
1675 1350 1827 1374 contentus

1027 1392 1223 1420 auctoritatem
1250 1397 1364 1427 quierat,
1390 1398 1419 1420 et
1445 1393 1513 1428 quid
1543 1394 1671 1421 doctores
1696 1392 1827 1421 Ecclesia

1028 1439 1167 1466 senserint
1189 1439 1288 1467 audire
1311 1439 1463 1472 desideret,
1487 1440 1516 1467 in
1535 1440 1634 1475 primis
1652 1439 1747 1467 videat
1760 1440 1828 1467 Am-

1027 1485 1149 1512 brOsl'um
1174 1490 1254 1513 actate
1269 1486 1381 1521 quidem
1409 1485 1611 1521 praecedentem
1628 1491 1753 1518 caeteros.
1779 1493 1824 1513 sa-

187 1530 326 1556 cerdotem
352 1537 415 1556 cum
430 1529 521 1556 debita
545 1530 701 1557 intentione
717 1530 750 1557 ad
761 1538 793 1557 ea
810 1538 870 1563 qua:
884 1530 976 1557 Domi-
989 1544 1012 1573 α
1028 1533 1131 1568 pientia
1143 1540 1210 1560 vero
1219 1540 1250 1560 ac
1263 1533 1326 1560 vitae
1335 1534 1479 1561 sanctitate
1494 1533 1574 1565 nulli,
1587 1533 1628 1561 vel
1641 1532 1826 1560 Orientalium

189 1585 243 1604 nus
257 1576 396 1604 mandavit
410 1576 553 1604 accrdere.
572 1577 715 1612 Siquidem
735 1577 874 1604 mandavit
897 1577 976 1604 nobis

188 1628 218 1650 ut
241 1624 269 1650 in
293 1623 354 1658 ejus
369 1623 658 1650 commemorationem
686 1623 745 1651 haec
768 1631 922 1657 ageremus,
947 1627 976 1650 ut

187 1670 307 1697 sciamus
317 1677 418 1704 corpus
431 1670 489 1703 ejus
503 1674 529 1697 et
543 1669 703 1705 sanguinem
718 1670 978 1703 (instrumcnlalitcr

187 1716 240 1750 ipsi
259 1716 400 1749 facientes,
424 1723 486 1743 cttm
513 1716 570 1743 huic
596 1718 754 1751 operantur)
778 1722 893 1744 mortem
918 1717 977 1752 ejus

188 1762 366 1789 annuntiare.
387 1763 415 1790 Si
439 1763 502 1797 quis
528 1763 602 1790 enim
625 1764 668 1790 vel
690 1763 772 1790 verba
792 1764 912 1796 Dotnini,
935 1764 977 1791 ναι

189 1808 241 1835 alia
261 1808 402 1842 quaelibet,
424 1809 526 1843 quibus
547 1809 688 1836 existimet
712 1809 868 1844 hnjusmodi
885 1817 978 1836 sacra-

191 1860 315 1882 mentum
334 1855 443 1886 conﬁci,
466 1855 636 1889 pronuntiet,
653 1863 706 1882 non
727 1856 759 1882 ad
772 1863 804 1882 ca
822 1863 882 1889 qua:
905 1855 977 1883 dicta

191 1906 256 1928 Sunt
272 1901 429 1933 intendens,
447 1909 532 1935 seque
550 1900 577 1927 id
596 1909 676 1935 agere
691 1901 766 1936 quod
784 1901 829 1928 ille
842 1902 978 1936 jussit”-

191 1945 318 1977 bitretur,
334 1946 401 1972 nihil
423 1946 536 1972 omnino
551 1946 623 1980 agit;
641 1946 688 1973 scd
705 1954 755 1973 suo
770 1947 918 1973 frustratus
929 1946 977 1973 de-

189 1993 293 2019 siderio
311 1992 426 2019 fallitur.
443 1991 584 2019 Materiam
605 1996 735 2027 prmterea
762 1992 795 2019 ad
812 1992 870 2019 haec
886 1998 977 2028 aptam

188 2042 217 2064 et
233 2039 444 2064 convenientem
473 2045 533 2064 esse
552 2044 664 2064 necesse
687 2042 740 2064 est.
767 2037 884 2072 Oportet
903 2039 978 2065 enitn

190 2092 250 2119 pain
262 2091 287 2110 m
302 2091 334 2111 ex
349 2083 499 2114 frruncnto,
517 2090 610 2109 vntum
627 2090 659 2109 ex
678 2083 733 2110 vite
749 2083 819 2110 ﬁeri.
838 2083 896 2110 Nisi
909 2085 979 2112 enim

187 2138 300 2165 granum
315 2130 451 2162 frumenti,
469 2129 538 2156 dicit
563 2129 703 2160 Dominus,
726 2129 823 2156 cadens
838 2130 865 2156 in
881 2135 980 2157 terram

189 2180 322 2203 mortuum
337 2176 426 2210 fuerit.
439 2175 540 2202 nullum
556 2174 671 2209 fructum
681 2175 771 2210 afferet
786 2176 807 2202 ³.
819 2175 853 2203 Et
862 2183 958 2203 rursus
970 2183 977 2202 :

1029 1578 1071 1606 vel
1085 1577 1316 1610 Occidentalium,
1333 1579 1489 1606 cedentem.
1502 1579 1551 1606 llic
1559 1579 1587 1606 in
1603 1587 1731 1606 sermone
1743 1587 1825 1612 quem

1028 1624 1063 1652 de
1081 1625 1262 1652 sacramentis
1277 1625 1398 1660 scripsit.
1418 1626 1454 1652 ita
1467 1625 1558 1660 inquit
1573 1633 1582 1654 :
1597 1625 1742 1658 Quomodo
1750 1625 1825 1652 enim

1029 1671 1108 1706 panis
1135 1676 1226 1706 potest
1252 1678 1313 1699 esse
1331 1679 1434 1706 corpus
1461 1671 1588 1699 Christi?
1609 1671 1715 1704 Quibus
1732 1671 1825 1698 verbis

1029 1722 1078 1746 aut
1091 1726 1208 1752 quorum
1233 1718 1326 1745 verbis
1344 1718 1402 1745 hate
1421 1722 1595 1745 sacramenta
1620 1717 1827 1752 perﬁciuntur?

1030 1765 1064 1792 Et
1079 1764 1154 1791 addit
1172 1772 1178 1790 :
1194 1763 1265 1798 Ipsis
1280 1763 1388 1790 Domini
1407 1763 1493 1790 nostri
1509 1763 1575 1790 Jesu
1599 1761 1715 1790 Christi.
1737 1762 1769 1789 Et
1785 1762 1826 1789 in-

1030 1810 1071 1838 fra
1090 1819 1096 1837 :
1116 1811 1184 1837 Cum
1202 1816 1293 1837 autem
1314 1810 1365 1837 hoc
1392 1813 1596 1836 sacramentum
1620 1808 1739 1843 perﬁcit,
1769 1815 1825 1835 non

1030 1857 1149 1892 propriis
1165 1856 1258 1884 verbis
1271 1855 1412 1887 sacerdos,
1430 1854 1477 1882 sed
1498 1855 1585 1889 ipsius
1599 1854 1701 1881 Christi
1716 1853 1822 1880 utitur:

1031 1902 1112 1930 verba
1137 1903 1211 1930 enim
1235 1901 1340 1930 Christi
1365 1902 1418 1930 hoc
1435 1905 1640 1928 sacramentum
1663 1900 1823 1927 conﬁciunt.

1031 1948 1064 1976 Et
1079 1954 1140 1984 post
1153 1957 1240 1982 pauca
1254 1958 1261 1976 :
1274 1948 1346 1977 Ante
1357 1950 1595 1976 consecrationem
1612 1947 1690 1983 panis
1700 1954 1753 1980 est,
1764 1954 1824 1974 ver-

1030 1995 1074 2022 bis
1088 2001 1180 2023 autent
1200 1995 1302 2022 Christi
1327 1995 1422 2028 dictis,
1442 2003 1503 2022 mox
1519 2002 1619 2028 corpus
1641 1995 1743 2021 Christi
1760 1998 1802 2021 est
1818 2003 1823 2020 :

1030 2042 1147 2077 Accipite
1166 2041 1252 2073 enim,
1271 2042 1372 2076 inquit,
1401 2042 1527 2068 comedite
1546 2049 1577 2068 ex
1603 2049 1634 2068 eo
1656 2049 1756 2072 Omnes,
1780 2040 1826 2067 hac

1030 2092 1068 2115 est
1085 2095 1179 2121 corpus
1190 2095 1290 2114 meum.
1305 2087 1440 2115 Similiter
1454 2087 1481 2114 in
1497 2087 1583 2115 calice
1601 2091 1666 2114 ante
1683 2087 1765 2114 verba
1774 2086 1825 2113 Do-

1032 2134 1099 2161 tnini
1115 2134 1211 2161 vinum
1231 2137 1275 2161 est
1290 2141 1361 2167 aqua
1380 2133 1507 2165 mistum,
1528 2132 1631 2160 Christi
1652 2132 1746 2159 verbis
1759 2139 1825 2167 ope-

1033 2179 1158 2207 rantibus
1171 2180 1286 2214 sanguis
1297 2179 1427 2207 edicitur.
1450 2179 1558 2206 Rursus
1574 2179 1647 2207 idern
1663 2179 1825 2206 Ambrosius

188 2223 245 2257 E90
256 2231 315 2249 mm
333 2223 392 2249 υἱιῖε
404 2228 466 2249 vera
476 2222 497 2248 ‘-
513 2222 590 2255 Quod
606 2222 627 2249 Si
645 2222 726 2250 aliter
742 2222 881 2252 sacerdos.
897 2222 979 2249 ειίιηι
994 2216 1021 2246 Ῑ)
1034 2234 1097 2255 cum
1115 2227 1201 2254 multa
1215 2227 1291 2261 signa
1303 2230 1332 2254 et
1350 2226 1485 2254 miracula
1499 2230 1757 2255 commemorasset.
1766 2232 1825 2260 quae

188 2276 252 2296 cum
264 2268 358 2295 debita
377 2268 541 2300 attentione,
563 2267 605 2295 vel
625 2268 683 2303 ipsa
710 2268 792 2295 verba
809 2268 918 2295 Domini
937 2269 978 2296 vel

163 2344 171 2351 Ι
188 2315 242 2342 alia
258 2321 428 2348 quiscunque
448 2315 618 2349 pronuntiet,
629 2322 715 2341 vanus
729 2319 771 2342 est
781 2314 871 2342 omnis
879 2315 977 2348 labor;

189 2369 238 2388 nec
261 2361 334 2388 enim
351 2368 470 2396 unquam
484 2369 516 2388 ex
544 2361 649 2388 hordeo
672 2361 785 2388 miliove
801 2366 849 2389 aut
863 2361 917 2388 alio
935 2369 977 2389 se-

187 2408 292 2435 minum
309 2415 410 2443 genere
437 2407 515 2442 panis
529 2407 628 2439 factus,
644 2414 732 2442 neque
750 2407 838 2435 sicera
853 2411 902 2435 aut
920 2408 974 2440 lac,

187 2459 235 2482 aut
255 2453 309 2480 mcl
326 2454 353 2480 in
371 2461 471 2488 corpus
487 2458 514 2481 et
529 2454 692 2487 sanguinem
709 2453 817 2481 Domini
837 2459 976 2482 transmu-

187 2505 300 2528 tarelur.
318 2499 376 2527 Hoc
393 2508 514 2528 canones
529 2500 728 2535 apostolorum.
742 2500 796 2528 hoc
808 2502 976 2536 posteriores

186 2547 313 2575 doctores
330 2547 474 2574 aﬁirmant.
504 2546 688 2579 Quamobrem
700 2547 773 2575 hoc?
783 2548 917 2582 Quoniam
930 2549 975 2576 ille

187 2593 277 2628 opifex
301 2600 395 2620 rerum
417 2593 454 2620 ita
470 2594 568 2627 Voluit,
583 2594 620 2621 ita
634 2594 795 2622 constituit:
821 2595 974 2630 transgredi

187 2643 279 2665 autem
299 2642 328 2666 et
341 2641 428 2666 vitare
441 2639 589 2674 quidquam
604 2649 701 2668 eorum
719 2650 780 2677 qua:
799 2642 846 2670 ille
863 2642 976 2670 ordina-

190 2684 239 2715 vit,
258 2684 335 2712 nefas
350 2689 401 2712 est.
421 2685 483 2712 llaec
496 2694 561 2721 ergo
575 2687 609 2714 ad
624 2688 694 2715 sacri
714 2688 837 2724 mysterii
850 2696 979 2715 consum-

191 2730 340 2757 mationem
362 2733 516 2760 necessaria
534 2741 648 2768 prorsus
668 2739 744 2766 sunt,
763 2740 791 2761 et
808 2735 868 2762 sine
881 2735 981 2769 quibus

192 2775 260 2802 nihil
278 2779 391 2805 omnino
405 2779 464 2806 ﬁeri
481 2785 581 2815 potest.
598 2780 669 2808 Sunt
682 2786 773 2808 autem
785 2780 838 2807 alia
856 2780 982 2815 quaedam

229 2872 238 2888 ‘
253 2871 263 2899 Ι
278 2873 340 2900 Cor.
355 2880 405 2907 ιιι,
422 2871 466 2899 ll.
506 2871 514 2884 ¹
528 2870 598 2898 Psal.
617 2876 675 2902 cut,
691 2869 735 2896 50.

777 2869 785 2884 ³
800 2869 880 2896 Joan.
897 2876 944 2902 xu,
959 2867 1004 2895 “ll.

1032 2273 1093 2301 solo
1111 2273 1220 2302 Domini
1236 2273 1321 2301 verbo
1335 2274 1404 2301 facta
1419 2273 1508 2306 fuere,
1520 2274 1738 2308 universumque
1747 2279 1826 2299 mun-

1032 2320 1097 2348 dum
1115 2319 1200 2348 verbo
1212 2319 1308 2347 eodem
1323 2327 1357 2347 ex
1371 2319 1457 2346 nihilo
1466 2326 1525 2347 esse
1536 2317 1715 2354 productum.
1727 2318 1825 2345 multa-

1032 2374 1087 2402 que
1106 2366 1161 2394 alia
1189 2366 1375 2398 orationibus,
1392 2370 1420 2393 et
1441 2364 1685 2393 benedictionibus
1698 2363 1825 2391 humanis

1030 2413 1104 2441 facta
1125 2412 1305 2445 ostendisset,
1336 2417 1478 2447 postremo
1499 2412 1557 2440 lucc
1571 2410 1650 2438 addit
1667 2420 1674 2438 :
1697 2409 1726 2438 Si
1742 2409 1824 2445 igitur

1031 2464 1139 2486 tantum
1167 2459 1258 2494 potuit
1278 2458 1397 2486 humana
1415 2458 1572 2486 benedictio
1587 2457 1620 2485 ad
1637 2461 1824 2484 transmutan-

1028 2505 1092 2532 dam
1108 2512 1202 2532 rerum
1217 2510 1356 2536 naturam,
1372 2504 1438 2539 quid
1451 2504 1485 2531 de
1502 2503 1555 2531 hac
1568 2503 1664 2531 divina
1680 2509 1823 2530 consecra-

1028 2550 1104 2577 tione
1118 2549 1254 2581 dicemus,
1264 2549 1309 2576 ubi
1324 2550 1382 2583 ipsa
1393 2548 1476 2576 verba
1487 2548 1637 2576 Salvatoris
1648 2552 1798 2583 operantur
1811 2547 1822 2573 ΐ

1028 2596 1085 2624 lloe
1100 2597 1174 2623 enim
1192 2599 1394 2623 sacramentum
1409 2594 1484 2630 quod
1499 2594 1613 2629 accipis,
1628 2594 1714 2620 verbo
1721 2592 1822 2620 Christi

1028 2642 1183 2670 conﬁcitur.
1207 2642 1273 2670 Aliis
1299 2640 1410 2676 quidem
1433 2641 1502 2668 locis
1527 2640 1600 2668 idem
1621 2639 1721 2667 doctor
1737 2638 1821 2666 multo

1032 2689 1109 2724 plura
1135 2687 1267 2715 in'hanc
1293 2687 1460 2714 sententiam
1490 2686 1715 2713 manifestissime
1745 2685 1820 2713 dicit.

1033 2734 1205 2769 Augustinus
1214 2741 1280 2761 vero
1293 2733 1485 2761 sanctissimus
1495 2737 1523 2760 et
1537 2733 1594 2768 ipse
1609 2732 1718 2765 doctor,
1736 2731 1821 2759 Divini

1036 2780 1162 2814 corporis
1184 2779 1370 2813 consecratio,
1390 2779 1490 2814 inquit,
1508 2787 1522 2807 a
1540 2779 1676 2807 catholica
1703 2778 1821 2806 Ecclesia

1042 2869 1050 2884 ⁸
1064 2869 1141 2897 Joan.
1167 2876 1210 2902 xv,
1230 2870 1254 2897 l.
