1920 3063
103 143 157 175 505

608 140 657 172 DE
679 139 934 171 SACRAMENTO
953 128 1234 171 EUCHARISWI/E.
1687 143 1740 176 505

98 203 223 232 creditur
240 210 295 231 non
313 202 402 239 magis
416 209 431 230 a
445 203 530 236 bono,
546 209 602 229 non
619 201 711 229 minus
726 208 741 228 a
761 199 835 228 malo
851 207 896 228 sa—
912 204 936 234 Α
949 198 1039 234 ipsum
1055 199 1145 234 inquit
1159 199 1329 228 Salvatorcm
1347 200 1406 228 hac
1419 199 1562 236 perﬁcere,
1578 199 1666 236 ipsum
1682 208 1742 228 om-

97 250 214 279 cerdote
229 250 329 278 conﬁci
346 260 353 278 :
372 257 463 285 neque
479 249 554 277 enim
578 248 679 276 merito
695 246 896 279 consecrantis,

97 297 147 324 sed
161 296 300 324 Creatoris
312 295 429 324 eﬁicitur
440 295 538 323 verbo.
552 295 586 322 Et
598 294 666 322 alibi
686 303 694 322 :
709 293 895 327 Credendum,

97 340 203 369 Christi
227 341 322 369 verbis
348 345 552 370 sacramentum
576 340 675 368 conﬁci
696 340 799 374 :cujus
821 339 896 366 enim

97 387 221 422 potentia
237 388 314 421 prius
329 391 420 415 creata
436 391 501 415 sunt
519 394 550 415 ea
567 394 629 421 quat
641 391 716 418 sunt.
731 385 814 421 hujus
822 391 896 412 certe

97 433 186 460 verbo
199 433 232 460 ad
249 433 347 461 melius
359 424 512 460 mutantur:
526 433 601 460 ldem
614 432 642 459 in
657 432 675 458 2
688 432 722 459 de
734 431 825 459 verbis
841 430 895 457 Do-

98 479 167 506 mitti
183 487 190 506 z
208 479 279 506 Ante
307 479 390 506 verba
418 479 538 512 Domini,
569 478 669 514 inquit,
688 485 760 512 quae,
777 477 832 504 Hoc
856 481 896 504 est

97 533 194 561 corpus
212 534 311 558 meum,
329 526 438 559 dicunt,
455 527 535 561 panis
552 525 656 554 dicitur
668 524 742 560 quod
759 524 893 558 otrertur;

97 572 193 600 verbis
222 576 316 600 autem
341 572 397 600 illis
419 572 513 606 dictis,
532 579 588 600 non
606 571 724 607 amplius
738 571 828 606 panis,
845 570 894 598 sed

72 619 76 624 '
99 625 203 653 corpus
232 624 355 647 vocatur.
381 619 414 647 Et
436 627 533 647 rursus
559 620 588 647 in
610 618 784 654 expositione
809 625 894 652 super

98 664 232 692 Joannem
254 669 368 692 vocatur
391 672 493 700 corpus
506 671 534 693 et
547 665 732 697 caroChristi,
742 663 815 699 quod
830 670 894 690 caro

98 711 244 738 continere
260 718 314 738 non
334 716 435 746 potest.
462 711 621 739 Conﬁeiunt
635 717 727 739 autem
745 710 812 738 illud
833 717 894 737 car-

98 756 143 784 nis
156 752 252 788 verba,
270 765 331 792 quae
343 758 430 793 ipsius
444 757 537 785 carnis
549 757 653 785 Christi
670 757 752 785 verba
769 756 892 784 fuerunt.

97 803 146 830 Ait
166 803 250 831 enim;
282 804 338 831 Hoc
361 810 399 831 est
419 812 515 839 corpus
531 812 627 832 meum.
644 803 715 838 Quid
729 804 832 831 clarius
850 803 894 831 his

100 849 290 878 testimoniis?
305 851 371 886 quid
388 851 562 878 manifestius
587 858 648 878 esse
667 849 776 885 potest?
796 850 893 885 Neque

949 245 993 272 nia
1006 246 1115 280 operari
1130 255 1136 273 :
1155 254 1205 273 nec
1224 246 1299 274 addit
1315 246 1443 282 precibus
1456 246 1628 275 sacerdotum
1643 246 1668 274 id
1680 246 1739 275 ﬁeri

948 291 1022 326 quod
1050 297 1126 320 certe
1153 292 1314 323 addidisset,
1343 292 1365 319 si
1393 292 1519 320 scivisset
1549 293 1737 320 necessarium

948 337 1018 370 lore,
1043 337 1177 365 subticuit
1194 343 1286 366 autem
1314 344 1443 374 tanquam
1466 347 1520 366 non
1539 340 1737 366 necessarium.

948 382 999 416 Qui
1016 383 1090 410 enim
1103 384 1194 411 omnia
1212 385 1289 418 facit,
1303 386 1380 413 nullo
1394 386 1499 421 indiget
1515 390 1671 419 operatore.
1689 385 1739 412 Ve-

948 437 1008 456 rum
1025 436 1058 456 ex
1069 429 1123 457 illis
1141 429 1341 466 Chrysostomi,
1358 439 1418 466 qua:
1430 439 1512 466 supra
1524 431 1740 458 memoravimus

948 475 1040 503 verbis
1064 476 1181 506 discitur
1194 477 1319 512 quzedam
1337 477 1412 505 haud
1428 478 1630 505 contemnenda
1645 476 1738 504 consi-

947 522 1064 549 deratio.
1081 523 1126 550 Ait
1141 523 1226 556 enim,
1241 532 1296 552 non
1309 525 1450 560 accepisse
1466 525 1581 553 Paulum
1596 532 1612 552 a
1627 523 1739 552 Christo
1787 530 1790 533 '

947 567 1018 595 hanc
1033 569 1219 604 traditionem,
1232 579 1294 598 cum
1313 575 1405 599 tamen
1418 571 1476 607 ipse
1490 579 1520 600 se
1537 571 1676 606 accepisse
1691 578 1737 598 as-

946 619 1030 641 serat.
1050 613 1083 642 Et
1111 620 1184 642 recte
1203 616 1315 650 quidem
1337 616 1560 652 Chrysostomus.
1582 617 1647 644 Erat
1661 616 1735 644 enim

946 664 1003 686 tum
1025 659 1126 688 Paulus
1145 669 1306 696 persecutor
1330 668 1358 690 et
1381 663 1469 691 hostis
1483 664 1604 691 nominis
1619 663 1734 696 Christi,

945 711 973 733 et
986 707 1073 734 multo
1085 712 1145 742 post
1165 709 1356 736 ascensionem
1371 710 1520 737 Salvatoris
1535 709 1563 737 in
1582 710 1678 743 caelos,
1694 718 1738 737 sa-

945 759 1020 779 cram
1032 752 1121 780 "ﬁdem
1137 753 1170 781 ab
1184 761 1217 781 eo
1234 755 1281 789 qui
1294 755 1346 783 sibi
1358 756 1386 783 in
1408 755 1449 783 via
1460 756 1549 784 fuerat
1562 756 1671 788 obvius,
1695 756 1737 783 di-

945 797 1061 826 dicerat.
1078 799 1187 833 Quibus
1199 800 1281 836 igitur
1300 802 1472 830 tradentibus
1486 803 1615 837 accepit?
1632 803 1736 836 Nempe

945 844 1078 879 apostolis
1092 850 1119 872 et
1131 846 1164 873 iis
1179 847 1291 881 quidem
1311 856 1366 875 non
1384 849 1470 876 verbo
1484 853 1591 876 tantum
1609 849 1734 877 docenti-

99 895 173 923 enim
200 897 249 923 ιιοδ
272 896 399 923 doctores
427 896 573 930 quisquam
599 896 700 923 manus
721 902 846 930 compos,
864 898 892 922 οι
907 889 929 917 Β
943 889 1005 922 bus,
1022 890 1070 918 sed
1092 891 1348 920 demonstrantibus
1371 901 1464 928 opere.
1483 894 1585 921 Paulus
1598 901 1662 925 vero
1679 897 1734 921 tra-

99 939 275 968 Christianus
297 948 356 968 esse
373 941 536 968 desiderans
558 944 704 975 respueret
725 948 794 975 quos
807 947 892 968 sacra

100 993 197 1014 omnes
210 986 321 1022 synodi,
339 991 367 1014 et
386 994 547 1014 communes
558 987 690 1014 Ecclesiae
701 986 830 1014 doctores
847 993 892 1014 ac-

100 1037 257 1067 ceptarum,
275 1040 345 1068 quos
369 1038 399 1061 ut
421 1038 532 1061 sanctos
555 1041 586 1061 ac
610 1034 666 1061 Deo
685 1033 892 1069 acccptissimos

100 1077 207 1112 magnis
223 1079 369 1113 praeconiis
394 1079 562 1112 extulerunt,
583 1087 701 1115 quorum
731 1079 892 1107 memoriam

100 1132 163 1151 cum
186 1133 293 1152 summa
317 1125 398 1153 laude
414 1133 469 1153 non
485 1126 568 1154 modo
583 1126 779 1158 Occidentalis,
795 1133 891 1154 verum

100 1169 184 1196 etiam
200 1169 356 1197 Orientalis
374 1170 498 1198 Ecclesia
516 1171 651 1200 celebrat.
665 1172 839 1199 Manifestum
849 1177 893 1200 est

100 1215 183 1250 igitur
197 1216 248 1243 hos
263 1224 318 1243 non
334 1215 464 1249 obscure,
500 1224 591 1252 neque
608 1217 659 1245 sub
672 1217 767 1251 dubio,
785 1219 832 1246 sed
845 1226 892 1254 pa-

100 1261 154 1289 lam
170 1267 197 1289 et
214 1262 362 1290 manifeste
380 1263 513 1295 sensisse,
528 1263 724 1291 sacratissimis
741 1265 816 1292 illius
837 1265 892 1293 Do«

100 1308 167 1335 mini
183 1308 276 1336 verbis
292 1308 344 1336 hoc
359 1313 566 1336 sacramentum
582 1310 693 1342 conﬁci,
711 1310 770 1338 Hoc
784 1317 822 1338 eu
834 1319 893 1339 cor-

99 1361 148 1389 pus
167 1362 255 1381 meum
272 1363 279 1381 :
296 1360 336 1388 et,
351 1355 400 1382 Hic
415 1359 453 1382 est
475 1356 585 1392 sanguis
603 1364 686 1384 meus.
701 1356 772 1390 Quid
788 1358 893 1393 igitur?

99 1402 132 1430 lli
144 1402 255 1437 quidem
269 1401 322 1429 hoc
337 1401 420 1429 modo
435 1402 544 1436 dicunt,
562 1403 717 1431 Orientales
734 1412 800 1431 vero
812 1405 892 1432 aliter

98 1448 234 1476 sentiunt.
262 1448 297 1475 At
321 1447 374 1475 hoc
397 1448 478 1476 modo
502 1456 556 1477 non
583 1449 656 1477 idem
679 1449 706 1476 in
723 1450 764 1477 eis
782 1450 893 1478 locutus

99 1494 199 1521 fuisset
214 1494 336 1529 Spiritus
354 1503 361 1522 :
379 1502 430 1522 nec
455 1495 543 1523 sancti
564 1495 697 1530 Spiritus,
713 1495 761 1523 sed
788 1496 893 1523 ventris

99 1540 142 1568 sui
167 1541 357 1569 eructationes
383 1547 477 1570 essent
507 1549 650 1570 sermones
680 1550 784 1570 eorum.
812 1542 892 1570 Nunc

98 1594 166 1614 vero
184 1595 255 1615 unus
270 1592 353 1622 atque
372 1588 444 1615 idem
469 1588 590 1623 Spiritus
608 1588 718 1616 locutus
734 1592 777 1615 est
797 1596 846 1623 per
860 1595 891 1615 os

100 1637 291 1668 utrorumque.
309 1633 586 1668 Atquemadmodum
602 1634 629 1661 in
641 1633 750 1661 caeteris
761 1633 891 1661 omnibus

99 1680 137 1707 ita
150 1680 233 1707 etiam
250 1680 277 1707 in
298 1680 350 1707 hoc
364 1684 542 1708 sacramento
555 1680 709 1707 concordes
728 1683 792 1707 sunt
811 1679 892 1707 Occi-

97 1725 254 1753 dentalibus
275 1726 438 1753 Orientales.
461 1726 532 1753 Audi
561 1726 636 1753 enim
652 1725 718 1761 quid
740 1731 820 1754 antea
844 1726 889 1753 illa

96 1770 213 1798 Joannis
235 1770 328 1805 lingua
354 1770 381 1797 in
401 1778 476 1797 χχχιι
501 1779 584 1806 super
601 1770 760 1798 Mattheum
776 1771 889 1798 homilia

99 1816 175 1844 dicat
193 1824 199 1842 :
216 1815 276 1843 Non
292 1821 367 1848 sunt,
383 1817 490 1852 inquit,
507 1817 635 1844 humanae
648 1817 780 1851 potentiae
792 1825 888 1852 opera.

97 1869 161 1897 quae
171 1862 311 1896 proposita
326 1867 409 1895 sunt;
423 1863 470 1897 qui
485 1867 551 1890 tunc
562 1869 595 1889 ea
612 1861 676 1890 fecit
692 1862 720 1889 in
733 1869 821 1895 cena,
831 1862 890 1897 ipse

98 1917 174 1937 nunc
187 1917 220 1938 ea
237 1916 348 1944 quoque
363 1914 507 1944 operatur,
527 1917 577 1936 nos
590 1908 781 1936 ministrorum
798 1909 888 1936 locum

98 1960 234 1983 tenemus.
254 1954 307 1988 Qui
331 1962 398 1983 vero
426 1953 593 1987 sanctiﬁcat,
612 1959 641 1981 et
669 1961 701 1981 ea
715 1958 814 1987 mutat,
831 1954 890 1989 ipse

97 2006 154 2029 est.
172 2002 279 2030 Rursus
296 2001 369 2029 idem
391 2003 419 2028 in
435 2008 510 2028 xxvii
528 2008 610 2035 suter
625 2000 634 2027 l
648 2001 681 2028 ad
698 2000 824 2028 Corinth.
840 2001 889 2028 ho-

97 2047 158 2075 mil.
173 2047 210 2074 ita
234 2047 324 2083 inquit
342 2056 349 2074 :
370 2047 514 2080 Quomodo
531 2046 634 2073 Paulus
645 2055 660 2074 a
678 2046 794 2074 Domino
809 2054 889 2075 acce-

97 2094 160 2129 pit?
174 2094 234 2121 Non
253 2094 328 2121 enim
344 2094 439 2121 aderat
457 2099 534 2127 tunc,
547 2093 595 2121 sed
612 2101 683 2121 unus
699 2098 758 2121 erat
775 2101 808 2121 ex
826 2092 897 2129 ρει-τ

97 2140 282 2169 secutoribus.
312 2139 348 2168 Ut
373 2140 520 2175 intelligas,
546 2140 594 2173 ait,
621 2140 690 2167 nihil
720 2140 782 2175 plus
813 2140 887 2168 illam

97 2194 221 2215 mensam
239 2187 380 2218 habuisse,
405 2194 486 2220 quam
510 2186 628 2214 habeant
646 2187 688 2214 hae
707 2187 887 2221 posteriores.

944 936 1013 963 didit
1029 937 1108 965 nobis
1123 946 1184 973 quae
1201 945 1355 974 acceperat.
1372 940 1440 967 Cum
1459 945 1551 968 autem
1566 947 1598 966 ea
1614 940 1672 967 sola
1682 944 1736 966 tra-

943 983 1046 1011 diderit
1062 992 1121 1019 quze
1137 986 1163 1012 in
1178 985 1300 1020 Epistola
1314 985 1346 1012 ad
1362 986 1520 1014 Corinthios
1536 987 1643 1018 scribit,
1660 990 1735 1014 certe

943 1030 991 1058 illa
1006 1031 1061 1058 sola
1078 1032 1195 1066 accepit,
1211 1036 1239 1060 et
1258 1032 1302 1060 illa
1322 1033 1379 1060 sola
1395 1033 1533 1067 apostolos
1548 1032 1638 1060 facere
1655 1032 1734 1061 vidit.

943 1075 1012 1103 Nam
1025 1076 1048 1103 si
1061 1076 1138 1111 plura
1153 1078 1244 1104 facere
1259 1078 1385 1109 vidisset,
1399 1085 1429 1105 ea
1442 1086 1552 1113 quoque
1566 1078 1735 1105 tradidisset.

942 1122 1016 1149 Nihil
1028 1127 1119 1150 autem
1138 1124 1164 1151 in
1181 1131 1212 1152 ea
1231 1123 1352 1159 Epistola
1368 1124 1434 1151 dicit
1448 1125 1565 1160 amplus,
1583 1125 1635 1152 nisi
1654 1123 1736 1152 Citri-

942 1172 1015 1196 stum
1034 1170 1173 1204 accepisse
1188 1178 1286 1206 panem
1302 1171 1330 1197 in
1349 1178 1445 1198 manus
1461 1177 1534 1202 suas,
1548 1170 1734 1203 benedixissr‘,

943 1215 1052 1244 dedisse
1066 1216 1222 1252 discipulis.
1238 1222 1321 1253 atque
1336 1217 1439 1245 dixisse
1457 1226 1463 1244 :
1477 1217 1594 1253 Accipite
1607 1221 1631 1244 et
1645 1225 1734 1244 come.

942 1262 1007 1294 dite,
1032 1264 1080 1290 hoc
1105 1268 1145 1290 ut
1172 1272 1266 1299 corpus
1285 1273 1382 1291 mcum.
1408 1264 1481 1291 ldem
1502 1264 1585 1299 igitur
1605 1264 1679 1291 omni
1695 1272 1734 1298 lex

943 1312 1022 1342 parte
1036 1309 1163 1343 apostoli,
1177 1310 1279 1344 quibus
1301 1311 1472 1338 tradentibus
1490 1310 1592 1338 Paulus
1604 1310 1630 1337 id
1653 1318 1734 1338 acce-

942 1352 994 1387 pit,
1016 1352 1165 1382 faciebant.
1196 1353 1252 1382 Hoc
1268 1360 1373 1383 tantum
1396 1356 1503 1390 accepit
1513 1355 1548 1382 ab
1562 1355 1616 1382 illis
1632 1355 1734 1383 Paulus

943 1399 996 1426 hoc
1005 1399 1119 1427 tradidit
1134 1401 1224 1428 nobis.
1239 1400 1336 1429 Postea
1356 1409 1423 1429 vero
1443 1402 1502 1430 sive
1517 1402 1654 1434 Clemens,
1675 1401 1734 1429 sive

942 1446 1073 1479 Iacobus,
1102 1450 1159 1475 sive
1184 1448 1255 1475 alius
1276 1448 1436 1484 quicunque
1464 1449 1532 1476 alias
1552 1449 1693 1477 orationes
1706 1454 1736 1476 et

944 1493 1060 1528 hymnos
1071 1498 1096 1521 et
1111 1494 1217 1522 cantica
1230 1501 1285 1522 non
1302 1495 1335 1522 ad
1357 1496 1562 1528 necessitatem,
1577 1496 1624 1523 sed
1639 1496 1671 1523 ad
1689 1503 1735 1523 or-

945 1545 1037 1566 natum
1054 1539 1231 1568 addiderunt.
1245 1540 1309 1574 Quae
1320 1549 1382 1569 cum
1401 1542 1438 1570 ita
1454 1542 1520 1574 sint,
1540 1542 1608 1570 satis
1626 1546 1734 1569 constat

943 1585 1016 1613 beati
1031 1585 1219 1622 Chrysostomi
1237 1587 1427 1615 testimonium
1447 1589 1516 1616 adeo
1530 1589 1633 1616 clarum
1650 1594 1733 1625 atque

942 1635 1067 1665 apertum
1080 1639 1151 1664 esse,
1168 1636 1198 1659 ut
1216 1633 1290 1659 nulla
1307 1634 1458 1666 excusatio,
1472 1634 1577 1662 nullum
1591 1635 1734 1663 subterfu-

942 1675 1016 1711 gium
1030 1676 1262 1706 calumniantibus
1278 1679 1460 1714 relinquatur.
1479 1680 1633 1708 Audiamus
1657 1689 1734 1709 nunc

941 1721 1069 1749 eumdem
1082 1722 1223 1750 doctorem
1240 1725 1361 1760 seipsnm
1377 1732 1572 1761 exponentem,
1585 1732 1613 1754 et
1624 1727 1661 1755 ita
1676 1735 1731 1755 rem

941 1767 1013 1795 hanc
1032 1768 1232 1803 declarantem,
1258 1775 1287 1797 ut
1313 1771 1416 1805 nullus,
1444 1773 1570 1808 quamvis
1591 1774 1679 1801 audax
1704 1779 1734 1802 et

941 1816 1142 1851 contentiosus,
1155 1817 1346 1846 contradicere
1362 1819 1447 1847 ausit.
1466 1819 1517 1848 Hie
1527 1820 1554 1847 in
1571 1827 1602 1848 ea
1618 1820 1730 1848 homilia

941 1866 1023 1893 quam
1053 1859 1088 1887 de
1110 1860 1267 1896 proditione
1283 1862 1425 1890 traditoris
1445 1868 1473 1891 et
1494 1869 1731 1893 sacramentorum

942 1903 1089 1932 traditione
1104 1906 1281 1941 conscripsit,
1295 1907 1332 1934 ita
1346 1907 1455 1943 inquit:
1473 1908 1558 1936 Adest
1574 1917 1648 1938 nunc
1664 1918 1732 1945 quo-

940 1958 995 1986 que
1020 1951 1159 1984 Christus,
1179 1953 1225 1988 qui
1251 1953 1325 1981 illam
1354 1962 1477 1982 mensam
1505 1955 1582 1988 fecit,
1603 1956 1649 1984 ille
1672 1957 1731 1991 ipse

941 2005 1016 2025 nunc
1041 1999 1125 2026 etiam
1145 2005 1235 2027 ornat.
1252 1999 1310 2027 Non
1332 2005 1374 2028 est
1396 2001 1469 2027 enim
1486 2001 1578 2034 homo,
1602 2003 1648 2036 qui
1673 2002 1732 2030 haec

941 2052 1059 2071 mtmera
1079 2045 1145 2072 facit
1165 2053 1266 2080 corpus
1277 2051 1305 2073 et
1322 2047 1484 2081 sanguinem
1499 2047 1613 2080 Christi,
1625 2049 1673 2077 sed
1683 2052 1731 2086 qui

941 2091 1091 2119 cruciﬁxus
1102 2096 1145 2119 est
1159 2099 1208 2127 pro
1223 2092 1303 2119 nobis
1314 2092 1451 2121 Christus.
1473 2094 1602 2130 Figuram
1618 2096 1732 2131 quidem

941 2137 1095 2173 adimplens
1115 2142 1186 2166 astat
1209 2138 1349 2171 sacerdos,
1370 2139 1454 2166 verba
1470 2139 1516 2168 illa
1528 2142 1730 2176 pronuntians;

941 2189 1065 2219 potestas
1084 2191 1148 2212 vero
1159 2189 1186 2212 et
1198 2185 1285 2220 gratia
1302 2189 1359 2213 tota
1369 2185 1472 2213 Christi
1485 2191 1538 2214 est.
1557 2186 1613 2214 Hoc
1629 2194 1733 2215 caleor.

97 2233 164 2261 Nam
177 2238 206 2261 et
217 2233 299 2261 hodie
314 2233 371 2268 ipse
382 2237 423 2260 est
437 2233 485 2267 qui
497 2238 639 2268 operatur,
649 2237 677 2260 et
691 2233 783 2265 tradit,
794 2241 890 2268 quem-
906 2237 928 2265 ι)
942 2240 992 2267 pus
1007 2240 1107 2266 meum,
1119 2232 1168 2260 ait.
1184 2231 1242 2260 Hoc
1249 2233 1363 2260 verbum
1373 2240 1417 2260 res
1429 2234 1583 2269 propositas
1595 2240 1734 2262 transmu-

97 2280 244 2308 admodum
265 2283 294 2307 et
313 2284 390 2306 tunc.
411 2279 527 2306 Videsne
550 2279 643 2313 igitur,
674 2285 704 2308 ut
723 2287 773 2307 nos
792 2279 890 2307 minis-

98 2333 203 2356 trorum
218 2327 309 2354 locum
325 2331 467 2358 tenemus;
491 2325 537 2360 qui
556 2333 619 2353 vere
634 2334 666 2354 ea
682 2326 836 2354 sanctificat
863 2331 890 2354 et

98 2379 188 2402 mutat
204 2375 261 2409 ipse
272 2378 325 2401 est.
343 2372 425 2401 Vides
444 2376 474 2399 ut
496 2372 554 2407 ipse
570 2378 622 2404 est,
639 2374 686 2408 qui
703 2374 795 2401 omnia
821 2380 889 2408 ope-

99 2425 186 2452 ratur,
199 2424 226 2447 et
247 2420 338 2452 tradit,
353 2418 585 2455 quemadmodum
603 2423 631 2446 et
649 2423 726 2446 tunc.
752 2418 890 2446 Persuade

100 2466 182 2501 igitur
199 2465 260 2498 tibi,
274 2465 362 2499 ipsum
379 2471 440 2492 esse
466 2463 513 2499 qui
527 2471 558 2491 ea
581 2467 668 2491 mutat
686 2471 693 2490 :
711 2472 772 2497 nec,
790 2464 889 2493 rationi

100 2517 153 2540 tua!
169 2519 230 2546 qua:
249 2511 333 2538 dubia
349 2515 402 2544 est,
422 2510 470 2538 sed
481 2510 596 2538 infinita:
611 2510 686 2538 illius
698 2510 828 2545 potentiie
838 2511 891 2540 hoc

101 2557 203 2585 tribue.
224 2556 304 2584 Dices
318 2556 443 2589 fortasse,
462 2556 535 2583 haud
551 2556 599 2584 tibi
613 2557 803 2585 contradicere
817 2558 892 2586 hunc

100 2603 242 2631 doctorem
255 2612 264 2630 :
280 2602 382 2630 etenim
398 2608 424 2630 te
435 2610 546 2638 quoque
561 2608 589 2631 et
606 2604 710 2632 sentire
723 2610 750 2632 et
766 2605 890 2640 proﬁteri

101 2651 177 2678 illum
192 2657 254 2677 esse
267 2650 315 2684 qui
330 2649 387 2676 haec
405 2655 547 2684 operatur,
560 2650 608 2678 sed
618 2658 667 2685 per
680 2651 831 2686 orationes,
843 2654 891 2681 sed

102 2705 150 2733 per
162 2703 257 2732 preces
270 2695 431 2723 sacerdotis.
449 2696 530 2731 Atqui
545 2697 661 2724 multum
678 2698 806 2728 interest.
823 2706 892 2733 ope-

104 2743 156 2770 rari
170 2740 283 2776 aliquid.
294 2745 323 2768 et
333 2741 425 2768 omnia
436 2741 556 2776 operari.
571 2741 612 2769 Tu
626 2749 745 2777 namque
757 2743 891 2779 Spiritum

103 2792 226 2816 sanctum
248 2787 289 2815 eis
315 2787 527 2815 descendentem
548 2789 602 2815 tuis
620 2789 747 2822 precibus
770 2790 892 2817 sanctiﬁ-

105 2841 166 2860 care
190 2834 248 2860 haec
277 2840 401 2866 munera,
422 2833 548 2868 quamvis
575 2834 657 2861 etiam
679 2836 763 2863 verba
780 2836 889 2864 Domini

105 2878 207 2914 aliquid
230 2884 390 2914 operentur.
416 2879 467 2907 llic
492 2887 557 2907 vero
578 2880 675 2908 doctor
699 2881 890 2910 sanctissimus

944 2283 993 2306 tat.
1007 2278 1075 2306 Nam
1089 2278 1322 2313 quemadmodum
1336 2287 1386 2306 vox
1408 2279 1454 2307 illa
1470 2288 1524 2315 qua
1544 2280 1648 2308 dictum
1663 2286 1705 2309 est
1723 2290 1731 2309 :

943 2324 1070 2357 Crescite,
1086 2330 1111 2352 et
1133 2325 1348 2360 multiplicamini
1368 2332 1392 2353 et
1406 2327 1505 2362 replete
1519 2331 1630 2360 terram,
1647 2327 1732 2355 semel

941 2371 1053 2406 quidem
1065 2371 1134 2399 dicta
1146 2377 1198 2404 est,
1211 2379 1321 2408 semper
1329 2374 1552 2408 autemtitoperaa
1564 2380 1669 2401 natura:
1680 2375 1733 2402 'no-

942 2425 1006 2447 stral
1020 2420 1074 2446 vim
1087 2419 1214 2453 prabens
1229 2419 1262 2447 ad
1277 2421 1473 2454 generandum,
1493 2421 1529 2448 ita
1543 2422 1601 2448 hac
1622 2429 1731 2456 quoque

942 2472 995 2492 vox
1011 2464 1097 2492 semel
1118 2465 1192 2492 dicta
1208 2465 1235 2492 in
1252 2465 1367 2501 singulis
1380 2467 1435 2494 aris
1451 2474 1484 2493 ex
1495 2474 1528 2493 eo
1547 2472 1669 2502 tempore
1688 2475 1734 2495 us-

942 2517 996 2545 que
1008 2510 1036 2538 in
1054 2515 1217 2545 prasentem
1233 2511 1317 2544 diem,
1334 2517 1361 2539 et
1371 2519 1458 2547 usque
1469 2513 1502 2540 ad
1516 2513 1618 2540 Christi
1631 2513 1734 2541 adven-

943 2563 1002 2584 tum
1027 2558 1078 2586 hoc
1098 2563 1301 2586 sacramentum
1321 2558 1427 2594 integre
1447 2559 1564 2595 perficit.
1582 2560 1683 2588 Verum
1697 2561 1732 2589 ad

944 2603 1002 2630 hac
1024 2602 1118 2631 dicere
1141 2603 1257 2632 soletis:
1275 2603 1512 2638 Quemadmodum
1545 2605 1660 2632 verbum
1677 2613 1733 2642 quo

942 2655 1035 2676 creata
1057 2654 1122 2677 sunt
1140 2649 1244 2681 omnia.
1265 2658 1321 2677 non
1338 2651 1427 2685 ipsum
1442 2651 1533 2678 solum
1553 2651 1679 2680 suﬁiccre
1698 2653 1733 2680 ad

942 2695 1155 2730 productionem
1171 2702 1268 2722 eorum
1282 2703 1343 2730 qua
1357 2696 1438 2726 ﬁunt.
1454 2697 1502 2724 sed
1520 2697 1605 2724 maris
1614 2702 1641 2725 et
1653 2697 1735 2726 femi-

942 2750 985 2770 na
1013 2742 1237 2778 coniunctionem
1267 2742 1381 2777 requiri,
1408 2748 1438 2770 ut
1458 2744 1619 2771 animalium
1647 2752 1734 2780 genus

942 2793 1119 2825 propagetur,
1149 2789 1309 2824 cultumque
1337 2793 1470 2816 terrarum
1497 2795 1526 2817 et
1551 2790 1733 2825 agricolarum

942 2844 1024 2871 opera
1048 2837 1204 2864 necessaria
1223 2843 1296 2869 esse,
1319 2841 1349 2864 ut
1374 2841 1434 2871 qua!
1455 2843 1603 2865 nascuntur
1624 2845 1639 2865 e
1662 2844 1734 2865 ιεηι

943 2883 1130 2918 producantur
1164 2888 1192 2911 et
1220 2885 1385 2917 coalescant,
1417 2883 1514 2913 eodem
1541 2885 1622 2913 modo
1645 2885 1734 2912 solum
