1920 3063
177 109 229 140 507

645 101 898 134 BESS\RlONiS
922 103 951 133 S.
977 102 1012 131 R.
1031 101 1063 132 E.
1087 100 1323 131 C:\RDIN.\l.lS

1754 96 1817 128 509

175 166 322 194 Salvatoris
336 164 448 192 verbum
465 163 537 190 haud
550 161 686 192 sulliecre,
709 161 755 188 sed
775 165 802 186 ct
816 167 909 194 preces
920 167 960 185 sa-
979 160 1000 188 Α
1016 157 1159 184 materiam
1184 158 1262 192 panis
1279 162 1307 185 et
1325 157 1382 184 vini
1396 165 1447 192 qua
1464 157 1514 192 ipsi
1530 164 1640 192 quoque
1658 161 1816 184 uterentur

175 211 305 241 cerdotis,
323 215 350 237 et
363 208 595 240 benedictionem,
614 208 702 235 etalia
720 207 849 241 pleraque
865 212 960 232 neces-

176 256 247 283 saria
270 263 330 282 esse
349 254 382 282 ad
409 254 461 281 hoc
486 253 645 289 mysterium
671 251 881 287 perliciendum.
900 250 962 277 llaec

174 302 247 329 ettim
260 301 377 332 Marcus,
393 300 548 335 Ephesinns
559 300 685 330 antistes,
703 306 736 325 ex
753 297 833 325 dictis
857 296 961 324 Nicolai

175 350 307 378 Cabasibe
324 353 431 383 sumpta
447 348 567 380 obiicere
584 347 696 379 solebat,
712 346 763 373 etsi
778 346 857 379 longe
875 345 963 380 impar

178 396 299 431 ingenio,
319 394 428 421 acutius
449 400 515 419 sane
531 392 617 419 tnulto
636 391 680 418 ille
702 391 861 426 disputavit,
876 398 965 425 quan-

176 449 260 476 quam
283 448 333 467 nec
356 440 413 474 ipse
440 439 549 472 quidem
566 438 678 472 dignum
695 436 796 471 aliqttid
825 436 962 463 diSSt-ruit.

179 488 259 516 Enim
277 495 344 514 vero
361 485 538 513 admirandos
556 483 639 511 simul
668 487 751 517 atque
774 481 914 509 dellendos
934 481 965 507 il-

177 534 217 561 los
246 540 359 564 censeo,
383 532 430 567 qui
455 536 554 566 sponte
578 538 626 557 sua
645 529 679 556 ad
696 528 863 556 clarissimas
878 535 923 555 res
938 532 965 554 ct

178 583 265 615 ipsam
288 579 431 606 veritatem
463 578 557 605 oculos
588 576 729 608 claudunt,
757 580 785 603 et
798 575 833 602 ita
859 579 890 602 ut
910 578 965 601 tam

177 627 251 654 clara
268 629 351 660 atque
369 630 463 660 aperta
480 623 647 652 sanctissimi
660 623 780 650 doctoris
796 621 880 648 verba
906 628 966 655 per-

177 677 288 700 vertere
303 676 451 703 conentur,
471 677 497 698 et
515 671 552 697 ita
576 674 671 697 contra
688 668 826 703 propziam
849 667 965 694 salutem

178 726 327 753 exponere,
344 722 372 744 ut
389 717 519 744 omnibus
531 716 700 750 contemptui
721 715 774 742 sint
787 719 869 749 atque
891 713 968 740 deri-

178 764 230 790 sui.
249 763 319 796 Quid
335 763 408 790 enim
423 763 461 789 ait
478 762 506 790 S.
526 761 646 789 Doctor?
669 761 796 796 Figuratn
814 760 968 795 aditnplens

178 814 248 836 astat
276 809 417 840 sacerdos,
445 807 528 834 verba
558 806 602 833 illa
624 805 820 840 pronuntians,
845 805 968 839 potentia

1014 203 1174 234 ostendens,
1203 203 1318 230 tradidit
1333 203 1374 230 eis
1390 203 1506 230 fortnam
1523 211 1576 238 qna
1600 207 1813 230 sacramentum

1014 249 1192 277 conﬁcerent.
1219 249 1281 277 llaec
1301 255 1394 277 autem
1416 254 1479 276 sunt
1495 249 1578 276 verba
1590 249 1650 284 ejus
1668 255 1675 274 ε
1695 247 1753 275 Hoc
1768 252 1814 274 est

1014 305 1109 331 corpus
1127 301 1275 329 meum,et,
1292 295 1340 323 Hic
1352 301 1388 323 est
1403 295 1509 330 salignis
1528 304 1611 323 meus.
1633 295 1699 328 Quae
1720 295 1814 323 semel

1015 350 1029 369 a
1045 342 1185 370 Salvatore
1201 343 1273 370 dicta
1291 343 1329 369 ait
1350 342 1553 370 sacratissitnus
1580 342 1677 368 doctor
1696 348 1815 375 semper

1015 389 1136 424 operari,
1161 396 1215 415 nou
1243 389 1402 423 cooperari,
1418 395 1471 415 nec
1491 388 1654 422 cujusquam
1675 387 1815 421 ιπωεὶιίίο

1015 443 1106 470 cgere.
1127 435 1250 470 Magnam
1263 435 1349 467 enim,
1375 435 1430 461 into
1452 435 1596 461 maximam
1612 433 1737 460 omnium
1753 433 1814 460 vim

1018 481 1154 508 haberent
1176 481 1294 507 humana
1317 481 1411 513 verba,
1438 481 1458 506 si
1476 479 1540 514 quid
1568 478 1742 506 auctoritatis
1761 483 1816 505 aut

1019 527 1147 561 potentia:
1173 527 1276 554 divinis
1304 527 1450 558 adderent,
1466 527 1522 553 ittto
1548 534 1612 552 veto
1629 526 1674 553 illa
1691 525 1818 552 excelle-

1019 577 1079 599 rent
1099 573 1242 607 dignitate,
1257 573 1425 607 quodetiam
1442 573 1561 608 cogitare
1579 573 1693 604 impium
1709 576 1753 598 est
1766 577 1814 598 at-

1018 627 1072 654 qtte
1099 619 1245 646 nel‘arium.
1275 620 1489 653 Cooperantur,
1521 619 1611 653 inquit
1641 618 1814 652 Ephesinus,
1841 650 1851 658 _

1020 666 1171 692 Dominitis
1194 665 1287 692 verbis
1310 664 1459 692 sacerdotis
1491 671 1598 699 preces.
1622 663 1779 696 Quomodo,
1797 670 1817 688 η

1019 712 1091 738 bone
1103 711 1155 743 vir,
1177 711 1389 745 cooperantur?
1403 710 1442 738 Au
1462 715 1591 745 tanquam
1610 717 1657 744 per
1676 717 1706 737 se
1724 709 1815 736 insuf-

1021 757 1187 789 ﬁcietttibus,
1204 765 1236 784 an
1253 761 1383 791 tanquam
1400 755 1659 784 sullicientibus?Si
1678 760 1814 790 tanquam

1024 803 1244 835 suﬂicientibus,
1274 803 1411 837 superﬂua
1435 807 1508 829 ecrte
1540 807 1567 828 et
1598 809 1667 828 vana
1697 806 1739 827 est
1765 805 1815 828 tua

178 862 245 883 vero
275 860 303 882 et
332 854 418 890 gratia
453 857 507 880 tota
535 852 638 879 Christi
661 856 713 879 est.
731 851 787 878 Hoc
811 855 853 877 est
868 857 969 885 corpus
986 847 1006 874 Β
1023 849 1224 881 mtutisor:.tio;
1243 849 1264 876 si
1282 855 1410 884 tanquam
1432 857 1485 876 non
1508 849 1718 880 sullieientibus,
1734 847 1789 875 heu
1806 848 1814 874 !

179 894 349 932 meumfait.
366 900 422 926 lloc
434 899 549 925 verbum
566 905 610 924 res
625 896 779 932 propositas
793 899 968 922 transmutat.

179 946 250 980 Quid
273 947 324 973 hoc
340 945 445 972 certius
466 944 627 971 desideras?
651 943 706 976 Illa,
729 943 829 977 inqttit,
851 942 934 969 verba
955 949 969 968 a

180 991 323 1019 sacerdote
341 991 529 1026 pronuntiata.
543 990 609 1022 Qute
618 993 709 1016 autem
723 988 767 1015 illa
779 990 843 1019 sint,
855 987 969 1022 subjun-

181 1039 230 1073 git.
246 1037 301 1064 Hoc
317 1041 354 1064 est
370 1044 464 1071 corpus
485 1043 582 1062 meum.
599 1034 657 1068 Illa,
678 1035 801 1069 inquam,
816 1042 859 1060 res
871 1041 971 1068 propo-

183 1084 249 1112 sitas
276 1087 469 1111 trausmutant.
496 1083 538 1109 Fit
553 1090 618 1117 ergo
640 1079 831 1108 transmutatio
851 1088 899 1114 per
926 1080 970 1107 illa

183 1131 275 1163 verba,
292 1138 347 1156 non
366 1138 380 1156 a
398 1129 550 1159 sacerdote,
570 1128 618 1155 sed
638 1135 653 1154 a
671 1128 792 1157 Christo,
809 1126 890 1161 cujus
915 1131 970 1153 tota

182 1177 267 1212 gratia
283 1181 310 1203 et
326 1180 446 1210 potestas
463 1179 514 1202 est.
536 1175 671 1202 Sacerdos
684 1173 757 1201 enim
783 1173 880 1207 ﬁgura,
893 1172 972 1199 Chri-

181 1228 240 1250 stus
255 1230 321 1250 vero
334 1222 451 1249 veritate
467 1221 524 1248 lucc
541 1225 715 1252 transmutat,
732 1220 874 1247 sacerdote
887 1219 971 1245 verba

182 1270 252 1304 ejus,
279 1267 512 1303 quemadmodum
528 1257 589 1294 ille?
600 1270 746 1298 statuerat,
763 1265 970 1304 pronuntiante.

183 1315 215 1342 Et
229 1322 336 1347 rursus,
349 1314 406 1341 Hoc
423 1313 536 1340 verbum
550 1316 751 1339 sacrancuttun
766 1312 870 1346 integre
888 1310 972 1345 perli-

183 1362 230 1386 cit.
249 1359 410 1390 Considera,
434 1359 526 1391 homo,
554 1358 620 1392 quid
637 1358 742 1392 integra
763 1356 821 1383 hrec
841 1355 973 1390 perfectio

183 1406 329 1440 signiﬁcet.
350 1405 461 1432 attende
477 1404 544 1440 quid
564 1405 640 1431 velit.
657 1403 714 1431 Hoc
725 1403 840 1430 verbum
857 1409 900 1429 res
911 1409 974 1436 pro-

182 1453 288 1487 positas
314 1456 489 1480 transmutat.
515 1451 575 1479 Noli
592 1450 774 1486 pervicaciter
789 1454 884 1477 contra
909 1457 973 1484 pro-

183 1499 271 1534 priam
288 1499 405 1526 salutem
422 1497 601 1529 contendere,
618 1502 646 1524 et
662 1497 743 1532 hujus
754 1496 897 1523 sententirc
912 1502 972 1526 ma,-

182 1545 224 1581 gis
243 1545 388 1580 prmeipuis
404 1552 436 1571 ac
452 1543 605 1571 manifestis
621 1543 748 1578 partibus
762 1542 882 1578 rejectis,
909 1550 973 1577 per-

187 1597 296 1619 vertere
313 1591 446 1626 reliquas.
460 1590 516 1618 Nec
533 1590 606 1617 enim
626 1589 778 1624 Ephesinns
794 1590 839 1617 ille
859 1597 910 1617 nec
922 1589 974 1617 Ca-

186 1638 288 1666 basilas
310 1638 445 1672 integram
466 1637 547 1664 istam
574 1637 740 1664 sententiam
757 1636 909 1669 adducunt,
926 1636 974 1663 sed

186 1683 351 1719 quibusdam
367 1683 428 1716 ejus
442 1683 568 1718 partibus
583 1682 706 1710 recitatis
723 1682 893 1714 transiliunt,
920 1683 976 1709 ira-

187 1735 297 1766 gmenta
310 1730 372 1766 ejus
386 1729 522 1764 quaedam,
539 1731 615 1756 velut
627 1729 729 1756 indocti
741 1729 817 1764 juxta
831 1729 974 1756 Platonem

189 1778 282 1813 coqui,
309 1777 356 1812 qui
369 1776 508 1810 nesciunt,
530 1776 659 1803 voluntve
679 1783 728 1811 per
746 1781 823 1803 artus
838 1776 974 1810 dividere,

186 1823 316 1851 nonnulla
329 1822 511 1858 proferentes,
520 1827 618 1850 cattera
630 1830 696 1849 vero
709 1830 770 1857 qua:
780 1823 866 1857 magis
875 1823 907 1850 ad
917 1831 975 1850 rent

186 1869 320 1902 lacerent,
350 1868 461 1895 silentio
479 1871 687 1902 praetereuntes,
704 1872 732 1894 et
747 1867 801 1895 hoc
825 1868 906 1895 modo
926 1868 977 1895 ob-

187 1915 364 1942 tenebrantes
383 1914 537 1941 veritatem.
556 1913 586 1940 ln
609 1914 703 1948 primis
717 1913 820 1948 itaque,
839 1914 911 1941 sicut
931 1923 976 1942 su-

187 1967 237 1995 pra
251 1960 356 1987 dictum
371 1963 424 1991 est,
439 1966 473 1986 ex
496 1958 654 1994 hujusmodi
671 1959 763 1986 verbis
775 1960 863 1987 sancti
877 1959 976 1987 docto;

185 2007 227 2034 .ris
237 2015 291 2034 non
308 2006 353 2033 ltie
366 2013 448 2041 quem
465 2013 514 2033 vos
535 2005 627 2032 dicitis
645 2013 745 2034 sensus
760 2006 910 2041 colligitur.
927 2007 977 2033 De-

188 2052 264 2085 inde,
286 2060 302 2080 o
321 2051 394 2079 bone
414 2052 465 2082 vir,
481 2059 572 2078 nonne
596 2050 653 2078 illic
668 2056 764 2078 auctor
787 2052 973 2087 atqueopil‘ex

189 2098 313 2126 omnium
329 2105 421 2125 rerum
438 2105 543 2124 marem
555 2102 583 2124 et
597 2097 728 2124 feminam
747 2105 780 2125 ea
792 2099 852 2133 lege
861 2099 976 2130 creavit.

186 2150 221 2172 ut
251 2152 306 2172 non
324 2145 377 2171 nisi
397 2152 445 2179 per
473 2144 696 2178 coniunctionem
728 2152 825 2172 eorum
848 2145 977 2173 animalia

1020 903 1081 930 quas
1113 896 1273 929 improbitas
1300 900 1363 927 est,
1390 903 1451 930 qua:
1485 895 1656 928 blasphemia
1693 894 1788 922 dicere
1806 915 1814 925 ,

1022 946 1051 968 ιιι
1081 944 1153 975 quod
1190 941 1291 968 divinis
1328 942 1407 967 deest
1442 941 1552 971 verbis,
1586 940 1708 966 hominis
1744 947 1816 974 sup—

1022 988 1114 1023 pleattt
1141 989 1252 1023 prec”?
1275 987 1410 1014 Prattcrea
1443 995 1504 1014 ettm
1537 986 1620 1013 verba
1657 986 1714 1013 haec
1742 986 1818 1012 dicis

1024 1034 1104 1061 simul
1139 1042 1201 1061 cum
1237 1034 1361 1061 oratione
1383 1039 1470 1061 totum
1500 1034 1642 1068 perﬁcere,
1665 1039 1817 1063 utrumque

1024 1079 1221 1115 imperfectum
1248 1084 1337 1115 putas,
1362 1087 1476 1107 necesse
1503 1083 1546 1106 est
1570 1079 1654 1114 igitur
1679 1083 1710 1106 ut
1736 1078 1816 1106 aliud

1025 1126 1135 1152 tertium
1151 1125 1303 1153 adveniens
1319 1125 1345 1152 id
1369 1131 1439 1160 agat.
1457 1126 1526 1158 Quid
1549 1134 1612 1153 vero
1635 1126 1686 1153 hoc
1707 1125 1754 1159 sit,
1772 1131 1815 1157 tu,

1023 1179 1127 1206 (1113350,
1147 1171 1226 1198 nobis
1244 1171 1330 1206 aperi.
1343 1171 1438 1206 Neque
1450 1171 1524 1198 ettim
1541 1171 1674 1206 Spiritum
1687 1177 1816 1199 sanctum

1024 1217 1050 1244 id
1068 1225 1127 1245 esse
1152 1218 1227 1245 dices
1247 1227 1253 1244 :
1275 1218 1412 1253 siquidem
1438 1218 1490 1246 ltoc
1507 1224 1548 1246 est
1572 1219 1643 1254 quod
1669 1220 1815 1254 qurritur,

1023 1272 1057 1290 an
1078 1264 1220 1298 quodlibet
1237 1272 1334 1291 eorum
1357 1272 1407 1300 per
1424 1273 1464 1296 se,
1483 1273 1515 1292 an
1533 1265 1614 1292 ambo
1629 1265 1710 1292 simul
1727 1265 1818 1300 Spiri-

1026 1314 1083 1337 tum
1106 1317 1232 1338 sanctutn
1259 1312 1292 1338 ad
1321 1312 1347 1339 id
1376 1311 1511 1347 agendum
1536 1312 1660 1339 inclinet.
1687 1312 1765 1345 Quod
1792 1312 1816 1339 si

1025 1356 1104 1384 ambo
1121 1357 1267 1384 contendis
1295 1358 1321 1385 id
1350 1365 1442 1393 posse,
1470 1358 1608 1392 intelligas
1636 1365 1747 1386 necesse
1772 1363 1817 1385 est

1026 1403 1098 1438 quod
1119 1403 1141 1430 si
1167 1404 1247 1431 ambo
1265 1405 1346 1431 simul
1374 1404 1424 1432 huc
1449 1409 1575 1439 possunt,
1594 1410 1730 1439 quatenus
1747 1405 1816 1432 inibi

1026 1450 1167 1478 Dominica
1193 1450 1274 1477 verba
1302 1451 1491 1483 continentur,
1509 1459 1541 1479 ea
1562 1456 1627 1479 sunt
1643 1459 1703 1485 qua»:
1725 1451 1816 1478 conli-

1026 1497 1104 1524 ciunt
1129 1503 1342 1531 sacramentnm,
1369 1499 1428 1525 sive
1453 1503 1600 1533 sequatur,
1621 1499 1678 1526 sive
1701 1507 1756 1526 non
1773 1507 1818 1526 se-

1027 1548 1126 1578 quatur
1146 1544 1244 1572 oratio.
1263 1544 1359 1579 itaque
1374 1545 1442 1572 nihil
1458 1546 1498 1572 eis
1515 1545 1548 1572 ad
1564 1546 1617 1573 hoc
1635 1545 1711 1573 addit
1725 1546 1817 1573 oratio

1027 1590 1187 1623 sacerdotis,
1199 1598 1249 1618 nec
1260 1591 1315 1618 illis
1327 1591 1438 1626 aliquod
1453 1592 1640 1619 necessarium
1651 1597 1695 1620 est
1705 1593 1817 1620 aliunde

1029 1636 1198 1671 prtesidiutn.
1218 1636 1294 1670 Quod
1317 1637 1340 1664 si
1363 1642 1499 1671 quatenus
1521 1638 1659 1672 supplicat
1674 1638 1815 1670 sacerdos,

1028 1688 1057 1709 ιιι
1075 1683 1245 1710 descendens
1264 1683 1383 1718 Spiritus
1402 1689 1516 1711 sanctus
1535 1684 1579 1712 illa
1597 1684 1734 1712 sacriﬁcet
1757 1693 1818 1712 tnu-

1028 1737 1106 1762 nera,
1133 1735 1248 1757 eatenus
1274 1730 1410 1757 duntaxat
1433 1735 1644 1763 consecrantur,
1662 1731 1730 1758 nihil
1750 1739 1817 1766 ergo

1028 1781 1178 1811 operantur
1195 1776 1277 1803 verba
1295 1776 1447 1809 Domittica,
1469 1784 1520 1804 nec
1538 1784 1635 1804 verum
1652 1777 1719 1804 dicit
1732 1778 1818 1813 Chry-

1029 1828 1176 1853 sustomus,
1193 1830 1255 1849 ettm
1273 1831 1304 1850 ea
1321 1823 1419 1850 asserit
1431 1831 1540 1859 semper
1555 1825 1675 1858 operari,
1689 1830 1715 1852 et
1730 1830 1818 1852 trans-

1029 1873 1148 1901 mutare,
1169 1873 1199 1896 et
1231 1869 1337 1904 integre
1363 1870 1515 1904 perﬁcere;
1537 1878 1588 1898 nec
1612 1876 1774 1905 cooperator
1793 1871 1818 1898 ri

1031 1915 1082 1942 hoc
1100 1916 1180 1943 modo
1196 1916 1346 1943 sacerdotis
1360 1917 1534 1951 supplicatio,
1558 1923 1588 1944 ut
1605 1923 1632 1944 tu
1645 1918 1697 1949 ais,
1712 1918 1760 1945 sed
1777 1923 1818 1944 to-

1032 1967 1088 1990 tutn
1105 1968 1246 1998 operatur.
1267 1962 1337 1995 Quid
1364 1963 1446 1997 igitur
1470 1963 1626 1998 corrumpis
1645 1965 1729 1991 verba
1748 1965 1818 1991 sacri

1031 2009 1162 2041 doctoris,
1179 2018 1234 2036 non
1251 2015 1324 2037 recte
1339 2017 1370 2035 ea
1386 2017 1537 2044 exponens,
1555 2015 1584 2037 et
1597 2010 1631 2038 de
1645 2015 1818 2038 sacramento

1031 2055 1203 2082 cucharistiaa
1228 2055 1323 2082 faISam
1350 2055 1434 2082 habes
1456 2056 1640 2090 opinionem?
1656 2057 1752 2091 Atqui.
1778 2058 1819 2084 in-

1032 2102 1104 2136 quis,
1120 2103 1202 2129 etiam
1220 2101 1354 2136 baptisma
1372 2101 1428 2128 sola
1445 2101 1599 2129 sacerdotis
1617 2103 1743 2130 oratione
1756 2110 1819 2137 per-

1033 2147 1132 2174 licitur.
1148 2147 1236 2174 Etiam
1254 2148 1279 2173 in
1293 2147 1345 2174 hoc
1359 2154 1447 2178 erras,
1463 2152 1491 2174 et
1506 2148 1606 2175 veritas
1618 2148 1646 2175 in
1663 2155 1688 2176 te
1700 2156 1756 2175 non
1769 2153 1819 2176 est.

186 2191 432 2226 .propagarentur?
447 2197 599 2224 rursusque
616 2190 644 2217 in
659 2190 721 2217 aliis
736 2198 830 2218 semen
859 2192 934 2219 nasci
952 2197 980 2219 et
997 2185 1016 2213 ί)
1034 2193 1139 2220 Etenim
1161 2192 1293 2227 baptisma
1313 2201 1422 2228 quoque
1438 2193 1588 2221 Dominicis
1605 2194 1745 2229 perficitur
1761 2203 1819 2222 ver-

185 2244 224 2264 (ει
238 2241 309 2263 terra
327 2235 476 2268 ordinavit,
498 2240 529 2262 ttt
552 2236 714 2268 setninetnr,
742 2236 906 2264 seutinatutn
933 2246 981 2265 na-

187 2287 295 2315 scatur,
312 2286 462 2316 natumque
475 2282 672 2316 multiplicetur
682 2283 694 2309 ?
703 2283 737 2310 At
753 2283 857 2312 idcirco
867 2291 981 2312 necesse

188 2337 246 2357 est.
260 2329 296 2356 ita
316 2329 385 2356 ﬁeri.
410 2328 526 2364 Oportet
554 2330 628 2356 enim
645 2337 705 2356 esse
721 2335 853 2364 arentem,
873 2336 982 2366 oportet

192 2384 252 2404 ($58
269 2380 416 2408 serentem,
434 2380 541 2410 οροτῑει
560 2383 620 2403 ESSE
632 2380 818 2410 generantem,
831 2385 982 2412 omnesque

190 2422 293 2449 divina:
308 2423 535 2457 obtemperantes
553 2422 702 2454 voluntati,
720 2422 772 2449 hoc
785 2427 828 2449 est
844 2423 881 2450 ita
900 2431 982 2458 agen-

195 2476 237 2495 tes
258 2473 287 2495 ttt
304 2469 350 2495 ille
366 2468 473 2496 statuit.
490 2468 593 2494 Statuit
608 2467 682 2494 enim
697 2475 731 2495 co
751 2468 832 2495 modo
845 2476 899 2503 quo
912 2469 983 2496 dixi—

196 2523 266 2542 mus.
288 2514 525 2548 Quemadmodum
555 2515 601 2541 illa
623 2521 676 2541 vox
697 2522 751 2549 qua
783 2515 887 2542 dictum
915 2520 981 2544 est:

195 2561 308 2587 Crescite
331 2565 355 2587 et
383 2559 609 2596 multiplicamini,
633 2567 722 2595 opera:
747 2565 851 2588 natura:
882 2567 983 2589 nostra;

198 2608 251 2634 vita
268 2607 370 2642 praebet
386 2606 631 2642 ad-generandum.
646 2609 750 2641 Operm,
766 2608 866 2642 inquit,
879 2613 983 2636 natura:

197 2653 366 2681 nostrtevint
391 2653 505 2687 prtebet,
530 2653 599 2680 hanc
612 2653 717 2682 scilicet
729 2653 854 2690 ei‘legem
867 2663 982 2690 ponens,

198 2704 228 2726 ut
243 2699 287 2725 illa
305 2698 377 2734 quod
396 2707 476 2725 suum
489 2704 530 2726 est
545 2705 619 2734 agat,
636 2700 696 2735 ipsa
711 2708 776 2728 vero
791 2709 902 2730 omnem
927 2702 981 2730 vim

192 2744 330 2778 prarbcns.
348 2744 376 2771 ltt
395 2745 446 2772 hoc
463 2753 528 2772 vero
542 2746 637 2773 divino
654 2747 687 2774 de
703 2755 758 2782 quo
773 2748 880 2783 agimus
891 2756 983 2775 saera-

193 2795 300 2823 .tnento,
318 2792 450 2819 duntaxat
471 2793 612 2828 apostolus
625 2793 783 2822 sacerdotes
799 2794 932 2828 elliciens,
953 2801 981 2822 et

237 2849 244 2864 ¹
259 2849 353 2877 Matth.
369 2858 467 2885 xxvut,
494 2852 537 2880 l9.

1034 2239 1087 2266 bis.
1112 2239 1210 2266 Euntes
1236 2239 1321 2270 enim,
1341 2239 1440 2273 inquit,
1458 2239 1589 2274 baptizata
1612 2248 1654 2267 eos
1674 2241 1701 2267 in
1719 2242 1821 2268 nomine

1034 2285 1137 2315 Patris,
1154 2291 1177 2311 el
1194 2283 1271 2317 Filii,
1285 2290 1306 2311 et
1321 2284 1437 2319 Spiritus
1451 2287 1570 2313 sancti‘.
1586 2286 1663 2314 Tunc
1680 2286 1821 2321 perficitur

1035 2331 1180 2365 baptisma,
1193 2331 1304 2365 quando
1317 2330 1384 2357 dicit
1397 2331 1538 2363 sacerdos,
1553 2331 1709 2366 baptizatur
1724 2341 1820 2360 servus

1037 2378 1098 2410 hei;
1118 2381 1175 2410 aut,
1195 2377 1302 2411 baptizo
1327 2382 1353 2404 te
1379 2378 1404 2404 itt
1423 2378 1534 2404 nomine
1551 2378 1649 2411 Patris,
1663 2385 1690 2406 et
1704 2379 1778 2411 Filii,
1793 2385 1821 2407 et

1035 2424 1156 2460 Spiritus
1180 2425 1278 2452 sancti.
1308 2425 1385 2452 Unde
1412 2425 1434 2451 si
1460 2425 1522 2459 quis
1547 2426 1629 2452 etiam
1657 2426 1725 2453 nihil
1749 2427 1820 2454 aliud

1037 2477 1137 2506 pra‘ter
1162 2471 1219 2497 hajc
1237 2470 1319 2497 verba
1343 2470 1460 2504 dixerit,
1487 2477 1563 2498 recte
1587 2472 1717 2506 baptizat,
1736 2477 1762 2500 et
1775 2481 1819 2508 qut

1037 2521 1090 2548 hoc
1114 2520 1195 2547 modo
1213 2521 1364 2554 baptizatus
1386 2519 1479 2553 fuerit,
1502 2521 1618 2547 salutem
1643 2520 1758 2554 adeptus
1771 2525 1819 2547 cst.

1037 2566 1058 2593 E
1074 2573 1206 2593 converso
1219 2573 1296 2598 vero,
1309 2566 1330 2593 si
1348 2567 1411 2600 quis
1422 2571 1520 2593 extera
1535 2566 1644 2597 dixerit,
1661 2572 1690 2594 et
1704 2566 1821 2593 inlinitas

1037 2613 1070 2640 ad
1083 2613 1167 2640 Deum
1185 2613 1338 2647 porrexerit
1353 2620 1460 2647 preces,
1482 2612 1539 2640 htec
1561 2621 1625 2640 vero
1644 2614 1822 2647 praetermise-

1039 2659 1086 2690 rit,
1104 2658 1173 2685 nihil
1191 2660 1304 2687 omnino
1328 2659 1393 2693 agit.
1420 2658 1449 2686 in
1475 2659 1548 2686 hunc
1573 2659 1683 2687 modum
1711 2660 1822 2694 apostoli

1039 2711 1087 2740 per
1114 2705 1318 2739 itttpositionem
1346 2713 1478 2732 manuum
1502 2710 1530 2733 et
1553 2706 1772 2734 benedictionem
1796 2711 1823 2733 ct

1038 2751 1291 2784 pronuntiationem
1310 2752 1407 2778 horum
1423 2752 1569 2779 verborth
1589 2752 1773 2786 baptizabant,
1797 2753 1821 2782 in

1038 2796 1112 2824 hunc
1123 2796 1235 2823 modum
1251 2797 1425 2829 eucharistiaa
1441 2798 1602 2832 mysterium
1617 2798 1822 2825 consecrabant.
