1920 3063
92 138 144 171 509

597 141 646 171 DE
669 141 921 173 SACRAMENTO
942 144 1112 174 EUCHARI
1121 144 1223 175 ἱὲΤΗῖ.

1670 147 1721 179 510

92 197 217 225 Nondum
235 196 384 230 orationes,
405 196 526 224 nondum
551 197 657 232 hymni,
679 199 800 226 nondum
827 206 879 226 cte-
895 201 916 229 Α
934 204 999 227 runt
1012 199 1070 227 lucc
1082 201 1176 233 verba,
1191 200 1271 228 nobis
1284 208 1350 228 vero
1365 208 1418 228 non
1433 201 1591 230 sufﬁciunt?
1607 204 1633 231 Si
1648 205 1721 232 cnim

93 249 148 272 tera
173 251 234 279 qua:
258 243 285 271 in
309 243 424 270 ecclesia
451 242 592 274 dicuntur,
619 245 769 279 composita
792 249 880 272 erant.

91 290 249 325 Cogitemus
263 289 349 320 enim,
367 289 440 324 quod
459 289 517 316 ﬁeri
534 294 608 316 certe
629 291 728 324 potuit,
746 290 804 325 ipso
819 291 883 317 l‘as-

93 337 179 364 sionis
194 336 237 363 die
252 339 299 363 aut
315 334 451 370 sequenti,
470 335 583 363 Petrum
600 336 642 362 vel
667 335 750 363 alium
765 336 884 370 quemli-

94 381 139 408 bet
154 389 187 407 ex
203 379 344 415 apostolis,
360 379 388 406 in
405 379 568 406 memoriam
581 379 682 407 Christi
702 384 728 407 et
743 379 883 407 Passionis

95 428 154 462 ejus
169 430 370 453 sacramentum
387 424 481 452 altaris
496 425 632 451 conﬁcere
646 425 765 452 voluisse
781 426 883 461 (neque

95 474 166 500 enim
180 471 312 499 credibile
324 475 376 502 est,
392 478 444 498 non
458 471 567 499 assidue
578 478 626 498 eos
638 471 711 498 illius
723 472 884 499 meminisse

96 520 122 546 in
145 519 223 552 cujus
241 517 531 544 commemorationem
551 516 577 544 id
603 516 660 543 ﬁeri
684 516 882 552 mandaverat),

96 565 197 599 quibus
220 564 280 591 aliis
297 564 389 591 verbis
417 563 443 590 id
470 571 517 591 eos
541 563 639 591 fecisse
662 563 884 591 existimabimus

95 610 148 637 nisi
167 609 340 637 Dominicis?
356 613 383 636 et
401 613 461 643 post
480 616 599 640 ctenam,
614 609 686 643 quod
703 609 785 636 etiam
802 609 884 643 longo

97 661 249 691 temporum
267 655 411 682 intervallo
425 655 599 682 observatum
616 660 669 687 est,
685 659 711 682 ct
729 655 885 682 communi-

98 703 149 730 bus
165 702 289 730 vestibus
305 701 437 729 indutos?
459 701 493 728 At
509 701 567 729 haec
581 702 677 735 verba,
694 702 797 737 inquis,
820 709 886 729 nar-

98 749 183 776 rando
195 749 320 781 recitata,
333 756 386 775 non
397 753 510 782 possunt
525 753 727 776 sacramentum
738 747 884 775 conficere.

97 795 156 822 Non
175 800 266 822 autem
283 800 412 829 tanquam
431 795 471 822 rei
487 800 570 830 gestae
586 795 685 822 seriem
702 799 829 828 narrans,
844 803 887 823 sa-

98 840 196 868 cerdos
219 841 278 868 haec
297 841 379 867 verba
397 841 511 876 profert,
528 840 574 868 sed
594 846 721 876 tanquam
740 849 886 876 personam

98 886 200 913 Christi
213 885 338 918 indutus,
354 890 385 912 ut
397 886 433 913 ita
447 894 478 913 ea
490 886 644 921 proferens,
657 888 735 922 quasi
751 889 887 917 Dominus

97 937 172 959 esset
185 931 232 967 qui
257 931 429 966 loqueretur,
452 937 480 959 et
497 939 557 960 eam
574 933 677 961 habens
693 934 886 966 intentionem,

100 983 130 1006 ut
146 979 202 1013 'per
224 977 307 1005 verba
332 977 388 1011 illa,
407 978 484 1013 juxta
503 978 578 1006 illius
598 979 756 1006 mandatum
779 980 827 1014 qni
850 980 886 1007 ita

98 1024 239 1059 prmeepit,
266 1031 366 1058 corpus
387 1024 488 1052 Christi
510 1025 726 1060 sanguinemque
750 1026 885 1058 conﬁciat,

99 1070 330 1104 quemadmodum
351 1069 397 1097 ille
421 1070 494 1103 fecit,
520 1071 585 1098 fecit
606 1076 697 1099 autem
713 1079 762 1106 per
775 1079 806 1099 ea
827 1079 887 1106 quae

100 1123 184 1150 supra
198 1115 410 1143 memoravimus
427 1117 520 1144 verba.
535 1116 652 1144 Possunt
668 1117 726 1144 haec
741 1124 806 1144 sane
819 1117 886 1144 duo-

100 1161 152 1188 bus
165 1162 254 1189 modis
272 1161 358 1196 accipi
374 1165 443 1190 :aut
462 1167 591 1197 tanquam
605 1162 639 1190 ab
657 1162 821 1198 evangelista
840 1170 888 1190 re-

100 1209 165 1242 lata;
191 1213 218 1235 et
252 1213 317 1236 tunc
340 1208 481 1235 narrative
504 1207 690 1243 accipiuntur,
711 1208 887 1243 evangelistis

99 1255 204 1282 scilicet
219 1262 249 1282 ea
265 1261 327 1289 qute
348 1253 476 1281 Christus
497 1253 523 1280 in
541 1253 586 1281 illa
605 1254 754 1281 salutiferae
775 1254 887 1283 Passio-

99 1301 143 1328 nis
159 1306 239 1328 nocte
251 1301 317 1335 egit,
335 1300 531 1333 narrantibus;
550 1305 598 1327 aut
614 1305 743 1335 tanquam
766 1308 781 1327 a
796 1308 888 1328 sacer-

99 1347 163 1375 dote
179 1347 295 1382 prolata,
321 1346 504 1374 intentionem
521 1345 650 1378 habente,
668 1351 699 1373 ut
714 1347 793 1381 juxta
813 1346 887 1373 ordi-

98 1400 161 1420 nem
200 1400 215 1418 a
251 1391 391 1419 Salvatorc
426 1390 556 1418 traditum
594 1394 798 1418 sacramentum
834 1391 888 1418 hoc

98 1437 237 1469 conﬁciat,
265 1441 293 1464 et
312 1441 376 1464 tunc
402 1444 456 1463 non
485 1436 635 1469 narrative,
666 1436 713 1463 sed
733 1435 888 1464 cunctative

99 1484 290 1520 proferuntur,
303 1489 365 1510 cum
381 1473 710 1510 intentione'conﬁciendi
726 1482 887 1518 mysterium

935 244 973 272 illi
996 245 1178 276 sutl‘eccrunt,
1193 250 1222 273 et
1245 246 1323 273 nobis
1343 247 1438 281 utique
1459 247 1583 276 sufficere
1610 249 1722 282 debent,

934 290 1056 324 potentia
1074 290 1157 323 illius,
1173 295 1200 317 ct
1219 295 1346 326 tanquam
1365 293 1401 320 ab
1415 292 1462 319 illo
1480 292 1588 320 dicente
1606 294 1722 328 prolata.

935 333 1012 367 Quod
1029 335 1052 362 si
1073 335 1152 363 nobis
1171 336 1276 370 aliquid
1295 344 1409 364 necesse
1427 341 1470 365 est
1485 337 1600 371 addere,
1622 339 1723 374 imper-

936 379 1005 407 fecta
1023 385 1087 407 sunt
1108 381 1188 407 verba
1207 381 1291 409 illius.
1309 382 1388 409 Absit
1411 387 1502 410 autem
1527 392 1541 410 a
1556 385 1609 418 piis
1625 385 1724 413 menti-

935 425 986 453 bus
1010 426 1072 453 talis
1093 426 1238 461 cogitatio.
1260 426 1346 459 Quam
1368 428 1441 455 enim
1460 428 1540 456 aliam
1561 434 1722 464 potestatem

936 479 985 506 per
995 467 1229 500 consecrationem
1242 473 1380 507 accipiunt
1392 473 1560 507 sacerdotes,
1572 475 1623 501 nisi
1639 476 1724 507 illam,

935 516 1037 544 Christi
1063 525 1209 552 personam
1235 527 1315 553 posse
1341 520 1447 552 subire,
1471 525 1499 547 ct
1523 528 1572 555 pro
1589 529 1622 548 eo
1644 521 1725 549 nobis

936 563 1042 595 adesse,
1067 569 1095 590 et
1122 565 1354 599 quemadmodum
1379 566 1423 592 ille
1449 566 1526 598 fecit,
1553 574 1654 601 corpus
1668 568 1727 602 ejus

936 616 1016 643 posse
1029 610 1213 637 consecrare?
1230 610 1306 637 Fecit
1328 616 1419 638 autem
1439 611 1482 638 illa
1499 620 1547 647 per
1563 613 1643 639 verba
1666 620 1725 646 qnzc

937 654 1066 682 diximus.
1085 654 1231 682 Enimvero
1245 655 1405 690 simpliciter
1426 664 1505 684 orare
1523 657 1639 692 quisque
1660 665 1724 691 pos-

937 705 988 732 set,
1007 700 1063 727 imo
1079 709 1144 727 vero
1160 701 1299 728 eflicacius
1315 709 1503 736 smpenumcro
1518 707 1630 730 orarent
1646 703 1724 730 inulti

937 755 992 774 non
1015 747 1173 775 sacerdotes
1193 748 1335 775 nonnullis
1358 749 1560 776 sacerdotibus.
1584 749 1724 784 Siquidem

938 794 1061 829 plerique
1088 794 1245 822 sacerdotes
1271 794 1308 822 ita
1333 795 1441 827 vivunt;
1461 800 1490 822 ut
1506 803 1560 822 non
1588 796 1643 822 sint
1673 795 1728 822 Deo

939 840 1044 876 accepti
1058 849 1065 867 :
1080 841 1191 875 plurimi
1207 849 1271 869 vero
1283 849 1315 868 ex
1330 842 1519 874 saecularibus,
1535 843 1569 869 ita
1585 842 1620 869 ob
1631 850 1726 870 eorum

940 886 1090 914 bonitatem
1110 887 1165 914 Deo
1191 887 1267 914 ehari
1289 892 1353 915 sunt
1370 892 1398 915 et
1413 888 1494 922 grati,
1511 894 1540 915 ut
1568 889 1728 923 plerumqtte

939 933 1080 961 miraculis
1101 933 1226 961 decorari
1255 939 1426 961 mereantur.
1446 933 1473 962 Si
1499 935 1583 969 igitur
1607 935 1648 962 vel
1668 935 1726 962 sola

938 982 1074 1014 oratione,
1091 983 1134 1009 vel
1153 989 1184 1009 ea
1201 981 1338 1016 praecipue
1352 980 1409 1007 lucc
1425 988 1596 1008 sacramenta
1612 981 1727 1016 perﬁce-

939 1033 1045 1061 rentur,
1069 1033 1143 1056 ccrte
1167 1029 1253 1063 magis
1276 1028 1474 1063 perficerentur
1499 1036 1512 1054 a
1541 1028 1607 1055 viris
1632 1027 1725 1063 justis.

939 1073 1065 1108 quamvis
1081 1080 1135 1099 non
1165 1072 1366 1106 sacerdotibus,
1382 1080 1464 1107 quam
1493 1073 1528 1100 ab
1547 1073 1667 1108 indignis
1684 1081 1728 1100 sa-

939 1119 1107 1147 cerdotibus.
1131 1120 1188 1146 lloc
1214 1127 1279 1147 vero
1305 1119 1402 1146 falsum
1430 1124 1481 1146 est.
1509 1119 1627 1147 Perinde
1655 1120 1726 1146 enim

938 1169 1139 1192 sacramentum
1168 1164 1278 1191 coniicit
1305 1165 1452 1196 sacerdos,
1483 1165 1610 1199 quamvis
1639 1165 1727 1193 malus

938 1213 1020 1244 atque
1043 1217 1199 1244 pervorsus,
1216 1214 1246 1236 ut
1267 1211 1388 1245 optimus
1414 1215 1495 1244 atque
1522 1211 1726 1238 sanctissimus.

939 1255 1086 1283 Saecularis
1104 1264 1169 1282 vero
1186 1256 1315 1291 persona,
1330 1256 1451 1291 qualibet
1469 1257 1522 1283 fide
1540 1258 1727 1292 religioneque

940 1301 1067 1334 excellat,
1086 1301 1155 1328 nihil
1178 1301 1291 1329 omnino
1308 1306 1409 1335 potest,
1430 1302 1492 1336 quia
1517 1303 1618 1329 nullatn
1641 1303 1674 1330 ad
1689 1303 1727 1330 fa-

940 1347 1068 1377 ciendum
1082 1355 1097 1375 a
1115 1348 1231 1375 Domino
1249 1351 1411 1382 potestatem
1426 1347 1542 1382 accepit,
1560 1355 1621 1375 cum
1639 1356 1727 1376 sacer<

940 1394 989 1421 dos
1013 1394 1150 1429 acceperit
1175 1393 1332 1429 maximam.
1361 1392 1390 1420 Si
1417 1393 1500 1427 igitur
1527 1401 1581 1420 non
1613 1399 1655 1421 est
1685 1395 1728 1421 vis

940 1439 1075 1467 orationis
1088 1446 1148 1474 quae
1165 1438 1218 1466 hoc
1238 1438 1302 1466 facit
1323 1439 1406 1472 (esset
1419 1438 1492 1465 enim
1507 1439 1636 1466 omnibus
1654 1446 1728 1466 com-

942 1485 1056 1521 munis),
1070 1489 1196 1520 superest
1213 1489 1242 1511 ut
1257 1492 1306 1519 pro
1322 1484 1431 1511 Christo
1442 1484 1532 1511 adsint
1547 1485 1627 1512 nobis
1639 1492 1728 1512 sacer-

96 1531 174 1565 juxta
193 1530 376 1557 imitationem
402 1529 518 1561 Christi,
539 1533 567 1556 et
584 1529 661 1564 quasi
680 1528 738 1564 ipse
752 1532 826 1556 esset
839 1528 884 1563 qui
903 1536 925 1566 α
942 1530 1029 1563 dotes,
1057 1531 1180 1566 ejusdem
1205 1530 1232 1557 in
1260 1530 1311 1557 hoc
1338 1529 1493 1564 potestatis,
1517 1530 1564 1564 qui
1589 1535 1616 1556 et
1642 1530 1729 1557 instar

100 1581 130 1603 ct
147 1576 252 1604 diceret
267 1581 294 1603 et
319 1576 430 1604 faceret.
457 1575 563 1603 ldcirco
585 1575 656 1602 sacri
674 1575 801 1602 doctores
815 1582 889 1602 asse-

99 1626 176 1655 runt,
192 1623 376 1650 necessariam
393 1622 421 1649 in
441 1621 539 1657 primis
555 1628 616 1649 esse
633 1621 769 1649 sacerdoti
786 1625 887 1648 rectam

99 1669 282 1697 intentionem
299 1673 326 1696 et
348 1668 521 1704 propositum
538 1675 570 1695 ea
594 1667 713 1696 faciendi
734 1675 794 1702 quae
815 1667 888 1694 dicta

99 1720 176 1748 sunt.
190 1715 290 1750 quippe
307 1715 366 1742 sine
389 1714 434 1742 illa
455 1714 524 1746 nihil
546 1714 660 1741 omnino
684 1713 781 1741 confici
796 1719 887 1748 posse.

98 1760 336 1794 Quemadmodum
355 1761 377 1787 si
403 1759 466 1794 quis
486 1767 580 1794 regum
603 1766 652 1794 per
672 1759 790 1794 aliquem
806 1767 841 1786 ex
855 1758 889 1785 ints

99 1807 149 1842 qui
166 1806 239 1840 apud
262 1813 291 1833 se
306 1805 392 1840 gratia
410 1810 438 1833 ct
460 1804 625 1832 auctoritate
643 1805 746 1838 valent,
762 1805 890 1832 volunta-

100 1858 157 1879 tem
170 1859 247 1878 suam
262 1851 376 1885 cupiens
391 1850 511 1877 subditis
526 1850 584 1877 suis
598 1849 690 1878 facere
706 1850 889 1882 manifestam,

99 1903 129 1926 ct
145 1897 181 1924 ita
197 1896 224 1924 id
241 1897 313 1931 apud
331 1895 392 1924 illos
407 1896 510 1928 valere,
528 1903 560 1923 ac
580 1896 603 1924 si
619 1903 649 1923 se
670 1896 792 1923 animum
809 1903 889 1923 suum

100 1943 302 1979 exprimentem
319 1941 459 1975 audirent,
475 1941 582 1970 sanciat
596 1945 627 1969 ut
642 1941 680 1969 ita
700 1941 747 1968 illa
765 1941 847 1969 verba
861 1941 890 1969 in

101 1993 190 2026 prima
206 1997 326 2025 persona
344 1988 454 2023 referat,
469 1988 510 2016 uti
526 1995 540 2016 a
564 1995 594 2016 se
608 1987 680 2016 dicta
702 1992 778 2021 sunt,
799 1995 889 2022 popu-

102 2037 201 2070 lusque
219 2036 254 2062 ita
273 2035 377 2070 prolata
395 2034 520 2066 audiens,
543 2038 672 2068 tanquam
692 2033 727 2061 ab
752 2034 811 2069 ipso
827 2041 890 2070 rege

102 2085 140 2111 di:
151 2084 185 2110 tis
198 2082 379 2117 obtemperet.
394 2081 566 2109 Manifestum
579 2085 622 2108 est
633 2081 706 2108 enim
718 2081 791 2116 quod
804 2081 826 2108 si
841 2081 891 2109 hac

104 2133 162 2165 lege
179 2129 254 2161 data,
269 2129 381 2155 veniens
403 2127 436 2154 ad
457 2127 588 2162 populum
608 2126 723 2154 nuntius
738 2127 775 2154 ita
792 2126 866 2154 dicat
882 2135 889 2154 :

104 2179 162 2205 Rex
178 2180 278 2204 vestra:
293 2175 389 2203 salutis
401 2175 529 2209 cupidus,
546 2178 723 2209 vestramque
738 2173 892 2209 rempubli-

103 2232 164 2252 cam
191 2224 219 2251 in
241 2223 370 2260 felicitate
395 2229 426 2248 ac
444 2221 520 2254 copia
541 2220 664 2248 omnium
688 2228 778 2248 rerum
797 2224 891 2248 tenere

104 2271 279 2303 desiderans,
301 2268 430 2295 continue
457 2267 492 2294 iis
509 2266 591 2294 rebus
607 2266 740 2302 invigilat,
766 2271 794 2293 et
818 2267 892 2301 leges

104 2317 211 2348 condit,
227 2323 295 2350 quas
310 2314 343 2341 ad
361 2313 388 2341 id
408 2313 548 2340 existimat
563 2313 646 2340 utiles
661 2320 692 2340 ac
707 2312 889 2340 necessarias.

106 2364 184 2391 Unde
202 2370 264 2389 cum
285 2362 312 2389 in
328 2360 419 2388 multis
432 2360 546 2387 aliorum
559 2359 683 2394 exempla
697 2364 819 2390 secutus,
835 2364 890 2385 tum

105 2408 287 2444 plurimorum
304 2408 362 2441 ipse
375 2406 501 2433 inventor
516 2405 586 2432 hanc
599 2405 685 2439 legem
699 2405 788 2432 sancit
803 2412 810 2430 :
824 2404 890 2431 Volo

105 2454 259 2490 quemlibet
289 2457 422 2485 vestrum,
456 2451 502 2486 qui
524 2451 642 2478 conditis
669 2458 684 2477 a
713 2458 755 2477 me
786 2449 891 2484 legibus

106 2499 240 2536 paruerit,
255 2499 385 2527 talentum
400 2499 459 2525 auri
472 2505 505 2524 ex
517 2496 614 2523 :crario
630 2495 740 2531 publico
759 2500 799 2523 tot
810 2497 892 2522 anuis

106 2546 234 2581 accipiat.
253 2545 378 2572 Profecto
396 2550 447 2571 nec
463 2543 600 2570 narrative
623 2542 681 2569 lucc
698 2542 775 2573 dicit,
791 2541 838 2568 sed
853 2542 892 2567 si-

107 2593 164 2620 mul
185 2597 268 2626 atque
292 2591 364 2618 dicta
386 2594 459 2622 sunt,
486 2593 544 2615 rata
568 2589 636 2615 fiunt
660 2595 720 2623 qua:
746 2587 892 2622 iubentur.

106 2636 317 2673 Quamobrem?
338 2636 407 2668 Quia
431 2642 476 2661 rex
497 2634 533 2661 ita
557 2634 657 2661 sanxit.
684 2632 785 2659 Eodem
812 2632 893 2659 modo

108 2687 160 2713 hoc
171 2683 374 2717 intelligendum
386 2684 437 2712 est,
451 2680 531 2708 talem
546 2687 560 2706 a
576 2679 690 2706 Domino
706 2678 894 2705 sacerdotibus

109 2731 236 2759 traditam
253 2731 425 2763 petestatem,
438 2729 467 2752 ut
482 2725 540 2760 ejus
555 2724 637 2751 verba
651 2725 683 2751 ab
698 2724 752 2750 illis
767 2725 792 2750 in
804 2724 893 2762 prium

110 2780 238 2815 persona.
257 2780 284 2802 et
305 2781 431 2809 tanquam
457 2773 537 2800 simul
562 2773 595 2799 ab
611 2780 643 2799 eo
661 2773 817 2799 dict-rentur
832 2780 894 2806 pro-

109 2827 174 2857 lata,
192 2828 277 2851 totum
301 2821 428 2848 eiliciant.
445 2821 498 2847 Aut
516 2826 565 2846 cur
587 2819 623 2845 illi
641 2819 750 2854 quidem
775 2818 893 2845 sum-te—

143 2887 150 2902 ‘
170 2885 264 2918 lTitn,
287 2892 322 2918 tv,
343 2884 369 2911 ὕ.

940 1576 1014 1605 illius
1039 1576 1147 1611 operari
1173 1575 1298 1611 possint,
1320 1580 1348 1603 et
1365 1577 1530 1603 annuntiare
1553 1576 1654 1610 populo
1670 1584 1730 1612 quae

940 1621 986 1649 ille
1005 1621 1144 1657 praecepit.
1171 1621 1226 1648 Hoc
1250 1621 1335 1654 enim,
1363 1620 1461 1655 inquit.
1488 1621 1567 1655 facite
1591 1621 1618 1648 in
1643 1629 1730 1649 meam

940 1668 1227 1694 commemorationem.
1255 1667 1312 1694 Hoc
1340 1667 1446 1694 scilicet
1473 1667 1547 1700 quod
1577 1667 1634 1701 ipse
1664 1667 1727 1697 feci.

940 1719 1054 1749 accepto
1070 1721 1141 1748 pane
1164 1718 1192 1740 et
1215 1713 1280 1740 vino
1296 1713 1323 1740 in
1347 1712 1485 1745 manibus,
1512 1712 1685 1748 respiciendo
1700 1713 1728 1740 in

940 1759 1053 1792 etclam,
1062 1758 1430 1794 frangendo.benedicendo,
1442 1757 1543 1792 gratias
1552 1758 1658 1793 agendo
1673 1759 1730 1786 Deo

941 1804 1027 1837 Patri,
1045 1808 1073 1831 et
1098 1804 1125 1831 in
1144 1811 1245 1839 corpus
1267 1808 1293 1831 et
1319 1804 1480 1839 sanguinem
1507 1811 1556 1839 per
1576 1811 1608 1831 ea
1633 1803 1729 1834 verba.

941 1852 996 1879 Hoc
1016 1855 1054 1878 est
1083 1860 1177 1887 corpus
1203 1858 1307 1883 meum;
1323 1855 1360 1882 et,
1380 1851 1430 1877 Hic
1453 1855 1490 1877 est
1512 1850 1620 1884 sanguis
1645 1858 1728 1879 meus,

943 1897 1160 1926 transmutando.
1182 1896 1238 1924 lloc
1262 1896 1335 1923 enim
1357 1903 1389 1922 ea
1417 1901 1592 1928 transmutat,
1618 1896 1670 1922 hoc
1695 1903 1729 1923 ea

942 1946 1049 1980 integre
1066 1943 1185 1979 perficit,
1205 1947 1235 1969 ut
1259 1943 1356 1970 beatus
1376 1941 1587 1978 Chrysostomus
1602 1943 1649 1970 ait.
1667 1941 1730 1970 Haec

942 1991 1066 2026 quidem,
1083 1989 1135 2016 nisi
1151 1996 1193 2016 me
1208 1988 1317 2015 animus
1334 1988 1414 2018 fallit,
1433 1987 1499 2015 satis
1517 1995 1654 2023 superque
1667 1997 1728 2016 esse

943 2036 1072 2064 videntur
1085 2034 1117 2062 ad
1129 2033 1282 2062 obtura‘nda
1304 2033 1426 2060 omnium
1440 2039 1486 2060 ora
1500 2033 1545 2067 qui
1561 2037 1613 2060 tam
1629 2039 1729 2068 apertae

943 2087 968 2110 et
986 2081 1138 2109 manifestae
1152 2081 1191 2108 rei
1208 2080 1397 2108 contradicere
1410 2085 1556 2107 conantur.
1577 2080 1729 2108 Audiamus

945 2132 1047 2158 tamen.
1074 2126 1097 2154 si
1122 2127 1230 2161 placet,
1256 2126 1339 2153 etiam
1368 2125 1528 2160 Gregorium
1563 2126 1731 2161 Nyssenum,

944 2174 1033 2201 virum
1058 2177 1086 2200 et
1103 2173 1226 2201 doctrina
1247 2177 1273 2199 et
1291 2172 1352 2198 vita:
1369 2172 1515 2200 sanctitate
1536 2172 1729 2202 excellentem.

909 2208 930 2235 ί)
945 2221 969 2248 ls
984 2220 1012 2246 in
1034 2219 1202 2247 catechctico
1226 2219 1286 2253 ejus
1311 2226 1437 2245 sermone
1462 2217 1496 2245 de
1517 2218 1618 2246 divinis
1636 2227 1728 2247 sacra-

945 2267 1043 2294 mentis
1064 2266 1101 2293 ita
1119 2266 1241 2300 loquitur
1261 2274 1268 2292 :
1287 2266 1370 2292 Recte
1388 2265 1470 2299 igitur
1492 2269 1519 2292 et
1535 2273 1609 2292 nunc
1630 2273 1727 2300 panem

943 2303 1037 2341 divino
1053 2313 1136 2340 verbo
1160 2311 1372 2344 sanctificatum,
1394 2311 1420 2338 in
1445 2319 1545 2346 corpus
1570 2312 1618 2339 Dei
1647 2312 1729 2341 Verbi

945 2357 1121 2386 transmutari
1136 2357 1285 2384 credimus.
1301 2356 1367 2384 Nam
1385 2361 1411 2383 cl
1428 2356 1494 2383 illud
1510 2364 1611 2391 corpus
1634 2356 1728 2392 (intel-

943 2405 1003 2440 ligit
1019 2409 1111 2431 autem
1136 2411 1236 2437 corpus
1260 2407 1430 2436 assumptum
1455 2409 1487 2428 cx
1507 2402 1630 2437 Virgine)
1652 2403 1731 2437 panis

944 2449 1067 2485 potentia
1089 2453 1167 2481 erat,
1193 2448 1379 2475 salictiticatus
1402 2455 1467 2474 vero
1486 2447 1539 2474 fuit
1561 2448 1731 2475 habitatione

946 2497 1028 2525 Verbi
1052 2497 1080 2522 in
1094 2503 1176 2523 carne
1196 2494 1355 2525 habitantis,
1371 2501 1386 2520 a
1408 2501 1463 2527 quo
1488 2493 1524 2519 ita
1544 2493 1623 2527 panis
1639 2493 1685 2527 qui
1703 2493 1731 2520 in

945 2543 992 2569 illo
1007 2549 1120 2576 corpore
1133 2545 1202 2573 erat,
1216 2538 1493 2566 transsubstantiatus
1507 2537 1559 2564 fuit
1570 2538 1596 2564 in
1610 2538 1731 2565 divinam

946 2587 1106 2623 potcntiam,
1119 2593 1168 2620 per
1182 2592 1244 2612 cum
1262 2591 1335 2611 nunc
1351 2591 1458 2618 quoque
1480 2583 1622 2617 aequaliter
1637 2583 1687 2616 tit;
1703 2588 1731 2611 et

946 2635 983 2662 ibi
1006 2634 1078 2661 enim
1096 2633 1183 2668 gratia
1208 2631 1288 2659 Verbi
1309 2635 1432 2657 sanctuut
1456 2629 1559 2655 fecerat
1584 2623 1649 2655 iilud
1668 2637 1733 2656 cor-

945 2690 997 2716 pus
1020 2679 1092 2715 qnod
1109 2687 1143 2706 cx
1166 2686 1234 2713 pane
1257 2676 1434 2704 consistebat.
1458 2674 1491 2701 Et
1514 2675 1581 2702 illud
1598 2676 1730 2710 quodam.

945 2727 1026 2754 modo
1039 2726 1120 2752 etiam
1134 2725 1212 2759 panis
1220 2729 1289 2753 erat.
1304 2728 1330 2750 ct
1346 2722 1390 2749 hic
1403 2721 1529 2749 similiter
1540 2722 1618 2757 panis
1633 2730 1730 2757 quent-

946 2771 1093 2799 admodum
1111 2771 1258 2805 Apostolus
1275 2770 1332 2802 ait,
1350 2767 1541 2800 Sanctiﬁcalur
1562 2775 1609 2802 per
1622 2767 1730 2795 verbum

949 2819 995 2845 Dei
1009 2823 1031 2845 et
1050 2818 1196 2844 orationem
1212 2816 1232 2849 ',
1249 2823 1302 2842 non
1317 2814 1526 2847 comestionem,
1542 2813 1575 2839 ad
1594 2814 1644 2841 hoc
1663 2821 1730 2848 pro-
