1920 3063
218 123 267 157 511

690 117 943 149 BESSARIONIS
964 116 994 146 ἃ.
1016 116 1052 146 R.
1073 114 1108 147 Ε.
1130 115 1363 146 CARDINALIS

1788 115 1842 146 512

219 179 327 210 cedens,
351 181 381 204 ut
404 183 504 211 corpus
520 173 596 203 verbi
617 174 672 208 ﬁat,
694 173 741 201 sed
764 181 826 201 mox
844 174 877 201 ad
902 179 1002 208 corpus
1017 175 1037 203 Α
1054 172 1135 206 hujus
1157 173 1320 199 sacramenti
1350 158 1510 207 mysterium
1540 171 1609 202 fieri,
1630 175 1657 198 et
1682 170 1789 206 accepit
1814 176 1842 197 et

217 232 266 259 pcr
282 224 397 251 verbum
417 225 629 252 transmutatur,
645 219 876 255 quemadmodum
892 219 926 246 ab
943 219 1002 254 ipso

219 269 306 296 Verbo
321 269 423 296 dictum
436 271 488 298 est,
506 266 559 294 Hoc
574 270 610 293 est
627 273 720 301 corpus
741 273 838 292 meum.
858 264 927 297 Quid
944 265 1001 292 cla-

217 316 275 343 rius
287 315 423 342 certiusve
445 313 478 340 iis
493 313 588 340 audire
603 311 762 339 desideras?
785 311 879 342 Panis,
901 309 1002 344 inquit,

222 361 304 389 Verbo
322 361 368 388 Dei
381 359 575 394 sanctiﬁcatur.
597 359 653 386 Hoc
674 358 701 385 in
716 357 812 393 primis
826 357 924 392 probat
944 363 1001 383 ma-

222 399 331 437 nifeste,
343 405 426 432 verbo
438 404 485 431 Dei
499 407 698 430 sacramentum
710 403 762 429 hoc
775 402 883 429 conﬁci.
899 400 1002 428 Deinde

218 452 316 479 modus
332 450 501 485 probationis
517 449 589 476 idem
606 448 729 483 apertius
742 448 872 475 ostendit.
884 446 1001 481 Corpus,

217 488 266 529 ait,
283 497 404 532 potentia
421 496 499 531 panis
515 500 557 522 est
573 495 636 530 quia
659 501 729 529 pane
745 498 862 521 constat.
880 494 1003 521 Alimen-

219 548 274 570 tum
287 543 360 569 enim
375 542 416 576 (ut
428 540 588 568 Aristoteles
605 540 697 575 docet)
713 539 803 574 primo
818 539 927 573 quidem
944 538 1001 566 dis-

217 587 316 620 simile,
336 591 430 622 postea
453 593 519 613 vero
545 585 633 612 simile
656 585 687 612 fit
706 586 767 618 ejus
784 584 862 619 cujus
885 589 928 611 est
951 583 1000 610 ali-

218 638 350 660 mentum.
366 631 473 666 Corpus
489 631 571 666 igitur
586 630 658 665 quod
681 637 715 656 ex
738 629 850 664 Virgine
870 629 1001 657 Dominus

191 701 193 703 .
217 678 377 712 assumpsit,
395 678 516 712 potentia
536 676 618 711 panis
634 679 702 702 erat.
724 676 758 701 At
778 675 830 702 tals
851 683 950 709 corpus
966 683 1000 702 ex

217 723 328 760 Virgine
342 727 515 758 assumptum
531 722 604 757 quod
622 721 743 756 potentia
756 722 835 756 panis
854 725 924 753 erat,
946 729 1000 748 non

217 770 313 797 fuisset
327 769 407 796 aliter
422 768 636 799 sanctificatum.
654 768 704 794 nisi
720 767 840 794 Verbum
857 766 922 800 illud
940 775 998 794 earl

217 822 279 843 nem
308 815 379 842 illam
407 814 599 841 inhabitasset.
629 812 667 840 Ita
692 821 765 840 nunc
789 813 867 845 panis
888 820 998 847 quoque

1055 217 1178 244 tradidit.
1188 218 1300 251 Accepit
1317 222 1408 244 autem
1430 217 1497 246 haec.
1514 217 1584 251 quod
1599 217 1696 243 scilicet
1712 216 1843 244 Dominus

1052 261 1127 289 Iesus
1138 271 1190 297 qua
1207 268 1279 290 nocte
1293 264 1457 295 tradebatur,
1468 263 1566 298 accepit
1580 270 1686 297 partem.
1700 266 1724 288 et
1738 263 1842 296 gratia

1053 316 1134 343 agens
1149 309 1237 344 fregit,
1262 314 1286 336 et
1303 310 1369 336 dixit
1387 318 1396 337 .-
1415 309 1529 343 Accipite
1551 313 1576 334 et
1592 308 1761 335 mauducate.
1786 307 1843 333 Hoc

1052 359 1089 381 est
1105 363 1199 390 corpus
1213 363 1298 382 meum
1309 356 1376 389 quod
1389 363 1435 390 pro
1450 355 1520 382 vobis
1537 353 1692 390 frangitur:
1706 354 1752 379 hoc
1763 352 1844 388 facite

1052 401 1079 427 in
1105 409 1190 427 meam
1217 401 1501 428 commemorationem.
1530 400 1659 427 Similiter
1682 405 1706 426 et
1729 401 1842 427 calicem

1052 453 1191 482 postquam
1216 448 1337 478 cenavit,
1356 448 1465 473 dicens:
1481 447 1529 473 llic
1549 447 1620 473 colis:
1641 455 1736 473 novum
1755 451 1841 473 testa~

1052 499 1168 520 mentum
1181 497 1218 520 est
1236 494 1262 519 in
1280 501 1335 519 meo
1353 493 1482 526 sanguine
1498 500 1505 519 .'
1521 493 1567 518 hoc
1581 493 1658 527 facite
1673 493 1842 526 quotiescun-

1052 547 1102 574 que
1118 539 1234 566 biberitis
1245 540 1274 566 in
1292 548 1376 565 meum
1392 539 1666 565 commemorationem
1681 538 1703 565 '.
1719 538 1753 564 Et
1769 537 1842 568 nihl

1052 590 1185 619 praxterea
1205 584 1310 611 addidit
1329 592 1336 611 :
1356 584 1424 617 Quia
1445 584 1518 610 enim
1534 583 1602 609 nihil
1623 582 1740 617 amplius
1759 589 1840 609 arce-

1052 636 1140 666 perat.
1165 631 1234 658 nihil
1255 631 1373 665 amplius
1399 630 1522 657 tradidit.
1546 629 1579 656 Et
1601 629 1705 656 addidit
1725 630 1838 655 modum

1054 678 1269 706 consecrationis
1286 676 1372 703 divini
1394 676 1519 711 corporis
1536 680 1564 702 et
1585 676 1744 711 sanguinis,
1759 674 1839 702 omni

1051 732 1083 751 ex
1102 728 1178 758 parte
1199 723 1379 750 sufﬁcientem
1397 727 1477 756 atque
1498 721 1662 756 perfectum,
1674 721 1748 756 quali
1769 727 1838 747 usus

1052 770 1247 802 fuitChristus,
1266 770 1376 804 qualem
1392 769 1425 796 ab
1440 776 1472 795 eo
1488 768 1547 802 ipso
1562 767 1667 802 accepit
1685 773 1692 793 :
1708 767 1837 801 accipere

1051 815 1155 843 scilicet
1173 823 1282 850 panem,
1299 815 1399 849 gratias
1419 821 1510 848 agere,
1526 814 1651 847 frangere
1671 818 1698 840 et
1715 814 1812 842 dicere
1829 821 1837 841 :

215 861 309 889 altaris
324 868 379 888 non
400 860 479 887 aliter
497 866 577 894 quam
594 867 641 894 per
656 859 769 886 verbum
788 858 835 885 Dei
854 864 882 885 et
898 859 999 885 oratio-
1014 850 1036 878 Β
1049 861 1166 896 Accipite
1179 865 1204 888 et
1223 862 1391 893 manducata,
1408 862 1455 887 hoc
1468 865 1506 886 est
1519 868 1613 894 corpus
1628 867 1725 890 meum,
1740 864 1768 885 et
1785 856 1838 885 hoc

215 915 277 934 nem
294 906 490 934 sanetiﬁcatnr.
510 905 595 939 Cujus
608 904 647 932 rei
673 909 768 932 testem
785 904 900 930 Paulum
915 904 998 937 ﬁcitat.

215 953 292 986 Quod
317 957 409 980 autem
430 952 478 983 ait,
501 959 548 985 per
564 950 723 981 orationem,
748 949 817 975 nihil
840 949 999 976 corroborat

215 999 435 1027 adversariorum
461 996 611 1023 rationem.
640 995 782 1030 Siquidem
806 996 833 1022 in
856 996 943 1030 prima
965 994 998 1021 ad

214 1044 389 1072 Timotheum
405 1043 524 1078 Epistula
541 1042 593 1069 hoc
608 1042 642 1069 de
654 1042 845 1069 communibus
872 1042 940 1068 cibis
954 1041 998 1068 di-

215 1093 263 1120 cit.
278 1091 328 1119 Hic
345 1098 410 1118 vero
429 1090 526 1117 doctor
543 1097 596 1116 non
615 1088 649 1116 de
663 1089 854 1116 communibus
869 1096 928 1122 qum
942 1086 998 1114 illic

215 1139 358 1170 dicuntur,
376 1137 450 1164 illius
466 1143 532 1163 usus
557 1138 598 1163 est
612 1135 778 1166 testimonio,
797 1135 844 1162 sed
865 1134 998 1161 duntaxat

214 1189 346 1222 quantum
362 1183 395 1210 ad
412 1182 650 1209 continuationem
666 1181 799 1216 propositi
822 1180 864 1207 sui
882 1183 996 1215 spectat.

215 1233 247 1259 de
263 1229 492 1258 transmutatione
514 1234 574 1262 qua:
592 1227 627 1254 sit
639 1235 688 1262 per
700 1226 817 1253 verbum
836 1225 895 1252 Dei.
921 1225 998 1253 Unde

214 1278 294 1312 paulo
308 1280 367 1311 post
381 1274 557 1305 concludens.
574 1274 611 1300 ait
627 1281 634 1300 :
655 1272 715 1299 Mox
730 1271 762 1298 ad
779 1278 888 1298 carnem
908 1275 998 1296 trans-

213 1327 345 1350 mutatur.
372 1319 405 1347 Et
425 1321 458 1347 ad
479 1319 560 1354 hujus
586 1317 822 1345 conﬁrmationem
846 1316 996 1351 subjungit,

213 1368 346 1402 Quoniam
358 1367 417 1400 ipse
428 1365 498 1393 dixit
511 1374 518 1392 :
534 1364 589 1392 Hoc
602 1369 640 1390 est
653 1371 746 1398 corpus
758 1371 854 1389 meum.
869 1362 996 1395 Adverte,

214 1423 319 1451 qureso,
340 1421 402 1442 cum
421 1418 519 1441 canora
535 1410 639 1443 omnia,
655 1415 712 1438 tum
729 1404 807 1445 'quod
831 1410 857 1437 in
881 1409 934 1436 ﬁne
947 1408 996 1442 ait,

212 1461 286 1497 quod
303 1467 365 1488 mox
381 1467 431 1496 per
446 1458 560 1486 verbum
575 1460 785 1484 transmittatur.
798 1455 917 1482 Verbum
932 1462 997 1482 vero

213 1507 301 1541 inquit
319 1513 379 1533 esse
396 1513 403 1531 :
424 1503 478 1531 Hoc
497 1509 534 1530 est
547 1511 641 1536 corpus
655 1509 751 1528 meum.
768 1501 874 1531 Nonne.
891 1508 941 1528 oro
959 1505 995 1533 te,

213 1553 325 1579 verbum
349 1550 417 1578 illud
442 1556 512 1580 mox,
534 1555 588 1574 non
609 1547 739 1581 relinquit
753 1547 843 1573 locutu
863 1546 995 1573 orationi-

213 1598 285 1625 bus?
300 1596 328 1624 Si
343 1596 426 1631 igitur
437 1595 551 1622 verbum
564 1593 630 1620 illud
648 1601 655 1619 :
671 1595 727 1620 Hoc
739 1596 776 1619 est
788 1600 882 1627 corpus
899 1600 994 1624 meum,

212 1652 275 1671 mox
293 1645 470 1672 transmutat,
488 1639 663 1666 manifestum
681 1638 747 1665 illud
765 1638 853 1665 solum
867 1645 927 1665 esse
943 1641 994 1669 est,

211 1689 284 1725 quod
299 1691 474 1720 transmutat,
491 1686 571 1713 aliter
586 1686 659 1712 enim
683 1692 737 1711 non
752 1692 825 1715 mox,
841 1685 887 1711 sed
904 1684 996 1718 aliquo

211 1740 319 1763 etnon
352 1741 436 1768 parvo
469 1732 614 1767 interiecto
645 1735 769 1765 temp0re
801 1730 996 1757 transmutatio

213 1781 299 1807 fieret.
317 1778 355 1806 Ita
379 1782 453 1805 certe
471 1776 542 1803 inter
560 1784 589 1804 se
613 1776 781 1803 conveniunt
800 1776 885 1803 sancti
902 1776 997 1803 Patres

209 1829 239 1853 et
253 1825 380 1852 doctores
395 1823 482 1850 nostri
494 1831 501 1855 ;
513 1822 550 1849 ita
565 1821 617 1849 sibi
632 1821 748 1848 invicem
761 1821 936 1848 consentanei
954 1821 997 1848 Io-

209 1876 346 1909 quuntur,
358 1870 416 1898 sive
429 1869 596 1900 Orientales,
610 1870 667 1896 sive
679 1867 877 1897 Occidentales.
890 1868 995 1903 Quippe

210 1917 394 1944 Damuscenus
409 1916 438 1942 in
451 1915 522 1942 libro
536 1914 735 1942 Sententiarum
747 1922 772 1942 c.
784 1914 820 1941 Q5
831 1915 869 1941 ita
884 1914 972 1948 inquit
986 1923 993 1942 ε

209 1963 269 1991 Non
286 1967 328 1990 est
342 1962 420 1997 panis
437 1962 522 1997 ﬁgura
537 1962 663 1997 corporis
677 1966 704 1989 et
722 1961 864 1997 sanguinis
878 1960 994 1992 Christi,

207 2009 292 2041 absit,
313 2008 361 2036 sed
389 2009 477 2043 ipsum
506 2014 607 2042 corpus
633 2007 736 2034 Christi
761 2007 931 2035 deiﬁcatum.
960 2007 995 2034 Et

210 2055 282 2081 unde
309 2054 371 2086 hoc,
390 2053 562 2081 sanctissime
585 2052 700 2080 doctor?
724 2051 781 2079 Hoc
804 2052 939 2080 habemus
959 2052 994 2079 ab

209 2101 279 2136 ipso,
294 2101 394 2135 inquit,
412 2099 540 2132 Domino,
554 2098 672 2130 dicente,
689 2106 742 2125 non
756 2106 763 2124 :
780 2097 837 2125 Hoc
853 2103 896 2126 est
907 2098 994 2133 ﬁgura

207 2146 342 2181 corporis.
366 2145 412 2173 sed
431 2145 521 2179 ipsum
545 2152 638 2179 corpus
663 2151 761 2176 meum,
780 2149 808 2171 et
828 2152 884 2172 non
908 2144 994 2179 figura

1049 907 1131 934 modo
1147 907 1282 934 conﬁcere
1305 911 1520 933 saeramentum.
1537 905 1619 938 Quid,
1640 905 1767 936 obsecro,
1788 905 1836 931 ho—

1049 960 1110 978 rum
1139 957 1281 979 conseCrat
1304 951 1509 978 divinissimum
1536 950 1603 977 illud
1623 951 1744 988 munus?
1768 951 1837 978 Pro-

1049 998 1120 1026 lecto
1137 1007 1190 1026 non
1206 1000 1330 1034 acceptio
1345 998 1446 1033 panis;
1467 999 1518 1025 hoc
1531 999 1603 1025 enim
1619 998 1775 1032 subjectum
1793 1001 1837 1024 est

1049 1046 1274 1077 consecrationis,
1297 1045 1370 1080 quod
1394 1046 1420 1072 in
1441 1053 1541 1080 corpus
1560 1045 1666 1072 Domini
1692 1045 1835 1072 transsub-

1049 1091 1173 1118 stantisri
1186 1096 1306 1126 oportet,
1318 1099 1371 1118 non
1384 1091 1533 1126 gratiarum
1548 1092 1631 1123 actio,
1650 1098 1703 1118 non
1722 1091 1832 1123 fractio,

1049 1145 1164 1172 quarum
1182 1138 1267 1164 altera
1289 1137 1320 1164 ad
1339 1138 1626 1165 commemorationem
1648 1138 1831 1165 ineﬁ'abilium

1048 1191 1110 1218 erga
1125 1191 1174 1210 nos
1187 1183 1383 1211 beneficiorum
1395 1183 1453 1215 Dei,
1466 1184 1595 1223 altera,ad
1608 1183 1834 1212 distributionem

1048 1230 1201 1257 necessaria
1225 1235 1276 1257 est.
1301 1230 1434 1265 Superest
1452 1231 1534 1265 igitur
1553 1236 1582 1258 ut
1603 1231 1687 1259 verba
1704 1232 1756 1258 ista
1777 1232 1834 1259 sint

1048 1283 1107 1310 quze
1121 1281 1281 1303 consecrent
1297 1284 1304 1303 :
1321 1276 1375 1304 Hoc
1392 1281 1430 1304 est
1446 1286 1538 1313 corpus
1552 1286 1638 1304 meum
1649 1286 1658 1310 ;
1671 1283 1710 1311 et,
1727 1277 1777 1305 llic
1794 1282 1834 1304 est

1046 1322 1154 1356 sanguis
1178 1330 1260 1349 meus.
1284 1323 1317 1349 Et
1345 1323 1382 1350 ita
1404 1323 1617 1351 existimandum
1639 1329 1691 1358 est,
1718 1329 1745 1352 et
1767 1329 1834 1351 tunc

1047 1366 1131 1394 fuisse
1149 1373 1350 1400 consecratum,
1374 1373 1402 1395 et
1424 1376 1498 1395 nunc
1514 1370 1683 1401 consecrari,
1706 1377 1832 1397 concur-

1047 1413 1172 1440 rentibus
1193 1413 1310 1445 scilicet,
1325 1418 1355 1439 ut
1368 1413 1472 1440 dictum
1493 1417 1546 1444 est,
1570 1418 1598 1442 et
1620 1414 1709 1444 Patre.
1727 1419 1756 1441 et
1771 1414 1835 1449 Spi-

1047 1458 1100 1485 ritu
1115 1463 1221 1492 sancto,
1235 1466 1298 1486 cum
1308 1459 1399 1486 omnia
1413 1460 1441 1486 in
1456 1465 1582 1487 creatura
1595 1467 1677 1494 opera
1692 1461 1724 1488 iis
1738 1461 1832 1488 tribus

1049 1505 1203 1531 communia
1231 1504 1298 1532 sint.
1331 1504 1429 1532 Verum
1458 1505 1593 1532 Salvatori
1621 1505 1732 1539 quidem
1759 1506 1833 1534 haud

1048 1557 1159 1577 necesse
1184 1549 1245 1582 fuit,
1268 1550 1375 1577 Patrem
1395 1555 1422 1578 et
1444 1550 1576 1584 Spiritum
1594 1556 1719 1578 sanctum
1743 1552 1834 1585 palam

1048 1595 1081 1622 ad
1097 1596 1148 1623 hoc
1164 1603 1232 1630 opus
1244 1596 1385 1628 invocare,
1400 1604 1461 1623 cum
1478 1604 1550 1623 unus
1568 1597 1695 1632 idetnque
1710 1602 1737 1624 et
1749 1599 1833 1625 unius

1047 1648 1108 1668 cum
1122 1641 1176 1668 illis
1193 1641 1352 1668 substantia!
1369 1642 1414 1673 sit,
1430 1647 1541 1677 propter
1559 1643 1631 1677 quod
1650 1643 1783 1677 quidquid
1796 1643 1831 1670 ab

1047 1694 1079 1714 eo
1095 1687 1137 1714 vel
1160 1687 1250 1719 ﬁebat,
1268 1687 1310 1714 vel
1325 1687 1477 1719 dicebatur,
1501 1689 1572 1715 idem
1594 1689 1629 1716 ab
1645 1689 1706 1716 aliis
1722 1697 1834 1724 quoque

1047 1731 1128 1759 ﬁebat
1140 1732 1346 1767 dicebaturque.
1361 1732 1415 1760 Nos
1429 1741 1494 1761 vero
1510 1733 1552 1761 fas
1566 1738 1651 1762 estet
1667 1735 1832 1762 nominatim

1048 1779 1110 1805 illos
1133 1778 1272 1810 itivorare.
1289 1785 1317 1807 et
1342 1784 1371 1806 ut
1396 1788 1509 1807 munera
1534 1786 1628 1808 nostra
1648 1781 1832 1812 sanctiﬁcent.

1046 1825 1151 1858 precari
1168 1833 1175 1852 :
1193 1833 1287 1852 verum
1302 1824 1327 1852 id
1342 1833 1396 1852 non
1410 1826 1462 1853 alio
1476 1831 1556 1861 atque
1568 1827 1622 1854 alio
1639 1828 1720 1853 modo
1736 1835 1830 1863 agere,

1047 1878 1098 1898 nec
1113 1871 1167 1898 alio
1184 1878 1267 1906 atque
1283 1871 1336 1898 alio
1360 1876 1493 1906 tempore.
1512 1872 1560 1899 sed
1581 1877 1609 1900 et
1630 1881 1685 1908 quo
1708 1878 1833 1908 tempore

1045 1917 1153 1944 Domini
1179 1917 1389 1950 pronuntiamus
1412 1918 1508 1948 verba.
1529 1922 1557 1945 et
1579 1919 1717 1952 quomodo
1746 1920 1832 1947 verba

1045 1963 1208 1998 signiﬁcant.
1228 1962 1304 1996 Quod
1322 1963 1344 1990 si
1362 1963 1439 1991 illum
1456 1969 1585 1999 tanquam
1602 1966 1740 1993 hominem
1753 1967 1831 1994 dice-

1045 2015 1158 2040 remus,
1185 2009 1249 2036 dum
1276 2009 1377 2044 gratias
1403 2010 1500 2044 agebat
1528 2011 1669 2038 beneﬁciis
1697 2014 1830 2047 acceptis,

1045 2061 1136 2081 orasse
1152 2055 1235 2081 etiam
1259 2054 1340 2082 tacite
1364 2055 1474 2082 Patrem
1491 2060 1519 2083 et
1541 2055 1674 2090 Spiritum
1691 2064 1830 2092 sanctum,

1045 2103 1076 2126 ut
1105 2100 1138 2127 ad
1156 2107 1217 2127 eam
1240 2101 1474 2129 consecrationem
1493 2109 1703 2135 concurrerent.
1730 2104 1832 2132 deinde

1044 2145 1138 2172 verbis
1165 2146 1240 2173 illum
1268 2147 1381 2180 prolatis
1406 2149 1568 2183 mysterium
1595 2151 1745 2185 peregisse,
1775 2159 1831 2179 non

208 2191 360 2226 sanguinis,
374 2191 420 2218 sed
435 2191 494 2225 ipse
505 2191 613 2224 sanguis
624 2197 706 2217 meus.
724 2189 810 2217 Verba
825 2190 909 2225 igitur
924 2191 970 2218 illa
983 2200 990 2218 :
1008 2186 1030 2214 Ι)
1044 2191 1102 2218 sine
1117 2192 1221 2219 ratione
1234 2192 1399 2221 diceremus.
1418 2194 1521 2221 Eodem
1540 2195 1624 2230 igitur
1641 2197 1723 2224 modo
1740 2202 1769 2225 et
1782 2206 1833 2225 nos

209 2237 264 2265 Hoc
278 2242 315 2264 est
328 2245 421 2271 carpas
433 2244 531 2267 meum,
549 2237 631 2263 etiam
644 2237 722 2271 juxta
736 2237 900 2264 sententiam
917 2237 992 2265 illius

208 2283 329 2310 doctoris
354 2282 476 2313 faciunt,
500 2286 530 2308 ut
558 2282 637 2316 panis
656 2282 750 2309 altaris
768 2290 863 2309 verum
888 2283 992 2310 Christi

208 2335 308 2362 corpus
321 2327 357 2354 sit
372 2327 564 2361 credaturque.
583 2326 635 2353 Sed
651 2327 683 2353 iis
694 2327 823 2353 omnibus
835 2335 896 2362 qua:
908 2335 992 2362 supra

209 2375 443 2405 lucrum-avimus,
468 2372 547 2407 quasi
581 2372 704 2398 ultimam
731 2380 842 2399 manum
875 2374 992 2408 imponit

207 2419 326 2452 Epistula
341 2419 461 2446 doctoris
480 2418 604 2453 gentium
620 2418 652 2444 ad
680 2417 840 2445 Corinthios
858 2418 891 2446 de
909 2420 991 2454 hujus

205 2465 382 2492 sacratissimi
413 2463 535 2498 mysterii
564 2462 712 2490 traditione
735 2464 914 2497 speculantis.
934 2464 990 2500 Ego

204 2512 284 2545 enim,
298 2510 494 2545 inquit,accepi
505 2517 520 2536 a
532 2509 646 2536 Domino
658 2510 726 2544 quod
736 2513 760 2536 et
774 2510 873 2538 tradidi
887 2511 989 2540 uobis‘.

205 2558 310 2585 Deinde
325 2560 469 2584 enumerat
479 2564 539 2590 qua:
552 2557 668 2590 accepit.
684 2556 776 2583 Primo
790 2555 882 2592 itaque
895 2558 988 2586 videa-

204 2611 276 2634 mus,
295 2603 318 2631 si
335 2602 415 2634 libet,
432 2609 467 2628 an
492 2601 661 2628 ssﬂicienter
683 2601 837 2629 tradiderit.
854 2602 932 2630 Patet
953 2603 990 2630 si-

203 2648 315 2684 quidem
330 2648 476 2675 manifeste
489 2654 552 2673 eum
567 2647 730 2675 tradidisse:
745 2655 834 2682 neque
847 2648 921 2676 enim
938 2649 987 2675 im-

204 2695 325 2730 perfecte
351 2693 467 2728 accepit,
490 2700 580 2727 neque
605 2693 696 2720 minus
718 2700 801 2728 quam
831 2699 986 2728 acceperat,

204 2739 328 2773 tradidit,
341 2739 389 2767 sed
399 2739 533 2774 quidquid
545 2738 662 2767 decebat
677 2745 705 2766 et
719 2746 831 2768 necesse
842 2745 902 2768 erat
911 2741 985 2770 circa

235 2833 244 2849 '
259 2833 269 2860 l
283 2832 345 2861 Cor.
362 2841 399 2867 XI,
414 2833 458 2861 25.
503 2835 513 2849 '
526 2833 592 2861 ibid.
610 2833 654 2862 24.

1044 2244 1123 2271 agere
1137 2245 1250 2264 necesse
1265 2243 1318 2271 est,
1334 2240 1459 2267 invocato
1473 2241 1581 2269 scilicet
1597 2242 1687 2274 Patre,
1703 2249 1731 2271 et
1747 2244 1830 2278 Filio,

1041 2286 1069 2309 et
1093 2282 1197 2317 Spiritu
1225 2289 1331 2316 saneto,
1352 2286 1512 2313 nominatim
1528 2290 1565 2319 ,et
1589 2289 1743 2322 manifeste,
1771 2291 1830 2317 sive

1041 2334 1104 2356 ante
1122 2330 1203 2357 verba
1218 2330 1349 2359 Dominus
1366 2333 1423 2359 sive
1438 2338 1510 2366 post,
1529 2341 1577 2360 seu
1593 2339 1710 2369 utroque
1724 2338 1830 2370 modo;

1042 2375 1111 2402 nihil
1125 2375 1198 2402 enim
1219 2376 1345 2408 interest,
1362 2383 1391 2404 ut
1412 2385 1507 2412 postea
1525 2380 1704 2413 disseremus,
1723 2382 1762 2409 ita
1777 2383 1829 2410 de-

1044 2428 1118 2448 mum
1134 2422 1248 2456 prolatis
1270 2422 1379 2450 Domini
1401 2425 1503 2457 Verbis,
1525 2433 1634 2454 sacrum
1652 2427 1704 2455 hoc
1726 2435 1831 2465 myste-

1044 2468 1115 2493 rium
1129 2467 1275 2494 conﬁcere.
1290 2468 1329 2494 lta
1347 2471 1452 2504 accepit
1463 2471 1576 2505 Paulus,
1592 2473 1629 2499 ita
1645 2474 1726 2501 nobis
1743 2476 1832 2503 tradi-

1044 2512 1103 2545 dit;
1134 2513 1286 2547 transgredi
1317 2519 1409 2541 autem
1441 2516 1615 2545 traditionem
1645 2520 1707 2553 ejus
1736 2528 1830 2556 neque

1044 2566 1201 2592 possumus,
1219 2567 1310 2594 neque
1330 2561 1473 2594 debemus,
1497 2562 1519 2589 si
1537 2563 1665 2599 discipuli
1680 2566 1755 2600 eius,
1770 2567 1829 2594 imo

1040 2613 1107 2632 vero
1130 2605 1244 2639 Christi,
1263 2612 1291 2633 et
1312 2614 1372 2634 esse
1388 2612 1417 2634 et
1433 2609 1524 2636 vocari
1543 2611 1682 2645 cupimus.
1706 2613 1829 2640 Abunde

1037 2660 1105 2680 vero
1119 2653 1247 2688 superius
1267 2653 1487 2681 demonstratum
1503 2659 1555 2685 est.
1572 2657 1700 2691 quoniam
1723 2658 1829 2686 Paulus

1039 2699 1110 2727 hanc
1126 2699 1301 2726 traditionem
1322 2707 1376 2726 non
1400 2708 1414 2727 ι
1431 2700 1553 2734 Christo,
1570 2704 1617 2729 sed
1642 2703 1676 2730 ab
1690 2704 1827 2738 apostolis

1038 2745 1157 2781 accepit,
1179 2752 1233 2772 non
1253 2745 1334 2773 modo
1350 2747 1436 2775 verbo
1447 2747 1510 2783 hoc,
1523 2748 1571 2776 sed
1591 2756 1673 2784 opere
1686 2750 1771 2778 etiam
1787 2751 1826 2778 ita
