  <div class='ocr_page' id='page_1' title='image "/cluster/home/n/w/nwhite01/storage/ocr_20150623/161/njp.32101077773255/378.png"; bbox 0 0 1920 3063; ppageno 0'>
   <div class='ocr_carea' id='block_1_1' title="bbox 121 154 173 189">
    <p class='ocr_par' dir='ltr' id='par_1_1' title="bbox 121 154 173 189">
     <span class='ocr_line' id='line_1_1' title="bbox 121 154 173 189; baseline 0.038 -2"><span class='ocrx_word' id='word_1_1' title='bbox 121 154 173 189; x_wconf 77' lang='lat'><strong>513</strong></span> 
     </span>
    </p>
   </div>
   <div class='ocr_carea' id='block_1_2' title="bbox 612 149 1238 184">
    <p class='ocr_par' dir='ltr' id='par_1_2' title="bbox 612 149 1238 184">
     <span class='ocr_line' id='line_1_2' title="bbox 612 149 1238 184; baseline -0.011 0"><span class='ocrx_word' id='word_1_2' title='bbox 612 154 660 184; x_wconf 83' lang='lat' dir='ltr'><strong>DE</strong></span> <span class='ocrx_word' id='word_1_3' title='bbox 681 153 771 182; x_wconf 69' lang='lat' dir='ltr'><strong>SACR</strong></span> <span class='ocrx_word' id='word_1_4' title='bbox 778 152 827 181; x_wconf 75' lang='lat' dir='ltr'><strong>AM</strong></span> <span class='ocrx_word' id='word_1_5' title='bbox 834 150 932 180; x_wconf 81' lang='grc' dir='ltr'><strong>ΕΝΤο</strong></span> <span class='ocrx_word' id='word_1_6' title='bbox 955 149 1055 179; x_wconf 81' lang='lat' dir='ltr'><strong>EUClI</strong></span> <span class='ocrx_word' id='word_1_7' title='bbox 1063 149 1238 179; x_wconf 79' lang='lat' dir='ltr'><strong>ARISTl/E.</strong></span> 
     </span>
    </p>
   </div>
   <div class='ocr_carea' id='block_1_3' title="bbox 1683 144 1734 175">
    <p class='ocr_par' dir='ltr' id='par_1_3' title="bbox 1683 144 1734 175">
     <span class='ocr_line' id='line_1_3' title="bbox 1683 144 1734 175; baseline -0.02 0"><span class='ocrx_word' id='word_1_8' title='bbox 1683 144 1734 175; x_wconf 69' lang='grc'><strong>514</strong></span> 
     </span>
    </p>
   </div>
   <div class='ocr_carea' id='block_1_4' title="bbox 119 199 1736 244">
    <p class='ocr_par' dir='ltr' id='par_1_4' title="bbox 119 199 1736 244">
     <span class='ocr_line' id='line_1_4' title="bbox 119 199 1736 244; baseline -0.009 -4"><span class='ocrx_word' id='word_1_9' title='bbox 119 211 294 244; x_wconf 78' lang='lat' dir='ltr'><strong>facientibus,</strong></span> <span class='ocrx_word' id='word_1_10' title='bbox 308 210 485 238; x_wconf 80' lang='lat' dir='ltr'><strong>manifestum</strong></span> <span class='ocrx_word' id='word_1_11' title='bbox 499 215 559 236; x_wconf 85' lang='lat' dir='ltr'><strong>esse</strong></span> <span class='ocrx_word' id='word_1_12' title='bbox 574 215 629 235; x_wconf 92' lang='lat' dir='ltr'><strong>non</strong></span> <span class='ocrx_word' id='word_1_13' title='bbox 645 208 706 234; x_wconf 89' lang='lat' dir='ltr'><strong>aliis</strong></span> <span class='ocrx_word' id='word_1_14' title='bbox 723 213 805 240; x_wconf 89' lang='lat' dir='ltr'><strong>quam</strong></span> <span class='ocrx_word' id='word_1_15' title='bbox 822 200 937 233; x_wconf 56' lang='lat' dir='ltr'><strong>Chri-&#39;A</strong></span> <span class='ocrx_word' id='word_1_16' title='bbox 953 211 1016 230; x_wconf 85' lang='lat' dir='ltr'><strong>vero</strong></span> <span class='ocrx_word' id='word_1_17' title='bbox 1039 204 1096 238; x_wconf 87' lang='lat' dir='ltr'><strong>ipsa</strong></span> <span class='ocrx_word' id='word_1_18' title='bbox 1123 208 1186 231; x_wconf 87' lang='lat' dir='ltr'><strong>sunt</strong></span> <span class='ocrx_word' id='word_1_19' title='bbox 1209 202 1290 229; x_wconf 88' lang='lat' dir='ltr'><strong>verba</strong></span> <span class='ocrx_word' id='word_1_20' title='bbox 1314 200 1474 231; x_wconf 64' lang='lat' dir='ltr'><strong>Salvator-is.</strong></span> <span class='ocrx_word' id='word_1_21' title='bbox 1496 207 1555 234; x_wconf 64' lang='lat' dir='ltr'><strong>qum</strong></span> <span class='ocrx_word' id='word_1_22' title='bbox 1582 199 1652 234; x_wconf 84' lang='lat' dir='ltr'><strong>apud</strong></span> <span class='ocrx_word' id='word_1_23' title='bbox 1677 206 1736 226; x_wconf 92' lang='lat' dir='ltr'><strong>om-</strong></span> 
     </span>
    </p>
   </div>
   <div class='ocr_carea' id='block_1_5' title="bbox 119 253 901 291">
    <p class='ocr_par' dir='ltr' id='par_1_5' title="bbox 119 253 901 291">
     <span class='ocr_line' id='line_1_5' title="bbox 119 253 901 291; baseline -0.01 -6"><span class='ocrx_word' id='word_1_24' title='bbox 119 259 155 286; x_wconf 79' lang='lat' dir='ltr'><strong>sti</strong></span> <span class='ocrx_word' id='word_1_25' title='bbox 172 257 263 285; x_wconf 89' lang='lat' dir='ltr'><strong>verbis</strong></span> <span class='ocrx_word' id='word_1_26' title='bbox 274 257 348 291; x_wconf 89' lang='lat' dir='ltr'><strong>ipsos</strong></span> <span class='ocrx_word' id='word_1_27' title='bbox 363 256 444 283; x_wconf 87' lang='lat' dir='ltr'><strong>etiam</strong></span> <span class='ocrx_word' id='word_1_28' title='bbox 456 255 594 289; x_wconf 88' lang='lat' dir='ltr'><strong>apostolos</strong></span> <span class='ocrx_word' id='word_1_29' title='bbox 608 259 669 288; x_wconf 89' lang='lat' dir='ltr'><strong>post</strong></span> <span class='ocrx_word' id='word_1_30' title='bbox 680 253 819 280; x_wconf 97' lang='lat' dir='ltr'><strong>Christum</strong></span> <span class='ocrx_word' id='word_1_31' title='bbox 836 258 901 278; x_wconf 91' lang='lat' dir='ltr'><strong>con-</strong></span> 
     </span>
    </p>
   </div>
   <div class='ocr_carea' id='block_1_6' title="bbox 119 297 903 335">
    <p class='ocr_par' dir='ltr' id='par_1_6' title="bbox 119 297 903 335">
     <span class='ocr_line' id='line_1_6' title="bbox 119 297 903 335; baseline -0.01 -4"><span class='ocrx_word' id='word_1_32' title='bbox 119 310 254 335; x_wconf 84' lang='lat' dir='ltr'><strong>secrasse,</strong></span> <span class='ocrx_word' id='word_1_33' title='bbox 270 305 298 328; x_wconf 81' lang='lat' dir='ltr'><strong>et</strong></span> <span class='ocrx_word' id='word_1_34' title='bbox 311 301 419 329; x_wconf 60' lang='lat' dir='ltr'><strong>caeteris</strong></span> <span class='ocrx_word' id='word_1_35' title='bbox 432 299 556 327; x_wconf 91' lang='lat' dir='ltr'><strong>eumdem</strong></span> <span class='ocrx_word' id='word_1_36' title='bbox 574 298 696 334; x_wconf 82' lang='lat' dir='ltr'><strong>mysterii</strong></span> <span class='ocrx_word' id='word_1_37' title='bbox 717 298 799 324; x_wconf 91' lang='lat' dir='ltr'><strong>ritum</strong></span> <span class='ocrx_word' id='word_1_38' title='bbox 818 297 903 324; x_wconf 86' lang='lat' dir='ltr'><strong>tradi-</strong></span> 
     </span>
    </p>
   </div>
   <div class='ocr_carea' id='block_1_7' title="bbox 120 341 902 377">
    <p class='ocr_par' dir='ltr' id='par_1_7' title="bbox 120 341 902 377">
     <span class='ocr_line' id='line_1_7' title="bbox 120 341 902 377; baseline -0.01 -2"><span class='ocrx_word' id='word_1_39' title='bbox 120 348 203 375; x_wconf 89' lang='lat' dir='ltr'><strong>disse.</strong></span> <span class='ocrx_word' id='word_1_40' title='bbox 218 346 353 373; x_wconf 68' lang='lat' dir='ltr'><strong>Praeterea</strong></span> <span class='ocrx_word' id='word_1_41' title='bbox 371 345 423 372; x_wconf 91' lang='lat' dir='ltr'><strong>hoc</strong></span> <span class='ocrx_word' id='word_1_42' title='bbox 442 345 513 372; x_wconf 91' lang='lat' dir='ltr'><strong>idem</strong></span> <span class='ocrx_word' id='word_1_43' title='bbox 537 343 688 370; x_wconf 85' lang='lat' dir='ltr'><strong>ostendunt</strong></span> <span class='ocrx_word' id='word_1_44' title='bbox 712 342 805 377; x_wconf 85' lang='lat' dir='ltr'><strong>populi</strong></span> <span class='ocrx_word' id='word_1_45' title='bbox 820 341 853 368; x_wconf 90' lang='lat' dir='ltr'><strong>ad</strong></span> <span class='ocrx_word' id='word_1_46' title='bbox 870 348 902 368; x_wconf 88' lang='lat' dir='ltr'><strong>ea</strong></span> 
     </span>
    </p>
   </div>
   <div class='ocr_carea' id='block_1_8' title="bbox 122 385 902 426">
    <p class='ocr_par' dir='ltr' id='par_1_8' title="bbox 122 385 902 426">
     <span class='ocr_line' id='line_1_8' title="bbox 122 385 902 426; baseline -0.01 -7"><span class='ocrx_word' id='word_1_47' title='bbox 122 392 205 419; x_wconf 84' lang='lat' dir='ltr'><strong>verba</strong></span> <span class='ocrx_word' id='word_1_48' title='bbox 221 391 426 426; x_wconf 78' lang='lat' dir='ltr'><strong>responsiones.</strong></span> <span class='ocrx_word' id='word_1_49' title='bbox 445 389 592 417; x_wconf 87' lang='lat' dir='ltr'><strong>Sacerdote</strong></span> <span class='ocrx_word' id='word_1_50' title='bbox 607 388 680 416; x_wconf 89' lang='lat' dir='ltr'><strong>enim</strong></span> <span class='ocrx_word' id='word_1_51' title='bbox 695 387 776 413; x_wconf 86' lang='lat' dir='ltr'><strong>verba</strong></span> <span class='ocrx_word' id='word_1_52' title='bbox 792 386 835 412; x_wconf 90' lang='lat' dir='ltr'><strong>illa</strong></span> <span class='ocrx_word' id='word_1_53' title='bbox 849 385 902 412; x_wconf 87' lang='lat' dir='ltr'><strong>alta</strong></span> 
     </span>
    </p>
   </div>
   <div class='ocr_carea' id='block_1_9' title="bbox 121 432 904 471">
    <p class='ocr_par' dir='ltr' id='par_1_9' title="bbox 121 432 904 471">
     <span class='ocr_line' id='line_1_9' title="bbox 121 432 904 471; baseline -0.009 -6"><span class='ocrx_word' id='word_1_54' title='bbox 121 445 198 471; x_wconf 89' lang='lat' dir='ltr'><strong>voce,</strong></span> <span class='ocrx_word' id='word_1_55' title='bbox 214 442 244 464; x_wconf 89' lang='lat' dir='ltr'><strong>ut</strong></span> <span class='ocrx_word' id='word_1_56' title='bbox 256 445 305 464; x_wconf 92' lang='lat' dir='ltr'><strong>vos</strong></span> <span class='ocrx_word' id='word_1_57' title='bbox 321 436 406 464; x_wconf 55' lang='lat' dir='ltr'><strong>Graeci</strong></span> <span class='ocrx_word' id='word_1_58' title='bbox 424 435 529 467; x_wconf 88' lang='lat' dir='ltr'><strong>soletis,</strong></span> <span class='ocrx_word' id='word_1_59' title='bbox 546 434 754 470; x_wconf 86' lang='lat' dir='ltr'><strong>pronuntiante,</strong></span> <span class='ocrx_word' id='word_1_60' title='bbox 773 432 904 460; x_wconf 72' lang='lat' dir='ltr'><strong>assistens</strong></span> 
     </span>
    </p>
   </div>
   <div class='ocr_carea' id='block_1_10' title="bbox 123 477 904 518">
    <p class='ocr_par' dir='ltr' id='par_1_10' title="bbox 123 477 904 518">
     <span class='ocr_line' id='line_1_10' title="bbox 123 477 904 518; baseline -0.008 -8"><span class='ocrx_word' id='word_1_61' title='bbox 123 484 241 518; x_wconf 84' lang='lat' dir='ltr'><strong>populus</strong></span> <span class='ocrx_word' id='word_1_62' title='bbox 258 484 284 510; x_wconf 91' lang='lat' dir='ltr'><strong>in</strong></span> <span class='ocrx_word' id='word_1_63' title='bbox 299 487 415 517; x_wconf 89' lang='lat' dir='ltr'><strong>utraque</strong></span> <span class='ocrx_word' id='word_1_64' title='bbox 437 486 513 516; x_wconf 85' lang='lat' dir='ltr'><strong>parte</strong></span> <span class='ocrx_word' id='word_1_65' title='bbox 531 482 676 515; x_wconf 84' lang='lat' dir='ltr'><strong>respondet</strong></span> <span class='ocrx_word' id='word_1_66' title='bbox 688 500 695 511; x_wconf 90' lang='lat'><strong>,</strong></span> <span class='ocrx_word' id='word_1_67' title='bbox 712 479 810 509; x_wconf 82' lang='lat' dir='ltr'><strong>Amen,</strong></span> <span class='ocrx_word' id='word_1_68' title='bbox 826 477 904 512; x_wconf 84' lang='lat' dir='ltr'><strong>quasi</strong></span> 
     </span>
    </p>
   </div>
   <div class='ocr_carea' id='block_1_11' title="bbox 121 525 904 561">
    <p class='ocr_par' dir='ltr' id='par_1_11' title="bbox 121 525 904 561">
     <span class='ocr_line' id='line_1_11' title="bbox 121 525 904 561; baseline -0.005 -6"><span class='ocrx_word' id='word_1_69' title='bbox 121 530 202 561; x_wconf 82' lang='lat' dir='ltr'><strong>dicat,</strong></span> <span class='ocrx_word' id='word_1_70' title='bbox 225 529 292 556; x_wconf 86' lang='lat' dir='ltr'><strong>Vere</strong></span> <span class='ocrx_word' id='word_1_71' title='bbox 315 528 351 555; x_wconf 89' lang='lat' dir='ltr'><strong>ita</strong></span> <span class='ocrx_word' id='word_1_72' title='bbox 367 532 419 559; x_wconf 88' lang='lat' dir='ltr'><strong>est,</strong></span> <span class='ocrx_word' id='word_1_73' title='bbox 442 532 472 554; x_wconf 92' lang='lat' dir='ltr'><strong>ut</strong></span> <span class='ocrx_word' id='word_1_74' title='bbox 495 532 523 553; x_wconf 88' lang='lat' dir='ltr'><strong>tu</strong></span> <span class='ocrx_word' id='word_1_75' title='bbox 548 526 627 553; x_wconf 89' lang='lat' dir='ltr'><strong>dicis.</strong></span> <span class='ocrx_word' id='word_1_76' title='bbox 651 527 733 553; x_wconf 78' lang='lat' dir='ltr'><strong>Amen</strong></span> <span class='ocrx_word' id='word_1_77' title='bbox 751 525 823 553; x_wconf 89' lang='lat' dir='ltr'><strong>enim</strong></span> <span class='ocrx_word' id='word_1_78' title='bbox 842 532 904 552; x_wconf 91' lang='lat' dir='ltr'><strong>cum</strong></span> 
     </span>
    </p>
   </div>
   <div class='ocr_carea' id='block_1_12' title="bbox 121 570 905 607">
    <p class='ocr_par' dir='ltr' id='par_1_12' title="bbox 121 570 905 607">
     <span class='ocr_line' id='line_1_12' title="bbox 121 570 905 607; baseline -0.005 -7"><span class='ocrx_word' id='word_1_79' title='bbox 121 574 271 601; x_wconf 86' lang='lat' dir='ltr'><strong>allirmandi</strong></span> <span class='ocrx_word' id='word_1_80' title='bbox 301 574 371 607; x_wconf 86' lang='lat' dir='ltr'><strong>apud</strong></span> <span class='ocrx_word' id='word_1_81' title='bbox 399 573 526 600; x_wconf 62' lang='lat' dir='ltr'><strong>Hebraeos</strong></span> <span class='ocrx_word' id='word_1_82' title='bbox 548 571 710 598; x_wconf 83' lang='lat' dir='ltr'><strong>adverbium</strong></span> <span class='ocrx_word' id='word_1_83' title='bbox 733 571 786 603; x_wconf 89' lang='lat' dir='ltr'><strong>sit,</strong></span> <span class='ocrx_word' id='word_1_84' title='bbox 811 570 905 597; x_wconf 74' lang='lat' dir='ltr'><strong>Gnece</strong></span> 
     </span>
    </p>
   </div>
   <div class='ocr_carea' id='block_1_13' title="bbox 123 615 906 653">
    <p class='ocr_par' dir='ltr' id='par_1_13' title="bbox 123 615 906 653">
     <span class='ocr_line' id='line_1_13' title="bbox 123 615 906 653; baseline -0.006 -7"><span class='ocrx_word' id='word_1_85' title='bbox 123 619 193 646; x_wconf 78' lang='lat' dir='ltr'><strong>idem</strong></span> <span class='ocrx_word' id='word_1_86' title='bbox 205 619 279 652; x_wconf 91' lang='lat' dir='ltr'><strong>quod</strong></span> <span class='ocrx_word' id='word_1_87' title='bbox 294 627 352 646; x_wconf 80' lang='lat' dir='ltr'><strong>vere</strong></span> <span class='ocrx_word' id='word_1_88' title='bbox 367 618 510 653; x_wconf 82' lang='lat' dir='ltr'><strong>signiﬁcat.</strong></span> <span class='ocrx_word' id='word_1_89' title='bbox 526 619 612 644; x_wconf 85' lang='lat' dir='ltr'><strong>Amen</strong></span> <span class='ocrx_word' id='word_1_90' title='bbox 631 617 714 652; x_wconf 77' lang='lat' dir='ltr'><strong>igitur</strong></span> <span class='ocrx_word' id='word_1_91' title='bbox 730 616 762 642; x_wconf 89' lang='lat' dir='ltr'><strong>ad</strong></span> <span class='ocrx_word' id='word_1_92' title='bbox 778 623 809 642; x_wconf 86' lang='lat' dir='ltr'><strong>ea</strong></span> <span class='ocrx_word' id='word_1_93' title='bbox 824 615 906 642; x_wconf 78' lang='lat' dir='ltr'><strong>verba</strong></span> 
     </span>
    </p>
   </div>
   <div class='ocr_carea' id='block_1_14' title="bbox 123 663 909 699">
    <p class='ocr_par' dir='ltr' id='par_1_14' title="bbox 123 663 909 699">
     <span class='ocr_line' id='line_1_14' title="bbox 123 663 909 699; baseline -0.003 -9"><span class='ocrx_word' id='word_1_94' title='bbox 123 664 292 698; x_wconf 82' lang='lat' dir='ltr'><strong>respondens</strong></span> <span class='ocrx_word' id='word_1_95' title='bbox 323 665 452 699; x_wconf 88' lang='lat' dir='ltr'><strong>populus,</strong></span> <span class='ocrx_word' id='word_1_96' title='bbox 467 663 558 694; x_wconf 71' lang='lat' dir='ltr'><strong>Certe,</strong></span> <span class='ocrx_word' id='word_1_97' title='bbox 574 663 672 696; x_wconf 83' lang='lat' dir='ltr'><strong>inquit,</strong></span> <span class='ocrx_word' id='word_1_98' title='bbox 690 669 789 696; x_wconf 88' lang='lat' dir='ltr'><strong>corpus</strong></span> <span class='ocrx_word' id='word_1_99' title='bbox 806 666 833 689; x_wconf 91' lang='lat' dir='ltr'><strong>et</strong></span> <span class='ocrx_word' id='word_1_100' title='bbox 846 669 909 688; x_wconf 87' lang='lat' dir='ltr'><strong>san-</strong></span> 
     </span>
    </p>
   </div>
   <div class='ocr_carea' id='block_1_15' title="bbox 122 707 907 744">
    <p class='ocr_par' dir='ltr' id='par_1_15' title="bbox 122 707 907 744">
     <span class='ocr_line' id='line_1_15' title="bbox 122 707 907 744; baseline -0.005 -8"><span class='ocrx_word' id='word_1_101' title='bbox 122 710 183 744; x_wconf 74' lang='lat' dir='ltr'><strong>guis</strong></span> <span class='ocrx_word' id='word_1_102' title='bbox 195 709 294 737; x_wconf 86' lang='lat' dir='ltr'><strong>Christi</strong></span> <span class='ocrx_word' id='word_1_103' title='bbox 315 714 380 736; x_wconf 82' lang='lat' dir='ltr'><strong>sunt</strong></span> <span class='ocrx_word' id='word_1_104' title='bbox 400 716 514 736; x_wconf 86' lang='lat' dir='ltr'><strong>munera</strong></span> <span class='ocrx_word' id='word_1_105' title='bbox 530 709 580 736; x_wconf 87' lang='lat' dir='ltr'><strong>ista</strong></span> <span class='ocrx_word' id='word_1_106' title='bbox 597 708 751 743; x_wconf 79' lang='lat' dir='ltr'><strong>proposita,</strong></span> <span class='ocrx_word' id='word_1_107' title='bbox 767 707 802 734; x_wconf 89' lang='lat' dir='ltr'><strong>ita</strong></span> <span class='ocrx_word' id='word_1_108' title='bbox 817 707 907 734; x_wconf 89' lang='lat' dir='ltr'><strong>credi-</strong></span> 
     </span>
    </p>
   </div>
   <div class='ocr_carea' id='block_1_16' title="bbox 123 754 907 788">
    <p class='ocr_par' dir='ltr' id='par_1_16' title="bbox 123 754 907 788">
     <span class='ocr_line' id='line_1_16' title="bbox 123 754 907 788; baseline -0.001 -8"><span class='ocrx_word' id='word_1_109' title='bbox 123 762 193 786; x_wconf 85' lang='lat' dir='ltr'><strong>mus,</strong></span> <span class='ocrx_word' id='word_1_110' title='bbox 215 754 251 780; x_wconf 86' lang='lat' dir='ltr'><strong>ita</strong></span> <span class='ocrx_word' id='word_1_111' title='bbox 275 755 450 782; x_wconf 85' lang='lat' dir='ltr'><strong>confitemur.</strong></span> <span class='ocrx_word' id='word_1_112' title='bbox 468 754 500 781; x_wconf 82' lang='lat' dir='ltr'><strong>Et</strong></span> <span class='ocrx_word' id='word_1_113' title='bbox 517 754 664 788; x_wconf 89' lang='lat' dir='ltr'><strong>quomodo.</strong></span> <span class='ocrx_word' id='word_1_114' title='bbox 687 761 780 788; x_wconf 69' lang='lat' dir='ltr'><strong>quaeso</strong></span> <span class='ocrx_word' id='word_1_115' title='bbox 795 757 830 785; x_wconf 89' lang='lat' dir='ltr'><strong>te,</strong></span> <span class='ocrx_word' id='word_1_116' title='bbox 853 761 907 780; x_wconf 91' lang='lat' dir='ltr'><strong>non</strong></span> 
     </span>
    </p>
   </div>
   <div class='ocr_carea' id='block_1_17' title="bbox 121 797 907 833">
    <p class='ocr_par' dir='ltr' id='par_1_17' title="bbox 121 797 907 833">
     <span class='ocr_line' id='line_1_17' title="bbox 121 797 907 833; baseline -0.003 -7"><span class='ocrx_word' id='word_1_117' title='bbox 121 803 195 826; x_wconf 78' lang='lat' dir='ltr'><strong>esset</strong></span> <span class='ocrx_word' id='word_1_118' title='bbox 210 802 289 833; x_wconf 91' lang='lat' dir='ltr'><strong>turpe</strong></span> <span class='ocrx_word' id='word_1_119' title='bbox 306 799 457 832; x_wconf 72' lang='lat' dir='ltr'><strong>putandum</strong></span> <span class='ocrx_word' id='word_1_120' title='bbox 473 806 520 826; x_wconf 86' lang='lat' dir='ltr'><strong>eos</strong></span> <span class='ocrx_word' id='word_1_121' title='bbox 536 798 582 833; x_wconf 87' lang='lat' dir='ltr'><strong>qui</strong></span> <span class='ocrx_word' id='word_1_122' title='bbox 597 798 736 826; x_wconf 84' lang='lat' dir='ltr'><strong>doctiores</strong></span> <span class='ocrx_word' id='word_1_123' title='bbox 750 797 845 825; x_wconf 88' lang='lat' dir='ltr'><strong>haberi</strong></span> <span class='ocrx_word' id='word_1_124' title='bbox 860 804 907 824; x_wconf 83' lang='lat' dir='ltr'><strong>vo-</strong></span> 
     </span>
    </p>
   </div>
   <div class='ocr_carea' id='block_1_18' title="bbox 122 843 908 879">
    <p class='ocr_par' dir='ltr' id='par_1_18' title="bbox 122 843 908 879">
     <span class='ocr_line' id='line_1_18' title="bbox 122 843 908 879; baseline -0.001 -9"><span class='ocrx_word' id='word_1_125' title='bbox 122 844 231 875; x_wconf 85' lang='lat' dir='ltr'><strong>lunt,ea</strong></span> <span class='ocrx_word' id='word_1_126' title='bbox 247 845 372 879; x_wconf 79' lang='lat' dir='ltr'><strong>ignorare</strong></span> <span class='ocrx_word' id='word_1_127' title='bbox 388 852 449 879; x_wconf 60' lang='lat' dir='ltr'><strong>quae</strong></span> <span class='ocrx_word' id='word_1_128' title='bbox 460 845 606 871; x_wconf 71' lang='lat' dir='ltr'><strong>saeculares</strong></span> <span class='ocrx_word' id='word_1_129' title='bbox 619 849 648 870; x_wconf 89' lang='lat' dir='ltr'><strong>et</strong></span> <span class='ocrx_word' id='word_1_130' title='bbox 664 851 805 870; x_wconf 86' lang='lat' dir='ltr'><strong>sacrarum</strong></span> <span class='ocrx_word' id='word_1_131' title='bbox 819 843 908 870; x_wconf 71' lang='lat' dir='ltr'><strong>Litteo</strong></span> 
     </span>
    </p>
   </div>
   <div class='ocr_carea' id='block_1_19' title="bbox 123 888 909 924">
    <p class='ocr_par' dir='ltr' id='par_1_19' title="bbox 123 888 909 924">
     <span class='ocr_line' id='line_1_19' title="bbox 123 888 909 924; baseline 0.001 -9"><span class='ocrx_word' id='word_1_132' title='bbox 123 897 214 916; x_wconf 89' lang='lat' dir='ltr'><strong>rarum</strong></span> <span class='ocrx_word' id='word_1_133' title='bbox 241 890 339 924; x_wconf 76' lang='lat' dir='ltr'><strong>ignari,</strong></span> <span class='ocrx_word' id='word_1_134' title='bbox 364 890 557 923; x_wconf 84' lang='lat' dir='ltr'><strong>respondendo</strong></span> <span class='ocrx_word' id='word_1_135' title='bbox 584 889 683 920; x_wconf 78' lang='lat' dir='ltr'><strong>Amen,</strong></span> <span class='ocrx_word' id='word_1_136' title='bbox 708 888 853 915; x_wconf 76' lang='lat' dir='ltr'><strong>manifeste</strong></span> <span class='ocrx_word' id='word_1_137' title='bbox 879 896 909 916; x_wconf 87' lang='lat' dir='ltr'><strong>se</strong></span> 
     </span>
    </p>
   </div>
   <div class='ocr_carea' id='block_1_20' title="bbox 125 931 908 969">
    <p class='ocr_par' dir='ltr' id='par_1_20' title="bbox 125 931 908 969">
     <span class='ocr_line' id='line_1_20' title="bbox 125 931 908 969; baseline 0.001 -9"><span class='ocrx_word' id='word_1_138' title='bbox 125 935 197 961; x_wconf 83' lang='lat' dir='ltr'><strong>scire</strong></span> <span class='ocrx_word' id='word_1_139' title='bbox 214 935 386 969; x_wconf 76' lang='lat' dir='ltr'><strong>signiﬁcant?</strong></span> <span class='ocrx_word' id='word_1_140' title='bbox 405 935 487 967; x_wconf 86' lang='lat' dir='ltr'><strong>Quid,</strong></span> <span class='ocrx_word' id='word_1_141' title='bbox 503 942 595 962; x_wconf 86' lang='lat' dir='ltr'><strong>nonne</strong></span> <span class='ocrx_word' id='word_1_142' title='bbox 616 931 748 961; x_wconf 85' lang='lat' dir='ltr'><strong>assistens</strong></span> <span class='ocrx_word' id='word_1_143' title='bbox 772 935 908 961; x_wconf 81' lang='lat' dir='ltr'><strong>sacerdoti</strong></span> 
     </span>
    </p>
   </div>
   <div class='ocr_carea' id='block_1_21' title="bbox 124 979 910 1013">
    <p class='ocr_par' dir='ltr' id='par_1_21' title="bbox 124 979 910 1013">
     <span class='ocr_line' id='line_1_21' title="bbox 124 979 910 1013; baseline 0.001 -9"><span class='ocrx_word' id='word_1_144' title='bbox 124 979 257 1006; x_wconf 80' lang='lat' dir='ltr'><strong>diaconus</strong></span> <span class='ocrx_word' id='word_1_145' title='bbox 271 979 351 1013; x_wconf 84' lang='lat' dir='ltr'><strong>eique</strong></span> <span class='ocrx_word' id='word_1_146' title='bbox 365 979 534 1010; x_wconf 88' lang='lat' dir='ltr'><strong>ministrans,</strong></span> <span class='ocrx_word' id='word_1_147' title='bbox 546 979 612 1005; x_wconf 91' lang='lat' dir='ltr'><strong>dum</strong></span> <span class='ocrx_word' id='word_1_148' title='bbox 631 980 760 1005; x_wconf 82' lang='lat' dir='ltr'><strong>sacerdos</strong></span> <span class='ocrx_word' id='word_1_149' title='bbox 773 979 827 1005; x_wconf 84' lang='lat' dir='ltr'><strong>alta</strong></span> <span class='ocrx_word' id='word_1_150' title='bbox 843 985 910 1005; x_wconf 90' lang='lat' dir='ltr'><strong>voce</strong></span> 
     </span>
    </p>
   </div>
   <div class='ocr_carea' id='block_1_22' title="bbox 126 1023 911 1058">
    <p class='ocr_par' dir='ltr' id='par_1_22' title="bbox 126 1023 911 1058">
     <span class='ocr_line' id='line_1_22' title="bbox 126 1023 911 1058; baseline 0.001 -8"><span class='ocrx_word' id='word_1_151' title='bbox 126 1024 211 1058; x_wconf 81' lang='lat' dir='ltr'><strong>(juxta</strong></span> <span class='ocrx_word' id='word_1_152' title='bbox 233 1023 381 1052; x_wconf 81' lang='lat' dir='ltr'><strong>Orientalis</strong></span> <span class='ocrx_word' id='word_1_153' title='bbox 405 1024 532 1051; x_wconf 68' lang='lat' dir='ltr'><strong>Ecclesia:</strong></span> <span class='ocrx_word' id='word_1_154' title='bbox 553 1024 646 1058; x_wconf 88' lang='lat' dir='ltr'><strong>ritum)</strong></span> <span class='ocrx_word' id='word_1_155' title='bbox 670 1024 753 1051; x_wconf 88' lang='lat' dir='ltr'><strong>verba</strong></span> <span class='ocrx_word' id='word_1_156' title='bbox 779 1024 825 1051; x_wconf 81' lang='lat' dir='ltr'><strong>illa</strong></span> <span class='ocrx_word' id='word_1_157' title='bbox 848 1032 911 1058; x_wconf 90' lang='lat' dir='ltr'><strong>pro-</strong></span> 
     </span>
    </p>
   </div>
   <div class='ocr_carea' id='block_1_23' title="bbox 125 1068 910 1103">
    <p class='ocr_par' dir='ltr' id='par_1_23' title="bbox 125 1068 910 1103">
     <span class='ocr_line' id='line_1_23' title="bbox 125 1068 910 1103; baseline 0.001 -9"><span class='ocrx_word' id='word_1_158' title='bbox 125 1069 246 1099; x_wconf 84' lang='lat' dir='ltr'><strong>nuntiat.</strong></span> <span class='ocrx_word' id='word_1_159' title='bbox 266 1068 322 1096; x_wconf 86' lang='lat' dir='ltr'><strong>floc</strong></span> <span class='ocrx_word' id='word_1_160' title='bbox 341 1073 378 1096; x_wconf 79' lang='lat' dir='ltr'><strong>est</strong></span> <span class='ocrx_word' id='word_1_161' title='bbox 395 1077 486 1103; x_wconf 75' lang='lat' dir='ltr'><strong>corpus</strong></span> <span class='ocrx_word' id='word_1_162' title='bbox 511 1077 609 1099; x_wconf 80' lang='lat' dir='ltr'><strong>meum,</strong></span> <span class='ocrx_word' id='word_1_163' title='bbox 626 1073 663 1101; x_wconf 83' lang='lat' dir='ltr'><strong>et,</strong></span> <span class='ocrx_word' id='word_1_164' title='bbox 683 1068 731 1095; x_wconf 83' lang='lat' dir='ltr'><strong>Hic</strong></span> <span class='ocrx_word' id='word_1_165' title='bbox 749 1073 787 1096; x_wconf 79' lang='lat' dir='ltr'><strong>est</strong></span> <span class='ocrx_word' id='word_1_166' title='bbox 803 1070 910 1102; x_wconf 76' lang='lat' dir='ltr'><strong>sanguis</strong></span> 
     </span>
    </p>
   </div>
   <div class='ocr_carea' id='block_1_24' title="bbox 127 1114 911 1150">
    <p class='ocr_par' dir='ltr' id='par_1_24' title="bbox 127 1114 911 1150">
     <span class='ocr_line' id='line_1_24' title="bbox 127 1114 911 1150; baseline 0.003 -10"><span class='ocrx_word' id='word_1_167' title='bbox 127 1122 214 1147; x_wconf 73' lang='lat' dir='ltr'><strong>meus,</strong></span> <span class='ocrx_word' id='word_1_168' title='bbox 246 1114 304 1148; x_wconf 87' lang='lat' dir='ltr'><strong>ipse</strong></span> <span class='ocrx_word' id='word_1_169' title='bbox 330 1115 440 1149; x_wconf 91' lang='lat' dir='ltr'><strong>propria</strong></span> <span class='ocrx_word' id='word_1_170' title='bbox 467 1114 537 1141; x_wconf 86' lang='lat' dir='ltr'><strong>stola</strong></span> <span class='ocrx_word' id='word_1_171' title='bbox 565 1114 672 1142; x_wconf 90' lang='lat' dir='ltr'><strong>duobus</strong></span> <span class='ocrx_word' id='word_1_172' title='bbox 696 1115 794 1148; x_wconf 89' lang='lat' dir='ltr'><strong>primis</strong></span> <span class='ocrx_word' id='word_1_173' title='bbox 817 1115 911 1150; x_wconf 79' lang='lat' dir='ltr'><strong>digitis</strong></span> 
     </span>
    </p>
   </div>
   <div class='ocr_carea' id='block_1_25' title="bbox 128 1160 909 1198">
    <p class='ocr_par' dir='ltr' id='par_1_25' title="bbox 128 1160 909 1198">
     <span class='ocr_line' id='line_1_25' title="bbox 128 1160 909 1198; baseline 0.001 -12"><span class='ocrx_word' id='word_1_174' title='bbox 128 1164 209 1191; x_wconf 76' lang='lat' dir='ltr'><strong>tacta,</strong></span> <span class='ocrx_word' id='word_1_175' title='bbox 225 1167 322 1194; x_wconf 88' lang='lat' dir='ltr'><strong>panem</strong></span> <span class='ocrx_word' id='word_1_176' title='bbox 340 1166 366 1187; x_wconf 85' lang='lat' dir='ltr'><strong>et</strong></span> <span class='ocrx_word' id='word_1_177' title='bbox 379 1161 490 1198; x_wconf 78' lang='lat' dir='ltr'><strong>calicem</strong></span> <span class='ocrx_word' id='word_1_178' title='bbox 507 1160 644 1188; x_wconf 87' lang='lat' dir='ltr'><strong>ostendit?</strong></span> <span class='ocrx_word' id='word_1_179' title='bbox 667 1161 735 1188; x_wconf 89' lang='lat' dir='ltr'><strong>nihil</strong></span> <span class='ocrx_word' id='word_1_180' title='bbox 750 1167 824 1188; x_wconf 84' lang='lat' dir='ltr'><strong>certe</strong></span> <span class='ocrx_word' id='word_1_181' title='bbox 837 1161 909 1187; x_wconf 81' lang='lat' dir='ltr'><strong>aliud</strong></span> 
     </span>
    </p>
   </div>
   <div class='ocr_carea' id='block_1_26' title="bbox 126 1205 909 1242">
    <p class='ocr_par' dir='ltr' id='par_1_26' title="bbox 126 1205 909 1242">
     <span class='ocr_line' id='line_1_26' title="bbox 126 1205 909 1242; baseline 0.003 -10"><span class='ocrx_word' id='word_1_182' title='bbox 126 1205 294 1240; x_wconf 70' lang='lat' dir='ltr'><strong>significans,</strong></span> <span class='ocrx_word' id='word_1_183' title='bbox 311 1206 363 1233; x_wconf 91' lang='lat' dir='ltr'><strong>nisi</strong></span> <span class='ocrx_word' id='word_1_184' title='bbox 385 1214 482 1241; x_wconf 87' lang='lat' dir='ltr'><strong>panem</strong></span> <span class='ocrx_word' id='word_1_185' title='bbox 508 1207 585 1234; x_wconf 93' lang='lat' dir='ltr'><strong>illum</strong></span> <span class='ocrx_word' id='word_1_186' title='bbox 604 1207 705 1235; x_wconf 83' lang='lat' dir='ltr'><strong>Christi</strong></span> <span class='ocrx_word' id='word_1_187' title='bbox 722 1214 783 1234; x_wconf 88' lang='lat' dir='ltr'><strong>esse</strong></span> <span class='ocrx_word' id='word_1_188' title='bbox 799 1214 909 1242; x_wconf 90' lang='lat' dir='ltr'><strong>corpus,</strong></span> 
     </span>
    </p>
   </div>
   <div class='ocr_carea' id='block_1_27' title="bbox 127 1251 911 1288">
    <p class='ocr_par' dir='ltr' id='par_1_27' title="bbox 127 1251 911 1288">
     <span class='ocr_line' id='line_1_27' title="bbox 127 1251 911 1288; baseline 0.003 -12"><span class='ocrx_word' id='word_1_189' title='bbox 127 1255 154 1277; x_wconf 79' lang='lat' dir='ltr'><strong>ct</strong></span> <span class='ocrx_word' id='word_1_190' title='bbox 167 1251 241 1285; x_wconf 91' lang='lat' dir='ltr'><strong>quod</strong></span> <span class='ocrx_word' id='word_1_191' title='bbox 257 1251 284 1277; x_wconf 91' lang='lat' dir='ltr'><strong>in</strong></span> <span class='ocrx_word' id='word_1_192' title='bbox 300 1252 384 1278; x_wconf 82' lang='lat' dir='ltr'><strong>calice</strong></span> <span class='ocrx_word' id='word_1_193' title='bbox 402 1256 455 1284; x_wconf 90' lang='lat' dir='ltr'><strong>est,</strong></span> <span class='ocrx_word' id='word_1_194' title='bbox 472 1259 533 1279; x_wconf 86' lang='lat' dir='ltr'><strong>esse</strong></span> <span class='ocrx_word' id='word_1_195' title='bbox 550 1252 712 1288; x_wconf 74' lang='lat' dir='ltr'><strong>sanguinem</strong></span> <span class='ocrx_word' id='word_1_196' title='bbox 727 1253 796 1288; x_wconf 86' lang='lat' dir='ltr'><strong>ejus,</strong></span> <span class='ocrx_word' id='word_1_197' title='bbox 817 1260 911 1286; x_wconf 85' lang='lat' dir='ltr'><strong>quem-</strong></span> 
     </span>
    </p>
   </div>
   <div class='ocr_carea' id='block_1_28' title="bbox 125 1296 912 1326">
    <p class='ocr_par' dir='ltr' id='par_1_28' title="bbox 125 1296 912 1326">
     <span class='ocr_line' id='line_1_28' title="bbox 125 1296 912 1326; baseline 0.003 -4"><span class='ocrx_word' id='word_1_198' title='bbox 125 1296 273 1323; x_wconf 88' lang='lat' dir='ltr'><strong>admodum</strong></span> <span class='ocrx_word' id='word_1_199' title='bbox 289 1297 381 1325; x_wconf 86' lang='lat' dir='ltr'><strong>verbis</strong></span> <span class='ocrx_word' id='word_1_200' title='bbox 397 1296 450 1324; x_wconf 85' lang='lat' dir='ltr'><strong>illis</strong></span> <span class='ocrx_word' id='word_1_201' title='bbox 461 1297 604 1325; x_wconf 85' lang='lat' dir='ltr'><strong>asseritur.</strong></span> <span class='ocrx_word' id='word_1_202' title='bbox 625 1298 658 1326; x_wconf 89' lang='lat' dir='ltr'><strong>Et</strong></span> <span class='ocrx_word' id='word_1_203' title='bbox 669 1298 727 1325; x_wconf 71' lang='lat' dir='ltr'><strong>haec</strong></span> <span class='ocrx_word' id='word_1_204' title='bbox 739 1305 804 1325; x_wconf 85' lang='lat' dir='ltr'><strong>sane</strong></span> <span class='ocrx_word' id='word_1_205' title='bbox 819 1304 912 1325; x_wconf 89' lang='lat' dir='ltr'><strong>osten-</strong></span> 
     </span>
    </p>
   </div>
   <div class='ocr_carea' id='block_1_29' title="bbox 125 1342 911 1376">
    <p class='ocr_par' dir='ltr' id='par_1_29' title="bbox 125 1342 911 1376">
     <span class='ocr_line' id='line_1_29' title="bbox 125 1342 911 1376; baseline 0.003 -8"><span class='ocrx_word' id='word_1_206' title='bbox 125 1342 194 1369; x_wconf 68' lang='lat' dir='ltr'><strong>dens</strong></span> <span class='ocrx_word' id='word_1_207' title='bbox 214 1342 345 1374; x_wconf 77' lang='lat' dir='ltr'><strong>diaconus</strong></span> <span class='ocrx_word' id='word_1_208' title='bbox 357 1351 411 1370; x_wconf 91' lang='lat' dir='ltr'><strong>non</strong></span> <span class='ocrx_word' id='word_1_209' title='bbox 426 1344 570 1376; x_wconf 88' lang='lat' dir='ltr'><strong>mentitur,</strong></span> <span class='ocrx_word' id='word_1_210' title='bbox 584 1348 613 1371; x_wconf 89' lang='lat' dir='ltr'><strong>et</strong></span> <span class='ocrx_word' id='word_1_211' title='bbox 630 1350 683 1371; x_wconf 90' lang='lat' dir='ltr'><strong>non</strong></span> <span class='ocrx_word' id='word_1_212' title='bbox 699 1344 834 1371; x_wconf 86' lang='lat' dir='ltr'><strong>mentiens</strong></span> <span class='ocrx_word' id='word_1_213' title='bbox 849 1351 911 1371; x_wconf 91' lang='lat' dir='ltr'><strong>cum</strong></span> 
     </span>
    </p>
   </div>
   <div class='ocr_carea' id='block_1_30' title="bbox 127 1388 911 1422">
    <p class='ocr_par' dir='ltr' id='par_1_30' title="bbox 127 1388 911 1422">
     <span class='ocr_line' id='line_1_30' title="bbox 127 1388 911 1422; baseline 0.003 -8"><span class='ocrx_word' id='word_1_214' title='bbox 127 1388 160 1415; x_wconf 89' lang='lat' dir='ltr'><strong>iis</strong></span> <span class='ocrx_word' id='word_1_215' title='bbox 175 1390 258 1416; x_wconf 81' lang='lat' dir='ltr'><strong>sentit</strong></span> <span class='ocrx_word' id='word_1_216' title='bbox 275 1389 322 1422; x_wconf 94' lang='lat' dir='ltr'><strong>qui</strong></span> <span class='ocrx_word' id='word_1_217' title='bbox 343 1389 399 1416; x_wconf 87' lang='lat' dir='ltr'><strong>sola</strong></span> <span class='ocrx_word' id='word_1_218' title='bbox 416 1389 523 1416; x_wconf 87' lang='lat' dir='ltr'><strong>Domini</strong></span> <span class='ocrx_word' id='word_1_219' title='bbox 546 1390 629 1417; x_wconf 89' lang='lat' dir='ltr'><strong>verba</strong></span> <span class='ocrx_word' id='word_1_220' title='bbox 643 1390 722 1416; x_wconf 89' lang='lat' dir='ltr'><strong>aiunt</strong></span> <span class='ocrx_word' id='word_1_221' title='bbox 737 1390 789 1417; x_wconf 89' lang='lat' dir='ltr'><strong>hoc</strong></span> <span class='ocrx_word' id='word_1_222' title='bbox 804 1397 911 1417; x_wconf 87' lang='lat' dir='ltr'><strong>sacrum</strong></span> 
     </span>
    </p>
   </div>
   <div class='ocr_carea' id='block_1_31' title="bbox 127 1433 913 1470">
    <p class='ocr_par' dir='ltr' id='par_1_31' title="bbox 127 1433 913 1470">
     <span class='ocr_line' id='line_1_31' title="bbox 127 1433 913 1470; baseline 0.001 -10"><span class='ocrx_word' id='word_1_223' title='bbox 127 1433 260 1467; x_wconf 86' lang='lat' dir='ltr'><strong>perlicere</strong></span> <span class='ocrx_word' id='word_1_224' title='bbox 287 1440 500 1462; x_wconf 76' lang='lat' dir='ltr'><strong>sacramentum.</strong></span> <span class='ocrx_word' id='word_1_225' title='bbox 520 1435 615 1470; x_wconf 82' lang='lat' dir='ltr'><strong>Neque</strong></span> <span class='ocrx_word' id='word_1_226' title='bbox 633 1435 706 1462; x_wconf 91' lang='lat' dir='ltr'><strong>enim</strong></span> <span class='ocrx_word' id='word_1_227' title='bbox 726 1434 830 1462; x_wconf 80' lang='lat' dir='ltr'><strong>frustra</strong></span> <span class='ocrx_word' id='word_1_228' title='bbox 845 1436 913 1462; x_wconf 86' lang='lat' dir='ltr'><strong>tales</strong></span> 
     </span>
    </p>
   </div>
   <div class='ocr_carea' id='block_1_32' title="bbox 127 1480 912 1516">
    <p class='ocr_par' dir='ltr' id='par_1_32' title="bbox 127 1480 912 1516">
     <span class='ocr_line' id='line_1_32' title="bbox 127 1480 912 1516; baseline 0.003 -9"><span class='ocrx_word' id='word_1_229' title='bbox 127 1480 259 1507; x_wconf 70' lang='lat' dir='ltr'><strong>instituta:</strong></span> <span class='ocrx_word' id='word_1_230' title='bbox 273 1485 337 1508; x_wconf 85' lang='lat' dir='ltr'><strong>sunt</strong></span> <span class='ocrx_word' id='word_1_231' title='bbox 347 1481 380 1508; x_wconf 85' lang='lat' dir='ltr'><strong>ab</strong></span> <span class='ocrx_word' id='word_1_232' title='bbox 391 1481 514 1509; x_wconf 85' lang='lat' dir='ltr'><strong>Ecclesia</strong></span> <span class='ocrx_word' id='word_1_233' title='bbox 526 1482 707 1508; x_wconf 67' lang='lat' dir='ltr'><strong>caeremoniae.</strong></span> <span class='ocrx_word' id='word_1_234' title='bbox 721 1481 789 1508; x_wconf 92' lang='lat' dir='ltr'><strong>Illud</strong></span> <span class='ocrx_word' id='word_1_235' title='bbox 800 1489 912 1516; x_wconf 89' lang='lat' dir='ltr'><strong>quoque</strong></span> 
     </span>
    </p>
   </div>
   <div class='ocr_carea' id='block_1_33' title="bbox 127 1527 949 1573">
    <p class='ocr_par' dir='ltr' id='par_1_33' title="bbox 127 1527 949 1573">
     <span class='ocr_line' id='line_1_33' title="bbox 127 1527 949 1573; baseline 0.002 -20"><span class='ocrx_word' id='word_1_236' title='bbox 127 1527 199 1554; x_wconf 89' lang='lat' dir='ltr'><strong>haud</strong></span> <span class='ocrx_word' id='word_1_237' title='bbox 226 1527 455 1554; x_wconf 77' lang='lat' dir='ltr'><strong>contemnendum</strong></span> <span class='ocrx_word' id='word_1_238' title='bbox 472 1528 592 1558; x_wconf 89' lang='lat' dir='ltr'><strong>videtur,</strong></span> <span class='ocrx_word' id='word_1_239' title='bbox 615 1527 688 1562; x_wconf 90' lang='lat' dir='ltr'><strong>quod</strong></span> <span class='ocrx_word' id='word_1_240' title='bbox 713 1535 776 1554; x_wconf 89' lang='lat' dir='ltr'><strong>cum</strong></span> <span class='ocrx_word' id='word_1_241' title='bbox 797 1528 852 1554; x_wconf 90' lang='lat' dir='ltr'><strong>duo</strong></span> <span class='ocrx_word' id='word_1_242' title='bbox 872 1536 949 1573; x_wconf 77' lang='lat' dir='ltr'><strong>sa~c</strong></span> 
     </span>
    </p>
   </div>
   <div class='ocr_carea' id='block_1_34' title="bbox 125 1573 912 1607">
    <p class='ocr_par' dir='ltr' id='par_1_34' title="bbox 125 1573 912 1607">
     <span class='ocr_line' id='line_1_34' title="bbox 125 1573 912 1607; baseline 0.001 -8"><span class='ocrx_word' id='word_1_243' title='bbox 125 1577 266 1600; x_wconf 86' lang='lat' dir='ltr'><strong>cramenta</strong></span> <span class='ocrx_word' id='word_1_244' title='bbox 283 1573 362 1600; x_wconf 85' lang='lat' dir='ltr'><strong>nobis</strong></span> <span class='ocrx_word' id='word_1_245' title='bbox 377 1581 392 1600; x_wconf 87' lang='lat' dir='ltr'><strong>a</strong></span> <span class='ocrx_word' id='word_1_246' title='bbox 409 1573 550 1601; x_wconf 88' lang='lat' dir='ltr'><strong>Salvatore</strong></span> <span class='ocrx_word' id='word_1_247' title='bbox 567 1574 664 1601; x_wconf 88' lang='lat' dir='ltr'><strong>tradita</strong></span> <span class='ocrx_word' id='word_1_248' title='bbox 680 1573 793 1604; x_wconf 83' lang='lat' dir='ltr'><strong>fuerint,</strong></span> <span class='ocrx_word' id='word_1_249' title='bbox 807 1573 912 1607; x_wconf 91' lang='lat' dir='ltr'><strong>baptis-</strong></span> 
     </span>
    </p>
   </div>
   <div class='ocr_carea' id='block_1_35' title="bbox 128 1619 913 1654">
    <p class='ocr_par' dir='ltr' id='par_1_35' title="bbox 128 1619 913 1654">
     <span class='ocr_line' id='line_1_35' title="bbox 128 1619 913 1654; baseline 0.001 -9"><span class='ocrx_word' id='word_1_250' title='bbox 128 1626 189 1645; x_wconf 84' lang='lat' dir='ltr'><strong>mus</strong></span> <span class='ocrx_word' id='word_1_251' title='bbox 220 1619 445 1652; x_wconf 82' lang='lat' dir='ltr'><strong>etEucbaristia,</strong></span> <span class='ocrx_word' id='word_1_252' title='bbox 464 1626 611 1654; x_wconf 89' lang='lat' dir='ltr'><strong>utrumque</strong></span> <span class='ocrx_word' id='word_1_253' title='bbox 627 1620 718 1647; x_wconf 82' lang='lat' dir='ltr'><strong>verbis</strong></span> <span class='ocrx_word' id='word_1_254' title='bbox 738 1620 795 1647; x_wconf 81' lang='lat' dir='ltr'><strong>suis</strong></span> <span class='ocrx_word' id='word_1_255' title='bbox 815 1619 913 1646; x_wconf 87' lang='lat' dir='ltr'><strong>conﬁci</strong></span> 
     </span>
    </p>
   </div>
   <div class='ocr_carea' id='block_1_36' title="bbox 124 1665 913 1700">
    <p class='ocr_par' dir='ltr' id='par_1_36' title="bbox 124 1665 913 1700">
     <span class='ocr_line' id='line_1_36' title="bbox 124 1665 913 1700; baseline 0 -8"><span class='ocrx_word' id='word_1_256' title='bbox 124 1665 216 1699; x_wconf 86' lang='lat' dir='ltr'><strong>jussit.</strong></span> <span class='ocrx_word' id='word_1_257' title='bbox 245 1665 352 1692; x_wconf 83' lang='lat' dir='ltr'><strong>Etenim</strong></span> <span class='ocrx_word' id='word_1_258' title='bbox 378 1665 550 1700; x_wconf 87' lang='lat' dir='ltr'><strong>baptismus,</strong></span> <span class='ocrx_word' id='word_1_259' title='bbox 573 1665 806 1700; x_wconf 87' lang='lat' dir='ltr'><strong>quemadmodum</strong></span> <span class='ocrx_word' id='word_1_260' title='bbox 833 1673 913 1700; x_wconf 81' lang='lat' dir='ltr'><strong>Supra</strong></span> 
     </span>
    </p>
   </div>
   <div class='ocr_carea' id='block_1_37' title="bbox 127 1710 915 1746">
    <p class='ocr_par' dir='ltr' id='par_1_37' title="bbox 127 1710 915 1746">
     <span class='ocr_line' id='line_1_37' title="bbox 127 1710 915 1746; baseline 0.003 -9"><span class='ocrx_word' id='word_1_261' title='bbox 127 1711 349 1743; x_wconf 82' lang='lat' dir='ltr'><strong>memoravimus,</strong></span> <span class='ocrx_word' id='word_1_262' title='bbox 375 1719 424 1744; x_wconf 87' lang='lat' dir='ltr'><strong>per</strong></span> <span class='ocrx_word' id='word_1_263' title='bbox 440 1712 522 1738; x_wconf 87' lang='lat' dir='ltr'><strong>verba</strong></span> <span class='ocrx_word' id='word_1_264' title='bbox 539 1711 584 1738; x_wconf 90' lang='lat' dir='ltr'><strong>illa</strong></span> <span class='ocrx_word' id='word_1_265' title='bbox 602 1710 758 1743; x_wconf 83' lang='lat' dir='ltr'><strong>conﬁcitur.</strong></span> <span class='ocrx_word' id='word_1_266' title='bbox 774 1710 915 1746; x_wconf 75' lang='lat' dir='ltr'><strong>Baptizatc</strong></span> 
     </span>
    </p>
   </div>
   <div class='ocr_carea' id='block_1_38' title="bbox 125 1756 912 1790">
    <p class='ocr_par' dir='ltr' id='par_1_38' title="bbox 125 1756 912 1790">
     <span class='ocr_line' id='line_1_38' title="bbox 125 1756 912 1790; baseline 0.003 -8"><span class='ocrx_word' id='word_1_267' title='bbox 125 1765 170 1783; x_wconf 75' lang='lat' dir='ltr'><strong>cos</strong></span> <span class='ocrx_word' id='word_1_268' title='bbox 192 1758 220 1782; x_wconf 87' lang='lat' dir='ltr'><strong>in</strong></span> <span class='ocrx_word' id='word_1_269' title='bbox 241 1758 345 1783; x_wconf 80' lang='lat' dir='ltr'><strong>nomine</strong></span> <span class='ocrx_word' id='word_1_270' title='bbox 369 1756 473 1789; x_wconf 75' lang='lat' dir='ltr'><strong>Patris,</strong></span> <span class='ocrx_word' id='word_1_271' title='bbox 499 1761 524 1783; x_wconf 77' lang='lat' dir='ltr'><strong>et</strong></span> <span class='ocrx_word' id='word_1_272' title='bbox 549 1756 626 1786; x_wconf 81' lang='lat' dir='ltr'><strong>Filii.</strong></span> <span class='ocrx_word' id='word_1_273' title='bbox 640 1761 665 1783; x_wconf 78' lang='lat' dir='ltr'><strong>et</strong></span> <span class='ocrx_word' id='word_1_274' title='bbox 680 1756 794 1790; x_wconf 74' lang='lat' dir='ltr'><strong>Spiritus</strong></span> <span class='ocrx_word' id='word_1_275' title='bbox 816 1758 912 1784; x_wconf 73' lang='lat' dir='ltr'><strong>sancti.</strong></span> 
     </span>
    </p>
   </div>
   <div class='ocr_carea' id='block_1_39' title="bbox 124 1801 908 1836">
    <p class='ocr_par' dir='ltr' id='par_1_39' title="bbox 124 1801 908 1836">
     <span class='ocr_line' id='line_1_39' title="bbox 124 1801 908 1836; baseline 0.003 -8"><span class='ocrx_word' id='word_1_276' title='bbox 124 1801 212 1836; x_wconf 82' lang='lat' dir='ltr'><strong>Cujus</strong></span> <span class='ocrx_word' id='word_1_277' title='bbox 236 1802 291 1828; x_wconf 86' lang='lat' dir='ltr'><strong>rei-</strong></span> <span class='ocrx_word' id='word_1_278' title='bbox 307 1802 496 1830; x_wconf 77' lang='lat' dir='ltr'><strong>testimOninm</strong></span> <span class='ocrx_word' id='word_1_279' title='bbox 522 1807 583 1835; x_wconf 87' lang='lat' dir='ltr'><strong>est,</strong></span> <span class='ocrx_word' id='word_1_280' title='bbox 609 1803 682 1836; x_wconf 90' lang='lat' dir='ltr'><strong>quod</strong></span> <span class='ocrx_word' id='word_1_281' title='bbox 699 1802 796 1830; x_wconf 84' lang='lat' dir='ltr'><strong>Patres</strong></span> <span class='ocrx_word' id='word_1_282' title='bbox 820 1803 908 1830; x_wconf 87' lang='lat' dir='ltr'><strong>nostri</strong></span> 
     </span>
    </p>
   </div>
   <div class='ocr_carea' id='block_1_40' title="bbox 125 1847 914 1883">
    <p class='ocr_par' dir='ltr' id='par_1_40' title="bbox 125 1847 914 1883">
     <span class='ocr_line' id='line_1_40' title="bbox 125 1847 914 1883; baseline 0.004 -10"><span class='ocrx_word' id='word_1_283' title='bbox 125 1847 213 1874; x_wconf 85' lang='lat' dir='ltr'><strong>sancti</strong></span> <span class='ocrx_word' id='word_1_284' title='bbox 231 1847 356 1875; x_wconf 80' lang='lat' dir='ltr'><strong>Ecclesiae</strong></span> <span class='ocrx_word' id='word_1_285' title='bbox 369 1848 496 1875; x_wconf 91' lang='lat' dir='ltr'><strong>doctores</strong></span> <span class='ocrx_word' id='word_1_286' title='bbox 512 1849 559 1883; x_wconf 89' lang='lat' dir='ltr'><strong>qui</strong></span> <span class='ocrx_word' id='word_1_287' title='bbox 578 1853 743 1881; x_wconf 83' lang='lat' dir='ltr'><strong>statuerunt,</strong></span> <span class='ocrx_word' id='word_1_288' title='bbox 756 1849 866 1883; x_wconf 87' lang='lat' dir='ltr'><strong>quinam</strong></span> <span class='ocrx_word' id='word_1_289' title='bbox 881 1857 914 1876; x_wconf 85' lang='lat' dir='ltr'><strong>ex</strong></span> 
     </span>
    </p>
   </div>
   <div class='ocr_carea' id='block_1_41' title="bbox 127 1892 915 1927">
    <p class='ocr_par' dir='ltr' id='par_1_41' title="bbox 127 1892 915 1927">
     <span class='ocr_line' id='line_1_41' title="bbox 127 1892 915 1927; baseline 0.001 -8"><span class='ocrx_word' id='word_1_290' title='bbox 127 1893 162 1920; x_wconf 91' lang='lat' dir='ltr'><strong>iis</strong></span> <span class='ocrx_word' id='word_1_291' title='bbox 177 1892 224 1927; x_wconf 89' lang='lat' dir='ltr'><strong>qui</strong></span> <span class='ocrx_word' id='word_1_292' title='bbox 237 1893 270 1920; x_wconf 89' lang='lat' dir='ltr'><strong>ab</strong></span> <span class='ocrx_word' id='word_1_293' title='bbox 286 1893 422 1920; x_wconf 66' lang='lat' dir='ltr'><strong>haereticis</strong></span> <span class='ocrx_word' id='word_1_294' title='bbox 441 1893 474 1920; x_wconf 73' lang='lat' dir='ltr'><strong>ad</strong></span> <span class='ocrx_word' id='word_1_295' title='bbox 490 1893 653 1920; x_wconf 84' lang='lat' dir='ltr'><strong>catholicam</strong></span> <span class='ocrx_word' id='word_1_296' title='bbox 670 1898 846 1920; x_wconf 83' lang='lat' dir='ltr'><strong>revertuntur</strong></span> <span class='ocrx_word' id='word_1_297' title='bbox 862 1894 915 1920; x_wconf 85' lang='lat' dir='ltr'><strong>Ec-</strong></span> 
     </span>
    </p>
   </div>
   <div class='ocr_carea' id='block_1_42' title="bbox 126 1938 916 1973">
    <p class='ocr_par' dir='ltr' id='par_1_42' title="bbox 126 1938 916 1973">
     <span class='ocr_line' id='line_1_42' title="bbox 126 1938 916 1973; baseline 0 -8"><span class='ocrx_word' id='word_1_298' title='bbox 126 1939 252 1971; x_wconf 81' lang='lat' dir='ltr'><strong>clesiam,</strong></span> <span class='ocrx_word' id='word_1_299' title='bbox 265 1938 454 1973; x_wconf 82' lang='lat' dir='ltr'><strong>rcbaptizaudi</strong></span> <span class='ocrx_word' id='word_1_300' title='bbox 473 1940 540 1969; x_wconf 82' lang='lat' dir='ltr'><strong>sint.</strong></span> <span class='ocrx_word' id='word_1_301' title='bbox 556 1939 601 1973; x_wconf 87' lang='lat' dir='ltr'><strong>qui</strong></span> <span class='ocrx_word' id='word_1_302' title='bbox 620 1947 674 1966; x_wconf 93' lang='lat' dir='ltr'><strong>non</strong></span> <span class='ocrx_word' id='word_1_303' title='bbox 690 1947 737 1966; x_wconf 89' lang='lat' dir='ltr'><strong>eos</strong></span> <span class='ocrx_word' id='word_1_304' title='bbox 752 1939 823 1966; x_wconf 87' lang='lat' dir='ltr'><strong>haud</strong></span> <span class='ocrx_word' id='word_1_305' title='bbox 836 1939 916 1966; x_wconf 87' lang='lat' dir='ltr'><strong>reba-</strong></span> 
     </span>
    </p>
   </div>
   <div class='ocr_carea' id='block_1_43' title="bbox 127 1985 912 2021">
    <p class='ocr_par' dir='ltr' id='par_1_43' title="bbox 127 1985 912 2021">
     <span class='ocr_line' id='line_1_43' title="bbox 127 1985 912 2021; baseline -0.001 -8"><span class='ocrx_word' id='word_1_306' title='bbox 127 1987 271 2021; x_wconf 86' lang='lat' dir='ltr'><strong>ptizandos</strong></span> <span class='ocrx_word' id='word_1_307' title='bbox 290 1993 351 2013; x_wconf 89' lang='lat' dir='ltr'><strong>esse</strong></span> <span class='ocrx_word' id='word_1_308' title='bbox 373 1990 500 2016; x_wconf 88' lang='lat' dir='ltr'><strong>censent,</strong></span> <span class='ocrx_word' id='word_1_309' title='bbox 524 1985 572 2020; x_wconf 89' lang='lat' dir='ltr'><strong>qui</strong></span> <span class='ocrx_word' id='word_1_310' title='bbox 589 1985 616 2012; x_wconf 91' lang='lat' dir='ltr'><strong>in</strong></span> <span class='ocrx_word' id='word_1_311' title='bbox 635 1985 746 2012; x_wconf 88' lang='lat' dir='ltr'><strong>nomine</strong></span> <span class='ocrx_word' id='word_1_312' title='bbox 768 1985 912 2012; x_wconf 84' lang='lat' dir='ltr'><strong>Trinitatis</strong></span> 
     </span>
    </p>
   </div>
   <div class='ocr_carea' id='block_1_44' title="bbox 126 2031 914 2066">
    <p class='ocr_par' dir='ltr' id='par_1_44' title="bbox 126 2031 914 2066">
     <span class='ocr_line' id='line_1_44' title="bbox 126 2031 914 2066; baseline -0.004 -6"><span class='ocrx_word' id='word_1_313' title='bbox 126 2033 211 2060; x_wconf 87' lang='lat' dir='ltr'><strong>semel</strong></span> <span class='ocrx_word' id='word_1_314' title='bbox 227 2033 329 2060; x_wconf 81' lang='lat' dir='ltr'><strong>fuerint</strong></span> <span class='ocrx_word' id='word_1_315' title='bbox 345 2032 484 2066; x_wconf 85' lang='lat' dir='ltr'><strong>baptizati.</strong></span> <span class='ocrx_word' id='word_1_316' title='bbox 494 2031 572 2064; x_wconf 85' lang='lat' dir='ltr'><strong>Quod</strong></span> <span class='ocrx_word' id='word_1_317' title='bbox 583 2032 665 2058; x_wconf 91' lang='lat' dir='ltr'><strong>etiam</strong></span> <span class='ocrx_word' id='word_1_318' title='bbox 679 2031 820 2066; x_wconf 84' lang='lat' dir='ltr'><strong>expositor</strong></span> <span class='ocrx_word' id='word_1_319' title='bbox 833 2039 914 2066; x_wconf 87' lang='lat' dir='ltr'><strong>syno-</strong></span> 
     </span>
    </p>
   </div>
   <div class='ocr_carea' id='block_1_45' title="bbox 128 2077 914 2112">
    <p class='ocr_par' dir='ltr' id='par_1_45' title="bbox 128 2077 914 2112">
     <span class='ocr_line' id='line_1_45' title="bbox 128 2077 914 2112; baseline -0.004 -6"><span class='ocrx_word' id='word_1_320' title='bbox 128 2080 232 2106; x_wconf 88' lang='lat' dir='ltr'><strong>dalium</strong></span> <span class='ocrx_word' id='word_1_321' title='bbox 248 2086 384 2105; x_wconf 86' lang='lat' dir='ltr'><strong>canonum</strong></span> <span class='ocrx_word' id='word_1_322' title='bbox 403 2078 474 2112; x_wconf 86' lang='lat' dir='ltr'><strong>apud</strong></span> <span class='ocrx_word' id='word_1_323' title='bbox 491 2079 601 2106; x_wconf 64' lang='lat' dir='ltr'><strong>Graecos</strong></span> <span class='ocrx_word' id='word_1_324' title='bbox 614 2077 723 2105; x_wconf 87' lang='lat' dir='ltr'><strong>videtur</strong></span> <span class='ocrx_word' id='word_1_325' title='bbox 740 2077 914 2105; x_wconf 89' lang='lat' dir='ltr'><strong>conﬁrmare.</strong></span> 
     </span>
    </p>
   </div>
   <div class='ocr_carea' id='block_1_46' title="bbox 131 2124 913 2160">
    <p class='ocr_par' dir='ltr' id='par_1_46' title="bbox 131 2124 913 2160">
     <span class='ocr_line' id='line_1_46' title="bbox 131 2124 913 2160; baseline -0.003 -9"><span class='ocrx_word' id='word_1_326' title='bbox 131 2126 156 2152; x_wconf 97' lang='lat' dir='ltr'><strong>ls</strong></span> <span class='ocrx_word' id='word_1_327' title='bbox 180 2126 253 2152; x_wconf 88' lang='lat' dir='ltr'><strong>enim</strong></span> <span class='ocrx_word' id='word_1_328' title='bbox 278 2126 306 2152; x_wconf 94' lang='lat' dir='ltr'><strong>in</strong></span> <span class='ocrx_word' id='word_1_329' title='bbox 329 2125 539 2160; x_wconf 79' lang='lat' dir='ltr'><strong>quadragesimo</strong></span> <span class='ocrx_word' id='word_1_330' title='bbox 568 2124 687 2159; x_wconf 89' lang='lat' dir='ltr'><strong>septimo</strong></span> <span class='ocrx_word' id='word_1_331' title='bbox 724 2124 913 2158; x_wconf 86' lang='lat' dir='ltr'><strong>apostolorum</strong></span> 
     </span>
    </p>
   </div>
   <div class='ocr_carea' id='block_1_47' title="bbox 129 2170 912 2205">
    <p class='ocr_par' dir='ltr' id='par_1_47' title="bbox 129 2170 912 2205">
     <span class='ocr_line' id='line_1_47' title="bbox 129 2170 912 2205; baseline -0.004 -7"><span class='ocrx_word' id='word_1_332' title='bbox 129 2179 234 2198; x_wconf 80' lang='lat' dir='ltr'><strong>canone</strong></span> <span class='ocrx_word' id='word_1_333' title='bbox 258 2171 296 2198; x_wconf 86' lang='lat' dir='ltr'><strong>ita</strong></span> <span class='ocrx_word' id='word_1_334' title='bbox 320 2171 408 2205; x_wconf 82' lang='lat' dir='ltr'><strong>inquit</strong></span> <span class='ocrx_word' id='word_1_335' title='bbox 425 2171 513 2197; x_wconf 76' lang='lat' dir='ltr'><strong>:Vere</strong></span> <span class='ocrx_word' id='word_1_336' title='bbox 543 2171 698 2205; x_wconf 80' lang='lat' dir='ltr'><strong>baptizatur</strong></span> <span class='ocrx_word' id='word_1_337' title='bbox 719 2170 829 2204; x_wconf 82' lang='lat' dir='ltr'><strong>aliquis,</strong></span> <span class='ocrx_word' id='word_1_338' title='bbox 852 2177 912 2196; x_wconf 89' lang='lat' dir='ltr'><strong>cum</strong></span> 
     </span>
    </p>
   </div>
   <div class='ocr_carea' id='block_1_48' title="bbox 952 247 1736 283">
    <p class='ocr_par' dir='ltr' id='par_1_48' title="bbox 952 247 1736 283">
     <span class='ocr_line' id='line_1_48' title="bbox 952 247 1736 283; baseline -0.009 -6"><span class='ocrx_word' id='word_1_339' title='bbox 952 257 1000 277; x_wconf 82' lang='lat' dir='ltr'><strong>nes</strong></span> <span class='ocrx_word' id='word_1_340' title='bbox 1027 255 1091 277; x_wconf 87' lang='lat' dir='ltr'><strong>sunt</strong></span> <span class='ocrx_word' id='word_1_341' title='bbox 1113 250 1219 280; x_wconf 76' lang='lat' dir='ltr'><strong>eadem,</strong></span> <span class='ocrx_word' id='word_1_342' title='bbox 1233 249 1305 283; x_wconf 76' lang='lat' dir='ltr'><strong>quod</strong></span> <span class='ocrx_word' id='word_1_343' title='bbox 1329 248 1439 274; x_wconf 73' lang='lat' dir='ltr'><strong>minime</strong></span> <span class='ocrx_word' id='word_1_344' title='bbox 1453 247 1555 274; x_wconf 80' lang='lat' dir='ltr'><strong>habent</strong></span> <span class='ocrx_word' id='word_1_345' title='bbox 1581 249 1736 272; x_wconf 85' lang='lat' dir='ltr'><strong>sanctorum</strong></span> 
     </span>
    </p>
   </div>
   <div class='ocr_carea' id='block_1_49' title="bbox 953 291 1737 331">
    <p class='ocr_par' dir='ltr' id='par_1_49' title="bbox 953 291 1737 331">
     <span class='ocr_line' id='line_1_49' title="bbox 953 291 1737 331; baseline -0.008 -9"><span class='ocrx_word' id='word_1_346' title='bbox 953 303 1058 331; x_wconf 54' lang='lat' dir='ltr'><strong>prcccs,</strong></span> <span class='ocrx_word' id='word_1_347' title='bbox 1072 303 1133 322; x_wconf 90' lang='lat' dir='ltr'><strong>cum</strong></span> <span class='ocrx_word' id='word_1_348' title='bbox 1150 296 1233 322; x_wconf 83' lang='lat' dir='ltr'><strong>aliter</strong></span> <span class='ocrx_word' id='word_1_349' title='bbox 1250 299 1277 320; x_wconf 94' lang='lat' dir='ltr'><strong>ct</strong></span> <span class='ocrx_word' id='word_1_350' title='bbox 1291 294 1370 320; x_wconf 82' lang='lat' dir='ltr'><strong>aliter</strong></span> <span class='ocrx_word' id='word_1_351' title='bbox 1387 297 1414 320; x_wconf 86' lang='lat' dir='ltr'><strong>et</strong></span> <span class='ocrx_word' id='word_1_352' title='bbox 1429 292 1489 319; x_wconf 87' lang='lat' dir='ltr'><strong>aliis</strong></span> <span class='ocrx_word' id='word_1_353' title='bbox 1504 297 1586 326; x_wconf 85' lang='lat' dir='ltr'><strong>atque</strong></span> <span class='ocrx_word' id='word_1_354' title='bbox 1601 291 1662 317; x_wconf 81' lang='lat' dir='ltr'><strong>aliis</strong></span> <span class='ocrx_word' id='word_1_355' title='bbox 1679 298 1737 316; x_wconf 83' lang='lat' dir='ltr'><strong>ver-</strong></span> 
     </span>
    </p>
   </div>
   <div class='ocr_carea' id='block_1_50' title="bbox 955 335 1738 375">
    <p class='ocr_par' dir='ltr' id='par_1_50' title="bbox 955 335 1738 375">
     <span class='ocr_line' id='line_1_50' title="bbox 955 335 1738 375; baseline -0.009 -7"><span class='ocrx_word' id='word_1_356' title='bbox 955 342 997 369; x_wconf 91' lang='lat' dir='ltr'><strong>bis</strong></span> <span class='ocrx_word' id='word_1_357' title='bbox 1015 342 1114 368; x_wconf 83' lang='lat' dir='ltr'><strong>diversi</strong></span> <span class='ocrx_word' id='word_1_358' title='bbox 1132 341 1298 375; x_wconf 88' lang='lat' dir='ltr'><strong>supplicent.</strong></span> <span class='ocrx_word' id='word_1_359' title='bbox 1318 339 1396 366; x_wconf 84' lang='lat' dir='ltr'><strong>liunc</strong></span> <span class='ocrx_word' id='word_1_360' title='bbox 1414 338 1524 365; x_wconf 84' lang='lat' dir='ltr'><strong>modum</strong></span> <span class='ocrx_word' id='word_1_361' title='bbox 1541 342 1569 364; x_wconf 88' lang='lat' dir='ltr'><strong>et</strong></span> <span class='ocrx_word' id='word_1_362' title='bbox 1587 335 1704 370; x_wconf 86' lang='lat' dir='ltr'><strong>apostoli</strong></span> <span class='ocrx_word' id='word_1_363' title='bbox 1722 344 1738 362; x_wconf 88' lang='lat' dir='ltr'><strong>a</strong></span> 
     </span>
    </p>
   </div>
   <div class='ocr_carea' id='block_1_51' title="bbox 957 381 1740 419">
    <p class='ocr_par' dir='ltr' id='par_1_51' title="bbox 957 381 1740 419">
     <span class='ocr_line' id='line_1_51' title="bbox 957 381 1740 419; baseline -0.01 -4"><span class='ocrx_word' id='word_1_364' title='bbox 957 389 1109 419; x_wconf 84' lang='lat' dir='ltr'><strong>Salvatore.</strong></span> <span class='ocrx_word' id='word_1_365' title='bbox 1124 392 1152 413; x_wconf 93' lang='lat' dir='ltr'><strong>ut</strong></span> <span class='ocrx_word' id='word_1_366' title='bbox 1167 386 1334 414; x_wconf 89' lang='lat' dir='ltr'><strong>credendum</strong></span> <span class='ocrx_word' id='word_1_367' title='bbox 1352 390 1406 418; x_wconf 87' lang='lat' dir='ltr'><strong>est,</strong></span> <span class='ocrx_word' id='word_1_368' title='bbox 1417 390 1444 413; x_wconf 88' lang='lat' dir='ltr'><strong>et</strong></span> <span class='ocrx_word' id='word_1_369' title='bbox 1458 385 1491 411; x_wconf 90' lang='lat' dir='ltr'><strong>ab</strong></span> <span class='ocrx_word' id='word_1_370' title='bbox 1507 383 1638 419; x_wconf 85' lang='lat' dir='ltr'><strong>apostolis</strong></span> <span class='ocrx_word' id='word_1_371' title='bbox 1650 381 1740 409; x_wconf 85' lang='lat' dir='ltr'><strong>sancti</strong></span> 
     </span>
    </p>
   </div>
   <div class='ocr_carea' id='block_1_52' title="bbox 956 428 1739 468">
    <p class='ocr_par' dir='ltr' id='par_1_52' title="bbox 956 428 1739 468">
     <span class='ocr_line' id='line_1_52' title="bbox 956 428 1739 468; baseline -0.01 -8"><span class='ocrx_word' id='word_1_372' title='bbox 956 434 1049 460; x_wconf 82' lang='lat' dir='ltr'><strong>Patres</strong></span> <span class='ocrx_word' id='word_1_373' title='bbox 1064 437 1156 468; x_wconf 90' lang='lat' dir='ltr'><strong>postea</strong></span> <span class='ocrx_word' id='word_1_374' title='bbox 1170 436 1319 463; x_wconf 86' lang='lat' dir='ltr'><strong>sumentes,</strong></span> <span class='ocrx_word' id='word_1_375' title='bbox 1334 431 1360 457; x_wconf 93' lang='lat' dir='ltr'><strong>in</strong></span> <span class='ocrx_word' id='word_1_376' title='bbox 1374 430 1487 465; x_wconf 78' lang='lat' dir='ltr'><strong>singulis</strong></span> <span class='ocrx_word' id='word_1_377' title='bbox 1500 428 1630 456; x_wconf 71' lang='lat' dir='ltr'><strong>Ecclesia:</strong></span> <span class='ocrx_word' id='word_1_378' title='bbox 1644 434 1739 454; x_wconf 87' lang='lat' dir='ltr'><strong>sacra-</strong></span> 
     </span>
    </p>
   </div>
   <div class='ocr_carea' id='block_1_53' title="bbox 957 473 1741 512">
    <p class='ocr_par' dir='ltr' id='par_1_53' title="bbox 957 473 1741 512">
     <span class='ocr_line' id='line_1_53' title="bbox 957 473 1741 512; baseline -0.009 -7"><span class='ocrx_word' id='word_1_379' title='bbox 957 478 1069 509; x_wconf 77' lang='lat' dir='ltr'><strong>mentis,</strong></span> <span class='ocrx_word' id='word_1_380' title='bbox 1092 477 1321 512; x_wconf 85' lang='lat' dir='ltr'><strong>quemadmodum</strong></span> <span class='ocrx_word' id='word_1_381' title='bbox 1350 476 1490 503; x_wconf 80' lang='lat' dir='ltr'><strong>materiam</strong></span> <span class='ocrx_word' id='word_1_382' title='bbox 1517 475 1655 509; x_wconf 84' lang='lat' dir='ltr'><strong>propriam</strong></span> <span class='ocrx_word' id='word_1_383' title='bbox 1681 473 1741 499; x_wconf 87' lang='lat' dir='ltr'><strong>sine</strong></span> 
     </span>
    </p>
   </div>
   <div class='ocr_carea' id='block_1_54' title="bbox 958 519 1741 560">
    <p class='ocr_par' dir='ltr' id='par_1_54' title="bbox 958 519 1741 560">
     <span class='ocr_line' id='line_1_54' title="bbox 958 519 1741 560; baseline -0.006 -10"><span class='ocrx_word' id='word_1_384' title='bbox 958 532 1010 558; x_wconf 90' lang='lat' dir='ltr'><strong>qua</strong></span> <span class='ocrx_word' id='word_1_385' title='bbox 1031 524 1105 550; x_wconf 86' lang='lat' dir='ltr'><strong>nullo</strong></span> <span class='ocrx_word' id='word_1_386' title='bbox 1124 523 1206 550; x_wconf 87' lang='lat' dir='ltr'><strong>modo</strong></span> <span class='ocrx_word' id='word_1_387' title='bbox 1233 523 1308 550; x_wconf 87' lang='lat' dir='ltr'><strong>ﬁeret</strong></span> <span class='ocrx_word' id='word_1_388' title='bbox 1324 522 1396 557; x_wconf 87' lang='lat' dir='ltr'><strong>quod</strong></span> <span class='ocrx_word' id='word_1_389' title='bbox 1414 521 1587 556; x_wconf 82' lang='lat' dir='ltr'><strong>proponitur,</strong></span> <span class='ocrx_word' id='word_1_390' title='bbox 1606 520 1642 560; x_wconf 82' lang='lat' dir='ltr'><strong>ita</strong></span> <span class='ocrx_word' id='word_1_391' title='bbox 1659 519 1741 546; x_wconf 86' lang='lat' dir='ltr'><strong>etiam</strong></span> 
     </span>
    </p>
   </div>
   <div class='ocr_carea' id='block_1_55' title="bbox 958 566 1742 604">
    <p class='ocr_par' dir='ltr' id='par_1_55' title="bbox 958 566 1742 604">
     <span class='ocr_line' id='line_1_55' title="bbox 958 566 1742 604; baseline -0.006 -8"><span class='ocrx_word' id='word_1_392' title='bbox 958 571 1097 604; x_wconf 83' lang='lat' dir='ltr'><strong>propriam</strong></span> <span class='ocrx_word' id='word_1_393' title='bbox 1123 569 1236 596; x_wconf 82' lang='lat' dir='ltr'><strong>formam</strong></span> <span class='ocrx_word' id='word_1_394' title='bbox 1262 571 1431 596; x_wconf 77' lang='lat' dir='ltr'><strong>statuerunt.</strong></span> <span class='ocrx_word' id='word_1_395' title='bbox 1452 567 1509 594; x_wconf 81' lang='lat' dir='ltr'><strong>Hoc</strong></span> <span class='ocrx_word' id='word_1_396' title='bbox 1525 567 1660 594; x_wconf 87' lang='lat' dir='ltr'><strong>catholica</strong></span> <span class='ocrx_word' id='word_1_397' title='bbox 1680 566 1742 599; x_wconf 84' lang='lat' dir='ltr'><strong>qui-</strong></span> 
     </span>
    </p>
   </div>
   <div class='ocr_carea' id='block_1_56' title="bbox 958 611 1740 648">
    <p class='ocr_par' dir='ltr' id='par_1_56' title="bbox 958 611 1740 648">
     <span class='ocr_line' id='line_1_56' title="bbox 958 611 1740 648; baseline -0.004 -8"><span class='ocrx_word' id='word_1_398' title='bbox 958 615 1020 641; x_wconf 83' lang='lat' dir='ltr'><strong>deut</strong></span> <span class='ocrx_word' id='word_1_399' title='bbox 1035 615 1194 641; x_wconf 90' lang='lat' dir='ltr'><strong>Latinorum</strong></span> <span class='ocrx_word' id='word_1_400' title='bbox 1208 615 1328 641; x_wconf 82' lang='lat' dir='ltr'><strong>Ecclesia</strong></span> <span class='ocrx_word' id='word_1_401' title='bbox 1345 620 1430 648; x_wconf 91' lang='lat' dir='ltr'><strong>usque</strong></span> <span class='ocrx_word' id='word_1_402' title='bbox 1444 613 1471 640; x_wconf 91' lang='lat' dir='ltr'><strong>in</strong></span> <span class='ocrx_word' id='word_1_403' title='bbox 1489 617 1651 648; x_wconf 63' lang='lat' dir='ltr'><strong>praesentem</strong></span> <span class='ocrx_word' id='word_1_404' title='bbox 1668 611 1740 638; x_wconf 87' lang='lat' dir='ltr'><strong>diem</strong></span> 
     </span>
    </p>
   </div>
   <div class='ocr_carea' id='block_1_57' title="bbox 959 658 1743 693">
    <p class='ocr_par' dir='ltr' id='par_1_57' title="bbox 959 658 1743 693">
     <span class='ocr_line' id='line_1_57' title="bbox 959 658 1743 693; baseline -0.004 -8"><span class='ocrx_word' id='word_1_405' title='bbox 959 660 1095 686; x_wconf 80' lang='lat' dir='ltr'><strong>observat.</strong></span> <span class='ocrx_word' id='word_1_406' title='bbox 1111 660 1144 686; x_wconf 83' lang='lat' dir='ltr'><strong>Et</strong></span> <span class='ocrx_word' id='word_1_407' title='bbox 1160 660 1242 686; x_wconf 87' lang='lat' dir='ltr'><strong>verba</strong></span> <span class='ocrx_word' id='word_1_408' title='bbox 1261 659 1317 688; x_wconf 85' lang='lat' dir='ltr'><strong>illa,</strong></span> <span class='ocrx_word' id='word_1_409' title='bbox 1334 660 1435 693; x_wconf 87' lang='lat' dir='ltr'><strong>quibus</strong></span> <span class='ocrx_word' id='word_1_410' title='bbox 1450 658 1663 692; x_wconf 87' lang='lat' dir='ltr'><strong>unumquodque</strong></span> <span class='ocrx_word' id='word_1_411' title='bbox 1682 661 1743 683; x_wconf 83' lang='lat' dir='ltr'><strong>tau—</strong></span> 
     </span>
    </p>
   </div>
   <div class='ocr_carea' id='block_1_58' title="bbox 960 701 1743 740">
    <p class='ocr_par' dir='ltr' id='par_1_58' title="bbox 960 701 1743 740">
     <span class='ocr_line' id='line_1_58' title="bbox 960 701 1743 740; baseline -0.005 -8"><span class='ocrx_word' id='word_1_412' title='bbox 960 713 1039 738; x_wconf 81' lang='lat' dir='ltr'><strong>quam</strong></span> <span class='ocrx_word' id='word_1_413' title='bbox 1062 713 1109 740; x_wconf 87' lang='lat' dir='ltr'><strong>per</strong></span> <span class='ocrx_word' id='word_1_414' title='bbox 1131 705 1274 732; x_wconf 81' lang='lat' dir='ltr'><strong>materiam</strong></span> <span class='ocrx_word' id='word_1_415' title='bbox 1291 705 1443 739; x_wconf 90' lang='lat' dir='ltr'><strong>perﬁcitur,</strong></span> <span class='ocrx_word' id='word_1_416' title='bbox 1461 705 1527 731; x_wconf 93' lang='lat' dir='ltr'><strong>nulli</strong></span> <span class='ocrx_word' id='word_1_417' title='bbox 1543 711 1597 730; x_wconf 86' lang='lat' dir='ltr'><strong>non</strong></span> <span class='ocrx_word' id='word_1_418' title='bbox 1612 701 1743 729; x_wconf 83' lang='lat' dir='ltr'><strong>sacerdo-</strong></span> 
     </span>
    </p>
   </div>
   <div class='ocr_carea' id='block_1_59' title="bbox 961 747 1744 785">
    <p class='ocr_par' dir='ltr' id='par_1_59' title="bbox 961 747 1744 785">
     <span class='ocr_line' id='line_1_59' title="bbox 961 747 1744 785; baseline -0.005 -8"><span class='ocrx_word' id='word_1_419' title='bbox 961 756 1018 778; x_wconf 73' lang='lat' dir='ltr'><strong>tum</strong></span> <span class='ocrx_word' id='word_1_420' title='bbox 1035 752 1107 785; x_wconf 89' lang='lat' dir='ltr'><strong>apud</strong></span> <span class='ocrx_word' id='word_1_421' title='bbox 1123 759 1170 779; x_wconf 85' lang='lat' dir='ltr'><strong>eos</strong></span> <span class='ocrx_word' id='word_1_422' title='bbox 1191 751 1334 778; x_wconf 86' lang='lat' dir='ltr'><strong>notissima</strong></span> <span class='ocrx_word' id='word_1_423' title='bbox 1352 753 1426 777; x_wconf 87' lang='lat' dir='ltr'><strong>sunt.</strong></span> <span class='ocrx_word' id='word_1_424' title='bbox 1451 750 1542 777; x_wconf 83' lang='lat' dir='ltr'><strong>Nostri</strong></span> <span class='ocrx_word' id='word_1_425' title='bbox 1566 756 1644 780; x_wconf 87' lang='lat' dir='ltr'><strong>vero,</strong></span> <span class='ocrx_word' id='word_1_426' title='bbox 1659 747 1744 774; x_wconf 87' lang='lat' dir='ltr'><strong>multa</strong></span> 
     </span>
    </p>
   </div>
   <div class='ocr_carea' id='block_1_60' title="bbox 961 795 1744 832">
    <p class='ocr_par' dir='ltr' id='par_1_60' title="bbox 961 795 1744 832">
     <span class='ocr_line' id='line_1_60' title="bbox 961 795 1744 832; baseline -0.005 -9"><span class='ocrx_word' id='word_1_427' title='bbox 961 798 1012 824; x_wconf 88' lang='lat' dir='ltr'><strong>alia</strong></span> <span class='ocrx_word' id='word_1_428' title='bbox 1028 804 1089 831; x_wconf 68' lang='lat' dir='ltr'><strong>qua:</strong></span> <span class='ocrx_word' id='word_1_429' title='bbox 1112 798 1230 831; x_wconf 88' lang='lat' dir='ltr'><strong>primum</strong></span> <span class='ocrx_word' id='word_1_430' title='bbox 1248 798 1316 832; x_wconf 89' lang='lat' dir='ltr'><strong>apud</strong></span> <span class='ocrx_word' id='word_1_431' title='bbox 1344 802 1454 824; x_wconf 89' lang='lat' dir='ltr'><strong>nostros</strong></span> <span class='ocrx_word' id='word_1_432' title='bbox 1467 802 1557 822; x_wconf 90' lang='lat' dir='ltr'><strong>ortum</strong></span> <span class='ocrx_word' id='word_1_433' title='bbox 1574 795 1744 824; x_wconf 85' lang='lat' dir='ltr'><strong>habuerunt,</strong></span> 
     </span>
    </p>
   </div>
   <div class='ocr_carea' id='block_1_61' title="bbox 961 839 1746 879">
    <p class='ocr_par' dir='ltr' id='par_1_61' title="bbox 961 839 1746 879">
     <span class='ocr_line' id='line_1_61' title="bbox 961 839 1746 879; baseline -0.005 -11"><span class='ocrx_word' id='word_1_434' title='bbox 961 847 1073 876; x_wconf 82' lang='lat' dir='ltr'><strong>propter</strong></span> <span class='ocrx_word' id='word_1_435' title='bbox 1089 842 1259 870; x_wconf 85' lang='lat' dir='ltr'><strong>calamitates</strong></span> <span class='ocrx_word' id='word_1_436' title='bbox 1275 841 1428 879; x_wconf 80' lang='lat' dir='ltr'><strong>tempo&#39;rum</strong></span> <span class='ocrx_word' id='word_1_437' title='bbox 1445 841 1599 876; x_wconf 83' lang='lat' dir='ltr'><strong>perdidere,</strong></span> <span class='ocrx_word' id='word_1_438' title='bbox 1614 842 1649 866; x_wconf 90' lang='lat' dir='ltr'><strong>ita</strong></span> <span class='ocrx_word' id='word_1_439' title='bbox 1663 839 1746 866; x_wconf 87' lang='lat' dir='ltr'><strong>etiam</strong></span> 
     </span>
    </p>
   </div>
   <div class='ocr_carea' id='block_1_62' title="bbox 926 877 1743 921">
    <p class='ocr_par' dir='ltr' id='par_1_62' title="bbox 926 877 1743 921">
     <span class='ocr_line' id='line_1_62' title="bbox 926 877 1743 921; baseline -0.004 -7"><span class='ocrx_word' id='word_1_440' title='bbox 926 877 945 902; x_wconf 71' lang='grc' dir='ltr'><strong>Β</strong></span> <span class='ocrx_word' id='word_1_441' title='bbox 961 888 1059 914; x_wconf 89' lang='lat' dir='ltr'><strong>horum</strong></span> <span class='ocrx_word' id='word_1_442' title='bbox 1081 888 1182 915; x_wconf 91' lang='lat' dir='ltr'><strong>rituum</strong></span> <span class='ocrx_word' id='word_1_443' title='bbox 1200 893 1264 915; x_wconf 89' lang='lat' dir='ltr'><strong>sunt</strong></span> <span class='ocrx_word' id='word_1_444' title='bbox 1280 888 1371 915; x_wconf 89' lang='lat' dir='ltr'><strong>obliti.</strong></span> <span class='ocrx_word' id='word_1_445' title='bbox 1393 877 1469 921; x_wconf 85' lang='lat' dir='ltr'><strong>Quod</strong></span> <span class='ocrx_word' id='word_1_446' title='bbox 1494 887 1668 914; x_wconf 80' lang='lat' dir='ltr'><strong>manifestum</strong></span> <span class='ocrx_word' id='word_1_447' title='bbox 1687 885 1743 916; x_wconf 81' lang='lat' dir='ltr'><strong>ﬁci,</strong></span> 
     </span>
    </p>
   </div>
   <div class='ocr_carea' id='block_1_63' title="bbox 963 934 1746 968">
    <p class='ocr_par' dir='ltr' id='par_1_63' title="bbox 963 934 1746 968">
     <span class='ocr_line' id='line_1_63' title="bbox 963 934 1746 968; baseline -0.005 -7"><span class='ocrx_word' id='word_1_448' title='bbox 963 935 985 961; x_wconf 85' lang='lat' dir='ltr'><strong>si</strong></span> <span class='ocrx_word' id='word_1_449' title='bbox 1003 934 1064 968; x_wconf 88' lang='lat' dir='ltr'><strong>quis</strong></span> <span class='ocrx_word' id='word_1_450' title='bbox 1080 934 1113 961; x_wconf 91' lang='lat' dir='ltr'><strong>ad</strong></span> <span class='ocrx_word' id='word_1_451' title='bbox 1139 934 1299 962; x_wconf 90' lang='lat' dir='ltr'><strong>chrismatis</strong></span> <span class='ocrx_word' id='word_1_452' title='bbox 1321 939 1523 962; x_wconf 88' lang='lat' dir='ltr'><strong>sacramentum</strong></span> <span class='ocrx_word' id='word_1_453' title='bbox 1542 937 1660 959; x_wconf 83' lang='lat' dir='ltr'><strong>mentcm</strong></span> <span class='ocrx_word' id='word_1_454' title='bbox 1677 939 1746 958; x_wconf 88' lang='lat' dir='ltr'><strong>con-</strong></span> 
     </span>
    </p>
   </div>
   <div class='ocr_carea' id='block_1_64' title="bbox 964 976 1747 1012">
    <p class='ocr_par' dir='ltr' id='par_1_64' title="bbox 964 976 1747 1012">
     <span class='ocr_line' id='line_1_64' title="bbox 964 976 1747 1012; baseline -0.005 -6"><span class='ocrx_word' id='word_1_455' title='bbox 964 980 1086 1008; x_wconf 83' lang='lat' dir='ltr'><strong>verterit.</strong></span> <span class='ocrx_word' id='word_1_456' title='bbox 1099 980 1206 1008; x_wconf 87' lang='lat' dir='ltr'><strong>Etenim</strong></span> <span class='ocrx_word' id='word_1_457' title='bbox 1216 980 1336 1007; x_wconf 87' lang='lat' dir='ltr'><strong>secuuda</strong></span> <span class='ocrx_word' id='word_1_458' title='bbox 1348 980 1518 1008; x_wconf 70' lang='lat' dir='ltr'><strong>meumeniea</strong></span> <span class='ocrx_word' id='word_1_459' title='bbox 1529 978 1651 1012; x_wconf 86' lang='lat' dir='ltr'><strong>synodus</strong></span> <span class='ocrx_word' id='word_1_460' title='bbox 1665 976 1747 1003; x_wconf 87' lang='lat' dir='ltr'><strong>verba</strong></span> 
     </span>
    </p>
   </div>
   <div class='ocr_carea' id='block_1_65' title="bbox 962 1024 1750 1061">
    <p class='ocr_par' dir='ltr' id='par_1_65' title="bbox 962 1024 1750 1061">
     <span class='ocr_line' id='line_1_65' title="bbox 962 1024 1750 1061; baseline -0.003 -10"><span class='ocrx_word' id='word_1_461' title='bbox 962 1034 1022 1060; x_wconf 68' lang='lat' dir='ltr'><strong>quae</strong></span> <span class='ocrx_word' id='word_1_462' title='bbox 1040 1033 1148 1053; x_wconf 84' lang='lat' dir='ltr'><strong>sacrum</strong></span> <span class='ocrx_word' id='word_1_463' title='bbox 1176 1026 1297 1053; x_wconf 80' lang='lat' dir='ltr'><strong>chrisma</strong></span> <span class='ocrx_word' id='word_1_464' title='bbox 1323 1026 1478 1061; x_wconf 88' lang='lat' dir='ltr'><strong>perﬁciunt,</strong></span> <span class='ocrx_word' id='word_1_465' title='bbox 1499 1025 1621 1057; x_wconf 86' lang='lat' dir='ltr'><strong>tradens,</strong></span> <span class='ocrx_word' id='word_1_466' title='bbox 1651 1024 1678 1050; x_wconf 93' lang='lat' dir='ltr'><strong>in</strong></span> <span class='ocrx_word' id='word_1_467' title='bbox 1705 1030 1750 1049; x_wconf 86' lang='lat' dir='ltr'><strong>sc-</strong></span> 
     </span>
    </p>
   </div>
   <div class='ocr_carea' id='block_1_66' title="bbox 962 1069 1747 1106">
    <p class='ocr_par' dir='ltr' id='par_1_66' title="bbox 962 1069 1747 1106">
     <span class='ocr_line' id='line_1_66' title="bbox 962 1069 1747 1106; baseline -0.004 -8"><span class='ocrx_word' id='word_1_468' title='bbox 962 1072 1048 1106; x_wconf 68' lang='lat' dir='ltr'><strong>ptimo</strong></span> <span class='ocrx_word' id='word_1_469' title='bbox 1073 1079 1178 1099; x_wconf 88' lang='lat' dir='ltr'><strong>canone</strong></span> <span class='ocrx_word' id='word_1_470' title='bbox 1207 1072 1244 1099; x_wconf 90' lang='lat' dir='ltr'><strong>ita</strong></span> <span class='ocrx_word' id='word_1_471' title='bbox 1271 1072 1360 1106; x_wconf 82' lang='lat' dir='ltr'><strong>inquit</strong></span> <span class='ocrx_word' id='word_1_472' title='bbox 1375 1080 1381 1098; x_wconf 89' lang='lat'><strong>:</strong></span> <span class='ocrx_word' id='word_1_473' title='bbox 1397 1071 1589 1105; x_wconf 84' lang='lat' dir='ltr'><strong>Obsignantes,</strong></span> <span class='ocrx_word' id='word_1_474' title='bbox 1618 1069 1670 1096; x_wconf 88' lang='lat' dir='ltr'><strong>hoc</strong></span> <span class='ocrx_word' id='word_1_475' title='bbox 1695 1073 1747 1100; x_wconf 86' lang='lat' dir='ltr'><strong>est,</strong></span> 
     </span>
    </p>
   </div>
   <div class='ocr_carea' id='block_1_67' title="bbox 963 1115 1749 1149">
    <p class='ocr_par' dir='ltr' id='par_1_67' title="bbox 963 1115 1749 1149">
     <span class='ocr_line' id='line_1_67' title="bbox 963 1115 1749 1149; baseline -0.006 -4"><span class='ocrx_word' id='word_1_476' title='bbox 963 1119 1146 1145; x_wconf 82' lang='lat' dir='ltr'><strong>sacratissimo</strong></span> <span class='ocrx_word' id='word_1_477' title='bbox 1164 1118 1313 1145; x_wconf 86' lang='lat' dir='ltr'><strong>chrismate</strong></span> <span class='ocrx_word' id='word_1_478' title='bbox 1337 1125 1385 1145; x_wconf 89' lang='lat' dir='ltr'><strong>eos</strong></span> <span class='ocrx_word' id='word_1_479' title='bbox 1409 1117 1602 1149; x_wconf 84' lang='lat' dir='ltr'><strong>cbrismantes,</strong></span> <span class='ocrx_word' id='word_1_480' title='bbox 1631 1115 1749 1142; x_wconf 91' lang='lat' dir='ltr'><strong>dicimus</strong></span> 
     </span>
    </p>
   </div>
   <div class='ocr_carea' id='block_1_68' title="bbox 963 1161 1747 1198">
    <p class='ocr_par' dir='ltr' id='par_1_68' title="bbox 963 1161 1747 1198">
     <span class='ocr_line' id='line_1_68' title="bbox 963 1161 1747 1198; baseline -0.005 -8"><span class='ocrx_word' id='word_1_481' title='bbox 963 1164 1069 1198; x_wconf 81' lang='lat' dir='ltr'><strong>signum</strong></span> <span class='ocrx_word' id='word_1_482' title='bbox 1089 1163 1153 1191; x_wconf 91' lang='lat' dir='ltr'><strong>doni</strong></span> <span class='ocrx_word' id='word_1_483' title='bbox 1170 1163 1290 1198; x_wconf 90' lang='lat' dir='ltr'><strong>Spiritus</strong></span> <span class='ocrx_word' id='word_1_484' title='bbox 1304 1163 1403 1191; x_wconf 89' lang='lat' dir='ltr'><strong>sancti.</strong></span> <span class='ocrx_word' id='word_1_485' title='bbox 1422 1163 1455 1189; x_wconf 87' lang='lat' dir='ltr'><strong>Et</strong></span> <span class='ocrx_word' id='word_1_486' title='bbox 1470 1163 1528 1189; x_wconf 58' lang='lat' dir='ltr'><strong>haec</strong></span> <span class='ocrx_word' id='word_1_487' title='bbox 1547 1161 1630 1188; x_wconf 89' lang='lat' dir='ltr'><strong>verba</strong></span> <span class='ocrx_word' id='word_1_488' title='bbox 1647 1166 1747 1187; x_wconf 87' lang='lat' dir='ltr'><strong>secun-</strong></span> 
     </span>
    </p>
   </div>
   <div class='ocr_carea' id='block_1_69' title="bbox 963 1206 1750 1243">
    <p class='ocr_par' dir='ltr' id='par_1_69' title="bbox 963 1206 1750 1243">
     <span class='ocr_line' id='line_1_69' title="bbox 963 1206 1750 1243; baseline -0.005 -7"><span class='ocrx_word' id='word_1_489' title='bbox 963 1210 1028 1237; x_wconf 88' lang='lat' dir='ltr'><strong>dum</strong></span> <span class='ocrx_word' id='word_1_490' title='bbox 1046 1216 1094 1236; x_wconf 89' lang='lat' dir='ltr'><strong>eos</strong></span> <span class='ocrx_word' id='word_1_491' title='bbox 1112 1209 1271 1236; x_wconf 87' lang='lat' dir='ltr'><strong>chrismatis</strong></span> <span class='ocrx_word' id='word_1_492' title='bbox 1286 1215 1487 1236; x_wconf 89' lang='lat' dir='ltr'><strong>sacramentum</strong></span> <span class='ocrx_word' id='word_1_493' title='bbox 1510 1207 1669 1243; x_wconf 88' lang='lat' dir='ltr'><strong>perﬁciunt.</strong></span> <span class='ocrx_word' id='word_1_494' title='bbox 1691 1206 1750 1233; x_wconf 86' lang='lat' dir='ltr'><strong>Hoc</strong></span> 
     </span>
    </p>
   </div>
   <div class='ocr_carea' id='block_1_70' title="bbox 964 1252 1751 1289">
    <p class='ocr_par' dir='ltr' id='par_1_70' title="bbox 964 1252 1751 1289">
     <span class='ocr_line' id='line_1_70' title="bbox 964 1252 1751 1289; baseline -0.006 -7"><span class='ocrx_word' id='word_1_495' title='bbox 964 1256 1035 1282; x_wconf 91' lang='lat' dir='ltr'><strong>idem</strong></span> <span class='ocrx_word' id='word_1_496' title='bbox 1049 1255 1076 1282; x_wconf 92' lang='lat' dir='ltr'><strong>in</strong></span> <span class='ocrx_word' id='word_1_497' title='bbox 1090 1255 1197 1282; x_wconf 58' lang='lat' dir='ltr'><strong>caeteris</strong></span> <span class='ocrx_word' id='word_1_498' title='bbox 1212 1254 1330 1289; x_wconf 80' lang='lat' dir='ltr'><strong>diligens</strong></span> <span class='ocrx_word' id='word_1_499' title='bbox 1345 1255 1525 1289; x_wconf 77' lang='lat' dir='ltr'><strong>investigator</strong></span> <span class='ocrx_word' id='word_1_500' title='bbox 1538 1253 1671 1280; x_wconf 87' lang='lat' dir='ltr'><strong>inveniet.</strong></span> <span class='ocrx_word' id='word_1_501' title='bbox 1685 1252 1751 1286; x_wconf 57' lang='lat' dir='ltr'><strong>Qua!</strong></span> 
     </span>
    </p>
   </div>
   <div class='ocr_carea' id='block_1_71' title="bbox 963 1300 1750 1335">
    <p class='ocr_par' dir='ltr' id='par_1_71' title="bbox 963 1300 1750 1335">
     <span class='ocr_line' id='line_1_71' title="bbox 963 1300 1750 1335; baseline -0.001 -8"><span class='ocrx_word' id='word_1_502' title='bbox 963 1301 1046 1335; x_wconf 83' lang='lat' dir='ltr'><strong>igitur</strong></span> <span class='ocrx_word' id='word_1_503' title='bbox 1061 1300 1094 1327; x_wconf 88' lang='lat' dir='ltr'><strong>de</strong></span> <span class='ocrx_word' id='word_1_504' title='bbox 1106 1301 1196 1327; x_wconf 86' lang='lat' dir='ltr'><strong>divino</strong></span> <span class='ocrx_word' id='word_1_505' title='bbox 1210 1300 1387 1327; x_wconf 70' lang='lat' dir='ltr'><strong>Eucharistine</strong></span> <span class='ocrx_word' id='word_1_506' title='bbox 1400 1305 1572 1328; x_wconf 86' lang='lat' dir='ltr'><strong>sacramento</strong></span> <span class='ocrx_word' id='word_1_507' title='bbox 1589 1304 1750 1327; x_wconf 87' lang='lat' dir='ltr'><strong>sanctorum</strong></span> 
     </span>
    </p>
   </div>
   <div class='ocr_carea' id='block_1_72' title="bbox 964 1344 1746 1379">
    <p class='ocr_par' dir='ltr' id='par_1_72' title="bbox 964 1344 1746 1379">
     <span class='ocr_line' id='line_1_72' title="bbox 964 1344 1746 1379; baseline 0 -8"><span class='ocrx_word' id='word_1_508' title='bbox 964 1344 1059 1379; x_wconf 89' lang='lat' dir='ltr'><strong>opinio</strong></span> <span class='ocrx_word' id='word_1_509' title='bbox 1075 1344 1120 1377; x_wconf 90' lang='lat' dir='ltr'><strong>sit,</strong></span> <span class='ocrx_word' id='word_1_510' title='bbox 1138 1352 1197 1379; x_wconf 63' lang='lat' dir='ltr'><strong>quae</strong></span> <span class='ocrx_word' id='word_1_511' title='bbox 1218 1345 1331 1377; x_wconf 91' lang='lat' dir='ltr'><strong>Christi,</strong></span> <span class='ocrx_word' id='word_1_512' title='bbox 1347 1353 1408 1379; x_wconf 70' lang='lat' dir='ltr'><strong>quae</strong></span> <span class='ocrx_word' id='word_1_513' title='bbox 1427 1345 1507 1372; x_wconf 82' lang='lat' dir='ltr'><strong>Pauli</strong></span> <span class='ocrx_word' id='word_1_514' title='bbox 1526 1344 1639 1372; x_wconf 87' lang='lat' dir='ltr'><strong>traditio</strong></span> <span class='ocrx_word' id='word_1_515' title='bbox 1652 1345 1746 1377; x_wconf 87' lang='lat' dir='ltr'><strong>fuerit,</strong></span> 
     </span>
    </p>
   </div>
   <div class='ocr_carea' id='block_1_73' title="bbox 964 1390 1750 1426">
    <p class='ocr_par' dir='ltr' id='par_1_73' title="bbox 964 1390 1750 1426">
     <span class='ocr_line' id='line_1_73' title="bbox 964 1390 1750 1426; baseline 0 -9"><span class='ocrx_word' id='word_1_516' title='bbox 964 1392 1038 1423; x_wconf 85' lang='lat' dir='ltr'><strong>satis,</strong></span> <span class='ocrx_word' id='word_1_517' title='bbox 1065 1390 1117 1417; x_wconf 90' lang='lat' dir='ltr'><strong>nisi</strong></span> <span class='ocrx_word' id='word_1_518' title='bbox 1135 1398 1178 1418; x_wconf 90' lang='lat' dir='ltr'><strong>me</strong></span> <span class='ocrx_word' id='word_1_519' title='bbox 1194 1392 1303 1418; x_wconf 77' lang='lat' dir='ltr'><strong>animus</strong></span> <span class='ocrx_word' id='word_1_520' title='bbox 1326 1391 1404 1424; x_wconf 88' lang='lat' dir='ltr'><strong>fallit,</strong></span> <span class='ocrx_word' id='word_1_521' title='bbox 1432 1398 1514 1426; x_wconf 84' lang='lat' dir='ltr'><strong>supra</strong></span> <span class='ocrx_word' id='word_1_522' title='bbox 1530 1391 1750 1418; x_wconf 87' lang='lat' dir='ltr'><strong>demonstratum</strong></span> 
     </span>
    </p>
   </div>
   <div class='ocr_carea' id='block_1_74' title="bbox 964 1437 1751 1472">
    <p class='ocr_par' dir='ltr' id='par_1_74' title="bbox 964 1437 1751 1472">
     <span class='ocr_line' id='line_1_74' title="bbox 964 1437 1751 1472; baseline 0.001 -8"><span class='ocrx_word' id='word_1_523' title='bbox 964 1441 1016 1464; x_wconf 88' lang='lat' dir='ltr'><strong>est.</strong></span> <span class='ocrx_word' id='word_1_524' title='bbox 1032 1437 1171 1464; x_wconf 73' lang='lat' dir='ltr'><strong>Manifesta</strong></span> <span class='ocrx_word' id='word_1_525' title='bbox 1191 1438 1264 1464; x_wconf 88' lang='lat' dir='ltr'><strong>enim</strong></span> <span class='ocrx_word' id='word_1_526' title='bbox 1279 1442 1402 1472; x_wconf 85' lang='lat' dir='ltr'><strong>apparet,</strong></span> <span class='ocrx_word' id='word_1_527' title='bbox 1423 1437 1576 1465; x_wconf 90' lang='lat' dir='ltr'><strong>Orientales</strong></span> <span class='ocrx_word' id='word_1_528' title='bbox 1597 1443 1679 1472; x_wconf 87' lang='lat' dir='ltr'><strong>atque</strong></span> <span class='ocrx_word' id='word_1_529' title='bbox 1695 1438 1751 1465; x_wconf 91' lang='lat' dir='ltr'><strong>0c-</strong></span> 
     </span>
    </p>
   </div>
   <div class='ocr_carea' id='block_1_75' title="bbox 966 1483 1750 1517">
    <p class='ocr_par' dir='ltr' id='par_1_75' title="bbox 966 1483 1750 1517">
     <span class='ocr_line' id='line_1_75' title="bbox 966 1483 1750 1517; baseline 0 -7"><span class='ocrx_word' id='word_1_530' title='bbox 966 1483 1117 1510; x_wconf 87' lang='lat' dir='ltr'><strong>cidentales</strong></span> <span class='ocrx_word' id='word_1_531' title='bbox 1129 1490 1225 1510; x_wconf 87' lang='lat' dir='ltr'><strong>omnes</strong></span> <span class='ocrx_word' id='word_1_532' title='bbox 1240 1483 1363 1517; x_wconf 82' lang='lat' dir='ltr'><strong>ejusdem</strong></span> <span class='ocrx_word' id='word_1_533' title='bbox 1389 1483 1415 1510; x_wconf 94' lang='lat' dir='ltr'><strong>in</strong></span> <span class='ocrx_word' id='word_1_534' title='bbox 1434 1483 1486 1511; x_wconf 92' lang='lat' dir='ltr'><strong>hoc</strong></span> <span class='ocrx_word' id='word_1_535' title='bbox 1510 1491 1572 1511; x_wconf 88' lang='lat' dir='ltr'><strong>esse</strong></span> <span class='ocrx_word' id='word_1_536' title='bbox 1594 1485 1750 1516; x_wconf 73' lang='lat' dir='ltr'><strong>sentcntiae,</strong></span> 
     </span>
    </p>
   </div>
   <div class='ocr_carea' id='block_1_76' title="bbox 967 1528 1752 1564">
    <p class='ocr_par' dir='ltr' id='par_1_76' title="bbox 967 1528 1752 1564">
     <span class='ocr_line' id='line_1_76' title="bbox 967 1528 1752 1564; baseline 0.004 -9"><span class='ocrx_word' id='word_1_537' title='bbox 967 1532 996 1555; x_wconf 89' lang='lat' dir='ltr'><strong>ut</strong></span> <span class='ocrx_word' id='word_1_538' title='bbox 1012 1529 1117 1555; x_wconf 89' lang='lat' dir='ltr'><strong>scilicet</strong></span> <span class='ocrx_word' id='word_1_539' title='bbox 1135 1528 1216 1555; x_wconf 81' lang='lat' dir='ltr'><strong>verba</strong></span> <span class='ocrx_word' id='word_1_540' title='bbox 1233 1528 1342 1555; x_wconf 91' lang='lat' dir='ltr'><strong>Domini</strong></span> <span class='ocrx_word' id='word_1_541' title='bbox 1364 1529 1430 1561; x_wconf 86' lang='lat' dir='ltr'><strong>sint,</strong></span> <span class='ocrx_word' id='word_1_542' title='bbox 1453 1537 1514 1564; x_wconf 69' lang='lat' dir='ltr'><strong>qua:</strong></span> <span class='ocrx_word' id='word_1_543' title='bbox 1529 1537 1636 1557; x_wconf 83' lang='lat' dir='ltr'><strong>sacrum</strong></span> <span class='ocrx_word' id='word_1_544' title='bbox 1650 1536 1752 1564; x_wconf 87' lang='lat' dir='ltr'><strong>corpus</strong></span> 
     </span>
    </p>
   </div>
   <div class='ocr_carea' id='block_1_77' title="bbox 965 1573 1750 1608">
    <p class='ocr_par' dir='ltr' id='par_1_77' title="bbox 965 1573 1750 1608">
     <span class='ocr_line' id='line_1_77' title="bbox 965 1573 1750 1608; baseline 0.003 -8"><span class='ocrx_word' id='word_1_545' title='bbox 965 1573 1066 1600; x_wconf 90' lang='lat' dir='ltr'><strong>Christi</strong></span> <span class='ocrx_word' id='word_1_546' title='bbox 1095 1573 1312 1608; x_wconf 77' lang='lat' dir='ltr'><strong>sanguinemque</strong></span> <span class='ocrx_word' id='word_1_547' title='bbox 1338 1574 1499 1607; x_wconf 83' lang='lat' dir='ltr'><strong>conﬁciant.</strong></span> <span class='ocrx_word' id='word_1_548' title='bbox 1524 1575 1598 1602; x_wconf 88' lang='lat' dir='ltr'><strong>Idem</strong></span> <span class='ocrx_word' id='word_1_549' title='bbox 1624 1575 1750 1608; x_wconf 85' lang='lat' dir='ltr'><strong>aﬁirmat,</strong></span> 
     </span>
    </p>
   </div>
   <div class='ocr_carea' id='block_1_78' title="bbox 965 1619 1754 1654">
    <p class='ocr_par' dir='ltr' id='par_1_78' title="bbox 965 1619 1754 1654">
     <span class='ocr_line' id='line_1_78' title="bbox 965 1619 1754 1654; baseline 0.005 -9"><span class='ocrx_word' id='word_1_550' title='bbox 965 1619 1038 1646; x_wconf 88' lang='lat' dir='ltr'><strong>idem</strong></span> <span class='ocrx_word' id='word_1_551' title='bbox 1056 1619 1113 1652; x_wconf 88' lang='lat' dir='ltr'><strong>ipse</strong></span> <span class='ocrx_word' id='word_1_552' title='bbox 1133 1619 1266 1647; x_wconf 90' lang='lat' dir='ltr'><strong>Dominus</strong></span> <span class='ocrx_word' id='word_1_553' title='bbox 1288 1626 1436 1648; x_wconf 84' lang='lat' dir='ltr'><strong>asseverat.</strong></span> <span class='ocrx_word' id='word_1_554' title='bbox 1454 1620 1531 1648; x_wconf 82' lang='lat' dir='ltr'><strong>Nunc</strong></span> <span class='ocrx_word' id='word_1_555' title='bbox 1548 1621 1682 1654; x_wconf 73' lang='lat' dir='ltr'><strong>reliquum</strong></span> <span class='ocrx_word' id='word_1_556' title='bbox 1709 1626 1754 1649; x_wconf 80' lang='lat' dir='ltr'><strong>est</strong></span> 
     </span>
    </p>
   </div>
   <div class='ocr_carea' id='block_1_79' title="bbox 966 1663 1754 1702">
    <p class='ocr_par' dir='ltr' id='par_1_79' title="bbox 966 1663 1754 1702">
     <span class='ocr_line' id='line_1_79' title="bbox 966 1663 1754 1702; baseline 0.005 -11"><span class='ocrx_word' id='word_1_557' title='bbox 966 1670 996 1692; x_wconf 92' lang='lat' dir='ltr'><strong>ut</strong></span> <span class='ocrx_word' id='word_1_558' title='bbox 1010 1665 1120 1692; x_wconf 87' lang='lat' dir='ltr'><strong>tertiam</strong></span> <span class='ocrx_word' id='word_1_559' title='bbox 1136 1665 1328 1700; x_wconf 74' lang='lat' dir='ltr'><strong>aggrediamur</strong></span> <span class='ocrx_word' id='word_1_560' title='bbox 1345 1663 1462 1701; x_wconf 85' lang='lat' dir='ltr'><strong>partem,</strong></span> <span class='ocrx_word' id='word_1_561' title='bbox 1477 1671 1505 1694; x_wconf 89' lang='lat' dir='ltr'><strong>et</strong></span> <span class='ocrx_word' id='word_1_562' title='bbox 1522 1667 1677 1695; x_wconf 88' lang='lat' dir='ltr'><strong>rationibus</strong></span> <span class='ocrx_word' id='word_1_563' title='bbox 1691 1675 1754 1702; x_wconf 67' lang='lat' dir='ltr'><strong>qua!</strong></span> 
     </span>
    </p>
   </div>
   <div class='ocr_carea' id='block_1_80' title="bbox 966 1710 1753 1748">
    <p class='ocr_par' dir='ltr' id='par_1_80' title="bbox 966 1710 1753 1748">
     <span class='ocr_line' id='line_1_80' title="bbox 966 1710 1753 1748; baseline 0.004 -12"><span class='ocrx_word' id='word_1_564' title='bbox 966 1710 992 1737; x_wconf 92' lang='lat' dir='ltr'><strong>in</strong></span> <span class='ocrx_word' id='word_1_565' title='bbox 1013 1710 1182 1737; x_wconf 88' lang='lat' dir='ltr'><strong>contrarium</strong></span> <span class='ocrx_word' id='word_1_566' title='bbox 1206 1710 1304 1738; x_wconf 88' lang='lat' dir='ltr'><strong>adduci</strong></span> <span class='ocrx_word' id='word_1_567' title='bbox 1325 1712 1415 1739; x_wconf 85' lang='lat' dir='ltr'><strong>solent</strong></span> <span class='ocrx_word' id='word_1_568' title='bbox 1439 1712 1547 1745; x_wconf 86' lang='lat' dir='ltr'><strong>solutis,</strong></span> <span class='ocrx_word' id='word_1_569' title='bbox 1576 1712 1657 1740; x_wconf 94' lang='lat' dir='ltr'><strong>ﬁnem</strong></span> <span class='ocrx_word' id='word_1_570' title='bbox 1675 1713 1753 1748; x_wconf 91' lang='lat' dir='ltr'><strong>operi</strong></span> 
     </span>
    </p>
   </div>
   <div class='ocr_carea' id='block_1_81' title="bbox 966 1756 1755 1794">
    <p class='ocr_par' dir='ltr' id='par_1_81' title="bbox 966 1756 1755 1794">
     <span class='ocr_line' id='line_1_81' title="bbox 966 1756 1755 1794; baseline 0.005 -12"><span class='ocrx_word' id='word_1_571' title='bbox 966 1756 1149 1791; x_wconf 87' lang='lat' dir='ltr'><strong>imponamus.</strong></span> <span class='ocrx_word' id='word_1_572' title='bbox 1177 1757 1247 1785; x_wconf 85' lang='lat' dir='ltr'><strong>Sunt</strong></span> <span class='ocrx_word' id='word_1_573' title='bbox 1274 1763 1363 1785; x_wconf 83' lang='lat' dir='ltr'><strong>autem</strong></span> <span class='ocrx_word' id='word_1_574' title='bbox 1391 1765 1446 1787; x_wconf 89' lang='lat' dir='ltr'><strong>tres</strong></span> <span class='ocrx_word' id='word_1_575' title='bbox 1464 1760 1617 1794; x_wconf 71' lang='lat' dir='ltr'><strong>pra&#39;cipuae,</strong></span> <span class='ocrx_word' id='word_1_576' title='bbox 1641 1767 1695 1786; x_wconf 88' lang='lat' dir='ltr'><strong>una</strong></span> <span class='ocrx_word' id='word_1_577' title='bbox 1711 1764 1755 1787; x_wconf 88' lang='lat' dir='ltr'><strong>est</strong></span> 
     </span>
    </p>
   </div>
   <div class='ocr_carea' id='block_1_82' title="bbox 965 1802 1755 1838">
    <p class='ocr_par' dir='ltr' id='par_1_82' title="bbox 965 1802 1755 1838">
     <span class='ocr_line' id='line_1_82' title="bbox 965 1802 1755 1838; baseline 0.005 -10"><span class='ocrx_word' id='word_1_578' title='bbox 965 1802 1116 1829; x_wconf 86' lang='lat' dir='ltr'><strong>auctoritas</strong></span> <span class='ocrx_word' id='word_1_579' title='bbox 1129 1807 1288 1830; x_wconf 84' lang='lat' dir='ltr'><strong>sanctorum</strong></span> <span class='ocrx_word' id='word_1_580' title='bbox 1304 1804 1432 1832; x_wconf 63' lang='lat' dir='ltr'><strong>Ecclesiae</strong></span> <span class='ocrx_word' id='word_1_581' title='bbox 1449 1805 1605 1838; x_wconf 87' lang='lat' dir='ltr'><strong>doctorum,</strong></span> <span class='ocrx_word' id='word_1_582' title='bbox 1623 1804 1755 1832; x_wconf 89' lang='lat' dir='ltr'><strong>Clemen-</strong></span> 
     </span>
    </p>
   </div>
   <div class='ocr_carea' id='block_1_83' title="bbox 967 1847 1754 1884">
    <p class='ocr_par' dir='ltr' id='par_1_83' title="bbox 967 1847 1754 1884">
     <span class='ocr_line' id='line_1_83' title="bbox 967 1847 1754 1884; baseline 0.005 -11"><span class='ocrx_word' id='word_1_583' title='bbox 967 1847 1012 1879; x_wconf 89' lang='lat' dir='ltr'><strong>tis,</strong></span> <span class='ocrx_word' id='word_1_584' title='bbox 1035 1847 1140 1880; x_wconf 82' lang='lat' dir='ltr'><strong>Jacobi,</strong></span> <span class='ocrx_word' id='word_1_585' title='bbox 1165 1848 1256 1875; x_wconf 81' lang='lat' dir='ltr'><strong>Basilii</strong></span> <span class='ocrx_word' id='word_1_586' title='bbox 1272 1853 1300 1876; x_wconf 90' lang='lat' dir='ltr'><strong>et</strong></span> <span class='ocrx_word' id='word_1_587' title='bbox 1316 1848 1516 1884; x_wconf 89' lang='lat' dir='ltr'><strong>Chrysostomi,</strong></span> <span class='ocrx_word' id='word_1_588' title='bbox 1540 1850 1587 1884; x_wconf 90' lang='lat' dir='ltr'><strong>qui</strong></span> <span class='ocrx_word' id='word_1_589' title='bbox 1613 1858 1710 1878; x_wconf 87' lang='lat' dir='ltr'><strong>omnes</strong></span> <span class='ocrx_word' id='word_1_590' title='bbox 1726 1851 1754 1878; x_wconf 91' lang='lat' dir='ltr'><strong>in</strong></span> 
     </span>
    </p>
   </div>
   <div class='ocr_carea' id='block_1_84' title="bbox 967 1893 1752 1929">
    <p class='ocr_par' dir='ltr' id='par_1_84' title="bbox 967 1893 1752 1929">
     <span class='ocr_line' id='line_1_84' title="bbox 967 1893 1752 1929; baseline 0.005 -11"><span class='ocrx_word' id='word_1_591' title='bbox 967 1893 1066 1925; x_wconf 87' lang='lat' dir='ltr'><strong>missis,</strong></span> <span class='ocrx_word' id='word_1_592' title='bbox 1078 1900 1146 1927; x_wconf 87' lang='lat' dir='ltr'><strong>quas</strong></span> <span class='ocrx_word' id='word_1_593' title='bbox 1158 1893 1209 1928; x_wconf 92' lang='lat' dir='ltr'><strong>ipsi</strong></span> <span class='ocrx_word' id='word_1_594' title='bbox 1222 1901 1413 1928; x_wconf 63' lang='lat' dir='ltr'><strong>composuere,</strong></span> <span class='ocrx_word' id='word_1_595' title='bbox 1427 1901 1489 1929; x_wconf 89' lang='lat' dir='ltr'><strong>post</strong></span> <span class='ocrx_word' id='word_1_596' title='bbox 1503 1894 1586 1922; x_wconf 87' lang='lat' dir='ltr'><strong>verba</strong></span> <span class='ocrx_word' id='word_1_597' title='bbox 1600 1894 1752 1928; x_wconf 83' lang='lat' dir='ltr'><strong>Domiuiea,</strong></span> 
     </span>
    </p>
   </div>
   <div class='ocr_carea' id='block_1_85' title="bbox 967 1937 1755 1971">
    <p class='ocr_par' dir='ltr' id='par_1_85' title="bbox 967 1937 1755 1971">
     <span class='ocr_line' id='line_1_85' title="bbox 967 1937 1755 1971; baseline 0.005 -8"><span class='ocrx_word' id='word_1_598' title='bbox 967 1937 1120 1964; x_wconf 86' lang='lat' dir='ltr'><strong>sacerdotis</strong></span> <span class='ocrx_word' id='word_1_599' title='bbox 1144 1938 1283 1971; x_wconf 87' lang='lat' dir='ltr'><strong>precibus,</strong></span> <span class='ocrx_word' id='word_1_600' title='bbox 1313 1938 1364 1966; x_wconf 88' lang='lat' dir='ltr'><strong>hoc</strong></span> <span class='ocrx_word' id='word_1_601' title='bbox 1389 1945 1595 1967; x_wconf 85' lang='lat' dir='ltr'><strong>sacramentum</strong></span> <span class='ocrx_word' id='word_1_602' title='bbox 1616 1941 1755 1968; x_wconf 91' lang='lat' dir='ltr'><strong>conﬁcere</strong></span> 
     </span>
    </p>
   </div>
   <div class='ocr_carea' id='block_1_86' title="bbox 966 1981 1756 2020">
    <p class='ocr_par' dir='ltr' id='par_1_86' title="bbox 966 1981 1756 2020">
     <span class='ocr_line' id='line_1_86' title="bbox 966 1981 1756 2020; baseline 0.005 -12"><span class='ocrx_word' id='word_1_603' title='bbox 966 1981 1104 2015; x_wconf 84' lang='lat' dir='ltr'><strong>videntur,</strong></span> <span class='ocrx_word' id='word_1_604' title='bbox 1121 1982 1257 2016; x_wconf 89' lang='lat' dir='ltr'><strong>siquidem</strong></span> <span class='ocrx_word' id='word_1_605' title='bbox 1282 1983 1363 2010; x_wconf 90' lang='lat' dir='ltr'><strong>etiam</strong></span> <span class='ocrx_word' id='word_1_606' title='bbox 1383 1988 1443 2018; x_wconf 85' lang='lat' dir='ltr'><strong>post</strong></span> <span class='ocrx_word' id='word_1_607' title='bbox 1458 1985 1541 2012; x_wconf 88' lang='lat' dir='ltr'><strong>verba</strong></span> <span class='ocrx_word' id='word_1_608' title='bbox 1560 1985 1667 2012; x_wconf 91' lang='lat' dir='ltr'><strong>Domini</strong></span> <span class='ocrx_word' id='word_1_609' title='bbox 1688 1993 1756 2020; x_wconf 83' lang='lat' dir='ltr'><strong>pro-</strong></span> 
     </span>
    </p>
   </div>
   <div class='ocr_carea' id='block_1_87' title="bbox 967 2028 1754 2065">
    <p class='ocr_par' dir='ltr' id='par_1_87' title="bbox 967 2028 1754 2065">
     <span class='ocr_line' id='line_1_87' title="bbox 967 2028 1754 2065; baseline 0.008 -11"><span class='ocrx_word' id='word_1_610' title='bbox 967 2028 1030 2061; x_wconf 89' lang='lat' dir='ltr'><strong>lata,</strong></span> <span class='ocrx_word' id='word_1_611' title='bbox 1044 2036 1098 2055; x_wconf 94' lang='lat' dir='ltr'><strong>non</strong></span> <span class='ocrx_word' id='word_1_612' title='bbox 1111 2035 1213 2063; x_wconf 89' lang='lat' dir='ltr'><strong>corpus</strong></span> <span class='ocrx_word' id='word_1_613' title='bbox 1224 2033 1252 2056; x_wconf 91' lang='lat' dir='ltr'><strong>et</strong></span> <span class='ocrx_word' id='word_1_614' title='bbox 1264 2029 1436 2063; x_wconf 81' lang='lat' dir='ltr'><strong>sanguinem,</strong></span> <span class='ocrx_word' id='word_1_615' title='bbox 1451 2030 1499 2057; x_wconf 88' lang='lat' dir='ltr'><strong>sed</strong></span> <span class='ocrx_word' id='word_1_616' title='bbox 1512 2038 1609 2065; x_wconf 90' lang='lat' dir='ltr'><strong>panem</strong></span> <span class='ocrx_word' id='word_1_617' title='bbox 1621 2036 1650 2059; x_wconf 88' lang='lat' dir='ltr'><strong>et</strong></span> <span class='ocrx_word' id='word_1_618' title='bbox 1660 2032 1754 2060; x_wconf 87' lang='lat' dir='ltr'><strong>vinum</strong></span> 
     </span>
    </p>
   </div>
   <div class='ocr_carea' id='block_1_88' title="bbox 967 2074 1753 2111">
    <p class='ocr_par' dir='ltr' id='par_1_88' title="bbox 967 2074 1753 2111">
     <span class='ocr_line' id='line_1_88' title="bbox 967 2074 1753 2111; baseline 0.006 -11"><span class='ocrx_word' id='word_1_619' title='bbox 967 2074 1120 2101; x_wconf 89' lang='lat' dir='ltr'><strong>nominant.</strong></span> <span class='ocrx_word' id='word_1_620' title='bbox 1135 2074 1261 2101; x_wconf 86' lang='lat' dir='ltr'><strong>Secunda</strong></span> <span class='ocrx_word' id='word_1_621' title='bbox 1277 2082 1343 2101; x_wconf 87' lang='lat' dir='ltr'><strong>vero</strong></span> <span class='ocrx_word' id='word_1_622' title='bbox 1355 2079 1397 2102; x_wconf 88' lang='lat' dir='ltr'><strong>est</strong></span> <span class='ocrx_word' id='word_1_623' title='bbox 1412 2076 1563 2104; x_wconf 84' lang='lat' dir='ltr'><strong>auctoritas</strong></span> <span class='ocrx_word' id='word_1_624' title='bbox 1579 2077 1753 2111; x_wconf 83' lang='lat' dir='ltr'><strong>Damasceni,</strong></span> 
     </span>
    </p>
   </div>
   <div class='ocr_carea' id='block_1_89' title="bbox 967 2120 1756 2161">
    <p class='ocr_par' dir='ltr' id='par_1_89' title="bbox 967 2120 1756 2161">
     <span class='ocr_line' id='line_1_89' title="bbox 967 2120 1756 2161; baseline 0.008 -15"><span class='ocrx_word' id='word_1_625' title='bbox 967 2120 1085 2147; x_wconf 85' lang='lat' dir='ltr'><strong>dicentis</strong></span> <span class='ocrx_word' id='word_1_626' title='bbox 1095 2120 1205 2147; x_wconf 83' lang='lat' dir='ltr'><strong>beatum</strong></span> <span class='ocrx_word' id='word_1_627' title='bbox 1228 2121 1358 2149; x_wconf 80' lang='lat' dir='ltr'><strong>Basiliam</strong></span> <span class='ocrx_word' id='word_1_628' title='bbox 1378 2123 1436 2150; x_wconf 81' lang='lat' dir='ltr'><strong>haec</strong></span> <span class='ocrx_word' id='word_1_629' title='bbox 1451 2132 1564 2151; x_wconf 85' lang='lat' dir='ltr'><strong>munera</strong></span> <span class='ocrx_word' id='word_1_630' title='bbox 1581 2125 1644 2152; x_wconf 85' lang='lat' dir='ltr'><strong>ideo</strong></span> <span class='ocrx_word' id='word_1_631' title='bbox 1664 2127 1756 2161; x_wconf 67' lang='lat' dir='ltr'><strong>praefi-</strong></span> 
     </span>
    </p>
   </div>
   <div class='ocr_carea' id='block_1_90' title="bbox 968 2166 1756 2202">
    <p class='ocr_par' dir='ltr' id='par_1_90' title="bbox 968 2166 1756 2202">
     <span class='ocr_line' id='line_1_90' title="bbox 968 2166 1756 2202; baseline 0.013 -11"><span class='ocrx_word' id='word_1_632' title='bbox 968 2166 1092 2201; x_wconf 81' lang='lat' dir='ltr'><strong>gurativa</strong></span> <span class='ocrx_word' id='word_1_633' title='bbox 1125 2166 1300 2200; x_wconf 85' lang='lat' dir='ltr'><strong>nominasse,</strong></span> <span class='ocrx_word' id='word_1_634' title='bbox 1337 2169 1401 2202; x_wconf 91' lang='lat' dir='ltr'><strong>quia</strong></span> <span class='ocrx_word' id='word_1_635' title='bbox 1432 2170 1554 2197; x_wconf 88' lang='lat' dir='ltr'><strong>nondum</strong></span> <span class='ocrx_word' id='word_1_636' title='bbox 1584 2173 1756 2200; x_wconf 81' lang='lat' dir='ltr'><strong>sanctiﬁcata</strong></span> 
     </span>
    </p>
   </div>
   <div class='ocr_carea' id='block_1_91' title="bbox 130 2213 1754 2253">
    <p class='ocr_par' dir='ltr' id='par_1_91' title="bbox 130 2213 1754 2253">
     <span class='ocr_line' id='line_1_91' title="bbox 130 2213 1754 2253; baseline 0.001 -9"><span class='ocrx_word' id='word_1_637' title='bbox 130 2216 282 2244; x_wconf 87' lang='lat' dir='ltr'><strong>secundum</strong></span> <span class='ocrx_word' id='word_1_638' title='bbox 300 2224 394 2244; x_wconf 85' lang='lat' dir='ltr'><strong>vocem</strong></span> <span class='ocrx_word' id='word_1_639' title='bbox 413 2216 520 2243; x_wconf 91' lang='lat' dir='ltr'><strong>Domini</strong></span> <span class='ocrx_word' id='word_1_640' title='bbox 540 2216 624 2243; x_wconf 89' lang='lat' dir='ltr'><strong>semel</strong></span> <span class='ocrx_word' id='word_1_641' title='bbox 643 2216 808 2250; x_wconf 84' lang='lat' dir='ltr'><strong>baptizatur,</strong></span> <span class='ocrx_word' id='word_1_642' title='bbox 825 2216 852 2242; x_wconf 92' lang='lat' dir='ltr'><strong>in</strong></span> <span class='ocrx_word' id='word_1_643' title='bbox 868 2224 915 2242; x_wconf 85' lang='lat' dir='ltr'><strong>no-</strong></span> <span class='ocrx_word' id='word_1_644' title='bbox 931 2217 954 2244; x_wconf 91' lang='lat' dir='ltr'><strong>D</strong></span> <span class='ocrx_word' id='word_1_645' title='bbox 967 2218 1046 2241; x_wconf 87' lang='lat' dir='ltr'><strong>erant</strong></span> <span class='ocrx_word' id='word_1_646' title='bbox 1065 2221 1071 2240; x_wconf 91' lang='lat'>:</span> <span class='ocrx_word' id='word_1_647' title='bbox 1087 2213 1122 2240; x_wconf 87' lang='lat' dir='ltr'><strong>ita</strong></span> <span class='ocrx_word' id='word_1_648' title='bbox 1144 2221 1210 2240; x_wconf 87' lang='lat' dir='ltr'><strong>vero</strong></span> <span class='ocrx_word' id='word_1_649' title='bbox 1235 2222 1267 2241; x_wconf 89' lang='lat' dir='ltr'><strong>ea</strong></span> <span class='ocrx_word' id='word_1_650' title='bbox 1293 2216 1451 2243; x_wconf 90' lang='lat' dir='ltr'><strong>nominasse</strong></span> <span class='ocrx_word' id='word_1_651' title='bbox 1474 2217 1560 2244; x_wconf 90' lang='lat' dir='ltr'><strong>multo</strong></span> <span class='ocrx_word' id='word_1_652' title='bbox 1584 2224 1645 2253; x_wconf 88' lang='lat' dir='ltr'><strong>post</strong></span> <span class='ocrx_word' id='word_1_653' title='bbox 1671 2220 1754 2248; x_wconf 82' lang='lat' dir='ltr'><strong>verba</strong></span> 
     </span>
    </p>
   </div>
   <div class='ocr_carea' id='block_1_92' title="bbox 129 2261 913 2296">
    <p class='ocr_par' dir='ltr' id='par_1_92' title="bbox 129 2261 913 2296">
     <span class='ocr_line' id='line_1_92' title="bbox 129 2261 913 2296; baseline -0.003 -7"><span class='ocrx_word' id='word_1_654' title='bbox 129 2263 202 2289; x_wconf 90' lang='lat' dir='ltr'><strong>mine</strong></span> <span class='ocrx_word' id='word_1_655' title='bbox 219 2262 315 2294; x_wconf 85' lang='lat' dir='ltr'><strong>Patris,</strong></span> <span class='ocrx_word' id='word_1_656' title='bbox 333 2266 361 2288; x_wconf 92' lang='lat' dir='ltr'><strong>et</strong></span> <span class='ocrx_word' id='word_1_657' title='bbox 385 2262 458 2294; x_wconf 86' lang='lat' dir='ltr'><strong>Filii,</strong></span> <span class='ocrx_word' id='word_1_658' title='bbox 474 2267 501 2288; x_wconf 89' lang='lat' dir='ltr'><strong>et</strong></span> <span class='ocrx_word' id='word_1_659' title='bbox 524 2261 643 2296; x_wconf 85' lang='lat' dir='ltr'><strong>Spiritus</strong></span> <span class='ocrx_word' id='word_1_660' title='bbox 660 2261 760 2294; x_wconf 83' lang='lat' dir='ltr'><strong>sancti,</strong></span> <span class='ocrx_word' id='word_1_661' title='bbox 785 2266 913 2295; x_wconf 85' lang='lat' dir='ltr'><strong>tanquam</strong></span> 
     </span>
    </p>
   </div>
   <div class='ocr_carea' id='block_1_93' title="bbox 129 2306 917 2342">
    <p class='ocr_par' dir='ltr' id='par_1_93' title="bbox 129 2306 917 2342">
     <span class='ocr_line' id='line_1_93' title="bbox 129 2306 917 2342; baseline -0.003 -8"><span class='ocrx_word' id='word_1_662' title='bbox 129 2309 353 2342; x_wconf 85' lang='lat' dir='ltr'><strong>pronuntiatione</strong></span> <span class='ocrx_word' id='word_1_663' title='bbox 369 2307 511 2334; x_wconf 81' lang='lat' dir='ltr'><strong>Trinitatis</strong></span> <span class='ocrx_word' id='word_1_664' title='bbox 530 2311 558 2334; x_wconf 85' lang='lat' dir='ltr'><strong>et</strong></span> <span class='ocrx_word' id='word_1_665' title='bbox 575 2307 636 2334; x_wconf 87' lang='lat' dir='ltr'><strong>ﬁdei</strong></span> <span class='ocrx_word' id='word_1_666' title='bbox 660 2308 687 2334; x_wconf 83' lang='lat' dir='ltr'><strong>in</strong></span> <span class='ocrx_word' id='word_1_667' title='bbox 717 2315 759 2339; x_wconf 85' lang='lat' dir='ltr'><strong>ea,</strong></span> <span class='ocrx_word' id='word_1_668' title='bbox 774 2308 850 2342; x_wconf 78' lang='lat' dir='ltr'><strong>juxta</strong></span> <span class='ocrx_word' id='word_1_669' title='bbox 866 2306 917 2332; x_wconf 87' lang='lat' dir='ltr'><strong>Do-</strong></span> 
     </span>
    </p>
   </div>
   <div class='ocr_carea' id='block_1_94' title="bbox 131 2351 915 2387">
    <p class='ocr_par' dir='ltr' id='par_1_94' title="bbox 131 2351 915 2387">
     <span class='ocr_line' id='line_1_94' title="bbox 131 2351 915 2387; baseline -0.004 -7"><span class='ocrx_word' id='word_1_670' title='bbox 131 2354 260 2380; x_wconf 84' lang='lat' dir='ltr'><strong>minicarn</strong></span> <span class='ocrx_word' id='word_1_671' title='bbox 289 2353 476 2385; x_wconf 88' lang='lat' dir='ltr'><strong>traditionem,</strong></span> <span class='ocrx_word' id='word_1_672' title='bbox 504 2354 664 2387; x_wconf 84' lang='lat' dir='ltr'><strong>perﬁciatur</strong></span> <span class='ocrx_word' id='word_1_673' title='bbox 696 2353 860 2387; x_wconf 83' lang='lat' dir='ltr'><strong>baptismus.</strong></span> <span class='ocrx_word' id='word_1_674' title='bbox 888 2351 915 2378; x_wconf 90' lang='lat' dir='ltr'><strong>Si</strong></span> 
     </span>
    </p>
   </div>
   <div class='ocr_carea' id='block_1_95' title="bbox 131 2399 916 2433">
    <p class='ocr_par' dir='ltr' id='par_1_95' title="bbox 131 2399 916 2433">
     <span class='ocr_line' id='line_1_95' title="bbox 131 2399 916 2433; baseline -0.001 -8"><span class='ocrx_word' id='word_1_675' title='bbox 131 2399 216 2433; x_wconf 78' lang='lat' dir='ltr'><strong>igitur</strong></span> <span class='ocrx_word' id='word_1_676' title='bbox 230 2400 290 2426; x_wconf 58' lang='lat' dir='ltr'><strong>ha’c</strong></span> <span class='ocrx_word' id='word_1_677' title='bbox 309 2399 365 2425; x_wconf 87' lang='lat' dir='ltr'><strong>duo</strong></span> <span class='ocrx_word' id='word_1_678' title='bbox 380 2399 437 2426; x_wconf 88' lang='lat' dir='ltr'><strong>sola</strong></span> <span class='ocrx_word' id='word_1_679' title='bbox 460 2404 629 2426; x_wconf 86' lang='lat' dir='ltr'><strong>sacramenta</strong></span> <span class='ocrx_word' id='word_1_680' title='bbox 646 2399 671 2425; x_wconf 94' lang='lat' dir='ltr'><strong>in</strong></span> <span class='ocrx_word' id='word_1_681' title='bbox 688 2399 842 2433; x_wconf 79' lang='lat' dir='ltr'><strong>Evangeliis</strong></span> <span class='ocrx_word' id='word_1_682' title='bbox 860 2405 916 2424; x_wconf 61' lang='grc' dir='ltr'><strong>[ητις</strong></span> 
     </span>
    </p>
   </div>
   <div class='ocr_carea' id='block_1_96' title="bbox 130 2445 918 2480">
    <p class='ocr_par' dir='ltr' id='par_1_96' title="bbox 130 2445 918 2480">
     <span class='ocr_line' id='line_1_96' title="bbox 130 2445 918 2480; baseline -0.001 -9"><span class='ocrx_word' id='word_1_683' title='bbox 130 2445 229 2472; x_wconf 87' lang='lat' dir='ltr'><strong>nil&#39;cste</strong></span> <span class='ocrx_word' id='word_1_684' title='bbox 251 2445 350 2472; x_wconf 82' lang='lat' dir='ltr'><strong>tradita</strong></span> <span class='ocrx_word' id='word_1_685' title='bbox 368 2446 483 2480; x_wconf 79' lang='lat' dir='ltr'><strong>icgitnus</strong></span> <span class='ocrx_word' id='word_1_686' title='bbox 500 2455 506 2472; x_wconf 88' lang='lat'><strong>:</strong></span> <span class='ocrx_word' id='word_1_687' title='bbox 522 2446 639 2472; x_wconf 85' lang='lat' dir='ltr'><strong>alterum</strong></span> <span class='ocrx_word' id='word_1_688' title='bbox 661 2453 725 2471; x_wconf 83' lang='lat' dir='ltr'><strong>vero</strong></span> <span class='ocrx_word' id='word_1_689' title='bbox 743 2453 849 2476; x_wconf 79' lang='lat' dir='ltr'><strong>eorum,</strong></span> <span class='ocrx_word' id='word_1_690' title='bbox 866 2445 918 2470; x_wconf 89' lang='lat' dir='ltr'><strong>hoc</strong></span> 
     </span>
    </p>
   </div>
   <div class='ocr_carea' id='block_1_97' title="bbox 129 2488 918 2524">
    <p class='ocr_par' dir='ltr' id='par_1_97' title="bbox 129 2488 918 2524">
     <span class='ocr_line' id='line_1_97' title="bbox 129 2488 918 2524; baseline -0.003 -7"><span class='ocrx_word' id='word_1_691' title='bbox 129 2496 171 2517; x_wconf 86' lang='lat' dir='ltr'><strong>est</strong></span> <span class='ocrx_word' id='word_1_692' title='bbox 185 2490 346 2524; x_wconf 80' lang='lat' dir='ltr'><strong>baptismus,</strong></span> <span class='ocrx_word' id='word_1_693' title='bbox 360 2490 507 2517; x_wconf 89' lang='lat' dir='ltr'><strong>Dominicis</strong></span> <span class='ocrx_word' id='word_1_694' title='bbox 520 2490 659 2523; x_wconf 86' lang='lat' dir='ltr'><strong>perﬁcitur</strong></span> <span class='ocrx_word' id='word_1_695' title='bbox 674 2489 779 2521; x_wconf 77' lang='lat' dir='ltr'><strong>verbis,</strong></span> <span class='ocrx_word' id='word_1_696' title='bbox 797 2488 918 2523; x_wconf 79' lang='lat' dir='ltr'><strong>profecto</strong></span> 
     </span>
    </p>
   </div>
   <div class='ocr_carea' id='block_1_98' title="bbox 130 2530 919 2570">
    <p class='ocr_par' dir='ltr' id='par_1_98' title="bbox 130 2530 919 2570">
     <span class='ocr_line' id='line_1_98' title="bbox 130 2530 919 2570; baseline 0.001 -8"><span class='ocrx_word' id='word_1_697' title='bbox 130 2542 158 2563; x_wconf 84' lang='lat' dir='ltr'><strong>et</strong></span> <span class='ocrx_word' id='word_1_698' title='bbox 171 2536 236 2562; x_wconf 84' lang='lat' dir='ltr'><strong>illud</strong></span> <span class='ocrx_word' id='word_1_699' title='bbox 251 2543 370 2570; x_wconf 87' lang='lat' dir='ltr'><strong>quoque,</strong></span> <span class='ocrx_word' id='word_1_700' title='bbox 388 2536 439 2562; x_wconf 87' lang='lat' dir='ltr'><strong>hoc</strong></span> <span class='ocrx_word' id='word_1_701' title='bbox 455 2530 497 2562; x_wconf 68' lang='lat' dir='ltr'><strong>est</strong></span> <span class='ocrx_word' id='word_1_702' title='bbox 514 2535 726 2566; x_wconf 86' lang='lat' dir='ltr'><strong>Eucharistiam,</strong></span> <span class='ocrx_word' id='word_1_703' title='bbox 745 2536 846 2562; x_wconf 89' lang='lat' dir='ltr'><strong>divinis</strong></span> <span class='ocrx_word' id='word_1_704' title='bbox 865 2537 919 2563; x_wconf 71' lang='lat' dir='ltr'><strong>illis</strong></span> 
     </span>
    </p>
   </div>
   <div class='ocr_carea' id='block_1_99' title="bbox 130 2581 915 2610">
    <p class='ocr_par' dir='ltr' id='par_1_99' title="bbox 130 2581 915 2610">
     <span class='ocr_line' id='line_1_99' title="bbox 130 2581 915 2610; baseline 0 -1"><span class='ocrx_word' id='word_1_705' title='bbox 130 2588 158 2610; x_wconf 88' lang='lat' dir='ltr'><strong>et</strong></span> <span class='ocrx_word' id='word_1_706' title='bbox 175 2591 190 2608; x_wconf 90' lang='lat' dir='ltr'><strong>a</strong></span> <span class='ocrx_word' id='word_1_707' title='bbox 213 2581 267 2608; x_wconf 87' lang='lat' dir='ltr'><strong>Deo</strong></span> <span class='ocrx_word' id='word_1_708' title='bbox 288 2581 395 2608; x_wconf 81' lang='lat' dir='ltr'><strong>traditis</strong></span> <span class='ocrx_word' id='word_1_709' title='bbox 406 2582 497 2608; x_wconf 86' lang='lat' dir='ltr'><strong>verbis</strong></span> <span class='ocrx_word' id='word_1_710' title='bbox 514 2582 612 2608; x_wconf 90' lang='lat' dir='ltr'><strong>conﬁci</strong></span> <span class='ocrx_word' id='word_1_711' title='bbox 629 2582 843 2608; x_wconf 68' lang='lat' dir='ltr'><strong>existimandum</strong></span> <span class='ocrx_word' id='word_1_712' title='bbox 861 2587 915 2609; x_wconf 86' lang='lat' dir='ltr'><strong>est.</strong></span> 
     </span>
    </p>
   </div>
   <div class='ocr_carea' id='block_1_100' title="bbox 131 2628 920 2664">
    <p class='ocr_par' dir='ltr' id='par_1_100' title="bbox 131 2628 920 2664">
     <span class='ocr_line' id='line_1_100' title="bbox 131 2628 920 2664; baseline -0.001 -7"><span class='ocrx_word' id='word_1_713' title='bbox 131 2629 271 2664; x_wconf 87' lang='lat' dir='ltr'><strong>Siquidem</strong></span> <span class='ocrx_word' id='word_1_714' title='bbox 283 2630 310 2655; x_wconf 94' lang='lat' dir='ltr'><strong>in</strong></span> <span class='ocrx_word' id='word_1_715' title='bbox 321 2628 396 2655; x_wconf 90' lang='lat' dir='ltr'><strong>omni</strong></span> <span class='ocrx_word' id='word_1_716' title='bbox 408 2636 508 2663; x_wconf 77' lang='lat' dir='ltr'><strong>genere</strong></span> <span class='ocrx_word' id='word_1_717' title='bbox 519 2636 611 2655; x_wconf 89' lang='lat' dir='ltr'><strong>rerum</strong></span> <span class='ocrx_word' id='word_1_718' title='bbox 622 2633 742 2663; x_wconf 85' lang='lat' dir='ltr'><strong>quatuor</strong></span> <span class='ocrx_word' id='word_1_719' title='bbox 751 2636 811 2655; x_wconf 88' lang='lat' dir='ltr'><strong>esse</strong></span> <span class='ocrx_word' id='word_1_720' title='bbox 821 2636 920 2656; x_wconf 87' lang='lat' dir='ltr'><strong>causas</strong></span> 
     </span>
    </p>
   </div>
   <div class='ocr_carea' id='block_1_101' title="bbox 129 2672 918 2709">
    <p class='ocr_par' dir='ltr' id='par_1_101' title="bbox 129 2672 918 2709">
     <span class='ocr_line' id='line_1_101' title="bbox 129 2672 918 2709; baseline 0 -9"><span class='ocrx_word' id='word_1_721' title='bbox 129 2678 239 2709; x_wconf 83' lang='lat' dir='ltr'><strong>oportet</strong></span> <span class='ocrx_word' id='word_1_722' title='bbox 252 2682 257 2699; x_wconf 92' lang='lat'><strong>:</strong></span> <span class='ocrx_word' id='word_1_723' title='bbox 271 2672 434 2705; x_wconf 83' lang='lat' dir='ltr'><strong>ell‘ectivam,</strong></span> <span class='ocrx_word' id='word_1_724' title='bbox 446 2673 598 2704; x_wconf 81' lang='lat' dir='ltr'><strong>formalem,</strong></span> <span class='ocrx_word' id='word_1_725' title='bbox 614 2673 721 2700; x_wconf 87' lang='lat' dir='ltr'><strong>ﬁnalem</strong></span> <span class='ocrx_word' id='word_1_726' title='bbox 748 2678 776 2699; x_wconf 91' lang='lat' dir='ltr'><strong>et</strong></span> <span class='ocrx_word' id='word_1_727' title='bbox 790 2674 918 2700; x_wconf 77' lang='lat' dir='ltr'><strong>materia-</strong></span> 
     </span>
    </p>
   </div>
   <div class='ocr_carea' id='block_1_102' title="bbox 130 2718 919 2751">
    <p class='ocr_par' dir='ltr' id='par_1_102' title="bbox 130 2718 919 2751">
     <span class='ocr_line' id='line_1_102' title="bbox 130 2718 919 2751; baseline -0.001 -4"><span class='ocrx_word' id='word_1_728' title='bbox 130 2721 196 2748; x_wconf 87' lang='lat' dir='ltr'><strong>lem.</strong></span> <span class='ocrx_word' id='word_1_729' title='bbox 218 2719 316 2746; x_wconf 73' lang='lat' dir='ltr'><strong>Forma</strong></span> <span class='ocrx_word' id='word_1_730' title='bbox 343 2723 434 2745; x_wconf 84' lang='lat' dir='ltr'><strong>autem</strong></span> <span class='ocrx_word' id='word_1_731' title='bbox 461 2718 541 2751; x_wconf 81' lang='lat' dir='ltr'><strong>hujus</strong></span> <span class='ocrx_word' id='word_1_732' title='bbox 565 2719 731 2746; x_wconf 88' lang='lat' dir='ltr'><strong>sacramenti</strong></span> <span class='ocrx_word' id='word_1_733' title='bbox 747 2719 830 2746; x_wconf 80' lang='lat' dir='ltr'><strong>verba</strong></span> <span class='ocrx_word' id='word_1_734' title='bbox 853 2725 919 2747; x_wconf 87' lang='lat' dir='ltr'><strong>sunt</strong></span> 
     </span>
    </p>
   </div>
   <div class='ocr_carea' id='block_1_103' title="bbox 132 2763 918 2799">
    <p class='ocr_par' dir='ltr' id='par_1_103' title="bbox 132 2763 918 2799">
     <span class='ocr_line' id='line_1_103' title="bbox 132 2763 918 2799; baseline -0.001 -6"><span class='ocrx_word' id='word_1_735' title='bbox 132 2765 284 2795; x_wconf 84' lang='lat' dir='ltr'><strong>Dominica.</strong></span> <span class='ocrx_word' id='word_1_736' title='bbox 297 2769 326 2791; x_wconf 87' lang='lat' dir='ltr'><strong>et</strong></span> <span class='ocrx_word' id='word_1_737' title='bbox 339 2764 408 2790; x_wconf 90' lang='lat' dir='ltr'><strong>nihil</strong></span> <span class='ocrx_word' id='word_1_738' title='bbox 418 2763 505 2791; x_wconf 90' lang='lat' dir='ltr'><strong>aliud.</strong></span> <span class='ocrx_word' id='word_1_739' title='bbox 519 2764 634 2798; x_wconf 83' lang='lat' dir='ltr'><strong>Propter</strong></span> <span class='ocrx_word' id='word_1_740' title='bbox 647 2765 720 2799; x_wconf 87' lang='lat' dir='ltr'><strong>quod</strong></span> <span class='ocrx_word' id='word_1_741' title='bbox 736 2773 819 2792; x_wconf 89' lang='lat' dir='ltr'><strong>unum</strong></span> <span class='ocrx_word' id='word_1_742' title='bbox 833 2766 918 2792; x_wconf 83' lang='lat' dir='ltr'><strong>idern-</strong></span> 
     </span>
    </p>
   </div>
   <div class='ocr_carea' id='block_1_104' title="bbox 130 2810 917 2847">
    <p class='ocr_par' dir='ltr' id='par_1_104' title="bbox 130 2810 917 2847">
     <span class='ocr_line' id='line_1_104' title="bbox 130 2810 917 2847; baseline -0.003 -7"><span class='ocrx_word' id='word_1_743' title='bbox 130 2820 184 2847; x_wconf 86' lang='lat' dir='ltr'><strong>que</strong></span> <span class='ocrx_word' id='word_1_744' title='bbox 198 2819 258 2839; x_wconf 82' lang='lat' dir='ltr'><strong>esse</strong></span> <span class='ocrx_word' id='word_1_745' title='bbox 280 2811 358 2837; x_wconf 84' lang='lat' dir='ltr'><strong>decet</strong></span> <span class='ocrx_word' id='word_1_746' title='bbox 385 2810 610 2844; x_wconf 88' lang='lat' dir='ltr'><strong>unumquodque,</strong></span> <span class='ocrx_word' id='word_1_747' title='bbox 624 2818 687 2837; x_wconf 90' lang='lat' dir='ltr'><strong>cum</strong></span> <span class='ocrx_word' id='word_1_748' title='bbox 710 2817 737 2838; x_wconf 89' lang='lat' dir='ltr'><strong>et</strong></span> <span class='ocrx_word' id='word_1_749' title='bbox 759 2811 844 2837; x_wconf 80' lang='lat' dir='ltr'><strong>forma</strong></span> <span class='ocrx_word' id='word_1_750' title='bbox 864 2820 917 2838; x_wconf 92' lang='lat' dir='ltr'><strong>una</strong></span> 
     </span>
    </p>
   </div>
   <div class='ocr_carea' id='block_1_105' title="bbox 131 2857 917 2894">
    <p class='ocr_par' dir='ltr' id='par_1_105' title="bbox 131 2857 917 2894">
     <span class='ocr_line' id='line_1_105' title="bbox 131 2857 917 2894; baseline 0 -8"><span class='ocrx_word' id='word_1_751' title='bbox 131 2860 179 2893; x_wconf 81' lang='lat' dir='ltr'><strong>sit,</strong></span> <span class='ocrx_word' id='word_1_752' title='bbox 196 2864 306 2894; x_wconf 77' lang='lat' dir='ltr'><strong>propter</strong></span> <span class='ocrx_word' id='word_1_753' title='bbox 317 2866 398 2892; x_wconf 85' lang='lat' dir='ltr'><strong>quam</strong></span> <span class='ocrx_word' id='word_1_754' title='bbox 413 2864 456 2884; x_wconf 80' lang='lat' dir='ltr'><strong>est</strong></span> <span class='ocrx_word' id='word_1_755' title='bbox 467 2857 539 2892; x_wconf 87' lang='lat' dir='ltr'><strong>quod</strong></span> <span class='ocrx_word' id='word_1_756' title='bbox 553 2861 595 2883; x_wconf 89' lang='lat' dir='ltr'><strong>est</strong></span> <span class='ocrx_word' id='word_1_757' title='bbox 608 2862 635 2883; x_wconf 91' lang='lat' dir='ltr'><strong>ct</strong></span> <span class='ocrx_word' id='word_1_758' title='bbox 650 2864 710 2884; x_wconf 86' lang='lat' dir='ltr'><strong>csse</strong></span> <span class='ocrx_word' id='word_1_759' title='bbox 724 2857 837 2885; x_wconf 85' lang='lat' dir='ltr'><strong>dicitur.</strong></span> <span class='ocrx_word' id='word_1_760' title='bbox 855 2858 917 2886; x_wconf 70' lang='grc' dir='ltr'><strong>ΙΙωο</strong></span> 
     </span>
    </p>
   </div>
   <div class='ocr_carea' id='block_1_106' title="bbox 294 2905 641 2938">
    <p class='ocr_par' dir='ltr' id='par_1_106' title="bbox 294 2905 641 2938">
     <span class='ocr_line' id='line_1_106' title="bbox 294 2905 641 2938; baseline -0.009 0"><span class='ocrx_word' id='word_1_761' title='bbox 294 2908 434 2938; x_wconf 71' lang='grc' dir='ltr'><strong>Ρλτιιοι..</strong></span> <span class='ocrx_word' id='word_1_762' title='bbox 455 2907 514 2936; x_wconf 76' lang='lat' dir='ltr'><strong>(in.</strong></span> <span class='ocrx_word' id='word_1_763' title='bbox 538 2905 641 2936; x_wconf 69' lang='lat' dir='ltr'><strong>CLXI.</strong></span> 
     </span>
    </p>
   </div>
   <div class='ocr_carea' id='block_1_107' title="bbox 968 2260 1757 2298">
    <p class='ocr_par' dir='ltr' id='par_1_107' title="bbox 968 2260 1757 2298">
     <span class='ocr_line' id='line_1_107' title="bbox 968 2260 1757 2298; baseline 0.009 -11"><span class='ocrx_word' id='word_1_764' title='bbox 968 2260 1120 2287; x_wconf 89' lang='lat' dir='ltr'><strong>Dominica.</strong></span> <span class='ocrx_word' id='word_1_765' title='bbox 1137 2260 1230 2288; x_wconf 88' lang='lat' dir='ltr'><strong>Tertia</strong></span> <span class='ocrx_word' id='word_1_766' title='bbox 1255 2262 1325 2288; x_wconf 89' lang='lat' dir='ltr'><strong>ratio</strong></span> <span class='ocrx_word' id='word_1_767' title='bbox 1345 2267 1387 2289; x_wconf 91' lang='lat' dir='ltr'><strong>est</strong></span> <span class='ocrx_word' id='word_1_768' title='bbox 1404 2263 1498 2298; x_wconf 89' lang='lat' dir='ltr'><strong>opinio</strong></span> <span class='ocrx_word' id='word_1_769' title='bbox 1513 2265 1680 2293; x_wconf 85' lang='lat' dir='ltr'><strong>sanctissimi</strong></span> <span class='ocrx_word' id='word_1_770' title='bbox 1704 2268 1757 2294; x_wconf 87' lang='lat' dir='ltr'><strong>viri</strong></span> 
     </span>
    </p>
   </div>
   <div class='ocr_carea' id='block_1_108' title="bbox 968 2306 1755 2347">
    <p class='ocr_par' dir='ltr' id='par_1_108' title="bbox 968 2306 1755 2347">
     <span class='ocr_line' id='line_1_108' title="bbox 968 2306 1755 2347; baseline 0.008 -13"><span class='ocrx_word' id='word_1_771' title='bbox 968 2306 1090 2342; x_wconf 82' lang='lat' dir='ltr'><strong>Dionysii</strong></span> <span class='ocrx_word' id='word_1_772' title='bbox 1116 2307 1296 2341; x_wconf 82' lang='lat' dir='ltr'><strong>Areopagitae,</strong></span> <span class='ocrx_word' id='word_1_773' title='bbox 1320 2308 1366 2343; x_wconf 90' lang='lat' dir='ltr'><strong>qui</strong></span> <span class='ocrx_word' id='word_1_774' title='bbox 1383 2314 1477 2344; x_wconf 89' lang='lat' dir='ltr'><strong>aperte</strong></span> <span class='ocrx_word' id='word_1_775' title='bbox 1500 2311 1605 2338; x_wconf 90' lang='lat' dir='ltr'><strong>sentire</strong></span> <span class='ocrx_word' id='word_1_776' title='bbox 1633 2312 1755 2347; x_wconf 87' lang='lat' dir='ltr'><strong>videtur,</strong></span> 
     </span>
    </p>
   </div>
   <div class='ocr_carea' id='block_1_109' title="bbox 969 2352 1756 2387">
    <p class='ocr_par' dir='ltr' id='par_1_109' title="bbox 969 2352 1756 2387">
     <span class='ocr_line' id='line_1_109' title="bbox 969 2352 1756 2387; baseline 0.01 -9"><span class='ocrx_word' id='word_1_777' title='bbox 969 2358 1029 2387; x_wconf 83' lang='lat' dir='ltr'><strong>post</strong></span> <span class='ocrx_word' id='word_1_778' title='bbox 1046 2352 1129 2379; x_wconf 84' lang='lat' dir='ltr'><strong>verba</strong></span> <span class='ocrx_word' id='word_1_779' title='bbox 1147 2353 1253 2380; x_wconf 83' lang='lat' dir='ltr'><strong>Domini</strong></span> <span class='ocrx_word' id='word_1_780' title='bbox 1272 2354 1323 2380; x_wconf 90' lang='lat' dir='ltr'><strong>hoc</strong></span> <span class='ocrx_word' id='word_1_781' title='bbox 1338 2361 1539 2383; x_wconf 83' lang='lat' dir='ltr'><strong>sacramentum</strong></span> <span class='ocrx_word' id='word_1_782' title='bbox 1557 2358 1665 2385; x_wconf 85' lang='lat' dir='ltr'><strong>conﬁci.</strong></span> <span class='ocrx_word' id='word_1_783' title='bbox 1680 2359 1715 2386; x_wconf 92' lang='lat' dir='ltr'><strong>lis</strong></span> <span class='ocrx_word' id='word_1_784' title='bbox 1729 2359 1756 2387; x_wconf 91' lang='lat' dir='ltr'><strong>in</strong></span> 
     </span>
    </p>
   </div>
   <div class='ocr_carea' id='block_1_110' title="bbox 969 2399 1722 2436">
    <p class='ocr_par' dir='ltr' id='par_1_110' title="bbox 969 2399 1722 2436">
     <span class='ocr_line' id='line_1_110' title="bbox 969 2399 1722 2436; baseline 0.011 -12"><span class='ocrx_word' id='word_1_785' title='bbox 969 2399 1114 2432; x_wconf 73' lang='lat' dir='ltr'><strong>praesentia</strong></span> <span class='ocrx_word' id='word_1_786' title='bbox 1133 2399 1285 2426; x_wconf 86' lang='lat' dir='ltr'><strong>rationibus</strong></span> <span class='ocrx_word' id='word_1_787' title='bbox 1300 2407 1314 2425; x_wconf 88' lang='lat' dir='ltr'><strong>a</strong></span> <span class='ocrx_word' id='word_1_788' title='bbox 1333 2401 1413 2427; x_wconf 86' lang='lat' dir='ltr'><strong>nobis</strong></span> <span class='ocrx_word' id='word_1_789' title='bbox 1431 2403 1652 2436; x_wconf 64' lang='lat' dir='ltr'><strong>respondendum</strong></span> <span class='ocrx_word' id='word_1_790' title='bbox 1668 2409 1722 2432; x_wconf 88' lang='lat' dir='ltr'><strong>est.</strong></span> 
     </span>
    </p>
   </div>
   <div class='ocr_carea' id='block_1_111' title="bbox 1005 2444 1757 2485">
    <p class='ocr_par' dir='ltr' id='par_1_111' title="bbox 1005 2444 1757 2485">
     <span class='ocr_line' id='line_1_111' title="bbox 1005 2444 1757 2485; baseline 0.009 -15"><span class='ocrx_word' id='word_1_791' title='bbox 1005 2444 1033 2470; x_wconf 91' lang='lat' dir='ltr'><strong>lu</strong></span> <span class='ocrx_word' id='word_1_792' title='bbox 1050 2444 1144 2477; x_wconf 80' lang='lat' dir='ltr'><strong>primis</strong></span> <span class='ocrx_word' id='word_1_793' title='bbox 1157 2449 1248 2470; x_wconf 89' lang='lat' dir='ltr'><strong>autem</strong></span> <span class='ocrx_word' id='word_1_794' title='bbox 1265 2452 1357 2471; x_wconf 78' lang='lat' dir='ltr'><strong>verbis</strong></span> <span class='ocrx_word' id='word_1_795' title='bbox 1370 2451 1529 2473; x_wconf 83' lang='lat' dir='ltr'><strong>sanctorqu</strong></span> <span class='ocrx_word' id='word_1_796' title='bbox 1552 2448 1695 2476; x_wconf 88' lang='lat' dir='ltr'><strong>doctorutn</strong></span> <span class='ocrx_word' id='word_1_797' title='bbox 1710 2452 1757 2485; x_wconf 93' lang='lat' dir='ltr'><strong>qui</strong></span> 
     </span>
    </p>
   </div>
   <div class='ocr_carea' id='block_1_112' title="bbox 970 2490 1757 2524">
    <p class='ocr_par' dir='ltr' id='par_1_112' title="bbox 970 2490 1757 2524">
     <span class='ocr_line' id='line_1_112' title="bbox 970 2490 1757 2524; baseline 0.006 -7"><span class='ocrx_word' id='word_1_798' title='bbox 970 2490 1066 2517; x_wconf 80' lang='lat' dir='ltr'><strong>missas</strong></span> <span class='ocrx_word' id='word_1_799' title='bbox 1082 2494 1316 2524; x_wconf 77' lang='lat' dir='ltr'><strong>composuerunt,</strong></span> <span class='ocrx_word' id='word_1_800' title='bbox 1334 2491 1413 2517; x_wconf 87' lang='lat' dir='ltr'><strong>unica</strong></span> <span class='ocrx_word' id='word_1_801' title='bbox 1432 2492 1501 2518; x_wconf 90' lang='lat' dir='ltr'><strong>ratio</strong></span> <span class='ocrx_word' id='word_1_802' title='bbox 1524 2494 1667 2521; x_wconf 78' lang='lat' dir='ltr'><strong>satisfacit.</strong></span> <span class='ocrx_word' id='word_1_803' title='bbox 1690 2495 1757 2522; x_wconf 88' lang='lat' dir='ltr'><strong>Cum</strong></span> 
     </span>
    </p>
   </div>
   <div class='ocr_carea' id='block_1_113' title="bbox 970 2533 1757 2571">
    <p class='ocr_par' dir='ltr' id='par_1_113' title="bbox 970 2533 1757 2571">
     <span class='ocr_line' id='line_1_113' title="bbox 970 2533 1757 2571; baseline 0.008 -9"><span class='ocrx_word' id='word_1_804' title='bbox 970 2537 1021 2570; x_wconf 77' lang='lat' dir='ltr'><strong>ipsi</strong></span> <span class='ocrx_word' id='word_1_805' title='bbox 1034 2541 1151 2570; x_wconf 87' lang='lat' dir='ltr'><strong>quatuor</strong></span> <span class='ocrx_word' id='word_1_806' title='bbox 1164 2533 1258 2563; x_wconf 77' lang='lat' dir='ltr'><strong>Patres</strong></span> <span class='ocrx_word' id='word_1_807' title='bbox 1273 2536 1343 2563; x_wconf 87' lang='lat' dir='ltr'><strong>idem</strong></span> <span class='ocrx_word' id='word_1_808' title='bbox 1361 2537 1440 2571; x_wconf 81' lang='lat' dir='ltr'><strong>plane</strong></span> <span class='ocrx_word' id='word_1_809' title='bbox 1453 2538 1554 2571; x_wconf 82' lang='lat' dir='ltr'><strong>dicant,</strong></span> <span class='ocrx_word' id='word_1_810' title='bbox 1567 2547 1663 2567; x_wconf 87' lang='lat' dir='ltr'><strong>eorum</strong></span> <span class='ocrx_word' id='word_1_811' title='bbox 1676 2541 1757 2568; x_wconf 84' lang='lat' dir='ltr'><strong>verba</strong></span> 
     </span>
    </p>
   </div>
   <div class='ocr_carea' id='block_1_114' title="bbox 969 2582 1758 2620">
    <p class='ocr_par' dir='ltr' id='par_1_114' title="bbox 969 2582 1758 2620">
     <span class='ocr_line' id='line_1_114' title="bbox 969 2582 1758 2620; baseline 0.009 -12"><span class='ocrx_word' id='word_1_812' title='bbox 969 2587 1033 2609; x_wconf 89' lang='lat' dir='ltr'><strong>ante</strong></span> <span class='ocrx_word' id='word_1_813' title='bbox 1044 2583 1135 2609; x_wconf 84' lang='lat' dir='ltr'><strong>omnia</strong></span> <span class='ocrx_word' id='word_1_814' title='bbox 1151 2583 1305 2609; x_wconf 84' lang='lat' dir='ltr'><strong>audiamus.</strong></span> <span class='ocrx_word' id='word_1_815' title='bbox 1319 2582 1446 2611; x_wconf 86' lang='lat' dir='ltr'><strong>Clemens</strong></span> <span class='ocrx_word' id='word_1_816' title='bbox 1458 2584 1550 2619; x_wconf 87' lang='lat' dir='ltr'><strong>itaque</strong></span> <span class='ocrx_word' id='word_1_817' title='bbox 1564 2587 1681 2620; x_wconf 84' lang='lat' dir='ltr'><strong>primus,</strong></span> <span class='ocrx_word' id='word_1_818' title='bbox 1695 2596 1758 2615; x_wconf 75' lang='lat' dir='ltr'><strong>cum</strong></span> 
     </span>
    </p>
   </div>
   <div class='ocr_carea' id='block_1_115' title="bbox 971 2628 1760 2665">
    <p class='ocr_par' dir='ltr' id='par_1_115' title="bbox 971 2628 1760 2665">
     <span class='ocr_line' id='line_1_115' title="bbox 971 2628 1760 2665; baseline 0.01 -11"><span class='ocrx_word' id='word_1_819' title='bbox 971 2628 1102 2655; x_wconf 86' lang='lat' dir='ltr'><strong>miracula</strong></span> <span class='ocrx_word' id='word_1_820' title='bbox 1118 2628 1224 2655; x_wconf 85' lang='lat' dir='ltr'><strong>Domini</strong></span> <span class='ocrx_word' id='word_1_821' title='bbox 1243 2633 1271 2655; x_wconf 91' lang='lat' dir='ltr'><strong>ct</strong></span> <span class='ocrx_word' id='word_1_822' title='bbox 1296 2636 1339 2656; x_wconf 86' lang='lat' dir='ltr'><strong>res</strong></span> <span class='ocrx_word' id='word_1_823' title='bbox 1356 2634 1446 2664; x_wconf 70' lang='lat' dir='ltr'><strong>gestas</strong></span> <span class='ocrx_word' id='word_1_824' title='bbox 1461 2630 1532 2665; x_wconf 86' lang='lat' dir='ltr'><strong>ejus,</strong></span> <span class='ocrx_word' id='word_1_825' title='bbox 1555 2639 1587 2659; x_wconf 90' lang='lat' dir='ltr'><strong>ac</strong></span> <span class='ocrx_word' id='word_1_826' title='bbox 1604 2640 1760 2662; x_wconf 88' lang='lat' dir='ltr'><strong>sacramen-</strong></span> 
     </span>
    </p>
   </div>
   <div class='ocr_carea' id='block_1_116' title="bbox 972 2674 1760 2714">
    <p class='ocr_par' dir='ltr' id='par_1_116' title="bbox 972 2674 1760 2714">
     <span class='ocr_line' id='line_1_116' title="bbox 972 2674 1760 2714; baseline 0.009 -14"><span class='ocrx_word' id='word_1_827' title='bbox 972 2679 1062 2700; x_wconf 91' lang='lat' dir='ltr'><strong>torum</strong></span> <span class='ocrx_word' id='word_1_828' title='bbox 1080 2681 1094 2700; x_wconf 88' lang='lat' dir='ltr'><strong>a</strong></span> <span class='ocrx_word' id='word_1_829' title='bbox 1108 2674 1223 2701; x_wconf 90' lang='lat' dir='ltr'><strong>Domino</strong></span> <span class='ocrx_word' id='word_1_830' title='bbox 1237 2674 1413 2702; x_wconf 79' lang='lat' dir='ltr'><strong>traditionem</strong></span> <span class='ocrx_word' id='word_1_831' title='bbox 1428 2683 1685 2711; x_wconf 77' lang='lat' dir='ltr'><strong>commemorasset,</strong></span> <span class='ocrx_word' id='word_1_832' title='bbox 1696 2684 1760 2714; x_wconf 86' lang='lat' dir='ltr'><strong>post</strong></span> 
     </span>
    </p>
   </div>
   <div class='ocr_carea' id='block_1_117' title="bbox 970 2718 1760 2755">
    <p class='ocr_par' dir='ltr' id='par_1_117' title="bbox 970 2718 1760 2755">
     <span class='ocr_line' id='line_1_117' title="bbox 970 2718 1760 2755; baseline 0.008 -11"><span class='ocrx_word' id='word_1_833' title='bbox 970 2727 1001 2745; x_wconf 82' lang='lat' dir='ltr'><strong>ca</strong></span> <span class='ocrx_word' id='word_1_834' title='bbox 1021 2718 1130 2753; x_wconf 88' lang='lat' dir='ltr'><strong>inquit:</strong></span> <span class='ocrx_word' id='word_1_835' title='bbox 1156 2718 1290 2746; x_wconf 75' lang='lat' dir='ltr'><strong>Hemores</strong></span> <span class='ocrx_word' id='word_1_836' title='bbox 1307 2719 1400 2755; x_wconf 77' lang='lat' dir='ltr'><strong>itaque</strong></span> <span class='ocrx_word' id='word_1_837' title='bbox 1414 2728 1464 2747; x_wconf 85' lang='lat' dir='ltr'><strong>nos</strong></span> <span class='ocrx_word' id='word_1_838' title='bbox 1490 2722 1638 2754; x_wconf 86' lang='lat' dir='ltr'><strong>passionis.</strong></span> <span class='ocrx_word' id='word_1_839' title='bbox 1664 2726 1760 2751; x_wconf 88' lang='lat' dir='ltr'><strong>mortis</strong></span> 
     </span>
    </p>
   </div>
   <div class='ocr_carea' id='block_1_118' title="bbox 971 2763 1761 2802">
    <p class='ocr_par' dir='ltr' id='par_1_118' title="bbox 971 2763 1761 2802">
     <span class='ocr_line' id='line_1_118' title="bbox 971 2763 1761 2802; baseline 0.006 -13"><span class='ocrx_word' id='word_1_840' title='bbox 971 2771 998 2790; x_wconf 86' lang='lat' dir='ltr'><strong>ct</strong></span> <span class='ocrx_word' id='word_1_841' title='bbox 1014 2763 1224 2790; x_wconf 86' lang='lat' dir='ltr'><strong>resurrectionis</strong></span> <span class='ocrx_word' id='word_1_842' title='bbox 1240 2764 1311 2798; x_wconf 87' lang='lat' dir='ltr'><strong>ejus,</strong></span> <span class='ocrx_word' id='word_1_843' title='bbox 1335 2769 1402 2796; x_wconf 85' lang='lat' dir='ltr'><strong>etc.,</strong></span> <span class='ocrx_word' id='word_1_844' title='bbox 1419 2765 1563 2793; x_wconf 87' lang='lat' dir='ltr'><strong>ofl&#39;erimus</strong></span> <span class='ocrx_word' id='word_1_845' title='bbox 1580 2766 1629 2793; x_wconf 91' lang='lat' dir='ltr'><strong>tibi</strong></span> <span class='ocrx_word' id='word_1_846' title='bbox 1651 2767 1716 2802; x_wconf 75' lang='lat' dir='ltr'><strong>Regi</strong></span> <span class='ocrx_word' id='word_1_847' title='bbox 1732 2773 1761 2794; x_wconf 85' lang='lat' dir='ltr'><strong>et</strong></span> 
     </span>
    </p>
   </div>
   <div class='ocr_carea' id='block_1_119' title="bbox 972 2810 1761 2847">
    <p class='ocr_par' dir='ltr' id='par_1_119' title="bbox 972 2810 1761 2847">
     <span class='ocr_line' id='line_1_119' title="bbox 972 2810 1761 2847; baseline 0.005 -11"><span class='ocrx_word' id='word_1_848' title='bbox 972 2810 1027 2837; x_wconf 84' lang='lat' dir='ltr'><strong>Deo</strong></span> <span class='ocrx_word' id='word_1_849' title='bbox 1047 2810 1199 2837; x_wconf 87' lang='lat' dir='ltr'><strong>secundum</strong></span> <span class='ocrx_word' id='word_1_850' title='bbox 1215 2810 1274 2845; x_wconf 87' lang='lat' dir='ltr'><strong>ejus</strong></span> <span class='ocrx_word' id='word_1_851' title='bbox 1287 2816 1434 2846; x_wconf 73' lang='lat' dir='ltr'><strong>praecepta.</strong></span> <span class='ocrx_word' id='word_1_852' title='bbox 1446 2817 1500 2840; x_wconf 88' lang='lat' dir='ltr'><strong>etc.</strong></span> <span class='ocrx_word' id='word_1_853' title='bbox 1518 2811 1657 2847; x_wconf 71' lang='lat' dir='ltr'><strong>Rogamus</strong></span> <span class='ocrx_word' id='word_1_854' title='bbox 1684 2819 1709 2840; x_wconf 87' lang='lat' dir='ltr'><strong>te</strong></span> <span class='ocrx_word' id='word_1_855' title='bbox 1731 2821 1761 2841; x_wconf 84' lang='lat' dir='ltr'><strong>ut</strong></span> 
     </span>
    </p>
   </div>
   <div class='ocr_carea' id='block_1_120' title="bbox 971 2856 1761 2893">
    <p class='ocr_par' dir='ltr' id='par_1_120' title="bbox 971 2856 1761 2893">
     <span class='ocr_line' id='line_1_120' title="bbox 971 2856 1761 2893; baseline 0.003 -8"><span class='ocrx_word' id='word_1_856' title='bbox 971 2858 1121 2885; x_wconf 86' lang='lat' dir='ltr'><strong>clementer</strong></span> <span class='ocrx_word' id='word_1_857' title='bbox 1138 2856 1268 2891; x_wconf 85' lang='lat' dir='ltr'><strong>inspicias</strong></span> <span class='ocrx_word' id='word_1_858' title='bbox 1293 2858 1351 2885; x_wconf 69' lang='lat' dir='ltr'><strong>hazc</strong></span> <span class='ocrx_word' id='word_1_859' title='bbox 1372 2859 1513 2893; x_wconf 81' lang='lat' dir='ltr'><strong>proposita</strong></span> <span class='ocrx_word' id='word_1_860' title='bbox 1534 2867 1627 2887; x_wconf 91' lang='lat' dir='ltr'><strong>coram</strong></span> <span class='ocrx_word' id='word_1_861' title='bbox 1653 2863 1678 2887; x_wconf 89' lang='lat' dir='ltr'><strong>te</strong></span> <span class='ocrx_word' id='word_1_862' title='bbox 1702 2867 1761 2887; x_wconf 88' lang='lat' dir='ltr'><strong>mlt-</strong></span> 
     </span>
    </p>
   </div>
   <div class='ocr_carea' id='block_1_121' title="bbox 1510 2906 1543 2938">
    <p class='ocr_par' dir='ltr' id='par_1_121' title="bbox 1510 2906 1543 2938">
     <span class='ocr_line' id='line_1_121' title="bbox 1510 2906 1543 2938; baseline 0 0"><span class='ocrx_word' id='word_1_863' title='bbox 1510 2906 1543 2938; x_wconf 84' lang='lat' dir='ltr'><strong>l7</strong></span> 
     </span>
    </p>
   </div>
  </div>
