1920 3063
152 73 175 102 ?)
181 71 210 102 i5

632 66 889 98 BESSA’RIONIS
910 68 939 98 S.
962 68 996 98 Β.
1018 68 1048 98 Ε.
1069 68 1305 99 CARDINALIS

1739 71 1799 104 516

159 130 236 159 nera,
255 130 284 154 tu
297 125 400 153 nullius
417 123 542 160 indigens
557 125 640 158 Deus,
652 129 680 152 ct
693 124 721 151 in
738 123 777 151 eis
789 123 858 150 bene
874 130 945 151 com-
957 124 982 153 Α
996 131 1058 151 cum
1075 123 1185 152 Christo
1210 124 1333 160 corporis
1359 125 1527 154 efﬁciuntur.
1545 126 1577 154 Et
1600 126 1653 154 hoc
1675 128 1795 162 quidem

159 172 280 207 placeas,
296 171 329 199 ad
355 171 490 198 honorem
504 170 607 209 Christi
623 169 675 202 tui,
702 173 730 197 et
749 169 841 196 mittas
859 168 948 204 Spiri-

160 225 217 246 tum
233 221 357 245 sanctum
374 220 463 248 tuum,
478 220 574 244 testem
587 215 724 250 passionis
737 215 845 242 Domini
861 215 948 243 nostri

157 264 234 296 Jesu,
250 270 333 297 super
347 262 401 289 hoc
417 261 565 295 sacritlcio,
582 261 629 296 qui
647 261 721 288 hunc
737 268 834 296 panem
847 268 948 296 corpus

158 309 260 338 Christi
277 310 328 342 tui,
342 314 370 337 ct
391 309 467 336 hunc
481 308 593 335 calicem
611 307 772 342 sanguinem
788 307 891 335 Christi
907 307 946 335 tui

158 356 270 384 elliciat.
284 355 362 383 Licet
375 355 450 382 enim
468 354 526 381 haec
535 353 686 382 Clementis
703 354 784 381 verba
801 353 873 381 inter
884 361 949 387 apo-

158 401 276 436 cryphas
305 399 457 434 scripturas
477 398 689 426 commemorari
717 398 833 430 soleant,
859 398 949 432 placet

147 450 251 472 vtamen
273 444 315 471 eis
331 444 578 478 impraasentiarum
604 447 734 477 tanquam
757 442 830 469 veris
852 450 947 470 assen-

159 491 271 518 tiamur.
287 490 406 518 Jacobus
419 497 530 524 quoque
558 488 645 516 multo
660 492 722 523 post
735 488 820 519 verba
840 487 946 517 Domini

149 536 299 568 obsecrat,
313 535 477 563 utmittatur
490 534 611 570 Spiritus
624 538 748 562 sanctus.
760 524 802 561 De
816 542 871 568 quo
884 541 946 561 cum

159 582 244 609 multa
258 582 383 613 dixisset,
396 580 537 615 subiungit
549 588 556 607 :
573 579 608 607 Ut
619 579 769 607 adveniens
782 579 945 612 sanctificat,

158 633 186 656 et
199 628 281 655 faciat
294 627 368 654 hunc
380 626 491 661 quidem
507 633 604 661 panem
618 632 720 660 corpus
736 624 839 652 Christi
856 625 906 656 tui,
918 630 946 652 et

161 674 235 701 hunc
250 673 362 700 calicem
388 672 539 707 pretiosum
556 671 716 706 sanguinem
729 669 831 698 Christi
849 671 900 697 tui.
912 670 947 698 At

159 726 276 754 magnus
295 717 412 746 Basilius
426 717 554 744 similiter
567 721 628 751 post
644 716 727 744 verba
743 715 892 743 Salvatoris
904 715 946 742 in-

158 769 237 792 vocat
254 768 377 792 sanctnm
393 763 536 798 Spiritum,
550 767 580 790 ut
592 762 625 789 ad
641 761 779 797 proposita
797 761 946 789 descendat

1000 173 1094 204 petere
1108 170 1292 203 sacerdotem,
1307 178 1370 198 cum
1388 175 1477 207 rogat,
1498 176 1528 200 ut
1539 171 1712 201 descendens
1725 173 1776 208 Spt
1786 188 1800 194 ο

1000 214 1070 243 ritus
1094 219 1224 247 sanctus,
1253 223 1351 250 panem
1370 216 1481 251 quidem
1511 217 1664 252 pretiosum
1690 225 1798 254 corpus

999 259 1112 293 Christi,
1128 261 1240 289 calicem
1254 269 1321 289 vero
1335 261 1487 297 pretiosum
1499 263 1663 297 sanguinem
1685 263 1770 291 faciat
1787 285 1795 296 ,

1001 305 1053 332 hoc
1081 309 1135 337 est,
1158 311 1189 333 ut
1214 306 1320 334 ﬁdelem
1357 307 1489 342 populum
1515 309 1661 343 mysticum
1689 317 1798 344 corpus

997 350 1100 378 Christi
1122 351 1338 387 sangttincmque
1354 351 1448 385 faciat,
1468 361 1523 388 quo
1538 354 1661 382 membra
1673 360 1702 382 et
1725 363 1796 389 par-

999 399 1040 424 tcs
1053 403 1207 431 corpusque
1222 396 1282 432 ejus
1297 396 1401 432 eﬁ’ecti,
1413 398 1510 426 etsibi
1531 399 1600 434 ipsis
1613 399 1748 427 charitate
1764 404 1797 427 et

998 440 1109 468 Christo
1126 441 1206 474 uniti,
1227 442 1321 470 vivant
1336 450 1400 472 cum
1423 451 1457 471 eo
1475 443 1561 471 vitam
1584 449 1715 472 aeternam
1729 465 1737 476 ,
1764 449 1797 471 et

1000 485 1066 513 fiant
1077 487 1164 521 ipsius
1177 487 1346 522 cohagrcdes.
1366 488 1421 516 Nos
1438 496 1503 516 vero
1520 494 1619 524 praeter
1644 490 1702 517 haec
1722 490 1794 517 illud

999 532 1090 567 potius
1113 532 1259 560 dicendum
1280 528 1479 566 existimamus,
1493 536 1566 569 quod
1580 542 1643 562 cum
1664 535 1794 562 divinum

998 576 1050 604 hoc
1075 583 1276 605 sacramentum
1292 578 1339 611 sit
1365 586 1520 613 commune,
1545 580 1583 607 sit
1612 588 1680 615 Opus
1704 581 1795 609 totius

998 621 1151 655 Trinitatis,
1175 630 1288 651 necesse
1303 628 1346 652 est
1367 632 1427 656 nos,
1449 625 1682 660 quemadmodum
1703 633 1792 660 supra

998 668 1128 700 diximus,
1143 673 1170 695 et
1179 668 1288 696 Patrem
1308 673 1338 697 et
1354 669 1487 704 Spiritum
1501 675 1627 697 sanctum
1642 678 1705 698 cum
1720 670 1794 698 Filio

999 714 1136 747 invocare,
1155 718 1185 742 ut
1204 715 1343 749 proposita
1365 723 1480 743 munera
1496 716 1649 751 perﬁciant.
1663 716 1742 749 Quod
1763 721 1793 744 et

998 760 1101 795 passim
1126 768 1176 796 per
1202 765 1286 789 totam
1311 761 1421 789 missam
1449 762 1575 795 facimus,
1602 767 1631 790 et
1654 770 1708 790 non
1725 767 1792 790 ante

159 817 285 843 munera,
308 813 334 837 et
352 808 506 837 sanctiﬁcet
517 827 525 840 ,
547 812 575 835 et
598 807 680 835 faciat
708 813 807 842 panem
831 806 942 842 quidem
959 801 984 831 Β
999 807 1082 834 verba
1096 806 1256 840 Salvatoris,
1271 807 1319 835 sed
1334 807 1417 835 etiam
1434 812 1495 842 post
1509 808 1602 836 multis
1617 815 1679 836 cum
1697 809 1791 843 preci-

158 855 307 892 pretiosum
325 861 425 889 corpus
439 853 548 881 Domini
564 852 611 880 Dei
627 858 654 880 et
669 852 820 880 Salvatoris
837 852 944 880 Domini

159 903 245 930 nostri
271 901 334 929 Jesu
357 899 461 928 Christi
473 919 481 931 ,
497 904 525 926 et
540 898 653 926 calicem
669 897 820 933 pretiosum
835 897 946 932 sangui-

159 955 220 976 nem
235 947 337 975 Christi
354 946 442 974 nostri
458 945 504 980 qui
520 944 623 972 eﬁ’usus
637 948 679 972 est
694 951 744 979 pro
764 943 861 971 mundi
877 944 944 970 vita.

158 993 200 1021 Ad
216 994 274 1020 haec
287 992 510 1026 Chrysostomus,
522 994 584 1025 post
595 989 678 1016 verba
689 988 797 1015 Domini
813 992 842 1016 et
853 995 945 1015 rerum

160 1047 208 1073 per
223 1045 287 1066 eum
302 1042 440 1072 gestarum
456 1035 655 1067 narrationem,
676 1033 770 1062 subdit
784 1042 791 1061 :
808 1033 946 1068 Rogamus

158 1091 196 1117 te,
219 1084 314 1112 emitte
329 1082 463 1118 Spiritum
480 1086 557 1109 tuum
582 1085 709 1108 sanctum
730 1087 814 1115 super
835 1086 896 1113 nos,
917 1084 946 1107 et

157 1139 240 1167 super
254 1130 312 1158 haec
329 1129 472 1165 proposita
497 1135 624 1161 munera,
641 1131 669 1155 et
683 1126 726 1155 fac
744 1126 819 1154 hunc
833 1126 944 1162 quidem

157 1178 309 1214 pretiosum
326 1183 425 1210 corpus
452 1174 554 1202 Christi
580 1174 639 1206 tui,
664 1173 736 1208 quod
753 1180 820 1201 vero
842 1173 869 1200 in
892 1171 946 1201 hoc

158 1223 242 1251 calice
258 1227 312 1255 est,
328 1221 481 1256 pretiosum
502 1218 664 1256 sanguinem
683 1217 788 1246 Christi
812 1217 864 1245 tui.
880 1217 946 1245 Post

143 1289 147 1293 ι
159 1270 216 1297 haec
229 1268 371 1303 subiungit
381 1276 387 1294 :
399 1261 597 1294 Transmutans
610 1272 643 1292 ea
657 1263 761 1299 Spiritu
779 1269 875 1292 sancto
885 1267 943 1291 tuo.

144 1315 198 1343 ‘Ex
214 1314 317 1350 quibus
341 1312 469 1340 omnibus
482 1311 563 1339 facile
589 1314 663 1338 esset
684 1310 774 1338 cuivis
798 1317 944 1344 argumen-

158 1359 210 1387 tari
230 1367 238 1386 :
259 1358 288 1386 Si
311 1357 406 1386 verbis
429 1356 486 1385 illis
513 1355 677 1387 Dominicis,
702 1355 758 1383 Hoc
786 1359 824 1382 est
847 1363 942 1390 corpus

146 1414 255 1438 meum,
270 1408 308 1437 et,
335 1404 384 1430 Hic
398 1407 435 1431 est
457 1403 566 1438 sanguis
590 1409 673 1435 meus,
687 1408 796 1429 sacrum
812 1399 945 1427 Euchari-

155 1451 216 1479 stia:
231 1449 377 1478 coniicitur
389 1449 555 1477 sacramenti
568 1448 741 1484 mysterium,
752 1445 946 1497 sancti-Eccle-
956 1469 979 1501 c

156 1496 204 1524 siae
216 1495 344 1524 doctores
357 1495 472 1522 minime
484 1499 548 1530 post
557 1501 590 1522 ea
606 1494 689 1521 verba
703 1492 729 1520 id
745 1491 865 1527 propriis
879 1497 943 1525 sup-

155 1541 350 1576 plicationibus
362 1541 480 1568 efﬁcere
497 1543 675 1570 conarentur,
701 1545 752 1565 nec
768 1536 870 1565 deinde
894 1543 944 1571 pa—

155 1595 218 1615 nem
235 1591 263 1615 et
273 1587 368 1614 vinum
384 1585 568 1614 nominarent.
580 1584 650 1612 Cum
663 1591 729 1611 vero
743 1583 769 1610 id
784 1587 877 1618 agant,
891 1588 944 1609 nec

155 1632 256 1660 frustra
276 1637 387 1660 sanctos
406 1631 481 1659 viros
496 1630 533 1658 sit
546 1629 774 1661 existimandum,
799 1628 888 1663 palam
912 1627 943 1654 ﬁt

152 1678 229 1713 quod
242 1677 295 1705 hoc
310 1684 420 1705 sacrum
437 1675 599 1712 mysterium
619 1674 773 1702 Dominicis
787 1673 879 1701 verbis
894 1680 942 1700 nc-

153 1730 292 1758 quaquam
310 1721 408 1750 conﬁci
424 1721 628 1749 existimabant.
653 1720 724 1748 Huic
750 1719 835 1755 igitur
859 1726 941 1753 argu-

155 1772 248 1795 mento
261 1766 428 1802 respondere
441 1765 575 1798 volentes,
590 1765 679 1799 primo
693 1763 804 1800 quidem
820 1763 847 1790 id
864 1770 942 1798 repe-

155 1812 240 1840 timus
254 1813 326 1847 quod
339 1819 423 1847 supra
438 1812 583 1847 probatum
599 1816 654 1843 est.
666 1817 763 1838 omnes
776 1813 829 1837 tam
844 1808 941 1836 Orien-

153 1857 222 1885 tales
233 1865 314 1892 quam
328 1856 521 1885 Occidentales
532 1856 659 1896 doctores
672 1856 699 1883 in
713 1855 768 1882 hoc
780 1853 938 1886 convenire,

152 1907 183 1930 ut
199 1899 384 1931 sacrosanctis
403 1902 511 1930 Domini
526 1901 617 1929 verbis
639 1899 820 1928 Eucharistize
840 1903 940 1934 myste-

152 1949 223 1975 rium
241 1949 414 1977 conficiatur.
439 1947 544 1976 Deinde
566 1947 703 1980 audimus,
728 1953 783 1974 non
805 1952 865 1972 esse
881 1945 939 1972 hmo

151 2001 212 2028 quae
229 1993 311 2022 modo
325 1993 481 2027 retulimus,
498 1992 690 2027 superioribus
710 1991 765 2019 illis
788 1990 937 2023 contraria,

151 2047 203 2067 nec
220 2039 295 2067 aliud
323 2039 377 2072 hic,
396 2038 470 2066 aliud
495 2037 550 2065 illic
565 2042 676 2065 sanctos
692 2036 767 2063 viros
784 2035 826 2063 vel
846 2035 938 2062 dicere

154 2085 196 2112 vel
212 2085 326 2117 sentire,
342 2091 394 2112 nec
421 2091 482 2111 esse
493 2082 711 2111 Occidentalium
723 2081 886 2109 sententiam
901 2079 936 2106 ab

997 852 1049 880 bus
1063 853 1233 885 invocantes,
1252 853 1493 889 suppiicantesque
1510 859 1541 882 ut
1565 854 1641 889 digni
1667 855 1789 881 ministri

997 903 1079 926 tantae
1093 899 1131 927 rei
1145 898 1305 933 eﬁiciamur,
1317 907 1371 935 quo
1385 900 1522 935 possimus
1540 900 1584 928 illa
1598 908 1711 928 munera
1724 908 1791 935 per-

996 943 1090 978 ficere,
1104 949 1133 972 ut
1146 950 1257 980 accepta
1268 946 1308 973 eis
1325 945 1401 976 ﬁant.
1416 949 1444 973 et
1459 946 1546 981 gratia
1559 946 1680 981 Spiritus
1693 947 1786 974 sancti

996 997 1078 1025 super
1093 998 1126 1018 ea
1149 990 1309 1019 descendat.
1326 991 1392 1024 Quae
1413 992 1505 1019 omnia
1524 999 1578 1020 non
1595 996 1649 1019 tam
1665 993 1788 1028 agimus,

996 1040 1026 1064 ut
1043 1035 1095 1071 ipsi
1113 1043 1143 1064 ea
1157 1036 1300 1070 faciamus,
1325 1045 1407 1072 quam
1429 1043 1459 1065 ut
1483 1038 1583 1072 populo
1607 1038 1787 1066 ostendamus

995 1082 1151 1110 communia
1162 1089 1224 1110 esse
1243 1082 1271 1110 in
1285 1088 1407 1110 creatura
1421 1091 1505 1119 opera
1519 1083 1673 1112 Trinitatis.
1685 1085 1788 1117 Quem-

996 1127 1144 1156 admodum
1172 1129 1245 1156 enim
1275 1129 1576 1164 beneplacito.Patris,
1605 1135 1634 1158 et
1666 1130 1788 1165 Spiritus

996 1174 1083 1201 sancti
1106 1175 1259 1206 voluntate,
1283 1183 1355 1203 unus
1370 1176 1396 1203 in
1412 1175 1548 1204 Trinitate
1566 1181 1662 1204 natura
1683 1177 1731 1204 Dei
1757 1182 1787 1205 et

996 1220 1084 1248 Patris
1109 1220 1205 1254 Filius,
1222 1228 1254 1248 ex
1281 1221 1385 1249 sanctis
1410 1225 1438 1250 et
1461 1222 1644 1250 immaculatis
1665 1222 1787 1257 Virginia

995 1266 1176 1301 sanguinibus
1201 1274 1301 1302 corpus
1324 1268 1482 1303 assumpsit,
1507 1269 1544 1296 ita
1573 1273 1601 1295 et
1618 1269 1671 1296 hoc
1684 1277 1786 1304 corpus

995 1311 1089 1338 altaris
1118 1311 1175 1346 ipsa
1198 1311 1319 1340 Trinitas
1342 1317 1429 1347 creat,
1450 1314 1507 1349 ipse
1526 1314 1646 1349 Spiritus
1672 1321 1786 1344 sanctus

997 1356 1117 1391 potentia
1134 1364 1183 1384 sua
1196 1364 1230 1385 ex
1242 1358 1395 1386 substantia
1409 1359 1437 1386 in
1454 1359 1648 1393 substantiam,
1663 1361 1715 1388 hoc
1730 1365 1784 1393 est,

995 1409 1028 1429 ex
1048 1410 1118 1437 pane
1140 1403 1168 1431 in
1184 1411 1285 1439 corpus
1310 1409 1484 1433 transmutat.
1500 1405 1566 1439 Quae
1592 1414 1637 1434 res
1661 1411 1690 1434 ut
1712 1406 1785 1434 ﬁdeli

995 1448 1096 1482 populo
1110 1449 1198 1483 palam
1215 1449 1271 1482 ﬁat,
1287 1450 1360 1478 illius
1374 1451 1456 1478 etiam
1481 1458 1532 1479 nos
1555 1452 1712 1481 meminisse
1733 1460 1785 1480 ne-

995 1499 1072 1520 cesse
1084 1498 1138 1520 est.
1153 1493 1186 1520 Et
1200 1494 1253 1522 hoc
1272 1494 1341 1522 velle
1366 1494 1427 1522 illos
1442 1495 1570 1524 doctores
1593 1497 1641 1531 qui
1666 1504 1716 1532 per
1734 1497 1784 1524 ade

994 1543 1104 1566 ventum
1121 1538 1241 1573 Spiritus
1257 1541 1343 1567 sancti
1359 1545 1561 1568 sacramentum
1581 1541 1633 1570 hoc
1657 1542 1715 1570 ﬁeri
1740 1543 1783 1570 di-

994 1589 1071 1612 cunt.
1085 1583 1155 1612 Sunt
1169 1592 1233 1613 vero
1254 1585 1336 1613 iidem
1354 1585 1445 1621 plane,
1462 1587 1510 1622 qui
1532 1595 1566 1615 ex
1584 1588 1650 1616 solis
1674 1589 1783 1616 Domini

994 1630 1086 1658 verbis
1097 1630 1276 1658 Eucharistim
1287 1636 1490 1660 sacramentum
1505 1633 1663 1660 existimant
1675 1633 1784 1661 confici.

993 1675 1067 1703 Idem
1077 1676 1151 1703 enim
1167 1681 1313 1711 utrumque
1325 1677 1429 1710 dicunt,
1443 1686 1496 1705 non
1507 1679 1656 1712 contraria,
1670 1685 1717 1706 aut
1729 1680 1783 1707 sibi

992 1720 1109 1748 invicem
1125 1723 1302 1757 repugnantia
1314 1742 1322 1754 ,
1338 1723 1386 1750 sed
1405 1723 1500 1751 eadem
1516 1723 1610 1751 dicere
1624 1724 1784 1752 existiman-

992 1769 1034 1792 tes
1051 1773 1058 1791 :
1080 1757 1227 1800 utrumque
1243 1766 1318 1794 enim
1335 1774 1432 1794 verum
1449 1773 1502 1795 est.
1526 1768 1560 1796 Et
1577 1775 1638 1796 cum
1648 1777 1740 1797 'unum
1755 1775 1783 1797 et

993 1810 1064 1838 idem
1084 1810 1166 1839 ambo
1189 1812 1255 1844 sint,
1272 1820 1357 1840 unum
1380 1813 1508 1848 idemque
1530 1813 1662 1848 efﬁciunt,
1680 1819 1708 1841 et
1728 1822 1784 1842 uno

991 1859 1073 1890 atque
1083 1855 1180 1883 eodem
1191 1861 1323 1892 tempore.
1331 1858 1361 1886 In
1370 1859 1484 1887 instanti
1497 1860 1571 1887 enim
1584 1860 1717 1894 temporis
1727 1867 1782 1887 non

990 1902 1070 1930 aliter
1085 1906 1167 1937 atque
1180 1903 1271 1935 aliter,
1287 1911 1377 1939 neque
1399 1905 1454 1933 alio
1469 1910 1553 1941 atque
1564 1906 1618 1933 alio
1630 1911 1782 1937 momento,

989 1947 1038 1976 sed
1053 1947 1149 1975 eodem
1168 1953 1316 1982 momento,
1333 1955 1372 1982 et,
1389 1951 1411 1978 si
1429 1951 1524 1979 dicere
1544 1951 1585 1979 fas
1602 1955 1661 1983 est,
1683 1951 1781 1979 eodem

989 1999 1072 2024 nunc.
1090 1998 1237 2028 utrumque
1252 1995 1324 2022 idem
1339 1995 1472 2028 efﬁciunt,
1486 2004 1549 2024 cum
1566 2000 1595 2024 et
1610 1997 1708 2025 divinae
1721 1996 1781 2024 Tri-

989 2037 1084 2064 nitatis
1095 2045 1228 2072 personae,
1241 2047 1310 2074 quas
1324 2040 1496 2072 invocamus,
1513 2049 1597 2069 unum
1610 2046 1691 2076 atque
1705 2042 1779 2069 idem

989 2082 1140 2110 substantia
1166 2088 1194 2111 et
1214 2085 1413 2119 inseparabiles
1442 2087 1507 2113 sint.
1533 2086 1612 2119 Quod
1635 2087 1659 2114 si
1685 2095 1777 2114 rerum

150 2130 332 2159 Orientalium
358 2129 489 2164 opinione
507 2129 654 2156 diversam.
679 2127 733 2154 Nec
749 2127 823 2154 enim
850 2126 873 2153 si
900 2125 936 2152 ita
952 2132 975 2160 ι)
989 2133 1087 2155 natura
1103 2129 1156 2156 tale
1171 2130 1281 2165 aliquod
1297 2131 1412 2158 verbum
1436 2133 1491 2166 pati
1509 2137 1611 2167 posset,
1626 2134 1699 2168 quod
1715 2141 1777 2161 mox

150 2179 232 2211 foret,
245 2184 318 2204 unus
330 2181 358 2204 et
369 2175 442 2203 idem
458 2174 570 2202 divinus
586 2173 715 2208 Spiritus,
734 2172 781 2200 sed
797 2171 934 2204 diversus,

152 2227 202 2250 nec
221 2222 358 2256 veritatis,
377 2221 425 2249 sed
452 2218 585 2248 mendacii
608 2219 700 2254 potius
727 2223 810 2253 atque
832 2218 936 2245 erroris
952 2251 961 2257 _

151 2269 266 2304 spiritus
284 2268 312 2295 in‘
328 2267 361 2295 iis
374 2267 482 2295 locutus
495 2265 594 2293 fuisset
609 2273 616 2291 :
633 2263 707 2299 quod
721 2263 805 2293 etiam
815 2263 935 2298 cogitare

148 2315 254 2349 absque
270 2312 413 2348 impietate
433 2319 488 2339 non
503 2310 577 2338 licet.
607 2309 725 2337 Necesse
742 2313 784 2336 est
803 2309 887 2344 igitur
906 2312 936 2334 ut

150 2361 197 2387 illa
213 2360 276 2387 ‘vera
293 2360 360 2392 sint,
376 2363 404 2386 et
414 2357 472 2385 haec
485 2364 534 2392 per
546 2360 648 2384 rectam
663 2356 863 2390 expositionem
882 2354 935 2381 illis

149 2406 332 2432 consentanea
348 2407 408 2431 csse
423 2403 616 2430 ostendantur.
642 2401 740 2428 Dicere
765 2401 857 2435 itaque
877 2394 934 2427 non

149 2450 209 2477 sine
227 2449 333 2476 ratione
347 2449 463 2477 fortasse
484 2447 621 2482 quispiam
646 2450 749 2480 posset,
774 2445 847 2479 quod
871 2452 932 2472 cum

147 2494 374 2529 corpIs'Domini
391 2492 491 2527 duplex
508 2492 545 2519 sit
562 2490 805 2526 tquemadmodum
828 2491 855 2516 in
876 2491 933 2525 pri-

147 2540 254 2567 mordio
269 2539 357 2566 nostri
368 2537 503 2566 sermonis
514 2536 707 2570 ostendimus),
719 2543 814 2562 verum
829 2535 934 2563 scilicet

145 2591 174 2613 et
187 2585 342 2621 mysticum,
360 2583 426 2612 illud
440 2583 550 2618 quidem
568 2581 654 2617 ipsius
665 2581 772 2608 Domini
783 2582 873 2609 verbis
886 2589 933 2608 cu-

141 2633 188 2668 jus
204 2639 304 2666 corpus
315 2631 369 2664 'est,
389 2629 497 2662 confici,
513 2630 565 2656 hoc
581 2636 658 2661 vero,
673 2628 746 2663 quod
760 2628 811 2663 ipsi
825 2636 930 2660 sumus,

144 2678 231 2705 sacris
246 2677 419 2704 sacerdotum
433 2674 572 2710 precibus,
584 2678 612 2702 et
623 2674 706 2709 justis
721 2675 888 2706 actionibus,
904 2679 932 2701 et

144 2723 208 2750 vitze
224 2730 255 2749 ac
270 2721 532 2749 mor'um‘honestatc
547 2719 691 2755 compleri,
709 2727 771 2746 cum
786 2719 866 2754 digne
881 2720 932 2748 ho—

141 2768 232 2796 mines
251 2774 357 2796 sacram
388 2766 587 2796 Eucharistiam
609 2766 733 2802 capiunt,
757 2769 785 2794 et
808 2766 930 2801 ejusdem

986 2178 1014 2204 et
1036 2174 1095 2202 sine
1116 2174 1234 2210 alicujus
1261 2177 1392 2211 temporis
1419 2177 1564 2204 intervallo
1591 2185 1649 2205 rem
1669 2185 1777 2204 omnem

986 2220 1165 2254 exprimeret,
1181 2221 1305 2255 profecto
1319 2229 1369 2249 nos
1390 2223 1471 2249 simul
1491 2227 1518 2250 ct
1531 2222 1628 2250 eodem
1654 2228 1776 2258 tempore

986 2272 1049 2292 cum
1069 2265 1164 2294 verbis
1177 2266 1286 2294 Domini
1302 2272 1399 2295 caetera
1414 2268 1507 2295 omnia
1525 2268 1776 2302 pronuntiaremus.

986 2310 1033 2338 illa
1046 2311 1158 2346 quidem
1168 2311 1300 2340 duntaxat
1316 2313 1481 2342 sacramenti
1498 2313 1644 2341 efﬁcientia
1661 2315 1778 2342 creden-

987 2362 1038 2389 tes,
1053 2361 1081 2384 et
1095 2361 1185 2385 tamen
1201 2357 1290 2386 Patris
1302 2363 1331 2386 et
1347 2357 1468 2394 Spiritus
1483 2360 1570 2387 sancti
1582 2360 1697 2395 gratiam
1719 2368 1775 2388 non

986 2401 1143 2430 dubitantes
1157 2402 1266 2436 adesse,
1279 2409 1308 2431 et
1323 2404 1376 2432 hoc
1392 2404 1517 2432 oratione
1530 2409 1558 2432 et
1573 2405 1700 2440 precibus
1718 2413 1776 2432 ma-

986 2447 1156 2476 nifestantes.
1178 2449 1284 2477 Adsunt
1308 2450 1409 2478 etenim
1437 2450 1474 2478 illi
1499 2458 1608 2485 quoque
1630 2459 1692 2478 cum
1714 2451 1775 2479 istis

985 2493 1095 2521 Domini
1110 2494 1213 2526 verbis.
1228 2495 1310 2522 etiam
1324 2495 1405 2524 nobis
1421 2496 1546 2523 nonnihil
1561 2496 1632 2523 ultra
1646 2496 1773 2531 flagitan-

985 2539 1069 2566 tibus.
1085 2539 1138 2567 Sed
1160 2547 1223 2567 cum
1247 2540 1376 2568 desiderii
1391 2542 1478 2569 nostri
1503 2549 1672 2576 nequeamus
1691 2543 1774 2568 ardo-

985 2591 1043 2610 rem
1056 2585 1208 2618 continere,
1223 2587 1387 2613 nominatim
1401 2594 1510 2622 quoque
1523 2595 1587 2614 eum
1600 2588 1771 2618 invocamus,

983 2634 1012 2656 et
1036 2632 1207 2664 praesentiam
1233 2632 1292 2666 ejus
1320 2633 1429 2667 populis
1455 2633 1604 2667 aperimus.
1635 2632 1771 2660 Caeterum

983 2676 1112 2710 quoniam
1129 2682 1228 2704 natura
1243 2685 1335 2705 rerum
1348 2677 1375 2706 id
1389 2683 1474 2710 velat,
1488 2686 1654 2714 necesseque
1666 2684 1707 2706 est
1722 2687 1771 2713 per

984 2721 1127 2750 intervalla
1144 2723 1273 2758 temporis
1289 2731 1373 2751 unum
1402 2729 1464 2759 post
1486 2725 1559 2752 aliud
1576 2725 1689 2751 verbum
1708 2731 1771 2758 pro-

983 2767 1121 2803 nuntiare,
1135 2774 1218 2804 atque
1233 2769 1271 2798 ita
1287 2774 1370 2798 totam
1386 2770 1529 2798 historiam
1543 2770 1706 2798 sacramenti
1726 2776 1770 2797 re-
