1920 3063
106 124 157 156 5i'l

601 125 649 155 DE
670 123 928 155 SACliAMENTO
948 125 1104 154 EUCHAR
1113 125 1235 157 [STML

1676 124 1730 157 518

105 182 209 213 petere,
231 178 330 207 deinde
350 179 459 207 Patrem
481 185 507 207 et
528 179 658 215 Spiritum
674 186 799 208 sanctum
816 180 892 207 invo-
905 186 930 214 Α
944 187 1040 214 preces
1063 180 1141 212 illas,
1168 181 1270 215 quibus
1290 180 1414 207 nonnulli
1439 179 1598 207 existimant
1617 188 1726 208 sacrum

104 232 178 256 care,
191 224 294 252 idcirco
307 225 341 253 iis
355 227 401 260 qui
417 233 472 253 non
491 226 561 254 bene
575 233 632 253 rem
645 225 828 256 considerant,
847 225 890 252 vi-

104 269 163 297 deri
178 270 248 298 solet
264 270 339 298 aliud
352 266 412 299 esse
423 272 601 307 quod-postea
613 272 787 300 invocatione
801 271 890 298 saneti

104 315 224 349 Spiritus
249 315 360 349 dicitur.
376 316 458 352 idque
480 317 652 344 solummodo
674 317 779 352 absque
796 316 889 344 verbis

103 360 212 389 Domini
225 367 425 390 sacramentum
439 362 586 390 conﬁcere.
604 362 682 395 Quod
697 366 772 389 certe
787 369 801 388 a
818 362 891 389 veri-

103 411 158 433 tate
179 406 339 442 longissime
362 407 450 434 abest.
468 407 583 442 Oportet
599 407 671 435 enim
698 407 756 434 haec
782 407 891 442 aliaque

102 452 270 487 liujustnodi,
285 460 338 479 non
353 457 480 487 tanquam
495 453 522 480 in
538 456 662 487 tempore
675 452 703 479 in
720 460 775 487 quo
792 452 891 480 dicun-

101 503 158 530 tur,
178 497 225 525 sed
242 497 370 533 tanquam
387 499 414 526 in
427 504 548 533 tempore
561 505 609 533 pro
623 505 679 533 quo
693 498 836 530 dicuntur,
851 498 889 526 ita

101 542 264 577 intelligere,
281 550 312 569 ac
334 543 357 570 si
372 547 479 578 tempus
500 543 566 570 illud
583 547 706 570 maneret
721 539 888 577 minimeque

101 585 247 618 deﬂueret,
265 587 312 614 sed
327 587 354 614 in
372 595 426 614 uno
441 587 593 622 eodemque
606 595 681 614 nunc
701 587 748 615 illa
764 587 889 615 diceren-

102 635 166 658 tur:
182 631 304 666 proi‘ccto
317 632 389 659 enim
410 633 445 659 ita
469 633 638 664 dicerentur,
654 632 677 660 si
696 632 756 660 ﬁeri
774 636 887 667 posset,

100 679 129 702 et
154 683 245 703 rerum
273 681 371 704 natura
395 677 509 704 minime
533 681 705 712 repugnaret.
720 677 788 704 Cum
806 677 890 712 igitur

101 728 152 755 pro
173 726 294 756 tempore
311 722 339 749 in
360 730 416 757 quo
431 720 477 749 ilia
492 722 633 749 Dominica
648 723 730 750 verba
747 723 886 754 dicuntur,

101 767 290 795 invocationes
301 767 383 795 etiam
402 768 568 802 posteriores
583 768 659 799 ﬁant,
674 771 702 795 et
711 767 745 795 ad
761 768 829 795 illud
845 776 889 796 re-

99 811 227 839 ferantur
246 818 363 848 tempus,
382 813 503 848 profecto
515 818 544 840 et
555 814 650 841 eodem
667 814 725 842 hac
742 815 800 848 ipsa
814 813 888 842 dicta

942 224 1124 253 Eucharistize
1141 226 1301 261 mysterium
1315 225 1424 252 conﬁci.
1442 225 1520 258 Quod
1537 226 1559 252 si
1579 225 1612 253 iis
1629 219 1730 261 priori-

942 271 993 298 bus
1008 271 1100 298 verbis
1116 277 1145 298 et
1162 272 1212 298 hac
1226 266 1414 307 Chrysostomi
1432 263 1557 309 oratione
1573 279 1730 299 sacramen-

942 320 999 342 tum
1015 324 1068 343 non
1084 316 1239 349 coniicitur,
1253 316 1376 351 profecto
1391 324 1442 344 nec
1455 316 1655 351 posterioribus
1665 308 1731 351 ‘per-

941 361 1060 393 iicietur,
1074 369 1135 397 quae
1148 369 1210 389 cum
1238 361 1292 389 illis
1315 362 1410 389 eadem
1437 359 1633 398 sunt:eadem
1657 362 1731 389 enim

941 408 1102 435 eorumdem
1119 402 1182 435 sunt
1197 407 1354 435 eﬁicientia.
1368 406 1514 435 Pcrﬁcitnr
1534 413 1625 435 autem
1638 408 1732 435 verbis

941 452 1073 491 illisqnaa
1090 454 1162 480 inter
1181 458 1295 487 utraque
1312 453 1410 483 media,
1431 453 1549 480 maxime
1570 453 1731 497 principalia

940 502 1016 530 sunt,
1033 499 1084 525 boc
1097 494 1139 526 est
1155 498 1304 525 Dominicis
1323 498 1425 525 verbis.
1445 497 1508 525 H:ec
1525 502 1589 525 sunt
1605 506 1666 533 quae
1682 494 1733 525 ἰὸ-

942 547 998 570 tum
1014 544 1146 575 eiiiciunt,
1159 544 1217 571 haec
1239 545 1272 570 ad
1288 551 1348 578 qum
1371 544 1463 571 omnia
1481 544 1622 571 referenda
1646 549 1710 572 sunt
1723 564 1731 578 ,

940 590 997 618 sive
1013 595 1105 622 antea,
1121 591 1179 618 sive
1202 595 1294 625 postea
1309 590 1446 618 dicantur.
1463 590 1521 617 Hoc
1543 590 1632 625 ipsum
1653 598 1732 625 aper-

941 635 997 662 tius
1010 636 1092 663 etiam
1108 644 1141 663 ex
1156 636 1249 663 Basilii
1266 629 1356 662 verbis
1377 636 1404 662 in
1420 635 1516 663 eodem
1542 635 1602 663 loco
1626 635 1730 670 percipi

943 673 1042 716 potest.
1059 672 1118 708 Mox
1131 681 1205 708 enim
1218 674 1279 716 post
1297 688 1441 708 munerum
1464 681 1630 708 oblationem
1653 679 1733 715 :itc-

942 726 1028 759 spii-c.
1044 725 1143 759 inquit,
1158 733 1242 760 super
1265 733 1325 757 nos,
1345 725 1426 757 Deus,
1442 729 1470 752 et
1485 733 1568 759 super
1585 725 1656 752 itane
1680 721 1731 752 no-

942 775 1028 797 stram
1048 770 1164 802 latriam,
1184 775 1211 797 ei.
1232 775 1372 805 acceptam
1389 778 1448 797 eatn
1467 771 1579 804 habeas,
1597 772 1729 806 quemad-

943 816 1053 843 modum
1070 822 1180 851 accepta
1198 816 1319 843 habuisti
1338 823 1453 843 munera
1468 817 1553 850 Abel,
1569 811 1732 845 inimoiatio~

100 864 162 884 esse
178 862 300 893 tempore
317 859 500 886 existimanda
514 863 589 892 sunt,
606 859 679 894 quod
694 864 768 886 certe
783 859 884 887 factum
904 863 924 888 Β
939 868 988 888 nes
1002 861 1152 894 Abraham,
1164 860 1249 896 Moysi
1263 867 1291 889 et
1300 861 1390 888 Aaron
1411 862 1605 893 sacerdotium,
1617 863 1733 891 Samue-

100 902 208 936 i'uisset,
224 905 247 931 si
262 909 358 931 natura
373 908 465 932 rerum
483 904 750 938 pa‘teretunﬂtenim
760 905 892 940 quemad-

103 949 214 975 modum
228 949 251 976 si
268 949 329 984 quis
343 957 498 977 sermonem
516 949 632 985 alicujus
652 950 766 978 moleste
790 950 890 983 i‘erens,

101 998 129 1021 et
146 994 240 1021 audire
262 995 351 1029 ipsum
378 1002 519 1028 recusans,
535 995 651 1028 diceret,
667 994 760 1023 Clausi
776 996 825 1023 tibi
840 1004 890 1023 au-

103 1047 159 1071 res,
184 1046 247 1066 cum
273 1044 362 1066 tamen
386 1040 508 1067 nondum
533 1041 693 1075 clausisset;
716 1042 760 1068 vel
786 1040 891 1076 aliquid

100 1085 153 1112 sibi
171 1084 315 1112 molestum
332 1085 427 1113 videre
440 1086 549 1119 nolens,
561 1086 686 1114 diceret:
702 1087 810 1115 Obduxi
825 1095 890 1115 ocu-

100 1130 153 1162 los,
171 1136 232 1157 cum
250 1130 275 1157 id
292 1130 426 1163 nondum,
443 1136 471 1158 et
499 1131 550 1158 alia
573 1132 607 1158 iis
633 1132 750 1165 similia;
774 1132 810 1159 ita
837 1133 890 1160 tale

100 1177 195 1206 nescio
205 1180 270 1215 quid
283 1180 311 1207 in
325 1180 358 1208 iis
371 1178 479 1207 Domini
489 1179 580 1206 verbis
591 1177 772 1206 animadverti
786 1182 888 1213 potest.

100 1226 168 1254 Cum
186 1227 259 1254 enim
286 1227 322 1254 ita
342 1227 417 1262 loqui
452 1226 603 1257 debuisset.
629 1226 724 1253 dicens
745 1224 890 1260 discipulis

100 1273 169 1306 suis,
187 1273 299 1307 Accipite
320 1278 344 1300 et
360 1272 528 1305 manducata,
550 1272 597 1298 hoc
621 1276 659 1299 est
682 1280 774 1306 corpus
791 1280 888 1304 meum,

100 1319 191 1352 fregit,
205 1323 232 1346 et
245 1317 321 1346 dedit
341 1318 394 1345 eis.
410 1318 467 1345 Hoc
484 1317 556 1345 enim
573 1317 630 1352 ipse
651 1317 720 1344 ordo
733 1325 825 1344 rerum
841 1325 890 1352 po-

101 1365 202 1395 scebat,
223 1364 311 1398 primo
330 1370 505 1395 consecrare,
520 1363 620 1390 deinde
636 1363 774 1397 frangere,
794 1367 888 1397 postea

101 1409 287 1443 distribuereJ}
300 1409 373 1444 quod
399 1416 448 1436 nos
476 1408 503 1435 iu
530 1407 676 1443 praesentia
699 1408 827 1436 iacimus.
842 1408 888 1435 ille

100 1453 191 1483 tamen
207 1456 255 1487 ait,
269 1455 369 1489 Fregit,
381 1459 408 1482 et
427 1454 512 1487 dedit,
530 1454 637 1485 dicens,
656 1453 713 1481 Hoc
736 1458 774 1480 est
794 1462 888 1489 corpus

100 1510 196 1533 meum,
216 1495 331 1536 ﬁgurato
357 1508 485 1528 sermone
501 1507 583 1535 quem
604 1499 818 1534 hysterologiam
841 1507 890 1526 vo-

101 1551 174 1578 cant,
187 1553 263 1574 usus.
275 1545 356 1573 Juxta
371 1544 436 1572 illud
455 1549 550 1579 poetae,
566 1543 653 1571 Simul
668 1543 764 1571 nutriti
777 1543 889 1578 natique

100 1593 222 1620 fuerunt.
241 1592 273 1619 Et
287 1592 363 1623 alibi,
382 1592 479 1620 Souuit
492 1591 607 1618 cadens.
632 1589 725 1617 Primo
752 1589 827 1617 enim
842 1591 891 1616 na-'

100 1637 187 1666 scitur
198 1637 310 1672 aliquis,
326 1637 426 1664 deinde
441 1636 572 1668 nutritur,
596 1639 623 1663 et
646 1635 720 1662 cadit
733 1635 794 1670 quis
809 1639 888 1661 ante-

99 1691 182 1720 quam
203 1692 300 1712 sonum
311 1683 403 1710 iaciat.
417 1682 501 1710 Decet
515 1682 600 1717 igitur
612 1688 664 1709 nos
679 1686 751 1708 recte
764 1681 890 1716 judicare

100 1730 235 1761 volentes,
250 1728 357 1763 singula
367 1735 481 1762 quaeque
498 1727 663 1761 intelligere,
681 1730 711 1753 ut
726 1726 754 1753 in
770 1727 889 1762 propriis

100 1776 174 1803 dicta
193 1778 257 1801 sunt
270 1774 349 1805 locis,
365 1775 424 1800 nec‘
436 1773 462 1799 in
479 1780 544 1807 quo,
564 1771 612 1799 sed
627 1779 678 1807 pro
694 1779 750 1806 quo
764 1776 888 1807 tempore

100 1820 232 1847 dicuntur
261 1818 498 1850 animadvertere;
512 1820 540 1845 et
553 1825 614 1852 quae
634 1818 677 1845 vel
692 1820 756 1844 ante
769 1818 810 1844 vel
826 1823 889 1853 post

100 1866 192 1900 aliqua
211 1864 351 1896 dicuntur,
365 1862 512 1898 aliquando
531 1863 642 1898 quidem
658 1869 788 1898 tanquam
803 1863 888 1890 simul

100 1913 164 1939 cum
184 1911 248 1943 illis,
274 1910 422 1944 aliquando
445 1917 524 1940 vero,
542 1909 586 1936 vei
611 1910 641 1936 ut
663 1909 803 1943 posterius
828 1917 888 1943 qua:

101 1956 189 1991 prius,
205 1956 247 1983 vcl
263 1959 292 1982 ut
309 1955 385 1990 prius
398 1961 459 1989 qute
473 1953 612 1989 posterius
629 1953 702 1981 dicta
721 1958 797 1987 sunt,
815 1954 888 1981 dicta

100 2001 268 2029 existimare.
285 1999 436 2035 Siquidem
454 2000 511 2034 ipse
535 2007 645 2034 quoque
674 1999 888 2034 Chrysostomus

101 2047 187 2074 multo
203 2050 266 2072 ante
280 2050 308 2073 et
325 2048 386 2077 post
399 2045 482 2072 verba
496 2045 613 2072 ‘Domihi
635 2045 664 2072 in
682 2047 805 2072 oratione
826 2045 888 2079 qua:
907 2041 910 2044 ’

100 2096 163 2127 po.~t
177 2091 343 2118 oblationem
355 2091 455 2118 dicitur
469 2097 615 2117 munerum
625 2110 632 2121 ,
648 2090 752 2125 Dignos
767 2097 829 2122 nos,
846 2090 887 2117 in-

100 2136 170 2172 quit,
183 2135 235 2167 fac,
248 2136 374 2166 Domine,
386 2140 416 2162 ut
430 2142 522 2162 coram
535 2140 561 2161 te
573 2135 688 2170 gratiam
701 2135 886 2167 inveniamus,

943 906 977 934 iis
1009 907 1147 941 paciiicas.
1185 907 1423 940 Quemadmodum
1454 909 1550 946 cepisti
1584 917 1599 936 a
1627 901 1731 937 sanctis

942 952 1073 987 apostolis
1100 953 1154 980 tuis
1178 961 1272 981 veram
1300 954 1369 982 hanc
1395 953 1515 987 latriam,
1543 955 1579 983 ita
1604 963 1619 983 a
1653 955 1731 984 nobis

942 999 1143 1032 peccatoribus,
1159 999 1341 1035 manibusque
1357 1001 1469 1034 nostris,
1487 1000 1580 1035 accipe
1595 992 1655 1029 haec
1669 1010 1730 1029 mu-

941 1052 1018 1078 nera,
1034 1045 1158 1073 bonitate
1177 1051 1233 1079 tua,
1254 1047 1377 1074 Domine.
1395 1046 1512 1076 Videsne
1527 1037 1730 1088 ut‘postmulta

941 1097 1002 1124 qua:
1012 1089 1094 1119 orans
1105 1091 1183 1124 dicit,
1196 1097 1258 1126 post
1269 1093 1439 1128 propositum
1455 1094 1619 1122 sacriﬁcium
1631 1095 1729 1128 latriat,

941 1137 1014 1169 quod
1031 1136 1082 1164 soli
1097 1136 1154 1164 Deo
1169 1142 1196 1164 et
1221 1138 1288 1165 nulli
1310 1139 1387 1174 alteri
1405 1139 1531 1172 debetur,
1547 1146 1609 1175 post
1623 1149 1729 1175 preces.

940 1180 1041 1214 quibus
1058 1185 1088 1208 ut
1102 1188 1213 1217 accepta
1232 1183 1287 1220 Deo
1303 1183 1411 1223 ﬁerent,
1429 1185 1510 1212 sicuti
1526 1185 1604 1216 Abel,
1617 1186 1686 1223 Noe,
1703 1190 1730 1214 et

940 1230 1037 1266 caetera
1052 1228 1196 1261 sacriiicia,
1210 1232 1300 1256 tamen
1314 1237 1347 1256 ne
1356 1221 1455 1264 aliquis
1468 1231 1638 1259 contentioni
1646 1221 1729 1261 relin-

939 1277 1074 1306 queretur
1089 1273 1177 1306 locus,
1197 1265 1339 1310 subiunxit
1357 1266 1369 1302 ιη
1382 1265 1649 1315 Quemadmodutn‘e
1670 1285 1728 1305 ma-

939 1318 1021 1345 nibus
1035 1315 1192 1347 sanctorum
1211 1315 1400 1354 apostolorum
1416 1312 1524 1350 tuorum
1545 1312 1727 1360 hanc‘veram

939 1363 1046 1391 latriam
1062 1366 1205 1399 accepisti,
1225 1367 1262 1393 ita
1279 1360 1297 1394 e'
1315 1367 1443 1395 manibus
1467 1358 1575 1397 nostris.
1593 1371 1648 1398 inec
1667 1360 1730 1398 tnu-

938 1417 1007 1447 nera‘
1018 1410 1111 1444 accipe
1124 1411 1135 1437 ?
1149 1406 1218 1444 Quid
1236 1404 1308 1448 ergo.
1318 1407 1548 1451 tergiversantur?
1574 1415 1631 1442 Hoc
1648 1416 1730 1444 modo

938 1462 965 1482 et
980 1455 1063 1483 verba
1078 1457 1136 1484 haec
1147 1458 1214 1485 satis
1224 1451 1284 1486 esse
1296 1458 1329 1486 ad
1341 1460 1577 1489 consecrationem
1594 1461 1729 1494 dicemus,

940 1508 1003 1527 cum
1018 1501 1091 1529 dicat
1107 1502 1253 1532 Basilius:
1279 1503 1361 1531 lta'e
1388 1506 1515 1534 manibus
1543 1507 1646 1534 nostris
1672 1508 1731 1543 inge

941 1556 1056 1576 munera
1085 1550 1188 1584 accipe,
1214 1544 1455 1585 quemadmodum
1473 1560 1488 1579 a
1520 1553 1574 1581 tuis
1598 1556 1731 1590 apostolis

940 1593 1011 1622 hanc
1027 1602 1118 1622 veram
1132 1595 1240 1623 latriam
1252 1597 1391 1631 accepisti.
1411 1598 1438 1625 Si
1454 1599 1527 1626 enim
1545 1601 1731 1634 apostolorum
1756 1602 1760 1605 Α

939 1639 1066 1667 manibus
1092 1648 1186 1667 verum
1200 1640 1304 1669 Christi
1324 1650 1425 1677 corpus
1440 1650 1630 1672 consecratum
1657 1647 1730 1680 iuit,

939 1684 1021 1720 idque
1034 1693 1108 1713 nunc
1122 1686 1149 1713 in
1161 1687 1289 1715 manibus
1305 1688 1363 1716 suis
1376 1689 1435 1717 ﬁeri
1450 1695 1526 1725 rogat
1538 1691 1664 1724 Basilius.
1680 1700 1731 1720 cur

938 1738 993 1758 non
1011 1731 1054 1759 his
1062 1733 1153 1761 verbis
1162 1733 1253 1762 subito
1266 1735 1407 1769 perﬁcitur
1418 1727 1623 1765 sacramentum
1634 1739 1646 1764 ’ἒ
1656 1738 1730 1767 Nihil

939 1775 1011 1803 enim
1024 1777 1082 1804 haec
1097 1778 1229 1806 diﬁ‘erunt
1237 1787 1252 1806 a
1267 1781 1468 1814 posteriOribus
1477 1783 1617 1816 precibus,
1628 1785 1729 1819 quibus

938 1822 1066 1850 nonnulli
1080 1828 1178 1858 putant
1202 1825 1297 1859 perﬁci
1326 1833 1435 1854 sacrum
1459 1828 1630 1863 mysterium.
1657 1830 1728 1858 Audi

938 1870 1011 1894 enim
1029 1869 1095 1903 quid
1110 1869 1192 1900 dicat,
1220 1871 1358 1905 Rogamus
1373 1876 1398 1899 te
1414 1873 1601 1901 utdesccndat
1611 1874 1730 1909 Spiritus

939 1918 1051 1940 sanctus
1070 1918 1133 1941 tuus
1149 1922 1232 1950 super
1244 1916 1302 1944 haec
1312 1917 1450 1951 proposita
1459 1925 1584 1950 munera,
1599 1924 1628 1947 et
1646 1920 1729 1948 faciat

939 1964 1036 1991 panem
1053 1966 1164 1994 corpus.
1184 1960 1298 1988 calicem
1314 1969 1379 1990 vero
1405 1964 1578 1998 sanguinem.
1600 1965 1628 1992 Si
1645 1966 1728 2001 igitur

939 2003 1035 2037 primis
1047 2005 1101 2031 illis
1110 2005 1293 2039 orationibus,
1302 2015 1363 2042 quae
1371 2008 1517 2037 simillimae
1528 2011 1728 2044 posterioribus

939 2054 1013 2082 Sunt,
1023 2057 1076 2076 non
1087 2052 1229 2085 perﬁcitur
1242 2059 1350 2079 sacrum
1360 2055 1530 2091 mysterium,
1540 2056 1663 2090 profecto
1677 2066 1728 2086 nec

940 2096 1086 2129 postremis
1102 2095 1269 2129 perﬁcietur.
1279 2096 1432 2125 Simiilima:
1442 2100 1513 2128 enim
1526 2107 1623 2134 preces
1640 2103 1727 2130 simil-

939 2141 1019 2169 lituos
1041 2135 1170 2175 parerent.
1191 2143 1318 2171 eii'ectus.
1344 2144 1475 2178 Superest
1498 2147 1581 2181 igitur
1611 2153 1642 2175 ut
1667 2157 1729 2177 ver-

100 2189 128 2211 et
142 2188 286 2217 acceptum
303 2182 353 2209 tibi
368 2182 414 2209 ilat
429 2180 594 2209 sacriﬁcium
611 2181 747 2212 nostrum,
763 2186 792 2208 et
805 2181 885 2208 inha-
902 2194 925 2222 ο
938 2187 980 2215 ωε
1004 2188 1155 2216 Salvam-is
1172 2190 1260 2217 nogu-i
1285 2190 1343 2217 hac
1358 2191 1401 2218 vis
1419 2180 1564 2220 [ribuehda
1581 2194 1634 2227 sil,
1649 2199 1678 2222 ει
1693 2196 1727 2222 ad

100 2229 169 2256 bitet
183 2227 301 2264 Spiritus
317 2228 411 2263 gratiae
422 2231 475 2254 tuae
490 2227 579 2254 bonus
592 2234 674 2261 super
686 2234 748 2260 nos,
761 2231 789 2254 et
802 2234 886 2262 super

101 2275 159 2301 haec
175 2273 314 2308 proposita
331 2279 457 2300 munera.
478 2272 531 2300 Ubi
558 2272 791 2300 considerandum
819 2272 884 2307 quid

102 2320 158 2347 haec
167 2319 262 2350 verba,
277 2318 381 2354 Dignos'
391 2325 441 2345 nos
455 2317 507 2349 fac,
523 2322 553 2344 ut
565 2317 685 2351 Spiritus
697 2323 809 2345 sanctus
821 2323 885 2345 tuus

101 2365 235 2392 inhabitet
247 2372 329 2399 super
345 2364 403 2391 haec
416 2363 556 2398 proposita
578 2371 702 2391 munera.
716 2364 789 2391 Nihil
804 2364 885 2391 dilic-

101 2416 165 2438 runt
175 2419 189 2437 a
208 2411 298 2438 verbis
313 2410 368 2437 illis
379 2409 540 2440 Clementis,
559 2409 600 2436 Vel
615 2408 709 2436 Jacobi
724 2429 732 2441 ,
748 2409 791 2437 vel
809 2409 884 2437 Basi-

100 2458 141 2490 lii,
158 2457 199 2484 vel
215 2464 275 2492 quae
299 2461 383 2491 supra
406 2454 551 2482 retulimus
572 2455 658 2489 ipsius
672 2454 860 2490 Chrysostomi
876 2476 883 2489 ,

100 2503 201 2538 quibus
214 2501 325 2530 nonnuii
338 2500 498 2529 existimant
515 2502 566 2527 hoc
589 2503 791 2528 sacramentum
817 2509 884 2529 con-

101 2547 274 2576 iici.‘Eteuim
286 2546 331 2574 ‘ilii
347 2546 457 2581 quidem
475 2545 560 2573 Deum
576 2549 733 2580 precantur,
747 2550 777 2573 ut
790 2547 882 2574 mittat

101 2593 232 2628 Spiritum
246 2588 606 2627 sanctum,‘qtii'adveniens
617 2591 781 2624 sanctiﬁcet,
795 2597 823 2620 et
838 2601 885 2628 pa-

101 2646 162 2666 Itcill
182 2633 453 2673 eiﬁciat'prﬂidsuni’
467 2634 568 2664 Christi
586 2644 688 2671 corpus
710 2646 717 2663 :
736 2634 781 2666 hic
806 2645 882 2670 vero,

101 2685 217 2718 Dignos,
237 2679 446 2716 inquit,'i‘acias',
465 2677 653 2708 ut'inhabitel
672 2682 793 2717 Spiritus
819 2691 884 2710 sati-

101 2734 162 2755 ctus
176 2733 238 2754 tuus
258 2735 339 2761 super
353 2727 412 2754 haec
424 2726 661 2761 proposiia‘.‘Qu':Je
678 2727 763 2755 verba
780 2728 881 2756 nullam

100 2781 165 2800 sane
179 2775 250 2800 inter
260 2781 290 2800 se
299 2773 486 2800 diversitatem
500 2771 612 2799 habent.
624 2772 680 2800 Hoc
694 2777 784 2813 tamen
797 2773 883 2809 Chry-

101 2821 212 2848 sostomi
226 2826 289 2849 ante
305 2819 412 2847 Domini
427 2821 509 2847 verba
523 2811 705 2853 dicuntur,‘ei
724 2811 806 2855 longe
818 2826 881 2847 ante

940 2240 972 2259 ea
987 2238 1083 2260 caetera
1095 2234 1237 2261 referenda
1249 2241 1312 2261 sunt
1327 2235 1430 2267 omnia,
1446 2244 1542 2270 quaeve
1553 2243 1617 2265 ante
1633 2247 1728 2274 quasvis

941 2284 1034 2313 postea
1050 2278 1178 2307 dicuntur
1190 2298 1198 2312 ,
1214 2285 1242 2308 et
1253 2288 1303 2315 pro
1322 2288 1356 2308 eo
1371 2286 1493 2315 tempore
1508 2291 1563 2318 quo
1582 2283 1628 2310 illa
1644 2285 1726 2312 verba

939 2323 1081 2362 dicuntur,
1100 2323 1153 2352 hoc
1169 2332 1278 2360 quoque
1292 2325 1347 2353 dici
1371 2327 1594 2356 existimandum.
1620 2329 1729 2359 Diutius

939 2374 1030 2396 autem
1041 2368 1068 2395 in
1085 2369 1136 2396 hac
1147 2375 1222 2403 parte
1235 2369 1327 2398 dedita
1345 2379 1427 2406 opera
1439 2375 1601 2402 commorati
1614 2384 1727 2404 sumus:

940 2419 997 2442 tum
1011 2412 1084 2448 quod
1099 2414 1133 2441 ad
1151 2415 1336 2450 cognitionem
1352 2424 1448 2445 eorum
1469 2426 1531 2453 qua
1550 2428 1630 2455 supra
1653 2422 1727 2451 dicta

938 2465 1012 2498 _sunt,
1039 2468 1093 2488 non
1119 2467 1228 2494 parvam
1255 2461 1524 2492 aﬁ'erreutiiitalem
1550 2465 1727 2501 videbantur,

939 2510 996 2533 tum
1013 2506 1086 2540 quod
1105 2507 1260 2534 necessaria
1273 2512 1350 2547 erant
1365 2508 1399 2535 ad
1419 2516 1451 2538 ea
1475 2510 1607 2547 solventia
1618 2520 1678 2548 qua:
1695 2523 1726 2542 ex

938 2551 1031 2591 divino
1055 2551 1184 2593 Dionysio
1199 2557 1235 2591 let
1258 2553 1542 2593 Damascenoﬂopponi
1559 2558 1659 2587 solent.
1679 2559 1729 2591 His

938 2590 1002 2623 addi
1014 2592 1098 2639 tertia
1113 2590 1224 2639 quoque
1241 2591 1324 2639 ratio,
1337 2590 1408 2636 inuiii
1425 2590 1728 2638 fortasse‘superioruni

938 2639 1063 2685 inferior,
1079 2638 1179 2677 posset,
1188 2650 1198 2683 1:
1213 2642 1397 2684 bierarchatu,
1419 2649 1505 2673 totum
1521 2646 1727 2686 Deoqt-epletum

938 2685 1087 2726 divinaque
1099 2696 1193 2716 amore
1208 2688 1288 2730 juxta
1302 2689 1460 2730 Dionysium
1475 2692 1520 2719 De,
1532 2694 1627 2730 diuini;
1641 2687 1729 2727 ᾑοιιε-

938 2733 1013 2759 nibus
1037 2729 1176 2776 captum,
1190 2726 1279 2760 veluti.
1294 2726 1415 2775 e‘xstasiu
1440 2726 1597 2776 quamdam,
1613 2747 1642 2769 et
1655 2743 1728 2777 divi-

938 2784 1004 2804 num
1023 2778 1077 2811 pati
1095 2774 1201 2811 zelum;
1221 2777 1257 2803 ob
1273 2774 1324 2817 hoc
1342 2786 1530 2814 stupeuuinero
1544 2774 1620 2814 crura
1637 2795 1667 2814 se
1679 2774 1720 2822 po

938 2823 1030 2855 situm,
1044 2828 1071 2850 et
1088 2827 1173 2850 totum
1189 2822 1228 2850 rei
1246 2828 1342 2851 amata:
1358 2825 1519 2861 haerentem,
1532 2831 1590 2858 zelo
1605 2833 1727 2870 quodam
