1920 3063
165 112 216 144 εἰς)

639 115 887 145 nussantoxts
909 116 936 145 s.
963 116 995 144 n.
1021 107 1308 144 ΕῘρΑηῡιΝΑῐλς

1735 116 1791 146 ut
1815 102 1819 104 ⁷

163 159 192 202 ω.¹
204 169 312 200 timore,
327 175 361 195 nc
380 167 404 194 id
425 167 496 202 quod
520 167 657 195 desiderat
683 177 737 196 non
763 176 924 204 assequatur
937 189 943 200 .
959 170 981 200 Λ
997 174 1111 203 posnus,
1127 173 1198 196 totus
1217 169 1254 195 rei
1272 173 1366 194 amatae
1387 167 1498 199 Intereat.
1523 167 1658 195 eteadem
1674 170 1789 204 saepius.

163 214 261 249 szepius
274 213 368 240 cadent
388 221 422 240 ex
443 220 507 240 vero
526 221 557 240 ac
576 222 645 247 pene
669 215 823 242 incredibili
846 216 944 242 mentis

163 258 303 286 desiderio
318 262 420 292 petere,
434 266 486 285 nec
500 259 625 293 ignorare
640 260 750 293 quidem
765 268 793 287 se
803 261 857 295 jam
876 261 948 296 quod

166 304 308 338 quaerebat
329 304 469 338 adeptum,
489 305 535 332 sed
552 305 697 332 insatiabili
711 307 829 340 quodam
857 314 949 333 amore

164 350 262 376 iterum
279 355 359 384 atque
381 350 480 377 iterum
499 351 593 377 eadem
610 356 745 386 repetere,
766 357 796 378 ut
817 353 899 380 etiam
922 352 948 379 iu

163 395 329 430 quibusdam
354 396 485 431 symbolis
511 397 588 430 quasi
613 397 826 424 evidentissimis
852 397 948 432 signis.

163 439 211 474 qui
229 439 340 471 adsunt,
358 440 510 474 intelligere
525 441 619 475 possit.
640 445 727 469 totum
747 442 802 469 Deo
821 447 929 476 captum
941 462 948 474 ,

164 489 250 512 toturn
275 485 330 519 jam
351 486 473 512 divinqu
491 486 635 519 effectum,
657 496 688 514 ac
712 495 761 523 per
785 487 836 514 hoc
862 489 950 515 imita—

164 530 240 557 tione
263 531 321 565 ejus
339 530 379 556 ’ad
405 531 534 558 virtutem
554 533 668 566 vitaeque
686 533 869 566 integritatem
893 532 950 559 alli-

164 577 282 608 ciantur,
297 581 334 606 et.
355 581 383 602 ut
399 577 485 608 aiunt,
500 577 577 611 quasi
593 575 750 604 manuductl
770 582 905 612 portantur
922 577 949 605 in

164 622 246 648 viam.
263 621 320 648 lloc
336 629 460 648 summus
476 622 521 648 ille
546 622 677 656 propheta
702 622 784 648 David
814 622 950 656 plerisque

164 667 190 693 in
208 667 274 694 locis
288 667 360 694 facit.
377 667 444 693 Nam
464 675 525 694 eum
548 667 684 700 dixisset,
701 667 768 694 Cum
784 668 930 694 invocarem
943 688 949 698 ,

163 713 293 739 eaaudiuit
314 721 354 738 me
379 713 445 739 Deus
459 713 574 747 justitiw
601 721 676 744 meat,
691 713 770 747 patilo
787 718 848 747 post
863 712 890 740 in
907 721 952 739 eo-

163 758 224 786 dem
245 758 348 792 psalmo
360 758 509 793 subjuugit.
526 758 652 785 Miserere
665 759 726 791 mei,
741 763 766 785 et
784 758 880 785 exaudi
890 767 951 785 ora-

163 805 260 831 tionem
277 811 362 830 menm
379 805 399 830 ι.
416 803 502 836 Quem
520 804 609 831 locum
629 804 817 831 Tlteodoretus
832 811 864 831 ex
887 811 951 831 scn-

164 849 260 879 tentia,
282 849 333 875 nisi
349 848 439 881 fallor,
459 848 646 883 Chrysostomi
661 851 761 883 (neque
773 850 847 876 enim
866 849 951 884 Chry-

153 899 314 921 sostomum
330 895 401 928 apud
417 902 467 921 uos
492 895 519 922 in
542 896 684 929 praesentia
704 896 848 929 habemus)
865 904 950 931 expo-

163 945 241 969 nens.
267 938 325 964 Non
342 938 468 970 satiatur,
489 938 588 972 inquit,
604 939 649 966 hic
661 940 750 974 justus
765 940 878 971 orando.
902 940 949 968 sed

163 982 319 1017 supplicans
331 989 359 1010 et
382 983 540 1018 impetrans,
555 988 584 1012 et
600 985 705 1012 fluctus
721 986 853 1013 orationis
868 987 948 1013 colli-

164 1035 239 1061 gens,
256 1027 347 1054 adhuc
363 1028 466 1054 orando
479 1035 511 1055 ac
523 1029 700 1063 supplicando
717 1035 872 1064 perseverat
884 1031 951 1063 ;scit

164 1072 237 1098 enim
259 1072 369 1106 quando
393 1073 456 1100 inde
473 1080 604 1108 sequatur
620 1075 732 1102 utilitas.
747 1075 818 1103 Alibi
842 1083 951 1110 quoque

165 1110 236 1144 idem
252 1118 348 1151 David,
366 1118 514 1153 Dirigatur,
531 1120 637 1154 inquit.
655 1121 740 1147 oratio
753 1129 811 1148 mea
825 1122 892 1148 sicut
909 1122 949 1148 in-

164 1172 271 1191 censum
294 1165 322 1191 in
347 1169 486 1199 conspectu
500 1168 543 1191 tuo
558 1165 578 1192 '.
592 1165 673 1198 Quid,
690 1173 782 1200 quaso
798 1171 834 1198 te,
852 1167 951 1194 clamat

165 1212 247 1239 David
266 1216 296 1239 ut
318 1219 367 1239 sua
397 1212 559 1239 exaudiatur
580 1213 690 1240 oratio?
706 1213 735 1240 Si
758 1214 832 1240 enim
857 1214 950 1249 iniqua

163 1262 190 1283 et
203 1261 302 1292 praeter
319 1257 452 1285 rationem
465 1261 533 1290 erat,
550 1265 689 1292 nunquam
702 1258 735 1285 ad
747 1258 839 1292 |Deum
855 1266 951 1286 ascen-

163 1303 257 1334 disset,
276 1303 481 1337 quomodolibet
493 1310 526 1330 eo
543 1308 656 1338 rogante
672 1307 754 1339 atque
767 1304 948 1336 obsecrante;

162 1350 236 1383 quod
253 1351 275 1377 si
291 1355 364 1378 recta
377 1355 404 1377 et
414 1351 539 1378 exaudiri
553 1351 646 1386 digna,
659 1351 714 1386 jam
726 1352 830 1379 directa
848 1357 906 1380 erat
917 1352 950 1379 ad

164 1397 260 1429 Deum,
273 1396 331 1431 ipso
349 1404 458 1431 quoque
471 1397 603 1431 propheta
619 1402 737 1425 tacente.
754 1397 856 1431 Nempe
869 1398 951 1433 igitur

163 1442 230 1477 petit
245 1443 317 1477 quod
330 1442 449 1475 tenebat,
467 1448 494 1470 et
508 1451 568 1477 quae
585 1444 729 1478 praesentia
741 1444 795 1477 jam
811 1450 890 1471 erant
902 1444 951 1471 de-

163 1488 275 1514 siderat.
293 1487 368 1514 Idem
384 1487 470 1514 nostri
487 1495 597 1522 quoque
617 1489 752 1522 doctores,
770 1489 817 1523 qui
835 1490 946 1516 missam
962 1499 984 1528 ο

163 1537 387 1567 composuerunt,
402 1532 503 1560 fecere.
522 1533 629 1560 Etenim
644 1539 703 1568 post
718 1535 799 1561 verba
817 1535 860 1561 illa
875 1542 882 1560 :
897 1535 949 1561 Fac

164 1580 236 1606 hunc
251 1585 348 1613 panem
363 1585 463 1612 corpus
487 1577 601 1615 Christi.
616 1584 644 1606 et
668 1579 740 1606 hunc
756 1580 871 1606 calicem
886 1587 950 1607 san-

162 1625 272 1659 guinem
293 1623 416 1655 Christi,
433 1624 533 1658 quibus
561 1625 628 1651 solis
650 1625 772 1652 nonnulli
793 1626 950 1653 existimant

163 1670 221 1697 fieri
248 1671 484 1697 consecrationem
498 1688 505 1700 ,
533 1670 622 1697 adhuc
640 1678 688 1704 pro
703 1670 742 1697 eis
764 1670 887 1703 adorant,
903 1674 950 1697 aut

163 1716 267 1742 frustra
286 1723 400 1750 prorsus
414 1715 440 1742 id
458 1715 600 1747 facientes,
619 1715 692 1750 quod
711 1723 759 1743 nec
778 1716 949 1751 cogitandum

162 1765 215 1792 est,
232 1765 280 1787 aut
293 1761 450 1788 vehementi
464 1760 583 1795 quodam
594 1760 732 1788 desiderio
744 1761 838 1788 eadem
852 1762 950 1796 szepius

161 1809 328 1839 repetentes.
346 1805 481 1833 Memento
497 1806 581 1838 enim,
601 1806 737 1840 inquiunt,
755 1807 878 1839 Domine,
899 1808 950 1834 im-

162 1851 318 1878 becitiilatis
334 1858 411 1884 mete,
427 1855 455 1878 et
468 1856 566 1886 praesta
581 1852 648 1878 mihi
667 1853 770 1879 veniam
788 1853 877 1880 omnis
892 1854 950 1880 sive

162 1896 334 1927 voluntariae,
353 1896 410 1924 sive
427 1904 481 1923 non
495 1897 655 1924 voluntariae
669 1906 735 1924 mea:
746 1898 841 1932 culpae.
862 1907 950 1933 neque

162 1945 273 1975 propter
289 1945 400 1975 peccata
418 1948 477 1968 mea
498 1941 623 1968 inhibeas
647 1941 765 1975 Spiritus
784 1943 870 1970 sancti
888 1951 950 1978 gra-

161 1987 224 2014 tiam
240 1986 274 2013 ab
289 1986 332 2014 his
355 1987 502 2021 propositis
519 1987 688 2014 muneribus.
707 1988 739 2014 Et
752 1995 847 2015 rursus
870 1989 951 2023 paulo

160 2037 221 2067 post
231 2033 263 2059 ad
277 2032 405 2067 populum
418 2032 520 2059 dicitur
533 2041 539 2059 :
554 2032 607 2059 Pro
620 2033 719 2060 oblatis
729 2035 950 2068 consecralisque

161 2078 323 2106 muneribus
340 2078 468 2113 pretiosis
485 2078 570 2105 Deum
587 2086 724 2112 rogamus.
750 2079 789 2106 En
813 2080 951 2113 quomodo

158 2128 247 2156 orant,
264 2132 298 2151 nc
313 2132 345 2151 ex
363 2124 513 2158 propositis
535 2124 697 2151 muneribus
717 2124 837 2158 Spiritus
859 2125 951 2158 gratia:

148 2175 301 2204 .arceat-ur',
317 2167 504 2204 en‘quomodo
523 2177 571 2204 pro
594 2170 771 2197 sanctificatis
791 2170 949 2204 propositis-

159 2225 213 2251 que
230 2216 389 2243 muneribus
405 2217 552 2243 hortantur
568 2216 652 2243 Deum
674 2217 778 2252 precari
794 2237 801 2248 ,
820 2217 948 2250 quamvis

157 2263 246 2289 multo
265 2267 327 2289 ante
351 2262 518 2289 sanctificata
544 2261 656 2294 fuerint,
686 2263 809 2296 quamvis
829 2262 948 2296 perfecte

158 2313 329 2340 consecrata,
350 2308 433 2334 etiam
448 2307 526 2341 juxta
541 2314 636 2333 eorum
657 2307 826 2341 opinionem,
841 2307 886 2341 qui
900 2315 949 2333 no-

157 2353 199 2379 bis
215 2352 353 2379 contraria
372 2357 398 2378 et
412 2351 565 2386 loquuntur
579 2355 607 2377 et
626 2352 759 2379 sentiunt.
776 2352 846 2384 Quid
864 2352 947 2386 igitur

155 2398 279 2425 dicemus
297 2397 349 2425 hoc
363 2398 434 2428 loco,
460 2397 645 2424 fratrcs'tnisi
671 2398 742 2431 quod
760 2406 793 2424 ex
812 2399 948 2425 sententia

147 2443 346 2479 :Chrysostomi
358 2442 548 2469 Thcodoretus
565 2443 605 2469 ait
619 2442 702 2469 :‘Nou
716 2445 830 2470 satiatur
844 2444 947 2472 orando

153 2490 254 2523 justus,
269 2495 297 2516 et
316 2489 420 2523 reliqua
440 2495 500 2522 quae
526 2495 608 2522 supra
627 2489 848 2515 memoravimus.
863 2489 943 2522 Quod

154 2535 238 2570 siqui
257 2535 372 2562 fortasse
389 2533 522 2565 dicerent,
550 2533 609 2560 Non
627 2541 675 2567 pro
689 2533 789 2560 divinis
819 2536 943 2562 muneri-

153 2580 215 2611 bus,
242 2580 288 2607 sed
305 2586 354 2614 pro
369 2578 449 2606 nobis
480 2578 519 2610 fit,
535 2578 606 2612 quod
635 2577 806 2613 significant,
825 2587 943 2613 quaeram

152 2628 187 2653 ab
202 2626 242 2653 cis
268 2625 357 2661 primo
381 2623 505 2659 quidem,
532 2631 582 2650 cur
612 2629 705 2650 nostra
733 2625 868 2658 expositio
889 2633 942 2652 non

151 2671 364 2700 convenientior
379 2671 414 2698 sit
431 2675 512 2704 atque
529 2669 657 2697 subtilior
670 2670 680 2695 .’
693 2669 759 2697 Nam
784 2671 856 2705 quod
884 2671 942 2697 hie-

150 2718 256 2745 rarchaa
271 2717 363 2744 divina
382 2716 506 2751 qutedam
534 2723 638 2751 passm,
665 2721 692 2743 et
712 2716 795 2743 veluti
824 2718 940 2744 cxstasis

148 2762 268 2794 accidat,
283 2762 320 2788 ita
337 2766 366 2789 ut
381 2761 538 2789 vehementi
551 2761 686 2798 _quodam
703 2769 796 2789 amore
813 2767 889 2789 extra
913 2770 942 2789 se

183 2815 289 2849 l‘Psal.
316 2828 352 2855 tv,
370 2821 395 2848 ‘2.
420 2821 430 2836 ²
453 2821 525 2849 Psal.
545 2828 604 2854 ch,
620 2820 646 2848 2,
671 2820 680 2836 ⁸
711 2821 790 2848 Joan.
812 2829 848 2855 vi,
863 2822 907 2855 55,

967 836 988 863 Β

999 215 1076 248 quasi
1104 214 1196 240 divino
1225 213 1341 248 quodam
1369 212 1459 239 furore
1492 218 1635 247 correptus
1662 219 1789 248 repetat,

999 250 1228 293 quemadmodum
1247 255 1272 286 in
1291 259 1405 286 terrenis
1430 259 1490 285 istis
1518 259 1660 286 amoribus
1676 260 1788 292 accidit,

1001 311 1030 331 ut
1043 313 1138 332 amans
1156 304 1190 331 ab
1203 310 1292 331 amato
1306 304 1496 338 inseparabilis
1525 305 1571 336 sit,
1593 304 1717 339 profecto
1730 313 1788 331 non

999 358 1082 384 parva
1096 355 1122 377 et
1141 350 1350 381 contemnenda,
1367 349 1412 376 scd
1428 356 1523 384 magna
1542 354 1569 375 et
1583 350 1697 384 mystica
1717 350 1790 376 ratio

999 400 1051 422 est.
1065 395 1143 428 Quod
1162 403 1227 422 vero
1239 395 1328 429 justus
1347 402 1400 420 non
1415 394 1528 421 satietur
1545 395 1728 427 orationibus,
1740 395 1788 422 sed

1000 449 1060 475 qua:
1076 440 1250 467 desiderabat
1262 440 1316 474 jam
1333 444 1496 466 consecmus
1519 439 1608 465 adhuc
1621 446 1788 474 perseveret,

1000 487 1094 515 eadem
1112 490 1216 521 petens,
1246 485 1384 512 desiderio
1410 489 1485 512 certe
1504 492 1535 512 ac
1558 485 1696 512 devotioni
1725 486 1789 512 talis

1002 531 1123 564 tantique
1137 530 1299 556 sacramenti
1313 532 1526 556 consentanequ
1540 534 1592 556 est.
1605 530 1707 556 Deinde
1720 537 1789 555 vero

1008 576 1142 610 fingamus
1159 576 1378 602 adversariorum
1407 575 1486 602 istam
1521 575 1653 602 rationem
1669 575 1788 602 validam

1001 630 1072 655 esse,
1091 629 1140 648 uec
1154 622 1250 656 quovis
1268 622 1347 647 modo
1365 621 1478 648 refutari
1498 621 1609 648 debere.
1624 621 1719 648 Nonne
1736 627 1790 655 pro

1002 667 1080 694 nobis
1098 667 1182 701 magis
1197 666 1283 693 facit?
1299 667 1352 692 imo
1369 674 1433 693 vero
1453 674 1543 693 nonne
1559 675 1573 693 a
1587 667 1665 693 nobis
1678 666 1705 693 in
1723 674 1791 692 con-

1003 713 1185 739 firmationem
1214 712 1358 739 sententia:
1379 717 1479 739 nostra:
1510 712 1626 738 adducta
1643 712 1704 738 est?
1732 711 1790 738 Hoc

1002 762 1043 785 est
1058 758 1141 789 enim,
1158 757 1229 791 quod
1246 757 1273 783 in
1289 757 1424 792 principio
1446 757 1502 784 fere
1517 758 1598 792 hujus
1623 758 1791 791 disputatio-

1004 803 1047 830 nis
1060 803 1188 833 diximus,
1203 802 1303 837 duplex
1317 810 1378 829 esse
1402 803 1503 830 Christi
1520 809 1630 837 corpus,
1648 810 1743 829 verum
1760 808 1791 829 ct

1002 849 1156 884 mysticum.
1175 849 1207 875 Et
1225 849 1282 876 [nec
1300 848 1422 882 quidem,
1446 849 1498 875 nisi
1525 855 1567 874 me
1584 848 1690 875 animus
1709 848 1788 880 fallit,

1001 896 1066 922 satis
1081 899 1144 921 sunt
1161 895 1197 921 ad
1219 895 1384 922 solutionem
1398 902 1428 921 ac
1443 894 1676 921 confirmationem
1692 902 1788 920 eorum

1001 949 1060 974 quae
1076 941 1109 968 ab
1121 941 1283 967 adversariis
1301 941 1353 967 dici
1371 940 1472 967 solent.
1485 939 1562 972 Quod
1585 947 1648 966 vero
1662 939 1788 966 nonnulli

1001 985 1169 1020 subjungqu
1199 985 1281 1012 etiam
1299 989 1360 1019 post
1379 984 1460 1011 verba
1496 984 1603 1010 Domini
1637 991 1732 1018 panem
1760 990 1790 1010 et

1002 1031 1094 1056 vinum
1109 1030 1244 1064 proposita
1262 1037 1374 1056 munera
1401 1038 1416 1056 a
1440 1029 1526 1056 sacris
1555 1029 1608 1056 illis
1626 1028 1789 1055 doctoribus

1001 1073 1148 1105 nominari,
1168 1075 1241 1108 quod
1266 1082 1320 1101 non
1336 1074 1476 1101 videretur
1491 1082 1549 1100 esse
1581 1073 1736 1101 faciendum
1764 1073 1788 1099 si

999 1120 1054 1154 jam
1070 1124 1228 1146 consecrata
1244 1119 1334 1146 forent
1352 1121 1417 1154 (non
1436 1119 1508 1146 enim
1523 1120 1578 1154 jam
1606 1119 1723 1153 amplius
1741 1127 1789 1153 pn-

1002 1166 1044 1192 nis
1059 1169 1086 1192 et
1103 1166 1208 1196 vinum,
1221 1165 1268 1192 sed
1280 1173 1379 1200 corpus
1395 1169 1422 1192 et
1439 1165 1549 1199 sanguis
1564 1165 1683 1196 Domini,
1700 1171 1727 1192 ct
1743 1173 1789 1192 es-

1002 1215 1063 1239 sent
1096 1216 1123 1237 et
1150 1211 1331 1245 dicerentur),
1347 1211 1435 1238 facilis
1450 1215 1491 1238 est
1517 1211 1550 1238 ad
1583 1219 1615 1238 ea
1634 1211 1786 1246 responsio.

1001 1255 1067 1288 Quis
1079 1256 1152 1282 enim
1171 1261 1251 1290 neget
1277 1263 1374 1283 verum
1391 1255 1493 1282 Christi
1510 1263 1610 1291 corpus
1624 1261 1651 1283 et
1675 1257 1788 1291 sangui-

1002 1310 1075 1335 nem,
1091 1307 1163 1329 recte
1175 1310 1271 1336 panem
1285 1307 1312 1330 et
1324 1303 1416 1330 vinum
1434 1303 1587 1337 nuncupari
1602 1311 1681 1337 posse
1691 1304 1787 1338 Z’Na‘ui,

1003 1352 1032 1374 ut
1049 1352 1208 1382 praeteream
1229 1347 1314 1374 multa
1344 1347 1517 1375 diversorum
1544 1348 1686 1375 doctorum
1707 1349 1787 1381 testi-

1002 1394 1103 1426 monia,
1120 1395 1166 1428 qui
1194 1393 1381 1420 indifferenter
1397 1394 1478 1420 etiam
1506 1398 1568 1428 post
1604 1396 1789 1422 consecratio-

1001 1447 1075 1473 nem,
1091 1441 1171 1467 modo
1185 1448 1284 1475 corpus
1299 1445 1326 1468 et
1342 1441 1501 1476 sanguinem
1517 1442 1629 1475 Christi,
1648 1442 1728 1469 modo
1740 1450 1789 1477 pa-

1002 1494 1062 1512 nem
1078 1490 1105 1513 et
1121 1487 1212 1512 viuum
1231 1486 1374 1513 nominaut
1392 1486 1490 1521 (neque
1508 1487 1582 1513 enim
1597 1491 1639 1514 est
1655 1487 1681 1513 in
1701 1495 1730 1514 re
1746 1487 1788 1514 fa-

1000 1531 1045 1558 cili
1061 1532 1164 1558 diutius
1183 1532 1432 1566 commorandum),
1451 1539 1542 1559 nonne
1569 1533 1626 1566 ipse
1645 1533 1786 1566 Dominus,

1000 1585 1054 1611 quo
1070 1577 1161 1604 nullus
1177 1576 1228 1604 ﬁde
1244 1577 1351 1610 dignior
1365 1582 1417 1610 est,
1437 1577 1470 1605 de
1497 1585 1548 1605 suo
1564 1575 1712 1612 praesertim
1728 1586 1789 1604 cor-

1001 1630 1066 1657 pore
1082 1622 1222 1656 loquente,
1245 1622 1432 1650 indifferenter
1452 1624 1533 1651 modo
1549 1624 1610 1657 hoc,
1628 1625 1708 1656 modo
1722 1626 1787 1652 illud

1000 1668 1143 1695 nominat?
1162 1668 1211 1699 Qui
1231 1668 1382 1701 manducat,
1401 1669 1499 1703 inquit,
1520 1678 1602 1696 nteant
1619 1679 1735 1704 carnem,
1763 1676 1788 1698 el

1001 1714 1064 1740 bibit
1081 1721 1167 1740 meum
1192 1715 1361 1749 sanguinem,
1389 1715 1465 1742 habet
1481 1716 1562 1741 vitam
1593 1721 1730 1743 colentum.
1756 1718 1789 1744 lit

1002 1767 1108 1791 rursus,
1125 1759 1194 1786 Caro
1213 1768 1269 1786 mea
1290 1768 1347 1786 vere
1366 1765 1403 1786 est
1429 1761 1509 1793 cibus,
1538 1765 1565 1788 et
1580 1750 1700 1795 .sanguis
1717 1771 1789 1790 meus

1002 1812 1059 1830 vero
1072 1808 1109 1830 est
1123 1809 1208 1838 potus.
1226 1804 1257 1830 Et
1273 1804 1372 1831 iterum
1385 1813 1391 1830 :
1404 1804 1455 1836 Qui
1472 1805 1612 1831 manducat
1629 1814 1714 1832 meam
1727 1814 1789 1832 car-

1001 1858 1059 1877 nem
1078 1855 1101 1876 et
1120 1850 1181 1876 bibit
1199 1858 1286 1876 meum
1302 1851 1467 1884 sanguinem,
1489 1852 1515 1876 in
1532 1859 1571 1877 me
1586 1857 1675 1878 ηιαηει
1701 1857 1725 1878 ct
1741 1860 1788 1887 ego

1000 1897 1026 1922 in
1044 1903 1073 1921 eo
1088 1895 1097 1910 ³
1114 1895 1205 1922 .Alihi
1224 1903 1300 1927 vero,
1323 1896 1376 1931 Ego
1408 1904 1466 1922 sum
1483 1898 1559 1930 pauit
1587 1898 1657 1930 vitro,
1688 1899 1787 1933 inquit.

1003 1943 1098 1970 Patres
1112 1944 1190 1969 vestri
1207 1943 1435 1970 manducaveruut
1457 1952 1556 1971 manna
1572 1945 1600 1971 in
1628 1945 1739 1976 deserta.
1764 1953 1788 1973 et

1003 1989 1098 2015 mortui
1115 1993 1186 2016 sunt.
1207 1988 1258 2014 Hic
1274 1993 1311 2015 est
1327 1990 1405 2023 panis
1423 1991 1468 2024 qui
1480 1990 1510 2016 de
1525 1990 1588 2016 ctelo
1605 1990 1745 2025 descendit,
1761 1998 1788 2019 ut

1002 2034 1046 2068 qui
1064 2042 1094 2060 ea:
1109 2043 1137 2061 eo
1152 2035 1279 2067 comedat,
1307 2043 1359 2061 non
1378 2036 1516 2061 moriatur.
1535 2035 1569 2062 Et
1583 2036 1637 2063 alio
1652 2037 1679 2063 in
1700 2037 1757 2064 loco
1777 2048 1788 2065 ε

1002 2080 1030 2107 Si
1046 2082 1101 2114 quis
1119 2081 1261 2106 nrattducat
1278 2088 1308 2106 ex
1322 2081 1369 2106 hoc
1383 2089 1460 2115 pane,
1478 2082 1543 2107 vivet
1560 2083 1586 2108 in
1603 2087 1740 2110 (t'lernum.
1755 2085 1787 2111 Et

1003 2134 1098 2153 rursus
1114 2134 1122 2152 :
1141 2125 1222 2152 Panis
1236 2134 1313 2160 quem
1327 2134 1372 2160 ego
1389 2126 1456 2152 dabo
1467 2148 1473 2159 ,
1491 2135 1553 2153 caro
1569 2135 1626 2153 mea
1643 2133 1689 2160 est,
1708 2137 1789 2163 quam

966 2163 987 2189 Ῑ)
1002 2180 1048 2206 ego
1060 2172 1126 2198 dabo
1140 2180 1185 2206 pro
1202 2173 1292 2198 mundi
1308 2173 1360 2198 vita
1379 2172 1401 2197 ⁸.
1426 2171 1598 2199 Manifestum
1623 2178 1664 2199 est
1694 2175 1787 2209 igitur,

1002 2217 1073 2251 quod
1092 2217 1187 2243 iterum
1211 2225 1289 2243 suum
1306 2225 1406 2251 corpus
1428 2225 1525 2251 panem
1555 2218 1679 2245 nominat
1705 2221 1787 2247 etiam

1003 2262 1142 2289 Dominus.
1160 2262 1212 2289 Sed
1230 2262 1263 2289 de
1281 2263 1324 2289 his
1342 2263 1408 2290 satis
1429 2271 1435 2295 ;
1454 2270 1527 2289 nunc
1542 2263 1575 2289 ad
1597 2263 1625 2290 id
1656 2266 1727 2298 quod
1754 2266 1788 2293 de

1001 2307 1168 2334 Datnasceuo
1188 2308 1345 2341 opponitur,
1367 2309 1501 2336 venimus.

1040 2353 1111 2379 Idem
1127 2354 1214 2387 inquit
1233 2353 1362 2379 Basilinm
1391 2362 1503 2381 munera
1523 2356 1568 2383 illa
1584 2357 1787 2392 prtefigurativn

1002 2399 1126 2432 corporis
1151 2403 1179 2424 et
1207 2398 1346 2431 sanguinis
1361 2399 1469 2426 Domini
1498 2408 1681 2436 nuncupasse,
1716 2403 1787 2437 quod

1001 2444 1123 2471 nondum
1151 2449 1309 2470 consecrata
1333 2450 1422 2475 erant,
1451 2451 1478 2472 et
1505 2451 1595 2474 tamen
1626 2448 1677 2474 hoc
1704 2449 1788 2475 verbo

1001 2497 1067 2516 usus
1080 2495 1121 2516 est
1135 2489 1250 2516 Basilius
1262 2489 1289 2516 iu
1305 2490 1501 2525 compositione
1515 2492 1605 2520 missa:
1620 2501 1686 2526 suae,
1702 2495 1787 2521 multo

1001 2538 1060 2567 post
1076 2533 1158 2560 verba
1172 2533 1289 2560 Domini.
1304 2534 1343 2560 Ad
1358 2534 1415 2561 hate
1429 2537 1599 2570 responsuri,
1619 2539 1708 2572 primo
1729 2544 1787 2566 tan-

999 2586 1080 2613 quam
1113 2579 1158 2606 filii
1176 2588 1189 2606 a
1222 2584 1298 2613 patre
1318 2581 1424 2607 veniam
1452 2583 1602 2616 poscimus,
1622 2584 1644 2610 si
1679 2585 1787 2612 duobus

998 2625 1145 2659 propositis
1161 2625 1256 2652 amitis
1271 2626 1449 2659 puricramus
1465 2628 1616 2655 veritatem.
1633 2629 1736 2656 Dehinc
1747 2630 1788 2656 di-

997 2672 1085 2698 cimus
1097 2676 1267 2698 sacramenta
1280 2672 1363 2698 etiam
1377 2678 1521 2707 postquam
1534 2680 1692 2702 consecrata
1709 2681 1783 2707 sunt.

995 2717 1107 2751 figurati:
1121 2724 1192 2746 esse,
1203 2721 1229 2742 ct
1243 2716 1304 2744 ideo
1317 2718 1398 2744 etiam
1408 2719 1605 2753 praefigurativa
1619 2720 1672 2745 veri
1686 2727 1785 2755 corpo-

998 2763 1037 2790 ris
1052 2767 1079 2790 et
1093 2763 1235 2797 sanguinis
1249 2762 1351 2791 Christi
1365 2764 1418 2792 dici
1439 2772 1528 2799 posse,
1549 2765 1622 2799 quod
1641 2765 1722 2792 ctiam
1739 2773 1785 2794 su-

1013 2821 1023 2837 δ
1042 2821 1107 2849 ibid.
1131 2821 1225 2849 50-52.
