1920 3063
128 213 173 244 set

620 217 667 246 DE
686 217 936 247 SACRAMENTU
958 217 1239 246 EUCiI.\ltlS'l‘I.E.

1681 219 1748 249 ser

118 273 211 304 perius
229 271 407 299 ostendimus.
442 272 585 300 Settsibilis
604 275 677 301 cnim
697 275 772 307 panis
794 279 821 301 ct
842 275 898 301 vini
913 275 938 305 Α
952 274 1064 300 trarium
1081 274 1216 300 sentiebat
1236 273 1361 305 Basilius,
1377 280 1426 301 nec
1440 273 1546 300 veritus
1569 273 1700 309 Dionysii,
1717 280 1755 301 et.

118 318 201 343 ctiant
219 321 279 351 post
292 318 524 345 consecrationem
542 320 646 353 species
664 320 756 354 ﬁgurae
777 320 900 354 qmedam

120 368 148 389 et
163 364 360 397 przﬁgurativa
386 365 423 391 uti
452 370 528 394 sunt.
545 365 580 392 ita
609 366 690 392 etiam
707 366 759 392 dici
778 370 902 400 possunt,

122 415 178 435 tum
195 411 315 437 contenti
329 410 379 437 sub
392 411 432 437 eis
440 411 496 438 veri
512 412 644 438 Dominiei
660 412 783 446 corporis
800 416 827 438 et
841 419 904 438 san-

122 454 223 488 guinis,
242 460 297 482 tum
315 456 421 490 mystici
446 457 568 490 corporis
586 462 614 483 et
631 456 822 484 ecclesiasticas
841 457 904 483 titti-

122 499 196 531 tatis,
215 500 302 534 ipsum
317 509 426 536 quoque
441 509 539 536 corpus
559 502 665 536 ntystici
692 502 817 536 corporis
832 510 905 536 sym-

123 544 216 571 bolum
232 553 263 572 ac
273 545 379 580 signum
395 554 467 579 esse,
486 551 514 573 nt
543 547 622 574 latius
640 547 720 581 paulo
734 551 795 573 ante
820 546 908 574 disse-

124 590 243 616 ruimus.
261 590 344 617 Decet
372 595 474 623 tattten,
488 596 518 618 ut
533 596 598 618 tunc
624 590 732 625 qunqite
747 591 907 618 memoravi-

122 642 194 665 mus,
215 635 272 662 haec
290 635 387 663 debito
402 637 491 668 modo,
507 641 534 663 et
550 645 604 663 non
621 638 706 664 instar
721 642 907 664 sacramento-

124 688 183 706 rum
196 682 295 708 veteris
304 682 381 716 legis,
396 691 457 716 qua:
470 687 573 709 tantum
585 683 677 717 ﬁgura:
691 683 906 717 sunt,aecipere.

124 725 200 757 Quod
219 727 299 753 etiam
320 727 440 762 Dionysii
471 729 629 756 testimonio
657 729 845 760 conﬁrmatur,
862 728 908 762 qui

125 777 329 798 sacramentum
347 773 398 800 ltoc
415 774 496 800 etiam
512 778 573 807 post
588 775 825 801 consecrationem
841 774 880 808 (in
893 774 909 799 3

126 816 317 844 Ecclesiasticw
332 819 487 845 hierarcltiaz
501 820 632 853 capitulo)
654 820 805 854 symbolum
823 821 909 846 nomi-

123 867 181 889 nat.
197 863 235 890 Ita
246 864 316 890 enint
329 864 432 898 inquit:
445 864 541 891 Sacras
551 864 657 891 divinas
671 865 842 898 operationes
855 864 911 890 hie-

124 909 225 936 rarcha
255 909 382 940 laudans,
399 916 543 936 consecrat
571 910 753 941 divinissima,
770 915 796 936 et
826 910 911 936 mani-

124 954 206 981 festat
222 954 397 988 quarlaudata
410 960 484 985 sunt.
504 963 551 989 per
563 955 684 990 symbola
699 961 792 982 sancte
806 963 905 990 propo-
920 951 943 980 Β

122 1001 183 1026 si‘n.
204 1000 236 1026 Et
251 999 340 1026 infra:
357 1000 458 1033 I'opnlo
473 1000 582 1034 quidem
596 1001 687 1027 divina
717 1001 806 1028 solum
827 1009 899 1036 synt-

123 1044 184 1071 boia
202 1045 334 1071 intuente.
349 1045 380 1071 Et
393 1053 487 1072 rursus
500 1054 506 1072 :
524 1046 553 1072 In
569 1053 672 1072 sacrant
688 1046 846 1074 memoriam
861 1054 909 1073 nos

123 1091 199 1117 ducit
217 1089 314 1117 divina:
329 1098 412 1117 cumse
429 1111 436 1123 ,
450 1099 509 1124 qua:
524 1091 673 1126 principale
691 1093 842 1126 symbolum
859 1092 910 1120 fuit

124 1143 218 1162 eorum
230 1143 290 1169 qua:
304 1136 331 1162 in
344 1135 421 1162 altari
438 1136 517 1163 ﬁunt.
530 1136 606 1164 Unde
617 1141 642 1163 et
657 1137 712 1171 ipse
724 1137 907 1172 syutbolornm

127 1186 237 1208 creator
253 1182 358 1214 optimo
380 1180 441 1214 jure
464 1189 526 1208 ettnt
542 1182 659 1215 repellit,
687 1183 734 1217 qui
764 1191 818 1210 tton
847 1191 908 1210 san-

126 1230 170 1253 cte
187 1233 275 1260 neque
289 1226 371 1254 simili
388 1227 469 1253 modo
483 1235 544 1253 cum
557 1235 590 1254 eo
605 1235 681 1254 sacra
693 1228 737 1255 illa
751 1230 909 1256 cogitaverit,

125 1272 192 1298 Cum
206 1272 290 1306 igitur
303 1279 381 1298 sacra
396 1272 440 1298 illa
457 1279 570 1299 ntuttera
587 1274 669 1299 etiam
688 1278 747 1307 post
763 1281 910 1301 consecra-

126 1318 227 1344 tionem
258 1317 382 1352 syntbola
417 1319 551 1348 nominet,
586 1323 795 1353 creatoremque
812 1327 910 1346 eorum

125 1371 186 1397 quae
213 1371 285 1391 nunc
307 1364 431 1397 quotidie
456 1364 482 1390 in
499 1364 623 1391 ecclesiis
654 1364 730 1396 ﬁunt,
762 1365 912 1399 principale

127 1410 292 1444 symbolum,
310 1410 384 1436 illam
399 1413 624 1437 sacratttentaletn
637 1418 742 1437 orenam
759 1418 913 1437 sacramen-

127 1461 217 1482 torum
238 1456 265 1482 in
291 1464 324 1483 eo
339 1456 572 1489 distributionem,
602 1457 747 1491 ipsumque
766 1457 912 1484 Dominum

127 1501 312 1536 symbolarum
325 1508 477 1530 creatorem
497 1504 625 1538 appellet,
663 1513 758 1531 eorum
786 1504 914 1531 videlicet

127 1555 187 1582 quae
201 1553 257 1575 tum
271 1550 385 1581 ereavit,
396 1549 451 1576 luce
465 1557 531 1576 vero
547 1549 657 1576 fuerunt
673 1550 776 1584 proprii
791 1550 914 1585 corporis

128 1594 310 1627 consecratio,
324 1595 495 1627 distributio,
513 1596 633 1627 traditio,
649 1605 698 1623 cur
716 1604 770 1623 non
786 1597 867 1623 etiam
884 1596 913 1622 ﬁ-

127 1649 220 1674 guram
230 1643 484 1670 convcnientissimc
501 1648 579 1670 vocet
587 1644 598 1670 ?
606 1644 687 1678 Atqui
704 1645 776 1678 quod
787 1650 837 1670 nec
850 1651 917 1678 pra:-

128 1688 262 1722 ﬁgurativi
278 1689 390 1722 quidem
416 1690 581 1716 vocabulum
596 1697 659 1716 vero
676 1689 777 1716 Christi
801 1689 910 1723 corpori

131 1734 314 1768 sanguinique
330 1735 488 1767 conveniat,
502 1735 573 1762 idem
605 1735 788 1762 Damascenus
802 1740 918 1762 testatur

128 1780 154 1806 itt
170 1779 266 1805 eodem
277 1779 405 1812 capitulo,
416 1779 451 1805 ita
464 1779 558 1807 dicens
572 1779 792 1814 :Pratﬁgurattva
807 1780 912 1807 futuro—

128 1831 188 1851 rum
203 1824 347 1856 dicuntur;
360 1831 454 1850 verum
464 1831 564 1858 corpus
575 1829 601 1851 et
611 1825 721 1859 sanguis
731 1825 844 1856 Christi.
857 1833 912 1852 non

129 1870 194 1905 quia
208 1877 261 1896 non
279 1870 350 1896 ﬁunt
365 1878 460 1897 verum
475 1877 577 1905 corpus
591 1875 619 1898 et
646 1871 767 1904 sanguis,
787 1872 833 1897 sed
853 1872 915 1905 quia

132 1923 205 1943 nunc
215 1916 324 1950 quidem
340 1923 388 1950 per
406 1924 437 1942 ea
453 1917 602 1951 participes
623 1916 756 1943 etlicimur
766 1916 917 1943 divinitatis

132 1961 245 1994 Christi,
268 1967 333 1988 tunc
347 1969 413 1989 vero
426 1970 473 1996 per
485 1962 570 1989 solam
592 1962 724 1989 visionem
739 1962 917 1996 intelligibili-

132 2013 182 2035 ter.
201 2007 258 2034 Hoc
270 2008 341 2034 idem
358 2008 480 2042 apertius
506 2007 672 2034 conﬁrmare
688 2008 795 2034 videtur
820 2008 917 2034 beatus

129 2053 287 2087 Gregorius,
304 2054 365 2081 ideo
383 2053 510 2088 inquiens
540 2054 599 2081 hzec
620 2053 756 2080 nominari
790 2053 915 2088 ﬁgurant,

133 2101 196 2134 quia
211 2107 327 2134 corpore
344 2104 372 2126 et
385 2100 516 2134 sanguine
544 2099 650 2126 Domini
678 2106 751 2125 nunc
774 2098 916 2132 participa-

127 2154 192 2172 .ntus
206 2146 233 2172 in
246 2146 330 2180 ﬁgura
345 2146 424 2186 panis
455 2150 483 2172 ct
501 2145 569 2176 vini,
589 2149 653 2172 tunc
683 2152 748 2171 vero
758 2152 820 2172 eum
835 2144 915 2171 talem

131 2192 221 2227 qualis
234 2199 298 2219 vere
318 2195 370 2224 est,
385 2191 611 2218 manifestissima
628 2191 732 2217 visione
747 2190 917 2224 contempla-

131 2238 232 2265 biutnr.
244 2237 428 2270 Quamobrem
440 2245 493 2263 non
511 2236 594 2264 video
608 2237 672 2271 quid
688 2237 798 2264 tandem
819 2235 915 2263 formi-

958 320 1056 349 saneti.
1077 323 1104 345 et
1131 318 1258 354 martyris
1277 319 1480 351 auctoritatem,
1503 319 1549 354 qui
1569 325 1663 346 contra
1685 320 1752 355 ejus-

958 365 1273 400 opiniuncmjttdicaret,
1303 365 1474 398 diceretque,
1501 365 1533 391 ad
1548 365 1628 391 ﬁdem
1647 373 1679 391 et
1714 373 1745 391 ea

959 412 1054 438 hwresi
1090 411 1230 437 venientes
1258 410 1419 444 rebaptizari
1447 411 1562 442 debere,
1586 411 1658 445 quod
1690 419 1744 437 non

959 461 1032 483 recte
1050 464 1136 490 neque
1154 456 1181 482 in
1197 456 1307 482 nomine
1322 455 1420 487 Patris,
1434 462 1460 482 et
1477 455 1548 487 Ftlii,
1577 461 1605 483 et
1622 456 1744 489 Spiritus

960 502 1044 529 sancti
1060 507 1150 528 essent
1168 502 1307 536 baptizati.
1335 502 1366 528 Et
1387 502 1466 528 nobis
1492 501 1574 535 igitur
1590 501 1745 528 mirandum
1767 513 1774 518 ί

960 552 1011 577 est,
1024 547 1163 581 quomodo
1181 548 1279 574 dixerit
1294 548 1345 574 hoc
1361 547 1553 574 Damascenus.
1568 547 1619 573 Sed
1647 547 1744 573 utemi-

962 593 1036 620 nisse
1051 597 1172 627 oportet,
1189 593 1328 619 hominem
1346 601 1409 619 eutn
1426 592 1524 625 fuisse,
1541 593 1666 627 quamvis
1680 595 1748 619 mira

962 639 1106 666 sanctitate
1126 639 1281 673 praeditum.
1298 645 1324 666 et
1339 640 1396 666 ﬁeri
1410 639 1556 674 aliquando
1568 639 1699 674 potuisse.
1720 645 1750 665 ttt

963 693 1014 719 pro
1032 685 1217 712 imbecillitate
1232 685 1343 711 humani
1359 685 1459 719 ingenii
1476 693 1529 712 non
1550 688 1623 711 recte
1642 683 1749 718 aliquid

963 731 1097 761 senserit;
1112 738 1161 757 nos
1178 737 1241 756 vero
1257 738 1310 756 tton
1326 738 1357 756 ex
1372 731 1405 756 iis
1421 730 1558 764 velipsnm
1575 730 1617 757 vel
1637 730 1704 756 alios
1717 730 1750 756 de

964 776 1016 803 illis
1031 783 1092 810 qum
1110 776 1195 810 palam
1209 780 1291 810 atque
1306 776 1473 802 unanimiter
1488 775 1672 806 tradiderunt,
1703 776 1751 801 sed

965 821 1057 855 potius
1076 829 1110 847 ex
1140 821 1174 847 iis
1190 821 1247 847 haec
1261 821 1418 847 discernere
1447 828 1477 847 ac
1492 819 1617 855 judicare
1638 820 1749 847 debere.

966 866 1099 893 Fortassis
1116 872 1219 899 autem,
1233 866 1305 900 quod
1327 866 1498 900 impossibile
1510 874 1563 892 non
1578 870 1631 896 est,
1644 866 1750 892 diceret

965 913 1112 947 quispiam,
1137 913 1220 939 verba
1246 912 1290 939 illa
1307 912 1412 943 Basilii,
1430 912 1530 946 quibtts
1563 911 1620 938 hare
1638 918 1751 937 munera

964 959 1162 993 pneligurativa
1183 958 1345 988 nominavit.
1359 964 1480 992 tempore
1494 958 1650 985 Damasceni
1661 958 1752 985 locmn

967 1009 1029 1031 ante
1042 1004 1126 1031 verba
1143 1003 1249 1030 Domini
1268 1003 1294 1029 in
1311 1004 1392 1030 missa
1405 1003 1497 1030 Basilii
1514 1004 1655 1035 habuisse,
1676 1004 1752 1030 idco-

967 1058 1021 1085 que
1046 1058 1079 1077 eo
1109 1049 1190 1076 ntodo
1208 1054 1236 1076 ct
1264 1054 1337 1076 recte
1352 1050 1511 1084 exposuisse
1535 1049 1751 1076 Damascenuut:

973 1103 1045 1123 nunc
1063 1103 1127 1122 vero
1141 1096 1233 1122 nescio
1246 1096 1383 1129 quomodo
1403 1103 1433 1122 ea
1454 1095 1534 1122 verba
1559 1094 1642 1122 fuisse
1665 1100 1754 1121 trans-

962 1141 1061 1175 posita.
1100 1139 1183 1167 Multa
1203 1141 1274 1167 enim
1293 1141 1356 1167 huic
1366 1141 1465 1168 similia
1483 1145 1535 1167 tant
1553 1141 1633 1176 longo
1647 1146 1753 1175 tempo—

966 1183 1026 1212 rum
1042 1187 1185 1213 intervallo
1203 1186 1372 1213 acciderunt.
1383 1187 1524 1220 Siquidem
1540 1187 1610 1221 apud
1632 1188 1752 1220 Aposto-

964 1232 1019 1258 lum
1052 1231 1093 1259 itis
1130 1232 1174 1258 illa
1201 1232 1283 1258 verba
1317 1232 1403 1266 posita
1429 1237 1493 1259 sunt
1516 1240 1522 1258 :
1542 1232 1596 1258 [Ioc
1618 1232 1695 1266 [mite
1725 1233 1752 1257 in

965 1285 1050 1303 meam
1062 1279 1345 1304 commemorationem.
1358 1277 1430 1304 Idem
1448 1283 1507 1311 post
1520 1286 1526 1304 :
1545 1278 1599 1304 Hoc
1610 1282 1646 1303 est
1658 1286 1752 1312 corpus

965 1322 1104 1349 meum.Et
1123 1327 1196 1357 post,
1214 1323 1262 1349 llic
1287 1327 1323 1349 est
1355 1324 1470 1358 sanguis
1490 1331 1573 1350 ntetts.
1596 1323 1651 1350 Nos
1689 1330 1753 1349 vero

964 1369 1047 1396 semel
1064 1373 1166 1395 tantunt
1186 1369 1212 1395 in
1230 1376 1307 1396 sacra
1323 1368 1532 1396 consecratione
1549 1368 1600 1395 itoc
1624 1369 1752 1396 dicimus.

966 1413 1097 1440 Praelerea
1114 1421 1205 1440 sacras
1222 1413 1380 1448 particulas,
1397 1413 1449 1440 ltoe
1468 1418 1510 1440 est
1525 1421 1599 1440 sacro
1617 1413 1753 1440 dormien-

965 1459 1033 1485 tium
1048 1459 1216 1490 mentoriatn,
1234 1459 1320 1485 ntulto
1340 1463 1402 1486 attte
1423 1459 1530 1485 Domini
1561 1460 1641 1486 verba
1677 1459 1754 1494 juxta

966 1505 1093 1532 eumdem
1109 1505 1264 1540 Dionysium
1283 1504 1373 1531 facere
1385 1505 1528 1537 solebant;
1548 1513 1598 1532 nos
1623 1513 1688 1531 vero
1702 1506 1753 1532 huc

969 1551 1053 1578 multo
1067 1555 1138 1585 post,
1169 1555 1272 1577 mutato
1284 1551 1376 1578 nescio
1393 1550 1530 1584 quomodo
1543 1550 1649 1581 orditte,
1664 1551 1755 1578 facere
1768 1567 1770 1570 -

969 1597 1173 1623 cothuevintns.
1203 1596 1312 1623 Minime
1333 1596 1416 1631 igitur
1442 1596 1597 1623 mirandum
1625 1602 1708 1627 esset,
1732 1598 1753 1623 si

970 1643 1025 1669 hoc
1038 1635 1231 1677 praeﬁgurativi
1242 1642 1417 1674 vocabulum,
1438 1641 1594 1669 [tat-nasceni
1632 1646 1768 1676 tempore-

969 1694 1030 1715 ante
1048 1687 1185 1715 Dominica
1204 1687 1286 1715 verba
1299 1688 1427 1720 locatum,
1445 1688 1545 1715 dehinc
1558 1695 1572 1714 a
1594 1688 1754 1714 recentiori-

969 1734 1020 1761 bus
1035 1741 1067 1760 eo
1081 1741 1135 1768 quo
1146 1741 1220 1761 ttunc
1234 1734 1332 1768 legitur
1347 1734 1407 1760 loco
1428 1739 1563 1760 mutatum
1577 1741 1609 1761 ac
1635 1733 1754 1768 positum

969 1781 1077 1807 luisset.
1095 1779 1142 1806 liis
1156 1780 1192 1806 ita
1203 1779 1345 1814 expositis.
1361 1784 1487 1814 superest
1510 1785 1540 1806 ut
1552 1779 1586 1806 ad
1599 1788 1629 1806 ea
1644 1780 1754 1811 tandem

969 1833 1029 1860 qua:
1040 1825 1073 1852 de
1091 1829 1185 1852 sancto
1194 1825 1321 1860 Dionysio
1339 1825 1372 1851 ab
1383 1825 1548 1852 adversariis
1559 1825 1640 1859 objici
1653 1825 1752 1853 solent.

974 1871 1201 1904 respondeamus.
1214 1870 1302 1897 Verba
1318 1871 1378 1905 ejus
1392 1871 1450 1898 hate
1466 1875 1530 1897 suttt
1544 1879 1550 1897 :
1566 1870 1631 1897 Inde
1645 1870 1755 1897 divinus

970 1916 1115 1943 hierarcha
1132 1917 1265 1944 accedens
1291 1917 1325 1944 ad
1338 1923 1446 1943 sacrum
1463 1916 1561 1948 altare,
1579 1916 1672 1942 laudat
1688 1923 1755 1949 prte-

969 1960 1057 1986 dictas
1076 1967 1168 1987 sacras
1184 1961 1359 1994 operationes
1373 1960 1437 1992 Dei,
1459 1960 1546 1994 ipsius
1570 1960 1634 1987 Jesu
1660 1960 1750 1994 provi-

968 2005 1080 2037 dentiie,
1098 2012 1166 2039 quas
1181 2012 1231 2039 pro
1246 2006 1332 2032 salute
1352 2006 1459 2039 generis
1474 2006 1571 2037 nostri,
1585 2005 1755 2040 beneplacito

968 2051 1132 2077 sanctissimi
1143 2051 1240 2083 Patris,
1251 2050 1277 2077 in
1285 2050 1387 2084 Spiritu
1400 2055 1504 2082 sancto,
1516 2049 1665 2077 secundum
1673 2057 1756 2076 cvan-

967 2097 1052 2131 gelica
1068 2096 1149 2123 verba
1163 2101 1348 2130 operatusest.
1363 2096 1511 2130 Postquam
1522 2095 1755 2125 autemlaudavit,

967 2147 994 2169 ct
1012 2141 1194 2168 venerandam
1224 2141 1492 2176 intclleclualemque
1523 2148 1588 2175 spec
1601 2141 1753 2167 ulationcm

967 2196 1063 2215 eormn
1080 2187 1310 2214 intellectualibus
1323 2187 1411 2214 oculis
1434 2187 1582 2221 perspexit,
1595 2186 1628 2213 ad
1647 2186 1757 2222 symbo-

968 2233 1048 2261 licatn
1065 2241 1161 2261 eorum
1175 2233 1410 2260 cottsecrationcm
1438 2233 1523 2264 venit,
1537 2238 1564 2260 et
1581 2234 1633 2260 hoc
1656 2240 1756 2260 secun-

133 2284 203 2310 dans
216 2283 408 2315 Damascenus,
426 2283 616 2318 praeﬁgurativi
635 2282 798 2310 vocabulum
820 2289 918 2310 renue-
934 2282 956 2309 D
972 2280 1037 2306 dunt
1067 2279 1242 2306 traditionem
1269 2279 1400 2306 divinant.
1420 2277 1495 2306 Unde
1509 2278 1606 2305 devote
1633 2278 1713 2305 simul
1727 2284 1755 2305 et

135 2330 182 2360 rit,
197 2329 313 2363 ideoque
331 2328 367 2354 ita
383 2336 520 2362 evponere
550 2329 585 2355 sit
599 2334 722 2360 conatus,
739 2336 800 2355 cum
825 2327 915 2362 possi-

136 2375 190 2402 bile
212 2375 256 2405 sit.
273 2379 326 2401 tam
339 2382 370 2402 ex
404 2374 490 2408 ipsius
503 2381 587 2408 quant
604 2381 637 2400 ex
652 2378 811 2400 caeterorum
823 2374 916 2400 docto-

134 2428 194 2448 rum
211 2421 357 2453 sententia,
369 2427 464 2447 verum
484 2420 566 2447 etiam
583 2427 683 2453 corpus
700 2425 727 2446 et
743 2419 914 2454 sanguinem,

131 2467 189 2493 sive
204 2466 331 2500 ﬁguram,
357 2466 414 2493 sive
430 2466 630 2500 praeﬁgurativa
661 2466 816 2493 nomittare.
842 2466 917 2493 Licet

132 2512 215 2546 igitur
236 2511 315 2538 nobis
326 2511 447 2538 ltocloco
461 2511 565 2543 dicere,
581 2511 652 2545 quod
669 2516 781 2538 sanctus
797 2511 915 2538 Basilius

133 2558 165 2584 ad
178 2556 401 2591 Amphilochium
412 2557 537 2583 scribens
547 2556 728 2589 Iconiensent,
742 2558 774 2584 de
787 2558 916 2592 Dionysio

134 2603 320 2630 Alexandrino
337 2607 453 2637 martyre
470 2603 569 2637 inquit.
589 2603 656 2630 Nam
686 2611 746 2630 cum
759 2604 917 2637 loqueretur

135 2649 169 2675 de
184 2648 228 2674 his
238 2648 283 2681 qui
299 2648 487 2682 rebaptizandi
506 2654 580 2682 sunt,
598 2649 833 2684 Pepusianosque.
851 2657 917 2676 con-

136 2701 177 2722 tra
215 2694 336 2728 Dionysii
350 2695 525 2726 sententiam,
545 2696 753 2730 rebaptizandos
770 2700 895 2722 censeret
909 2704 914 2721 :

137 2740 233 2771 Miror,
253 2739 353 2773 inquit,
371 2740 509 2774 quomodo
534 2741 585 2767 hoc
605 2742 717 2768 latuerit
747 2741 916 2776 Dionysium,

135 2786 259 2822 quamvis
278 2794 412 2814 canonum
429 2787 551 2814 omnium
581 2787 819 2819 expertissimum.
840 2787 918 2814 Vole—

137 2833 183 2860 bat
199 2840 264 2859 sane
285 2832 439 2867 Dionysius,
455 2840 608 2867 quanquam
626 2838 744 2864 sanctus,
776 2834 830 2859 into
854 2840 919 2859 vero

137 2879 220 2904 etiam
239 2883 352 2913 martyr,
370 2885 418 2906 eos
433 2879 480 2913 qui
495 2886 527 2906 ex
545 2879 760 2912 l’epusianurum
777 2878 872 2906 hatrcsi
885 2878 918 2905 ad

137 2923 216 2949 tiietn
241 2923 374 2956 venirent,
395 2931 447 2951 non
466 2924 567 2952 debere
582 2925 721 2959 baptizari.
754 2923 836 2958 Cujus
851 2932 916 2951 con-

968 2324 1138 2351 hierarchice
1152 2328 1211 2359 post
1232 2324 1326 2351 laudes
1345 2324 1498 2351 divinarum
1514 2324 1703 2358 operationum
1722 2324 1755 2350 de

967 2371 1171 2398 consecratione
1181 2377 1287 2401 eorum,
1295 2370 1452 2405 respondet,
1463 2369 1499 2396 Tu
1510 2370 1610 2400 dixisti,
1619 2370 1754 2403 inquiens,

969 2416 1025 2443 Hoc
1041 2417 1118 2450 facite
1139 2418 1166 2443 in
1190 2424 1274 2443 meum
1293 2417 1575 2443 commemorationem.
1585 2415 1686 2442 Deinde
1706 2423 1754 2449 po-

967 2463 1072 2490 stulans
1096 2467 1124 2489 ut
1153 2463 1250 2497 dignus
1282 2461 1329 2489 ﬁat
1354 2462 1406 2488 hac
1433 2462 1651 2493 consecratione,
1671 2467 1698 2488 et
1722 2465 1754 2487 ad

967 2508 1176 2535 similitudinem
1195 2508 1296 2535 Christi
1319 2508 1376 2535 haec
1388 2508 1479 2534 divina
1499 2508 1631 2541 perﬁcere
1657 2508 1755 2534 valeat.

969 2562 994 2583 ct
1015 2561 1089 2583 caste
1105 2556 1283 2587 distribuere,
1299 2559 1441 2583 consecrat
1457 2554 1640 2585 divinissima.
1659 2558 1687 2580 et
1700 2562 1758 2580 ma—

970 2603 1081 2629 nifestat
1098 2601 1206 2628 laudata
1221 2609 1268 2635 per
1283 2601 1405 2636 syntbola
1426 2605 1520 2627 sancte
1545 2600 1698 2634 proposita.
1716 2600 1756 2626 Ad

971 2649 1026 2676 hac
1040 2648 1161 2683 Dionysii
1178 2648 1271 2679 verba,
1283 2655 1439 2682 quanquam
1451 2647 1636 2674 dillicilisfore
1647 2654 1759 2680 respon-

970 2696 1011 2722 sio
1028 2695 1166 2726 videatur,
1184 2694 1254 2728 apud
1272 2702 1320 2721 eos
1335 2694 1486 2728 praesertim
1509 2693 1554 2727 qtti
1572 2692 1758 2719 contentionis

970 2740 1128 2774 cupidiores
1140 2744 1205 2766 sunt
1224 2747 1305 2774 quam
1321 2739 1455 2770 veritatis,
1476 2739 1592 2766 dicintus
1607 2743 1697 2766 tamen
1729 2743 1758 2765 et

971 2787 1088 2820 ingenue
1104 2790 1285 2817 attestamur.
1302 2786 1372 2821 apud
1395 2785 1494 2819 probas
1510 2790 1538 2812 et
1552 2786 1663 2813 devOIas
1677 2793 1758 2813 aures

971 2832 1039 2859 nihil
1055 2832 1081 2858 in
1102 2832 1145 2858 his
1161 2839 1221 2859 esse
1238 2831 1310 2865 quod
1329 2832 1362 2859 iis
1379 2839 1441 2866 quae
1459 2839 1542 2866 supra
1569 2831 1689 2859 diximus
1708 2831 1757 2858 ad-

972 2882 1106 2905 versetur.
1121 2876 1191 2909 Quid
1219 2878 1304 2910 ettim,
1319 2884 1335 2904 o
1369 2878 1439 2906 bone
1458 2878 1533 2911 Jesu,
1555 2878 1667 2910 clarius,
1690 2876 1756 2911 quid

971 2923 1104 2958 apertius,
1122 2923 1186 2958 «μιὶά
1215 2923 1384 2952 manifestius
1402 2925 1517 2951 inveniri
1542 2931 1640 2958 potest,
1673 2928 1754 2958 quam
