1920 3063
211 242 264 274 523

691 246 941 278 BESSARIONIS
960 248 988 279 S.
1011 249 1046 279 Β.
1070 248 1104 279 Ε.
1125 249 1359 282 CARDINALIS

1777 252 1832 284 524

211 296 293 343 verba
309 301 465 325 sanctorum
480 298 635 334 doctorum,
652 302 686 329 de
704 303 804 338 quibus
825 312 906 338 supra
921 312 996 332 men—
1009 306 1032 334 Δ
1047 311 1223 339 peccatorum.
1239 306 1433 340 Quamobrem,
1443 307 1519 343 juxta
1537 307 1618 343 hujus
1632 307 1753 335 doctoris
1767 315 1832 335 sen-

208 341 310 369 tionem
327 342 453 376 fecimus,
471 346 554 373 verba
584 347 690 375 Domini
715 355 821 377 mutare
836 357 932 384 panem
960 350 988 377 in

206 395 317 422 corpus,
338 389 384 430 illa
399 397 600 419 sacramentum
617 394 720 430 integre
737 395 880 429 perﬁcere,
904 396 988 423 verbo

204 431 251 460 Dei
268 428 554 469 panemsanctilicari,
583 447 679 473 panem
699 440 726 467 in
743 448 842 475 corpus
857 449 905 475 per
929 449 989 468 ver-

207 479 270 505 bum
289 482 400 513 mutari,
431 486 495 509 ante
510 483 593 510 verba
618 492 716 518 panem
739 486 900 520 simpliciter
927 495 989 514 esse

206 532 305 551 munus
320 527 392 559 quod
423 527 547 559 oﬁ‘ertur,
564 534 624 563 post
639 531 721 558 verba
749 538 810 558 mox
837 532 863 558 in
889 539 988 566 corpus

206 568 313 600 mutari,
336 570 441 604 aliaque
459 571 634 606 hujusmodi?
661 575 683 600 A
711 576 811 609 quibus
838 577 987 610 quomodo,

204 621 296 646 quasso
309 618 345 646 te,
362 615 520 645 dissentiret
535 618 853 654 Dionysiusgpratsertim
863 622 987 650 dootrina

203 664 229 684 et
246 660 380 694 sapientia
396 669 428 688 ac
451 663 514 690 vitae
529 664 673 692 sanctitate
687 667 837 700 aequalibus
849 672 931 702 atque
947 670 985 696 si-

203 705 341 733 millimis?
353 707 480 736 Profecto
495 717 576 737 nemo
588 711 640 739 hoc
653 712 751 739 mentis
764 721 876 748 compos
899 714 987 742 fatea-

203 755 258 778 tur.
277 752 325 778 Est
343 757 434 780 autem
453 755 526 789 quod
545 755 690 791 Dionysius
704 758 803 792 inquit,
815 759 867 787 tale
882 760 986 795 aliquid

201 796 281 830 quale
293 798 421 831 superius
440 799 569 828 diximus.
586 801 662 835 Quod
681 811 743 830 cum
764 812 847 838 opera
865 805 892 832 in
907 814 986 834 crea-

202 846 261 867 tura
281 842 364 869 tutius
379 843 523 873 Trinitatis
532 848 684 875 communia
698 849 763 881 sint,
783 855 811 876 ut
830 851 881 878 ltoc
895 852 985 878 omni-

201 886 252 913 bus
271 888 357 921 palam
369 889 426 922 ﬁat,
440 898 530 925 operae
547 892 664 926 pretiutn
679 897 722 920 est
738 898 821 921 totatn
849 903 901 923 nos
923 897 986 924 Tri-

201 931 313 960 nitatem
337 935 480 964 invocare.
495 936 573 970 Quod
591 946 653 966 cum
668 939 750 967 simul
773 945 801 968 et
816 941 919 976 absque
940 942 983 969 in-

201 979 315 1005 tervallo
330 982 462 1016 temporis
478 982 538 1010 ﬁeri
561 991 615 1011 non
630 986 726 1018 possit,
743 994 804 1013 cum
832 988 983 1022 praesertim

165 1048 171 1054 ,
200 1027 325 1056 oporteat
339 1032 446 1053 omnem
465 1027 575 1055 illorum
589 1037 649 1063 quae
660 1037 691 1057 ea
709 1036 789 1059 nocte
815 1036 889 1067 gesta
920 1040 985 1061 sunt

201 1069 345 1097 historiam
376 1079 517 1103 enarrare.
547 1081 659 1102 necesse
685 1081 727 1103 est
760 1084 809 1104 nos
825 1086 909 1105 unum
922 1085 985 1114 post

199 1115 286 1147 aliud,
303 1117 453 1144 secundum
469 1119 522 1145 vim
540 1123 566 1146 ct
583 1127 706 1149 naturam
735 1129 834 1152 nostra)
863 1133 982 1160 pronun-

200 1159 329 1193 tiationis,
343 1169 489 1196 exponere.
513 1164 551 1192 ita
573 1172 637 1202 ergo
661 1171 721 1200 post
736 1169 817 1195 verba
844 1159 984 1198 Dominica

199 1203 310 1240 (quibus
324 1209 400 1243 juxta
418 1209 641 1244 Cbrysostomum
656 1213 761 1248 integre
779 1215 920 1247 perﬁcitur
938 1223 982 1243 sa—

198 1259 366 1281 cramentum
383 1263 414 1282 ac
431 1256 566 1290 proposita
584 1263 813 1292 transmutantur,
839 1261 982 1296 quibusve,

199 1305 229 1326 ut
253 1300 401 1335 Gregorius
414 1303 553 1339 Nysseuus
569 1306 618 1336 ait.
646 1305 835 1334 sanctiﬁcatur
852 1308 940 1342 panis,
955 1309 982 1336 in

197 1354 351 1382 corpusque
369 1350 541 1385 transfertur)
560 1350 668 1379 Patrem
686 1359 717 1379 ac
734 1351 867 1387 Spiritum
892 1354 982 1388 palam

197 1400 279 1429 atque
290 1400 382 1429 aperte
398 1397 567 1425 invocamus.
584 1398 660 1426 lianc
676 1407 739 1427 vero
755 1400 926 1428 manifestam
940 1402 983 1430 in-

197 1440 367 1468 vocationem
397 1444 708 1477 tanquantmultitudini
737 1445 873 1474 notiorem
902 1447 984 1475 tradit

198 1486 294 1514 beatus
308 1486 463 1523 Dionysius,
478 1496 540 1516 cum
553 1491 724 1518 sacerdotem
748 1493 825 1526 dicit,
840 1498 982 1529 postquam

197 1540 248 1566 pro
261 1540 290 1560 se
304 1534 460 1568 respondit,
472 1535 566 1562 dicens
578 1557 586 1568 ,
606 1536 642 1563 Tu
663 1538 765 1571 dixisti,
784 1539 839 1565 Hoc
863 1539 942 1573 facile
955 1542 982 1568 in

197 1586 283 1605 meam
297 1582 584 1613 commemorationem,
618 1587 683 1611 tunc
696 1584 805 1612 detnum
825 1585 858 1612 ad
887 1594 984 1614 conse-

1042 351 1168 385 tentiam,
1180 353 1235 388 jam
1249 353 1401 388 perfectum
1414 359 1456 382 est
1471 358 1683 386 sacramentum,
1709 361 1772 382 cum
1787 353 1832 380 di-

1041 396 1130 425 cimus
1173 399 1361 427 remissionem
1395 404 1570 434 peccatorum
1601 399 1682 427 nobis
1718 399 1829 434 prabe-

1047 443 1083 470 ri.
1101 443 1223 472 Dicimus
1251 449 1341 472 autem
1375 445 1427 473 boc
1454 445 1545 473 subito
1572 450 1632 481 post
1659 446 1742 473 verba
1770 445 1828 472 Do.

1040 489 1130 522 mini,
1172 490 1227 518 imo
1265 499 1332 518 vero
1371 492 1399 518 in
1447 491 1532 526 ipsius
1579 491 1687 519 Domini
1731 490 1826 518 verbs.

1041 534 1200 570 Sequuntur
1232 536 1306 563 enim
1348 536 1405 564 [nec
1437 537 1480 564 illa
1523 536 1630 563 Domini
1656 536 1737 563 verba
1760 535 1827 571 qui-

1039 581 1091 609 bus
1114 582 1255 615 perﬁcitur
1279 587 1491 615 sacramentum,
1506 582 1620 615 scilicet,
1649 582 1703 609 Hoc
1713 586 1752 610 est
1767 590 1826 608 cor-

1040 634 1089 661 pus
1103 635 1200 661 meum,
1212 632 1250 661 et,
1265 628 1313 655 Hic
1326 632 1363 655 est
1374 629 1482 663 sanguis
1500 635 1582 658 meus,
1593 627 1825 661 quemadmodum

1039 679 1084 700 res
1100 673 1158 707 ipsa
1173 681 1231 700 rem
1246 673 1331 708 ipsam
1347 673 1483 707 sequitur,
1500 673 1552 703 hoc
1573 678 1624 706 est,
1645 677 1823 707 peccatorum

1039 717 1164 746 remissio
1177 718 1310 746 Dominici
1329 718 1454 753 corporis
1482 718 1712 750 communionem,
1744 718 1825 753 cujus

1037 767 1079 790 est
1092 762 1218 791 eli‘ectus.
1233 763 1320 791 Medio
1336 763 1419 798 igitur
1435 763 1484 790 illo
1499 766 1632 797 tempore,
1647 770 1701 798 quo
1728 762 1823 790 divina

1037 814 1119 841 opera
1137 812 1200 835 ante
1229 809 1311 835 verba
1340 808 1448 836 Domini
1474 808 1631 841 laudantur,
1654 813 1681 835 et
1708 816 1763 843 quo
1777 816 1825 835 ea-

1037 844 1099 880 dem
1121 858 1183 887 post
1197 853 1241 880 illa
1258 853 1341 881 verba
1356 854 1457 888 populo
1470 854 1614 882 manifesta
1635 854 1714 886 ﬁunt,
1724 860 1824 881 conse-

1036 899 1123 926 cratio
1140 899 1179 931 ﬁt,
1193 899 1247 926 illis
1273 899 1399 927 videlicet
1411 899 1629 927 Dominiverbis.
1643 899 1727 927 Addit
1739 900 1823 926 etiam

1037 949 1130 977 postca
1148 943 1220 971 idem
1234 951 1313 972 sacer
1324 945 1484 980 Dionysius:
1500 944 1645 979 Postquam
1657 950 1748 972 autent
1764 945 1826 971 lau-

1036 989 1154 1021 daverit,
1173 994 1201 1017 et
1215 990 1396 1018 venerandam
1409 990 1681 1024 intellectualemque
1696 990 1825 1024 specula-

1036 1035 1138 1062 tionem
1153 1043 1248 1062 eorum
1274 1036 1507 1063 intellectualibus
1523 1036 1612 1063 oculis
1638 1035 1823 1070 perspexerit.

1036 1081 1069 1107 ad
1086 1081 1262 1116 symbolicatn
1274 1090 1367 1110 eorum
1380 1083 1615 1110 consecrationem
1630 1082 1713 1114 venit,
1731 1086 1760 1109 et
1770 1081 1825 1109 hoc

1037 1128 1189 1155 secundum
1206 1129 1325 1156 divinam
1343 1129 1529 1156 traditionem.
1550 1129 1635 1162 Quem
1655 1129 1745 1156 locum
1777 1136 1825 1156 ex-

1035 1181 1140 1208 ponens
1152 1173 1286 1202 Maximus
1300 1174 1355 1202 ait:
1376 1174 1544 1202 Benedicens
1562 1175 1666 1202 scilicet
1681 1182 1780 1210 panem
1795 1179 1824 1202 et

1034 1219 1146 1247 calicem
1162 1227 1301 1247 sacrorum
1318 1228 1474 1248 munerum.
1504 1220 1574 1255 Ergo
1602 1221 1822 1248 benedictionem

1035 1265 1115 1300 panis
1127 1270 1154 1293 ct
1169 1266 1262 1293 calicis
1287 1267 1520 1294 consecrationem
1539 1267 1577 1294 ait
1591 1274 1653 1295 esse
1665 1267 1822 1302 Dionysius,

1034 1318 1151 1346 eamque
1168 1311 1321 1339 secundum
1351 1312 1471 1340 divinam
1502 1313 1688 1341 traditionem.
1703 1313 1823 1340 Benedi-

1035 1357 1089 1384 ctio
1103 1357 1186 1392 igitur
1206 1358 1284 1392 panis
1316 1363 1344 1386 et
1371 1359 1475 1391 calicis,
1494 1367 1547 1392 qua
1575 1364 1640 1387 tunc
1669 1359 1821 1387 secundum

1034 1402 1193 1438 Dionysium
1206 1403 1364 1431 sacerdotes
1388 1404 1547 1436 utebantur,
1575 1412 1638 1431 cum
1664 1404 1820 1432 dicebant:

1035 1447 1182 1482 Etgratias
1192 1456 1276 1484 agens
1292 1449 1442 1481 benedixit.
1457 1449 1647 1482 sanctiﬁcavit,
1669 1447 1759 1485 fregit,
1776 1451 1824 1478 de-

1034 1494 1129 1529 ditque
1139 1494 1283 1529 discipulis
1297 1496 1354 1523 suis
1368 1496 1477 1523 dicens:
1489 1497 1603 1532 Accipite
1613 1501 1637 1523 et
1653 1500 1822 1530 manducata,

1033 1540 1080 1567 hoc
1092 1544 1129 1567 est
1143 1549 1237 1575 corpus
1254 1549 1340 1573 meum
1352 1549 1362 1569 :
1384 1541 1452 1574 haec,
1465 1543 1588 1577 inquam,
1602 1542 1759 1570 benedictio
1773 1550 1822 1578 per

1036 1586 1117 1613 verba
1132 1586 1242 1614 Domini
1259 1586 1366 1622 perﬁcit
1393 1592 1608 1615 sacramentum.
1635 1587 1821 1621 Quamobrem

196 1626 346 1654 orationem
359 1628 500 1656 accedere.
515 1628 757 1658 Consecrationem
769 1632 843 1659 enim
860 1633 911 1660 hoc
921 1633 981 1661 loco
996 1636 1018 1664 C.
1034 1634 1184 1661 secundum
1210 1633 1332 1661 divinam
1365 1634 1541 1662 traditionem
1563 1635 1617 1662 hoc
1643 1635 1700 1662 ﬁeri
1731 1635 1823 1670 inquit

195 1678 285 1704 vocat,
305 1681 359 1700 non
374 1674 446 1701 illam
461 1682 521 1709 quae
531 1675 589 1703 sola
600 1681 628 1703 et
643 1677 801 1712 principalis
813 1684 864 1712 est,
880 1684 908 1707 et
919 1680 979 1707 sine

195 1725 249 1750 qua
263 1718 355 1752 perﬁci
377 1720 539 1754 mysterium
562 1728 617 1748 non
643 1727 747 1756 posset.
764 1724 813 1751 sed
835 1732 895 1753 eam
919 1733 980 1761 quae

198 1763 289 1790 notior
302 1768 344 1790 est
356 1772 388 1791 ac
408 1765 579 1794 manifestior
597 1768 778 1800 multitudini,
807 1778 923 1806 quaeque
945 1772 979 1800 ad

195 1809 312 1843 primam
326 1809 399 1838 illaut
413 1816 495 1846 atque
521 1813 684 1847 praecipuum
696 1822 757 1849 qua:
777 1815 808 1843 fit
821 1817 911 1844 verbis
928 1817 980 1846 Do-

195 1855 273 1889 mini,
291 1857 419 1890 refertur,
431 1865 512 1892 quam
525 1859 621 1887 eodem
635 1861 765 1895 temporis
779 1868 927 1896 momento,
942 1870 980 1896 et,

196 1908 224 1930 ut
237 1911 318 1938 supra
331 1904 459 1936 diximus,
487 1906 582 1932 eodem
596 1914 680 1939 nunc,
702 1915 765 1935 cum
785 1909 876 1936 verbis
891 1910 981 1942 Domi-

196 1949 265 1976 nicis
280 1950 588 1984 protulissetsacerdos,
604 1952 626 1981 si
644 1952 670 1980 id
688 1959 786 1981 natura
802 1962 891 1983 rerum
907 1956 978 1983 ferre

194 1998 336 2032 potuisset.
353 1998 411 2026 Hoc
423 2003 514 2026 autem
527 2006 561 2026 ex
583 2007 617 2027 eo
638 2008 746 2036 quoque
757 2002 787 2030 ﬁt
798 2004 977 2037 manifestius,

192 2044 265 2080 quod
274 2044 356 2071 etiam
365 2050 428 2072 ante
442 2044 499 2072 haec
507 2045 589 2072 verba
598 2046 746 2081 perfectum
757 2048 812 2083 jam
824 2056 965 2078 sacramen
972 2066 981 2072 -

194 2096 250 2118 tum
265 2099 365 2126 ponere
376 2092 494 2124 videtur,
503 2099 564 2119 cum
573 2094 641 2120 dicit
654 2094 726 2128 quod
735 2096 889 2129 hierarclta,
901 2104 978 2124 acce-

192 2137 260 2164 dens
282 2137 314 2164 τιό
333 2145 442 2164 sacrum
477 2139 572 2171 altare,
607 2140 699 2168 laudat
720 2141 863 2175 praedictas
888 2150 979 2171 sacras

192 2184 377 2216 operationes,
391 2188 418 2210 et
445 2183 481 2210 ita
497 2191 639 2212 consecrat
654 2186 833 2218 divinissima.
850 2192 878 2214 et
891 2189 979 2215 maui-

193 2232 274 2257 restat
289 2230 410 2258 laudata.
429 2230 601 2260 Manifestare
631 2238 723 2260 autent
751 2234 871 2268 laudata,
902 2236 978 2269 juxta

191 2275 356 2309 expositoris
380 2274 543 2305 sententiam
575 2280 622 2313 qui
638 2279 689 2306 fuit
702 2280 744 2307 vir
757 2281 978 2315 sapientissimus

191 2322 335 2353 Maximus,
351 2327 392 2350 est
403 2323 474 2351 clara
484 2324 574 2352 facere
583 2332 644 2359 quae
656 2326 765 2353 laudata
776 2332 850 2360 sunt,
860 2328 912 2355 hoc
926 2333 978 2360 est,

190 2368 284 2395 divina
308 2376 390 2403 opera
407 2369 520 2403 Christi,
540 2378 601 2405 qua;
614 2373 785 2399 enumeravit
809 2373 878 2401 facta
893 2382 908 2401 a
921 2374 980 2402 Sal-

192 2419 287 2442 vatore
302 2420 397 2443 nostro
406 2416 432 2443 in
447 2417 635 2444 remissionem
644 2422 815 2451 peccatorum
824 2425 850 2447 et
860 2419 887 2446 in
896 2420 978 2448 vitam

191 2466 336 2489 :eternam.
348 2462 410 2489 llatc
423 2462 505 2490 verba
515 2467 579 2490 sunt
590 2463 710 2494 Maximi.
725 2464 779 2491 imo
787 2464 869 2492 etiam
880 2466 979 2502 Diony-

191 2507 235 2535 sii.
254 2508 361 2535 Nemini
378 2514 470 2536 autem
486 2509 600 2536 dubium
618 2514 670 2541 est,
687 2512 977 2539 commemorationem

191 2553 347 2581 divinorum
364 2554 559 2581 beneﬁciorum
573 2554 631 2581 ﬁeri
649 2559 712 2582 ante
732 2555 814 2582 verba
826 2554 983 2584 Dominica.‘

191 2597 258 2630 Quae
269 2606 336 2626 vero
352 2599 397 2625 illa
413 2598 477 2630 sint,
487 2599 545 2633 ipse
560 2600 657 2627 doctor
673 2605 826 2630 enumerat.
840 2600 980 2634 Quamob-

192 2651 250 2670 rem
263 2647 292 2670 et
323 2648 386 2671 ante
405 2643 488 2670 verba
503 2643 611 2670 Domini
636 2644 719 2672 fuisse
736 2645 795 2673 haec
808 2645 978 2673 manifestis-

193 2690 262 2717 sime
281 2690 381 2716 docere
397 2689 535 2717 videntur.
552 2689 630 2723 Quod
664 2696 755 2718 autem
785 2692 812 2718 in
839 2691 980 2720 remissio-

194 2743 256 2761 nem
281 2740 457 2769 peccatorum
471 2742 497 2762 et
512 2736 595 2763 vitattt
610 2741 740 2764 teternatn
758 2737 815 2771 ipsa
827 2744 911 2771 opera
927 2736 980 2764 du-

192 2784 266 2810 cant,
281 2786 342 2805 mox
355 2787 404 2813 per
421 2780 500 2806 verba
514 2781 654 2809 Duminica
681 2782 817 2816 sequitur,
836 2783 890 2809 imo
914 2789 979 2810 vero

193 2824 266 2851 inter
281 2824 338 2858 ipsa
355 2825 462 2853 Domini
479 2826 561 2853 verba
576 2828 742 2854 continetur.
763 2827 818 2854 Hoc
837 2828 911 2855 enitn
928 2832 977 2860 cst,

192 2868 294 2903 inquit,
308 2876 402 2904 corpus
414 2875 512 2904 num,
523 2871 593 2906 quod
605 2880 653 2906 pro
666 2872 736 2898 vobis
748 2871 881 2906 frangitur
897 2873 924 2899 in
939 2880 979 2899 rc-

193 2915 344 2943 ntissiottetu
358 2922 525 2952 peccatorum
538 2926 548 2950 ,'
563 2921 601 2946 et.
629 2918 680 2946 Hic
693 2923 730 2945 cst
756 2919 867 2954 sanguis
896 2927 979 2951 meus.

195 2960 241 2993 qui
256 2970 303 2996 pro
331 2963 402 2991 vobis
417 2967 442 2991 et
458 2963 547 2991 multis
573 2964 719 2998 effundctttr
736 2965 775 3003 in
794 2965 978 2994 remissionem

1033 1679 1187 1715 Dionysius.
1203 1679 1327 1707 Traditio
1344 1681 1418 1708 enim
1429 1680 1530 1708 Christi
1543 1681 1602 1708 haec
1617 1681 1679 1713 fuit,
1696 1682 1821 1716 accipere

1033 1733 1142 1760 panem,
1157 1726 1259 1761 gratias
1282 1733 1375 1761 agere,
1404 1727 1579 1760 benedicere,
1605 1732 1633 1754 et
1661 1727 1743 1755 verba
1774 1727 1822 1755 illa

1032 1772 1222 1806 pronuntiare.
1252 1773 1348 1801 Nonne
1373 1772 1456 1807 igitur
1483 1773 1543 1800 luce
1567 1773 1670 1800 clarius
1694 1773 1822 1800 videmus

1031 1818 1114 1845 etiam
1132 1818 1290 1845 testimonio
1307 1817 1442 1854 Dionysii,
1460 1826 1510 1853 per
1536 1819 1619 1846 verba
1633 1819 1740 1846 Domini
1753 1826 1822 1846 cort-

1032 1869 1169 1891 secratum
1189 1871 1250 1891 esse
1272 1864 1454 1891 Eucltaristiat
1481 1864 1641 1899 mysterium
1653 1863 1822 1891 benedictio-

1036 1917 1070 1936 ne
1096 1909 1286 1944 praecedente?
1301 1910 1449 1944 prmsertim
1461 1911 1537 1945 juxta
1551 1910 1706 1938 Graecorum
1726 1911 1820 1944 ritum,

1032 1956 1078 1990 qui
1095 1960 1155 1990 post
1171 1955 1337 1983 oblationem
1358 1963 1501 1983 munerum
1519 1956 1546 1983 in
1562 1957 1654 1989 altari,
1671 1965 1814 1992 nunquam

1031 2009 1075 2034 ea,
1086 2009 1135 2028 nec
1147 2005 1237 2034 antea,
1249 2009 1298 2029 nec
1312 2006 1375 2036 post
1386 2002 1564 2034 benedicunt.
1577 2003 1630 2030 nisi
1642 2008 1745 2031 tantum
1757 2011 1818 2032 cum

1031 2056 1060 2076 se
1074 2048 1231 2076 existimant
1243 2045 1417 2081 consecrare,
1427 2050 1504 2084 quasi
1522 2049 1741 2077 benedictionem
1752 2057 1822 2077 con-

1032 2093 1180 2121 secrationi
1200 2094 1385 2121 necessariam
1399 2095 1599 2123 existimantes.
1616 2095 1731 2131 Propter
1745 2096 1819 2131 quod

1032 2145 1060 2166 et
1080 2140 1152 2167 hanc
1169 2139 1402 2173 benedictionem,
1429 2146 1512 2175 quam
1531 2141 1678 2176 Diopysius
1691 2146 1720 2168 et
1735 2141 1822 2169 Maxi-

1033 2193 1094 2213 mus
1107 2190 1171 2213 ante
1183 2186 1265 2213 verba
1278 2186 1385 2214 Domini
1403 2187 1553 2215 faciendam
1565 2192 1688 2220 censent,
1704 2192 1820 2222 praeter-
1835 2216 1838 2228 ί

1032 2231 1147 2258 mittunt
1164 2232 1263 2264 nostri,
1290 2239 1344 2259 non
1359 2237 1433 2260 recte
1447 2233 1560 2267 quidem
1583 2233 1725 2261 iacientes.
1740 2233 1820 2266 Quod
1835 2230 1840 2265 1

1033 2276 1055 2303 si
1076 2282 1141 2304 tunc
1153 2276 1316 2305 benedicere
1329 2278 1418 2309 decet,
1438 2283 1466 2305 ut
1494 2278 1521 2306 hl
1546 2278 1673 2306 doctores
1688 2280 1820 2311 sentiunt.
1841 2286 1843 2289 ‘

1033 2323 1088 2349 imo
1109 2329 1174 2349 vero
1192 2327 1222 2348 ut
1242 2322 1373 2350 Dominus
1391 2323 1513 2356 tradidit,
1527 2324 1622 2358 procul
1637 2324 1723 2351 dubio
1755 2328 1820 2352 tunc

1030 2368 1146 2403 prolatis
1161 2367 1265 2396 Domini
1281 2369 1371 2396 verbis
1383 2369 1549 2397 credendum
1558 2375 1599 2398 est
1609 2371 1667 2397 ﬁeri
1675 2377 1822 2398 consecra-

1032 2414 1148 2443 tionem.
1165 2415 1265 2443 Subdit
1294 2415 1393 2443 deinde
1407 2416 1564 2452 Dionysius,
1582 2417 1654 2452 quod
1678 2418 1822 2452 postulans

1029 2461 1187 2493 bierarcba,
1215 2466 1246 2488 ut
1261 2461 1360 2496 dignus
1371 2461 1418 2489 llat
1432 2463 1482 2489 hac
1508 2464 1727 2496 consecratione,
1740 2469 1768 2491 et
1785 2465 1820 2492 ad

1030 2506 1241 2534 similitudinem
1257 2507 1362 2534 Christi
1379 2507 1437 2534 lucc
1449 2507 1542 2535 divina
1554 2508 1689 2542 perﬁciat,
1708 2513 1735 2536 et
1745 2514 1820 2538 caste

1031 2552 1190 2586 distribuat,
1205 2553 1483 2588 participaturosque.
1507 2560 1590 2590 prout
1606 2562 1699 2582 sacros
1727 2555 1818 2588 decet,

1031 2598 1189 2633 participat,
1207 2603 1351 2626 consecrat
1369 2599 1551 2628 divinissima.
1567 2599 1605 2626 Ex
1618 2600 1720 2634 quibus
1734 2600 1821 2628 maui-

1031 2644 1180 2672 fcstissime
1194 2650 1320 2680 apparet,
1335 2645 1410 2680 quod
1430 2646 1486 2672 inec
1508 2638 1589 2673 verba
1605 2654 1760 2673 consecrare
1777 2653 1819 2674 at-

1031 2697 1086 2724 que
1105 2691 1231 2726 perﬁcere
1255 2699 1302 2726 per
1320 2691 1511 2727 synecdochen
1525 2692 1559 2719 ad
1580 2699 1611 2719 ea
1623 2700 1684 2727 qua:
1698 2699 1821 2727 sequun-

1033 2742 1078 2764 tur
1096 2738 1185 2773 accipi
1197 2737 1309 2769 debent.
1324 2738 1350 2766 id
1364 2742 1408 2766 est
1420 2739 1453 2766 ad
1480 2744 1583 2766 castam
1598 2738 1820 2767 distributionem

1031 2789 1059 2811 et
1070 2783 1180 2819 dignam
1196 2784 1446 2819 participationem,
1463 2793 1522 2820 quae
1537 2786 1629 2814 omnia
1648 2791 1710 2821 post
1720 2793 1822 2813 conse-

1031 2830 1181 2857 crationem
1197 2831 1321 2866 mysterii
1333 2830 1440 2866 precari
1453 2838 1485 2858 ac
1494 2836 1586 2865 petere
1595 2831 1726 2858 solemus.
1740 2830 1819 2864 Quod

1032 2874 1112 2903 facile
1127 2880 1170 2903 est
1184 2875 1347 2910 intelligere,
1361 2877 1383 2904 si
1399 2876 1463 2912 quis
1479 2877 1577 2903 missas
1603 2883 1619 2903 a
1635 2876 1751 2908 Jacobo,
1769 2876 1821 2904 Ba~

1032 2921 1094 2949 silio
1106 2924 1134 2949 et
1146 2918 1343 2957 Cbrysostomo
1371 2922 1458 2950 editas
1482 2923 1626 2957 diligenter
1643 2922 1819 2949 animadver-

1034 2972 1071 2995 tat
1085 2977 1092 2996 ;
1108 2972 1171 2996 tunc
1186 2969 1258 2996 enim
1274 2968 1409 3004 supplices
1421 2976 1542 3002 oramus,
1558 2974 1586 2996 ut
1596 2969 1678 3004 digne
1692 2976 1819 2997 commu-
