1920 3063
117 234 170 268 525

583 238 839 272 COMPENDIUM
865 242 894 273 S.
926 242 1070 274 BASILll
1097 244 1263 276 ASCETlC.

1696 247 1755 278 526‘

115 295 209 322 nicare
235 298 263 323 et
281 294 388 323 caeteris
409 295 578 325 distribuere
591 298 740 331 possimus.
771 299 910 332 Quamob-
925 303 946 332 Α
966 301 1093 336 Occidui,
1113 308 1170 331 tum
1185 304 1260 339 quod
1277 304 1314 332 ita
1327 303 1401 343 clare
1429 311 1462 332 ac
1478 303 1622 332 manlieste
1638 303 1672 331 de
1696 304 1749 332 hac

115 347 173 367 rem
204 349 264 376 quis
280 341 483 377 subjunguntur
495 343 592 375 verba,
617 352 782 378 consecrare,
797 353 829 374 ac
857 347 899 373 di-

115 387 177 413 vina
189 386 327 421 conﬁcere.
341 393 389 415 aut
405 395 454 423 per
471 389 675 424 synecdochen,
687 396 735 418 aut
748 399 799 426 per
810 392 904 427 hyste-

116 432 248 467 rologiam
278 433 421 468 dicuntur,
447 434 490 462 vel
505 434 576 462 forte
601 436 693 471 (quod
706 444 790 471 supra
800 437 904 465 dictum

116 477 176 512 est)
196 478 410 507 manifestiorem
435 479 647 514 invocationem,
664 489 725 516 quae
751 482 906 511 Salvatoris

116 523 210 551 verbis
220 531 274 551 non
288 524 324 552 ita
336 529 431 560 aperte
443 526 646 560 continebatur,
664 527 834 563 signiﬁcans.

154 569 216 597 Haec
231 569 313 597 habui
326 578 386 606 quas
397 571 431 598 de
445 571 623 600 Eucharistia:
634 574 906 607 sacramento,‘sicuti

117 615 152 642 ab
173 615 254 642 initio
271 615 410 650 pollicitus
438 616 553 649 fueram,
568 617 596 644 in
611 619 756 653 praesentia
789 619 908 647 dissere-

118 669 186 688 rem.
208 662 260 690 Ubi
273 662 321 695 ita,
337 663 365 690 ni
385 663 475 696 fallor,
503 663 714 692 adversantium
728 664 850 693 rationes
867 670 909 692 at-

118 713 172 740 que
189 712 348 742 argumenta
373 708 452 740 solvi,
469 714 500 736 ut
515 710 590 737 nulla
622 712 738 745 posthac
762 711 863 738 frustra
881 715 910 738 et

119 751 239 779 inaniter
268 753 454 781 contendendi
485 755 579 783 relicta
605 757 713 784 occasio
742 757 908 791 videretur;

117 798 198 824 modo
213 805 308 826 omnes
322 799 509 834 meminerint,
532 808 613 835 quam
639 802 783 830 manifesta
813 810 911 837 quam-

117 850 170 877 que
183 848 258 871 extra
269 852 378 872 omnem
386 847 591 874 contentionem
603 848 657 875 sint
669 853 825 876 sanctorum
836 849 911 877 testi-

959 356 989 376 re
1007 348 1170 383 loquuntur,
1187 353 1219 377 ut
1242 349 1316 377 nulla
1329 350 1442 377 omnino
1465 349 1602 377 dubitatio
1627 349 1761 384 supersit

960 394 1018 422 tibi.
1034 394 1099 428 Quae
1113 402 1146 422 ex
1157 395 1272 423 adverso
1297 395 1435 427 dicuntur.
1457 396 1493 423 ita
1506 396 1622 424 obscura
1633 400 1662 423 et
1685 396 1748 431 qui-

959 440 1075 468 busdam
1089 440 1168 475 quasi
1182 441 1305 469 tenebris
1322 441 1443 469 involuta
1460 446 1532 475 sunt,
1545 446 1576 469 ut
1592 443 1687 478 plures
1702 451 1750 470 va-

961 485 1071 521 riasque
1087 491 1115 514 et
1126 486 1170 514 vix
1199 487 1373 515 extricabiles
1392 488 1527 523 recipiant
1550 488 1750 523 expositiones;

961 530 1131 560 Clarioribus
1146 537 1237 560 autem
1254 532 1288 560 ad
1302 540 1399 561 eorum
1416 540 1476 568 qua)
1509 533 1670 561 obscuriora
1687 539 1753 561 sunt;

962 577 1146 612 cognitionem
1163 578 1295 606 utendum
1311 585 1382 612 esse,
1398 578 1502 607 eruditi
1525 586 1623 606 omnes
1652 584 1681 606 et
1700 587 1752 614 pu‘

962 625 1022 649 tant
1036 621 1182 656 etjubent.
1211 623 1278 655 Quae
1307 630 1370 651 cum
1405 624 1443 651 ita
1461 620 1528 655 sint.
1550 624 1584 651 ad
1597 629 1750 651 extremum

963 675 1011 694 eos
1027 668 1054 694 in
1067 675 1185 702 quorum
1199 675 1297 699 manus
1307 668 1367 696 haec
1384 668 1453 696 forte
1466 669 1639 703 pervenient,
1657 668 1749 696 horta-

964 718 1026 738 mur
1042 715 1124 746 atque
1151 711 1339 746 obsecramus,
1356 716 1396 746 ut,
1411 713 1485 740 omni
1514 713 1616 749 rejects
1640 718 1752 741 conten-

965 758 1051 795 tione,
1081 757 1175 785 studio
1202 757 1338 787 duntaxat
1356 759 1531 787 invenienda:
1548 759 1675 787 veritatis
1692 759 1752 787 hac

966 802 1097 837 legentes,
1119 803 1152 830 ad
1179 804 1266 838 ipsam
1285 804 1432 832 veritatem
1451 804 1596 838 accedant,
1612 804 1751 832 inventam

965 848 1127 883 suscipiant,
1143 854 1353 885 susceptamque
1363 850 1470 878 caeteris
1499 850 1674 885 patefaciant.
1701 849 1752 878 Va-

119 889 221 920 mouia,
237 891 336 921 quibus
348 891 501 919 ostenditur
510 893 592 920 verba
605 893 782 922 Dominiesse
796 902 857 929 quae
870 902 914 922 sa-
966 894 1041 922 leant
1057 899 1149 922 autem
1165 894 1193 921 hi
1204 893 1311 928 omnes.
1329 896 1377 930 qui
1387 891 1509 923 rationis
1523 896 1620 923 callem
1639 895 1752 922 minime

63 960 75 967 κ
117 940 195 960 crum
213 934 392 963 Eucharistiae
412 936 571 972 mysterium
593 937 697 973 integre
712 938 866 973 perﬁciunt,
881 946 913 968 ac
968 944 1126 974 sequentes,
1144 948 1206 968 cum
1220 941 1400 969 contentione
1417 949 1449 969 ac
1468 949 1540 976 saepe
1556 941 1639 969 etiam
1654 940 1752 976 iurgiis

117 978 222 1007 id‘cero
250 984 348 1008 caetera
362 981 474 1016 quidem
499 983 591 1010 omnia
611 984 695 1011 verba
708 984 740 1011 ad
757 984 824 1017 haec,
846 985 903 1012 haec
925 979 946 1007 Β
961 990 990 1012 et
1003 986 1190 1019 contumeliis,
1206 987 1340 1022 quidquid
1354 987 1395 1016 eis
1416 988 1443 1015 in
1462 991 1583 1015 mentem
1600 987 1644 1015 vel
1661 986 1753 1022 potius

117 1032 182 1053 vero
190 1025 227 1052 ad
235 1026 287 1054 alia
300 1027 412 1054 minime
424 1035 484 1055 esse
497 1028 647 1062 trahenda;
661 1028 703 1057 his
711 1034 842 1065 praeterea
851 1034 909 1058 ma—
963 1030 1078 1058 buccam
1094 1031 1213 1064 venerit,
1229 1032 1333 1060 nemini
1356 1036 1510 1068 parcentes,
1529 1037 1654 1060 cruciare
1670 1036 1771 1066 atque.

117 1069 191 1098 itime
203 1071 325 1099 omnium
338 1077 398 1100 esse
412 1073 663 1107 credendum,'tum
683 1075 746 1110 quia
761 1077 908 1104 unanimes
961 1082 1091 1104 evomere
1112 1083 1167 1104 non
1184 1076 1362 1105 erubescunt.

117 1120 145 1143 et
163 1116 244 1144 unius
256 1117 399 1145 sententiae
410 1124 507 1146 omnes
520 1122 585 1147 sunt
600 1119 659 1147 sive
680 1118 834 1149 Orientales
848 1122 908 1149 sive

624 1267 1258 1420 BESSACEHONIS

473 1463 779 1497 ASCETICARUM
793 1464 828 1495 S.
849 1463 1010 1495 BASILII
1027 1463 1412 1507 CONSTITUTIONUM

750 1545 1157 1593 COMPENDIUM

667 1637 750 1667 (τωο.
763 1635 871 1666 Yriarle,
882 1635 945 1662 Cod.
959 1637 1002 1662 Gr.
1015 1635 1107 1662 Hatril.
1118 1643 1143 1668 p.
1158 1635 1223 1667 ιιι.)

913 1715 948 1722 ...-

158 1774 226 1802 Cod.
243 1773 297 1805 CV.
313 1772 373 1800 sine
393 1772 485 1804 titulo,
512 1770 595 1799 index
611 1771 703 1805 operis
718 1770 844 1805 proxime
864 1777 935 1805 sequ

974 1771 1026 1799 tis:
1042 1770 1181 1806 Πρόλογος
1207 1772 1236 1798 ιν
1250 1771 1311 1803 ταῖς
1327 1769 1479 1805 ἑπομέναις
1495 1770 1543 1797 τοῦ
1561 1769 1751 1805 παμμάκαρος

124 1821 233 1857 nugs;
258 1820 338 1856 ἡμῶν
365 1816 505 1845 Emathion
527 1817 694 1851 ἀσκητικαῖς
717 1816 874 1849 Διατάξισι,
898 1817 1039 1849 συντεθεὶς
1060 1818 1129 1853 πρὸς
1158 1816 1206 1844 τοῦ
1231 1817 1448 1852 αιδισιμωτάτου
1466 1817 1514 1843 καὶ
1539 1818 1696 1851 σοφωτάτου
1722 1817 1752 1843 ἐν

125 1867 237 1903 Χριστῷ
253 1865 361 1900 Πατρδς
376 1864 569 1899 Βησσαρῑωνος
585 1862 772 1897 καρδινάλιως
787 1862 833 1889 τοῦ
859 1863 932 1889 Νικα

974 1872 986 1890 ξ.
1002 1863 1074 1897 Κεφ.
1091 1866 1127 1890 α’.
1144 1861 1275 1899 Prologus
1290 1863 1318 1890 in
1330 1866 1467 1898 sequentes
1483 1863 1657 1897 undequaque
1682 1863 1752 1891 beati

127 1912 214 1940 Patris
232 1910 314 1938 nostri
328 1908 420 1936 Basilii
434 1908 559 1935 asceticas
572 1906 786 1939 Constitution“,
802 1906 960 1942 compositus
986 1915 1002 1934 α
1015 1907 1231 1934 reverendiuimo
1256 1912 1280 1934 et
1297 1906 1490 1942 sapientissimo
1503 1906 1532 1933 in
1552 1905 1656 1934 Christo
1670 1905 1751 1937 Patre

127 1955 284 1983 Bessarione
297 1952 429 1980 cardinali
442 1950 560 1980 Niceno.

163 2001 295 2030 Asceticae
315 1999 469 2036 hujusmodi
490 2000 707 2029 Constitutiones
724 2008 779 2028 non
794 2004 858 2028 sunt
884 1999 1013 2034 equidem
1038 1998 1198 2026 universum
1214 1996 1301 2024 sancti
1315 1996 1410 2024 Basilii
1431 1996 1554 2033 Regulae
1570 2004 1681 2032 corpus,
1703 1998 1750 2026 sed

128 2048 188 2081 ejus
219 2043 410 2072 tantummodo
439 2043 644 2078 compendium,
662 2044 736 2079 quod
765 2043 838 2071 idem
867 2042 1003 2076 Bessario,
1024 2041 1102 2069 utin
1125 2040 1242 2075 Prologo
1270 2039 1330 2074 ipse
1360 2043 1485 2073 testatur,
1503 2041 1609 2068 ordinis
1621 2041 1751 2069 Basiliani

128 2090 326 2118 coenobitarum
341 2095 422 2116 causa
436 2095 485 2122 per
497 2095 607 2115 omnem
620 2088 725 2115 Italiam
735 2095 768 2115 ac
782 2087 905 2114 Siciliam
913 2085 1081 2121 degentium,
1097 2091 1131 2112 ex
1142 2083 1245 2118 ingenti
1262 2082 1388 2118 ejusdem
1402 2082 1544 2110 volumine
1559 2083 1751 2112 concinnavit.

128 2137 195 2164 Cum
212 2143 278 2162 vero
297 2135 331 2162 de
350 2134 402 2162 hac
426 2133 596 2162 Bessarionis
612 2133 706 2162 Graeca
730 2133 933 2166 lucubratione,
965 2133 1024 2160 sive
1050 2131 1194 2166 impressa,
1222 2131 1281 2158 sive
1309 2137 1374 2162 ωε..
1398 2130 1488 2157 omnis
1503 2130 1636 2158 librorum
1658 2130 1751 2164 index,

131 2181 220 2207 omnis
239 2179 348 2210 notitia,
368 2183 449 2213 atque
459 2179 517 2213 ipse
536 2178 567 2205 D.
584 2177 667 2205 Marci
693 2178 866 2205 bibliothecas
879 2177 1018 2213 catalogus
1031 2175 1122 2209 sileat,
1141 2182 1223 2211 quam
1237 2174 1283 2201 ille
1297 2178 1514 2209 purpuratorum
1534 2174 1753 2202 litteratissimus

128 2233 236 2255 summo
251 2225 372 2260 undique
390 2224 480 2252 studio
503 2223 699 2265 conquisitam.
716 2224 826 2259 triginta
845 2230 992 2251 aureorum
1011 2221 1131 2249 millibus
1158 2220 1537 2265 comparatam.Venetiarum
1554 2220 1662 2248 senatui
1680 2221 1753 2249 dono

127 2271 215 2305 dedit,
228 2277 286 2297 rem
301 2277 369 2297 sane
386 2268 534 2296 lectoribus
548 2263 708 2296 monasticae
720 2268 873 2303 disciplinae
886 2265 1060 2296 addiscendze
1072 2264 1180 2300 cupidis
1214 2267 1368 2299 pergratam
1387 2263 1482 2292 videor
1497 2264 1620 2292 facturus
1630 2283 1639 2299 ,
1659 2265 1681 2292 si
1699 2269 1752 2292 tam

129 2315 262 2343 reconditi
285 2313 376 2349 operis
393 2313 512 2340 Indicam
525 2317 554 2340 et
565 2312 706 2348 Prologum
720 2313 778 2347 ipse
794 2312 915 2340 vicissim
932 2311 960 2339 in
975 2311 1112 2349 specimen
1131 2308 1257 2344 elargiar.

878 2383 1012 2414 INDEX.

128 2443 199 2476 Κεφ.
218 2444 253 2468 α’.
270 2440 407 2475 Πρόλογος
433 2438 462 2465 ὲν
490 2439 550 2470 ταῖς
563 2438 713 2474 ἑπομέναις
736 2438 784 2466 τοῦ
799 2441 916 2475 παμμά-
929 2442 953 2472 C
970 2441 1042 2476 Κεφ.
1059 2439 1091 2474 ζ’.
1110 2439 1173 2472 Πῶς
1190 2439 1237 2466 καὶ
1258 2438 1313 2465 ἀπὸ
1327 2437 1408 2469 ποίας
1426 2437 1532 2473 ἡλικίας
1549 2438 1612 2468 τοὺς
1627 2438 1673 2463 ἐπὶ
1687 2438 1753 2464 ἀπο-

164 2494 248 2521 καρος
264 2485 370 2520 Πατρὺς
386 2484 464 2519 ἡμῶν
479 2484 621 2511 Βασιλειου
635 2485 799 2520 ἁσκητικαῖς
817 2486 917 2513 Διατά-

167 2533 235 2566 Sest.

130 2579 200 2611 Κεφ.
219 2576 251 2612 β’.
270 2577 338 2603 Τινα
351 2577 385 2603 τὰ
401 2577 459 2612 εἴδη
474 2577 622 2613 μοναδικῆς
647 2576 853 2608 καταστάσεως,
869 2576 915 2603 καὶ

168 2623 243 2649 ποῖον
259 2621 349 2648 αὐτῶν
366 2621 470 2656 βέλτιόν
480 2631 510 2649 τι
523 2623 569 2649 καὶ
584 2622 801 2657 ἀσφαλέστερον.

131 2669 203 2703 Κεφ.
224 2671 257 2702 γ’.
272 2667 352 2694 Ποῖόν
365 2677 427 2694 τινα
438 2669 491 2704 χρὴ
505 2669 551 2696 τὸν
563 2669 716 2704 ἡγούμενον
733 2667 814 2696 εἶναι.

130 2717 202 2749 Κεφ.
221 2714 254 2742 δ’.
268 2715 337 2750 Περὶ
356 2714 403 2741 τοῦ
420 2716 509 2742 πάντα
527 2715 610 2742 αὐτὸν
628 2715 700 2751 μετὰ
711 2715 762 2750 τῆς
773 2715 827 2742 τῶν
839 2714 916 2741 ἅδε).-

165 2762 225 2797 φῶν
241 2761 399 2797 συμϐουλῆς
416 2762 554 2796 ποιητέον.

131 2810 204 2843 Κεφ.
223 2811 253 2834 ε’.
269 2807 364 2838 Ὅπως
393 2807 566 2842 ἑμμέριμνον
586 2807 668 2833 αὐτὸν
693 2804 764 2834 εἶναι
784 2807 825 2833 δεῖ
847 2807 913 2842 πρὸς

165 2855 216 2890 τὴν
228 2854 283 2882 τῶν
296 2853 511 2890 ἁμαρτανόντων
523 2852 678 2888 διόρθωσιν.

132 2902 201 2936 Κεφ.
221 2905 257 2934 ς’.
273 2901 336 2932 Πῶς
349 2902 481 2937 χρηστέον
495 2901 549 2933 τοῖς
562 2901 631 2935 μετὰ
642 2900 738 2935 τρίτην
755 2899 914 2935 stupebam-4

173 2949 211 2984 μὴ
228 2949 354 2984 hopes-op
361 2949 440 2980 ένοις.

1002 2488 1073 2521 ταγῇ
1086 2486 1141 2513 τῶν
1154 2484 1297 2520 κοσμικῶν
1308 2485 1342 2520 τῇ
1361 2484 1430 2519 μονῇ
1443 2483 1608 2518 προσϊόντας
1622 2483 1731 2510 δεκτέον
1744 2492 1752 2498 ·

1000 2533 1048 2559 καὶ
1065 2531 1125 2564 πῶς
1153 2531 1217 2562 τοὺς
1245 2530 1399 2565 νεωτέρους
1426 2529 1539 2564 ἀνάγειν
1561 2528 1615 2564 χρὴ
1629 2529 1676 2556 καὶ
1690 2537 1754 2556 παι-

1000 2578 1098 2606 δεύειν.

966 2624 1037 2658 Κεφ.
1050 2627 1086 2658 η’.
1102 2623 1169 2658 Περὶ
1194 2621 1243 2657 τῆς
1266 2621 1305 2656 τῷ
1323 2621 1417 2656 κόσμῳ
1435 2620 1651 2656 ἀποταξαμένων
1674 2620 1753 2646 πολι-

1004 2672 1079 2702 τείας
1094 2670 1141 2696 καὶ
1155 2669 1204 2704 τῆς
1214 2669 1254 2700 εἰς
1269 2667 1333 2698 τοὺς
1344 2667 1522 2701 προεστῶτας
1535 2666 1686 2701 ὑποταγῆς.
1697 2665 1754 2693 Καὶ

1004 2717 1046 2743 ὅτι
1063 2716 1151 2742 πάντα
1168 2714 1261 2745 αὐτοῖς
1279 2710 1348 2739 εἶναι
1367 2712 1407 2738 δεῖ
1429 2712 1507 2738 κοινὰ
1529 2711 1575 2737 καὶ
1589 2710 1672 2746 μηδὲν
1687 2711 1753 2737 [διον

1005 2761 1094 2797 ἔχειν·
1110 2760 1158 2787 καὶ
1175 2759 1233 2790 πῶς
1245 2758 1313 2793 πρὸς
1324 2757 1388 2788 τοὺς
1403 2757 1475 2784 κατὰ
1502 2756 1594 2791 σάρκα
1610 2757 1754 2791 συγγενεῖς

1005 2808 1156 2836 διακεῖσθαι
1169 2806 1240 2833 δέον.

970 2855 1041 2889 Κεφ.
1059 2853 1092 2881 θ’.
1110 2853 1172 2884 Πῶς
1184 2853 1231 2879 καὶ
1246 2852 1316 2879 τισιν
1329 2851 1417 2887 ὥραις
1432 2851 1554 2878 εὐκτέον.

969 2901 1040 2933 Κεφ.
1060 2898 1088 2926 t'.‘
1100 2897 1229 2931 Ειέξεστι
1241 2899 1287 2925 καὶ
1301 2897 1372 2924 τίσιν
1385 2897 1486 2928 αἰτίαις
1501 2896 1590 2929 ἔξεστι
1604 2895 1654 2931 τῆς
1669 2895 1761 2931 μονῆς.

1006 2947 1052 2972 καὶ
1068 2945 1116 2980 τῆς
1133 2945 1314 2980 ἀδελφότητος
1330 2943 1520 2979 ἀναχιιιρῆσαι.
