1912 3061
237 100 288 131 539

706 99 956 130 BESSARlONIS
976 99 1004 130 S.
1026 99 1062 129 Β.
1083 99 1116 129 Ε.
1139 98 1374 129 CARDINALIS

1798 95 1853 129 5M)

237 155 356 182 libenter
379 159 566 182 commoratur
581 155 607 181 in
623 163 748 190 corpore,
771 161 801 184 ut
819 156 940 184 divinum
966 157 1005 184 hor

1069 157 1136 192 τῷδε
1153 157 1192 192 τῷ
1209 156 1292 191 ἔργῳ,
1319 156 1366 183 καὶ
1390 155 1434 181 διὰ
1451 153 1524 181 τοῦτ’
1540 154 1604 186 ἴσως
1633 157 1783 190 χαίρουσαν
1797 157 1853 188 τοῖς

237 207 307 234 opus
321 199 354 226 ad
367 198 467 226 bonum
481 200 584 226 exitum
608 200 748 234 perducat,
764 201 832 229 citra
845 209 926 236 quem
940 202 1018 231 valde

243 245 365 279 graviter
377 244 460 271 ierret
477 244 515 271 illi
527 245 636 273 animus
648 246 873 274 inbabitationem
883 249 1017 282 corporis,

235 293 266 316 ut
290 289 345 324 jam
370 290 535 324 consumpti.
556 290 658 318 Omnes
685 299 762 318 suam
784 292 846 320 tibi
860 293 1019 326 praebebunt

234 341 344 369 operam
359 334 392 361 ad
404 334 528 362 ﬁnem‘et
543 343 612 370 opus
628 336 679 364 hoc
696 337 812 364 arduum
826 347 833 364 :
850 345 931 366 nemo
939 339 1024 374 quid-‘

239 388 322 414 quam
349 381 435 415 magis
454 386 564 416 exoptat
580 382 632 411 line
654 382 706 409 hoc
727 383 901 417 optatissimo
918 385 1017 413 :illum

233 430 390 460 spectamus
402 433 517 458 omnes,
527 426 677 455 vehemens
689 428 763 456 illius
775 436 852 457 amor
868 430 1019 459 inﬂammat

233 472 357 498 omnium
370 471 490 503 animos.
509 480 605 500 omnes
621 479 763 508 propterea
779 481 794 502 e
817 475 897 511 longe
914 476 1018 505 dissitis

234 514 393 549 regionibus
405 517 603 543 convenimus:
614 522 758 551 propterea
772 519 798 546 in
809 520 896 547 aliena
906 521 1017 556 regione

232 560 449 594 peregrinamur,
465 561 592 590 homines
605 563 706 596 partim
717 571 734 591 e
746 564 833 591 media
854 565 911 600 ipsa
940 567 1017 595 Grae-

230 604 283 636 cia,
297 605 398 639 partim
413 613 446 633 ex
468 607 577 634 ultimis
593 608 670 636 orbis
691 608 726 635 ad
744 612 960 644 septentrionem
977 617 1018 640 at—

230 656 284 684 que
309 649 342 677 ad
356 651 490 678 orientem
512 652 631 680 maxime
646 654 825 688 vergentibus
839 656 928 692 plagis
944 656 1016 685 hanc

229 693 315 728 ipsam
331 695 357 722 in
371 695 476 723 Italiam
486 696 603 724 navibus
616 700 737 727 advecti.

264 738 305 766 Ne
317 747 381 780 ergo
395 744 448 767 tam
467 740 617 768 multorum
633 743 727 775 studio
742 745 887 779 praevaleat
900 747 987 775 hostis
1005 757 1013 782 ;

229 777 402 821 nequaquam
417 787 462 814 ﬁat
477 787 539 820 hoc,
559 788 685 818 Salvator
697 777 769 819 Deus
784 800 793 819 :
811 801 845 821 ne
861 798 953 823 tantus
964 777 1015 824 no;

227 835 285 858 ster
314 838 479 866 conventus,
512 838 566 862 tam
594 835 737 870 frequens,
762 842 816 865 tam
842 840 928 868 multo
948 846 1012 870 ante

227 878 387 909 meditatus,
414 883 474 907 tam"
500 881 595 909 multis
618 883 698 910 annis
722 885 931 920 consideratus,
955 892 1010 916 tam

226 923 321 951 multis
347 925 489 953 laboribus
512 927 656 962 multoque
681 930 777 958 studio
802 931 926 966 habitus,
951 935 1012 970 ejus

225 977 309 1003 opera
328 970 362 997 sit
379 970 491 998 frustra.
512 971 572 1000 Non
583 978 627 1001 est
648 974 701 1002 hoc
721 977 876 1011 sapientum
902 979 1010 1008 divino-

225 1022 342 1049 rumque
357 1016 512 1050 hominum,
522 1026 654 1048 eorumve
669 1022 715 1056 qui
730 1030 870 1051 sermones
883 1033 948 1054 suos
961 1035 1011 1054 no-

225 1067 291 1088 runt
306 1062 332 1088 in
351 1063 456 1096 judicio
472 1064 628 1099 disponere.
655 1067 730 1095 Alios
750 1069 890 1098 adoriatur
911 1071 1009 1108 hostis,

223 1105 286 1133 aliis
305 1106 421 1134 devictis
446 1108 575 1142 insultet,
593 1117 644 1137 nos
660 1115 750 1139 autem
778 1120 951 1149 nequaquam
968 1105 1008 1143 at;

225 1151 321 1186 tingat.
343 1151 523 1187 Spiritalibus
548 1155 633 1183 armis
649 1155 701 1191 ipsi
717 1162 767 1184 nos
782 1165 920 1187 armemus
935 1160 1008 1189 hosti

224 1195 332 1224 obviam
349 1197 426 1225 ituri.
441 1198 589 1227 lnduamur
607 1201 722 1229 loricam
733 1203 847 1237 justitiae
858 1210 886 1232 et
903 1206 1006 1241 galeam

222 1241 347 1276 spiritus,
362 1251 394 1270 ac
407 1243 476 1272 duce
493 1246 573 1273 nobis
590 1247 638 1274 Dei
657 1248 742 1275 vcrbo
755 1249 894 1278 irruamus
912 1252 940 1279 in
955 1252 1008 1280 ho-‘

222 1291 297 1320 stes;
313 1288 497 1317 subsistamus
511 1295 602 1318 autem
620 1298 784 1327 quocunque
805 1294 872 1322 illud
889 1303 940 1324 nos
955 1297 1006 1325 du-

222 1332 302 1365 xerit,
319 1335 493 1363 destruentes
508 1341 619 1364 Omnem
633 1337 807 1367 altitudinem
829 1342 1004 1371 extollentem

221 1385 252 1405 se
263 1378 394 1408 adversus
411 1381 526 1416 gloriam
541 1382 601 1415 Dei,
618 1390 730 1412 omnem
752 1386 946 1420 cogitationem
960 1396 1007 1416 su—

221 1424 332 1457 perbam
346 1429 374 1453 et
387 1427 509 1461 gloriola
518 1428 625 1456 avidam
638 1438 645 1463 ;
666 1430 847 1459 humilitatem
862 1441 927 1461 vero
939 1434 1004 1462 Dei-

221 1477 274 1503 que
286 1471 413 1499 timorem
428 1473 592 1502 adhibentes
608 1475 642 1503 ad
655 1476 783 1504 obeunda
798 1480 959 1512 certamina,
972 1480 1005 1508 il-
1018 1492 1040 1522 α

219 1515 332 1551 tumque
345 1525 400 1552 prae
422 1519 509 1547 oculis
525 1519 669 1554 habentes,
694 1528 778 1558 utque
792 1525 825 1551 ad
844 1522 919 1553 illum
941 1534 1005 1562 per-

220 1561 362 1591 veniamus
374 1565 582 1599 contendentes,
595 1573 791 1604 nonnunquam
804 1570 875 1598 vinci
894 1579 1005 1606 quoque

219 1606 291 1635 bene
302 1609 391 1643 potius
401 1610 535 1643 volentes,
544 1618 626 1646 quam
636 1613 745 1641 vincere
759 1615 787 1642 in
797 1616 926 1644 omnibus
946 1625 1005 1645 ma-

218 1652 243 1680 le
253 1661 260 1686 ;
270 1661 336 1681 cum
348 1656 420 1682 ratio
433 1656 498 1683 boni
512 1664 568 1684 non
580 1659 668 1685 solum
680 1656 708 1686 in
720 1667 753 1687 eo
765 1660 841 1694 insit,
855 1662 877 1690 si
888 1663 950 1698 quis
961 1665 1004 1692 vi-

217 1699 332 1726 ctoriam
347 1700 481 1735 obtineat,
498 1710 561 1730 cum
577 1702 676 1732 habeat
692 1713 707 1732 a
720 1713 751 1733 se
768 1707 913 1736 veritatem
927 1717 935 1742 ;
954 1710 1002 1738 sed

216 1744 401 1774 nihilominus
419 1747 444 1773 in
474 1755 508 1775 eo
525 1749 607 1776 etiam
624 1749 700 1778 idem
715 1751 781 1779 boni
794 1753 892 1781 modu
911 1762 1003 1783 serve-
1021 1751 1023 1754 ’

216 1794 271 1822 tur,
288 1791 383 1826 siquis
392 1791 650 1827 bene-succumbat,
663 1797 735 1830 quod
748 1799 863 1832 perinde
874 1805 1002 1829 censetur

215 1843 248 1862 ac
276 1837 397 1866 vincere.
414 1838 578 1874 Quanquam
592 1840 693 1869 dixerit
717 1842 834 1871 fortasse
850 1846 999 1881 quispiam,

215 1882 304 1916 majus
324 1883 406 1910 etiam
432 1883 484 1912 hoc
507 1892 568 1912 esse
590 1886 674 1920 priorl
699 1887 745 1915 illo
762 1887 876 1922 bonum,
890 1892 1001 1926 quando

213 1927 363 1962 unicuique
386 1929 519 1956 conducit
539 1931 635 1967 magis,
657 1933 747 1968 ipsum
768 1934 837 1963 allici
853 1935 1008 1972 beneﬁcio,'

212 1980 293 2007 quam
314 1973 423 2001 allicere
442 1975 547 2002 alium:
563 1981 591 2004 et
602 1977 698 2006 audire
713 1979 820 2014 potius,‘
832 1989 913 2016 quam
938 1983 999 2011 aliis

212 2017 305 2046 dicere
323 2027 330 2045 :
346 2023 374 2046 et
390 2019 502 2048 liberari
517 2021 552 2049 ab
572 2029 679 2056 errore,
692 2030 773 2060 quam
785 2027 911 2055 liberare.
926 2029 999 2057 Invi-

210 2064 332 2092 ctissime
349 2065 508 2100 imperator,
519 2067 574 2102 jam
585 2076 629 2096 res
636 2074 679 2097 est
693 2070 719 2098 in
731 2073 852 2106 cardine,
868 2075 997 2110 venitque

212 2113 320 2144 tempus
335 2110 409 2144 quod
430 2112 490 2146 jam
507 2112 556 2140 diu
571 2116 717 2150 exoptasti.
734 2117 773 2145 Da
787 2122 853 2154 "ergo
868 2119 926 2148 Ded
937 2121 997 2157 glo-

210 2155 280 2181 riam
293 2160 320 2182 et
339 2156 464 2184 collauda
477 2165 539 2185 eum
551 2168 558 2192 ;
581 2159 657 2189 illius
679 2162 731 2190 hoc
742 2167 811 2198 opas
825 2165 933 2197 est,ilie
941 2155 995 2196 tibi
1012 2160 1034 2189 Ι)

211 2199 281 2227 hanc
295 2200 390 2236 injecit
404 2202 610 2238 cogitationem,
629 2209 734 2235 tantum
751 2209 911 2238 instillando
920 2219 995 2240 amo-

210 2253 268 2273 rem
283 2254 290 2273 :
305 2246 353 2274 illo
369 2255 478 2282 quoque
488 2251 644 2284 opitulante
670 2260 714 2280 res
738 2254 771 2281 ad
793 2255 867 2283 hunc
891 2261 993 2285 statum

208 2290 342 2325 perducta
356 2296 410 2319 est.
423 2292 450 2320 Si
462 2293 546 2328 igitur
559 2296 595 2323 ob
605 2301 670 2324 ante
687 2302 746 2325 a‘cta
758 2300 869 2334 quidem
883 2310 994 2337 magnas

208 2337 233 2363 ei
245 2337 348 2371 gratias
362 2337 553 2374 habuerimus,
564 2349 615 2376 pro
631 2342 733 2371 futuris
750 2352 816 2373 vero
831 2350 887 2375 toto
900 2348 993 2377 animo

209 2389 303 2416 preces
331 2383 521 2419 eﬂ'uderimus,
538 2394 596 2414 rem
619 2393 694 2417 certe
723 2394 751 2417 et
767 2392 847 2420 nobis
862 2398 891 2421 et
910 2401 992 2429 opere

206 2428 280 2462 quod
292 2431 462 2464 propositum
475 2436 518 2458 est
534 2431 643 2468 dignam
658 2434 844 2472 ell‘ecerimus,
858 2428 1004 2475 nobisque

205 2474 355 2508 propitium
371 2475 461 2510 magis
479 2477 568 2512 ipsum
583 2478 796 2514 reddiderimus,
819 2483 841 2510 si
856 2491 907 2511 nos
921 2485 993 2513 votis

205 2518 417 2554 nostrisdignos’
430 2526 601 2554 praestemus,
614 2523 679 2551 dum
696 2529 723 2552 et
735 2526 769 2553 de
786 2529 930 2561 pmteritis
952 2530 993 2556 in-'

205 2564 274 2597 grati
287 2572 341 2591 non
354 2567 469 2598 erimus,
483 2575 591 2602 nosque
603 2569 681 2604 'ipsbs
695 2573 726 2598 tet
740 2573 880 2607 negotium
895 2576 990 2602 "totum

205 2608 232 2634 in
248 2616 310 2636 eum
331 2611 519 2645 rejecerimus.
535 2615 610 2641 omni
629 2620 789 2651 nostra‘spe
813 2621 847 2645 et
858 2619 991 2648 sollicita-

204 2654 268 2681 dine
282 2656 414 2684 collocata
427 2658 454 2684 in
467 2665 503 2685 eo
524 2667 530 2686 :
548 2660 649 2695 quippe
663 2668 726 2688 cum
741 2663 798 2697 ipse
814 2664 836 2691 is
851 2665 887 2692 sit
909 2673 923 2692 a
936 2673 990 2700 quo

205 2701 345 2729 nutriendi
372 2710 467 2731 sumus
487 2706 592 2733 ctelesti
608 2715 640 2735 ac
664 2709 758 2736 divino
773 2710 914 2743 alimento,
931 2712 989 2740 sine
1006 2718 1009 2726 ί

203 2753 256 2779 quo
277 2754 330 2773 non
345 2749 417 2775 vivet
433 2750 524 2778 homo;
543 2752 575 2779 Et
596 2755 830 2788 quemadmodum
848 2756 921 2784 nunc
946 2766 990 2784 us~
1006 2770 1009 2772 ·

204 2800 257 2824 quc
273 2800 326 2819 non
345 2795 473 2823 destitisti
491 2802 546 2825 tum
564 2801 689 2832 precibus
701 2809 716 2828 a
733 2802 789 2830 Deo
804 2803 934 2831 auxilium
949 2804 989 2831 ef-

1058 202 1199 236 παροῦσι,
1216 203 1262 229 καὶ
1282 201 1514 236 ινασμινίζουσαν
1530 201 1570 236 τῷ
1590 200 1707 236 σώματι,
1722 202 1766 230 ῐνα
1776 201 1854 234 τέλος

1069 246 1212 280 ἐπενέγκοι
1227 245 1266 280 τῷ
1281 245 1346 280 θείῳ
1359 244 1448 280 τούτῳ
1463 245 1536 280 ἔργω
1549 245 1677 280 χρηστὸν,
1690 244 1728 276 ὥς
1741 245 1807 272 ἄνευ
1820 254 1853 280 γε
1867 255 1869 258 ·

1069 291 1164 318 τούτου
1180 291 1227 318 καὶ
1248 290 1366 317 πάνυτᾶν
1385 289 1628 326 ἀχθεσθησομένην
1649 290 1687 325 τῷ
1705 291 1800 326 σκήνει
1814 291 1864 323 ὦς’

1069 337 1119 372 ἤδη
1137 337 1265 371 καμόντι.
1291 335 1397 368 Πάντες
1410 344 1452 362 σοι
1476 335 1662 370 συλλήψονται
1677 336 1724 362 τοῦ
1747 336 1853 363 σκοποῦ

1069 382 1115 408 καὶ
1137 381 1185 408 τοῦ
1211 381 1496 416 παρόντος,ἀγῶνο;·
1512 382 1600 412 οὐδεὶς
1621 381 1685 408 ἄλλο
1704 385 1730 409 τι
1749 382 1853 417 μᾶλλον

1070 427 1196 462 ἐπιθυμεῖ
1225 426 1273 454 τοῦ
1299 427 1397 461 ἐφετοῦ
1423 427 1520 453 τούτου
1542 426 1666 459 τέλους“’
1683 428 1750 463 πρὸς
1770 428 1853 455 τοῦτο

1069 472 1205 507 βλέπομεν
1220 473 1320 504 πάντες
1331 480 1338 487 ·
1354 473 1460 499 ἐκείνου
1476 473 1586 500 πάντων
1610 473 1659 505 τὰς
1675 474 1765 508 ψυχὰς
1780 475 1852 509 ερως

1067 517 1214 551 ἀναφλέγει
1227 518 1341 552 σφοδρός
1352 525 1359 533 ·
1369 517 1414 544 διὰ
1428 518 1507 545 τοῦτο
1520 519 1663 554 μακρόθεν
1672 520 1774 551 πάντες
1787 526 1852 546 συν-

1068 562 1186 597 ήλθομεν
1198 570 1206 578 ·
1221 563 1265 589 διὰ
1276 563 1354 589 τοῦτο
1374 564 1417 589 ἐπ’
1428 563 1580 599 ἀλλοδαπῆς
1595 564 1781 600 διατρίϐομεν,
1805 565 1852 592 ἂν-

1067 608 1173 643 θρωποι
1190 610 1214 635 οἱ
1228 609 1278 644 μὲν
1301 610 1332 636 ἔκ
1353 609 1440 644 μέσης
1455 610 1542 644 αὐτῆς
1560 611 1610 645 τῆς
1627 611 1762 643 Ἑλλάδος,
1787 612 1812 637 οἱ
1827 610 1850 637 δ’

1067 654 1100 679 ἐκ
1115 653 1297 689 βορειοτάτων
1324 662 1354 680 τι
1369 655 1416 681 καὶ
1433 655 1675 682 ἀνατολικωτάτων
1696 658 1745 691 τῆς
1760 657 1852 683 οίκου-

1067 699 1152 734 μένης
1165 699 1350 732 πεπλευκότες
1365 701 1406 732 είς
1426 701 1545 728 Ἰταλίαν
1559 702 1657 737 αὐτήν.

1101 744 1146 780 Μὴ
1165 744 1202 779 δὴ
1212 746 1349 773 τοσούτων
1375 746 1496 781 σπουδῆς
1510 748 1524 774 ό
1541 747 1640 782 ἐχθρὸς
1666 747 1849 783 περιγένοιτο,

1067 789 1115 825 μὴ,
1128 790 1179 817 Θεὶ
1191 789 1302 826 Σῶτερ·
1317 791 1354 826 μὴ
1372 793 1538 827 ματαιώσειε
1553 793 1603 828 τὴν
1618 793 1752 829 τοσαύτην
1769 793 1850 828 ἡμῶν

1029 830 1050 857 Β
1066 836 1200 864 τοσούτων
1216 844 1249 871 γε
1273 837 1369 870 ὀντων,
1396 837 1468 864 οὕτω
1483 839 1748 874 τμεμεριμνημένην,
1776 838 1850 865 οὕτω

1065 882 1198 917 πολυετῆ,
1226 882 1298 910 οὕτω
1316 883 1425 915 πολλοῖς
1449 883 1541 916 πόνοις
1565 885 1613 911 καὶ
1632 884 1718 920 πολλῇ
1743 885 1847 920 σπουδῇ

1064 928 1290 962 κατορθωθεῖσαν
1305 929 1472 956 συνέλευσιν.
1498 930 1536 957 Οὐ
1556 930 1626 965 πρὸς
1646 930 1751 966 ἀνδρῶν
1766 931 1848 957 τοῦτο

1061 974 1152 1008 σοφῶν
1168 983 1198 1000 τε
1214 975 1261 1001 καὶ
1286 975 1377 1008 θείων,
1392 975 1451 1002 οὺδὶ
1467 975 1531 1008 τοὺς
1553 975 1650 1011 λόγους
1669 976 1795 1004 εὐθύνειν
1808 978 1848 1003 εί-

1061 1019 1144 1046 δότων
1157 1020 1186 1047 ἐν
1200 1020 1303 1056 κρίσει.
1320 1021 1428 1052 Ἀλλοις
1444 1021 1458 1047 'o
1471 1021 1566 1056 εχθρδς
1579 1022 1781 1057 ἑπεμὸαινέτω,
1798 1022 1846 1050 ἄλ-

1060 1065 1117 1098 λοις
1140 1067 1307 1102 ὲπιχαιρέτω
1332 1068 1427 1101 νικῶν,
1454 1068 1533 1103 ἡμῶν
1546 1068 1576 1095 δὲ
1598 1068 1636 1104 μὴ
1662 1069 1845 1104 προσάψαιτο.

1059 1112 1123 1143 Τοῖς
1139 1115 1338 1147 πνευματικοῖς
1358 1114 1451 1146 ὅπλοις
1466 1114 1542 1149 ἡμᾶς
1558 1114 1657 1146 αὐτοὺς
1672 1115 1847 1144 καθοπλίσω-

1061 1165 1111 1191 μεν
1140 1158 1366 1194 ἀντιστησόμενοι
1392 1159 1439 1194 τῷ
1475 1159 1616 1196 πολεμίῳ·
1643 1160 1846 1196 emacem:

1061 1202 1174 1237 θώρακα
1195 1204 1383 1240 δικαιοσύνης,
1399 1206 1447 1232 καὶ
1463 1206 1683 1241 περικεφαλαίαν
1698 1207 1745 1234 τοῦ
1760 1208 1844 1235 πνεύ-

1060 1256 1155 1283 ματος.
1169 1250 1217 1276 καὶ
1237 1250 1282 1277 τοῦ
1303 1251 1351 1278 τοῦ
1364 1251 1431 1278 Θεοῦ
1452 1252 1577 1288 ῥήματος
1606 1253 1672 1288 ἡμῖν
1689 1254 1843 1288 ἡγουμένου

1057 1293 1180 1329 ἐπίωμεν
1191 1295 1262 1331 κατᾲ
1270 1295 1328 1323 τῶν
1340 1297 1547 1332 πολεμούντων·
1567 1298 1795 1334 καταπαύσωμεν
1814 1300 1844 1326 δὲ
1858 1326 1865 1334 ί

1057 1335 1086 1364 οἵ
1099 1338 1133 1365 ἃν
1147 1340 1214 1375 ἡμῖν
1224 1341 1290 1368 αὐτὸ
1307 1343 1449 1377 ὑφηγοῖτο,
1462 1343 1657 1380 καθαιροῦντες
1672 1346 1726 1372 πᾶν
1742 1345 1842 1380 ὕψωμα

1056 1385 1238 1421 ἐπαιρόμενον
1250 1387 1321 1414 κατὰ
1334 1389 1386 1424 τῆς
1397 1388 1446 1416 τοῦ
1464 1389 1532 1416 Θεοῦ
1555 1391 1644 1425 δόξης,
1660 1391 1749 1418 πάντα
1763 1391 1841 1425 λογιέ

1057 1432 1125 1466 σμδν
1141 1431 1318 1469 ὑπερήφανον
1335 1435 1382 1462 καὶ
1397 1435 1545 1469 κενόδοξον.
1565 1436 1737 1463 Ταπεινώσει
1752 1436 1780 1464 δὲ
1793 1437 1840 1463 καὶ

1056 1478 1132 1512 φόϐῳ
1155 1479 1224 1506 Θεοῦ
1251 1481 1389 1516 χρώμενοι
1406 1482 1531 1518 συνεργῷ
1558 1483 1627 1518 πρὸς
1641 1484 1705 1516 τοὺς
1728 1483 1838 1516 ἄθλους,

1057 1524 1184 1551 κάκεῖνον
1200 1526 1255 1560 πρὸ
1269 1526 1418 1562 ὀφθαλμῶν
1437 1528 1557 1563 θέμενοι,
1575 1530 1623 1556 καὶ
1645 1531 1713 1565 πρ¹ς
1736 1531 1839 1558 ἐκεῖνον

1056 1568 1231 1604 ἐπειγόμενοι
1254 1572 1357 1606 φθάσαι
1370 1579 1378 1588 '
1393 1573 1467 1600 ἐστιν
1482 1570 1513 1600 οὗ
1535 1575 1582 1600 καὶ
1596 1574 1724 1601 νικᾶσθαι
1746 1575 1839 1608 καλῶς

1056 1614 1158 1649 μᾶλλον
1179 1615 1329 1650 ἐθέλοντες,
1346 1618 1364 1653 ἢ
1380 1619 1459 1654 νικᾷν
1478 1620 1508 1646 ἐν
1524 1620 1592 1646 πᾶσι
1609 1621 1703 1652 κακῶς
1716 1629 1724 1638 ·
1742 1621 1838 1658 ista};

1056 1661 1094 1696 μὴ
1109 1661 1154 1688 τοῦ
1168 1663 1361 1696 περιγίνεσθαι
1375 1665 1468 1699 μόνον,
1484 1666 1547 1692 ὅταν
1565 1667 1626 1702 μεθ’
1636 1667 1736 1694 ἑαυτοῦ
1752 1668 1837 1704 τάλη-

1054 1707 1099 1739 θὲς
1114 1707 1174 1743 ἔχῃ,
1187 1709 1234 1735 τὸν
1248 1709 1353 1743 ἀγαθοῦ
1370 1710 1503 1743 σώζοντος
1519 1712 1609 1747 λόγον,
1626 1712 1685 1740 ἀλλ’
1699 1714 1775 1742 οὐδὲν
1788 1712 1837 1751 ἧτ-

1052 1761 1098 1780 τον
1114 1755 1160 1781 καὶ
1181 1754 1229 1781 τοῦ
1246 1755 1380 1791 ἡττᾶσθαι
1396 1758 1487 1789 καλῶς
1501 1760 1583 1786 ταυτὸ
1607 1759 1754 1787 τοῦ“καλοῦ
1780 1762 1836 1788 σώ-

1053 1798 1145 1831 ζοντος
1161 1799 1272 1836 μέτρον,
1287 1802 1335 1829 καὶ
1349 1803 1378 1830 ὲν
1396 1803 1446 1838 ῑσῳ
1462 1805 1509 1831 τοῦ
1526 1806 1638 1841 κρατεῖν
1657 1807 1834 1841 κρινομένου.

1051 1843 1150 1870 Καίτοι
1176 1845 1252 1881 φαίη
1270 1855 1313 1879 τις
1326 1847 1359 1874 ἃν
1375 1847 1440 1880 ἴσως
1458 1849 1505 1875 καὶ
1527 1850 1620 1882 μεῖζον
1643 1850 1748 1887 ,ἀγαθὸν
1764 1849 1836 1878 εἶναι

1051 1889 1131 1917 τοῦτο
1145 1891 1193 1918 τοῦ
1208 1892 1359 1927 πρότερον,
1370 1894 1449 1929 εῐπερ
1463 1894 1687 1931 λυσιτελέστερον
1700 1897 1739 1932 τῷ
1753 1898 1846 1925 παντὶ’

1050 1935 1132 1962 αὐτὸν
1147 1937 1249 1970 ἀγαθόν
1263 1945 1288 1964 τι
1303 1938 1399 1965 παθεῖν
1419 1939 1435 1973 ἢ
1453 1939 1532 1967 ἄλλον
1554 1942 1668 1977 ποιῆσαι
1679 1943 1748 1969 "uad.
1766 1942 1835 1978 μᾶλ-

1049 1981 1096 2008 λον
1111 1982 1228 2010 ἀκοῦσαι
1241 1983 1260 2019 ἢ
1285 1984 1368 2019 φάναι
1386 1985 1490 2021 ἑτέροις
1501 1994 1509 2001 ·
1527 1987 1573 2013 καὶ
1592 1988 1695 2022 πλάνης
1712 1989 1835 2016 ἀπαλλα-

1049 2028 1131 2062 γῆναι
1154 2028 1170 2063 ἢ
1195 2028 1527 2065 ἀπαλλάξα“ι.“Κράτιστε
1542 2033 1665 2068 βασιλεῦ,
1682 2034 1725 2060 ἐπ’
1748 2035 1834 2071 αὐτῆς

1047 2075 1096 2109 τῆς
1121 2075 1215 2110 ἀκμῆς
1228 2073 1291 2111 ’ἧκε
1306 2078 1340 2103 τὰ
1356 2077 1517 2113 πράγματα,
1536 2080 1588 2106 ’καὶ
1602 2079 1638 2106 ’ὃν
1661 2080 1694 2106 ἐκ
1714 2080 1833 2115 ’μακροῦ

1047 2121 1142 2154 χρόνον
1160 2121 1281 2154 ἐπόθεις,
1305 2123 1537 2158 ἐπέστημΛοιπὸν
1551 2122 1688 2158 δὸςδόξαν
1701 2126 1739 2160 τῷ
1759 2126 1831 2162 Θεῷ,

1047 2163 1123 2194 αῐνον
1147 2168 1247 2199 ἀπόδος
1264 2168 1360 2204 αὐτῷ’·
1377 2169 1484 2196 ἐκείνου
1509 2170 1585 2197 τοῦτ’
1599 2171 1679 2206 ἔργον
1691 2180 1698 2187 ·
1727 2173 1833 2205 ἐκεῖνος

1045 2214 1101 2248 γάρ
1115 2213 1158 2240 σοι
1173 2214 1245 2241 κατὰ
1259 2213 1324 2241 νοῦν
1337 2214 1412 2241 τοῦτ’
1427 2215 1540 2250 ἐνέθηκε
1558 2216 1605 2242 τὸν
1617 2217 1746 2244 τοσοῦτον
1760 2219 1831 2251 ἐνεὶς

1045 2259 1152 2293 ἐρωται
1169 2259 1276 2286 ἐκείνου
1293 2260 1342 2286 καὶ
1358 2260 1560 2296 συλλαὸομᾶνου
1577 2262 1605 2294 ἐς
1620 2262 1680 2289 τόδε
1703 2264 1829 2298 ἀφίκετο.

1046 2305 1082 2331 Ei
1093 2305 1126 2340 δὴ
1143 2306 1193 2341 τὴν
1209 2306 1258 2341 μὲν
1272 2305 1351 2338 ἀξίαν
1366 2306 1442 2340 αὗτῷ
1457 2306 1538 2342 χάριν
1555 2310 1620 2342 περϊ
1638 2308 1694 2335 τῶν
1709 2308 1831 2343 φθασάν-

1045 2359 1099 2377 των
1120 2351 1264 2386 είσόμεθα,
1277 2352 1353 2386 ,περὶ
1367 2351 1396 2378 δὲ
1419 2352 1476 2378 τῶν
1495 2349 1647 2387 μελλόντων
1668 2354 1742 2390 πάσῃ
1754 2355 1828 2391 ψυχῇ

1043 2397 1210 2432 δεησόμεθα,
1229 2397 1291 2430 ἄξια
1304 2398 1440 2433 δράσομεν
1456 2399 1503 2425 καὶ
1518 2399 1597 2434 ἡμῶν
1613 2399 1704 2427 αὐτῶν
1719 2402 1764 2427 καῖ
1779 2402 1827 2429 τοῦ

1043 2442 1126 2477 ἔργου
1152 2442 1200 2470 τοῦ
1229 2444 1425 2479 προκειμένου,
1454 2444 1502 2471 καὶ
1531 2445 1632 2479 μᾶλλον
1660 2445 1838 2481 ίλεωσόμεθα

1041 2488 1135 2521 ἀξίους
1148 2490 1222 2524 ἡμᾶς
1235 2489 1334 2522 αὐτοὺς
1349 2489 1403 2516 τῶν
1412 2491 1559 2526 ηὑγμένων
1568 2488 1732 2524 δεικνύντες,
1746 2491 1787 2524 οῖς
1798 2495 1828 2520 τέ

1043 2535 1153 2568 περὶτὰ
1171 2534 1313 2569 φθάσαντα
1328 2536 1378 2562 οὐκ
1393 2535 1640 2572 ἁγνωμονήσομεν,
1656 2535 1695 2570 οἷς
1708 2547 1737 2565 τε
1753 2540 1830 2575 ἡμᾶς

1041 2580 1140 2611 αὐτοὺς
1156 2581 1203 2607 καὶ
1216 2579 1263 2607 τοῦ
1275 2581 1357 2616 ἔργου
1374 2582 1404 2608 τὺ
1420 2583 1474 2609 πᾶν
1488 2583 1527 2613 είς
1543 2583 1625 2610 αὑτὸν
1640 2584 1825 2620 ἀναθήσομεν,

1041 2626 1133 2656 πάσας
1147 2626 1227 2661 ἡμῶν
1243 2627 1287 2652 ἐπ’
1301 2627 1383 2654 αὐτὸν
1409 2628 1622 2663 ἐπιρῤίπτοντες
1638 2627 1688 2661 τὰς
1715 2630 1827 2662 ἐλπίδας

1040 2679 1069 2697 τε
1084 2672 1130 2698 καὶ
1149 2672 1298 2707 μερίμνας,
1314 2673 1351 2704 ὡς
1368 2674 1452 2700 αὑτοῦ
1471 2674 1548 2706 am;
1561 2674 1609 2701 τοῦ
1630 2676 1703 2709 ἡμᾶς
1716 2676 1826 2710 διαθρέ-

1040 2716 1251 2752 ψοντοςτροφὴν
1266 2719 1316 2753 τὴν
1334 2718 1407 2745 θείαν
1419 2728 1449 2745 τε
1463 2722 1510 2746 καὶ
1522 2719 1658 2755 οὐράνιον,
1670 2718 1703 2755 ἦς
1716 2720 1781 2747 ἄνευ
1793 2721 1825 2748 οὔ

1041 2761 1154 2794 ζήσεται
1177 2761 1331 2797 ἄνθρωπος.
1350 2763 1455 2798 ’Ὠσπερ
1472 2765 1499 2790 δὲ
1523 2764 1714 2795 διατετέλεκας
1741 2765 1825 2800 μέχρι

1039 2805 1087 2832 τοῦ
1104 2805 1161 2840 νῦν,
1179 2807 1209 2833 τὸ
1224 2808 1274 2842 μέν
1289 2817 1314 2834 τι
1329 2809 1476 2843 εὐχόμενος
1490 2810 1528 2844 τῷ
1541 2810 1600 2845 Θεῷ
1615 2809 1726 2844 καὶτῆς
1740 2809 1825 2839 αὑτοῦ
