1912 3061
112 219 165 249 553

589 223 731 254 ORATIO
753 223 972 254 DOGMATICA
993 225 1066 256 PRO
1085 225 1242 257 UNlONE.

1679 222 1732 254 554

112 272 201 306 μένων
213 273 358 308 δογμάτων
377 275 426 301 οὑκ
442 275 614 311 ἀνθρωπίνης
634 279 728 312 σοφίας
750 278 849 309 πειθοῖ,
865 277 894 303 οὺ
909 278 934 308 Α
948 280 1030 314 ναμῐς
1047 288 1076 306 τε
1102 280 1149 306 καὶ
1173 280 1319 315 ἔλλαμψις.
1342 278 1485 306 Ἐντεῦθεν
1515 265 1650 313 φαίνεται,
1677 279 1732 305 τῶν

109 319 294 353 ττχνολογίαις
312 321 454 355 ῥημάτων,
473 322 503 348 οὐ
523 325 648 356 φυσικοῖς
667 323 766 356 λόγοις,
780 324 810 349 οὐ
831 323 895 349 συλ-

108 363 249 398 λεγισμοῖς
274 366 474 400 χρησαμένους,
501 368 569 395 ἀλλὰ
598 368 672 403 μόνῳ
697 369 896 404 στοιχήσαντας

109 411 244 445 κριτηρίῳ
257 412 321 443 τοὺς
338 412 462 447 Πατέρας
477 414 540 445 τοὺς
556 414 586 440 ὲν
603 415 698 446 αὐταῖς
711 415 831 450 γυμναῖς
842 415 896 443 τῶν

108 457 161 489 πρὸ
185 456 275 483 αὐτῶν
300 458 432 493 Πατέρων
449 460 496 486 καὶ
524 459 694 487 διδασκάλων
708 461 895 493 διδασκαλίαις
914 469 919 472 ‘

109 502 154 528 καὶ
169 502 267 536 λόγοις.
286 504 333 530 καὶ
347 504 391 530 διὰ
411 505 515 532 τούτων
531 506 765 541 συμπεράναντας
777 507 812 534 τὰ
830 508 895 541 περὶ
917 528 920 530 ν

106 547 162 573 τῶν
177 547 306 574 ἑκάστοτε
322 548 499 585 ζητουμένων
513 551 669 587 δογμάτων,
681 553 727 579 καὶ
745 553 805 579 κατ’
822 554 895 587 ἴχνος

107 593 345 628 ἀκολουθήσαντας
361 597 419 627 ταῖς
437 597 491 622 τῶν
508 597 594 631 ἁγίων
612 599 724 632 φωναῖς.
743 599 821 625 Ὦστ¹
844 600 894 625 οὐκ

106 636 157 664 οἵδ’
171 640 185 665 ὃ
201 648 227 666 τι
243 641 367 676 περὶτῆς
384 642 498 669 καθόλου
516 643 634 675 πίστεως
647 645 725 679 ἡμῶν
737 644 813 671 ἔσται
828 653 894 679 φρο-

106 685 172 717 νεῖν,
201 686 227 711 εῐ
238 694 280 717 τις
298 686 328 712 τὸ
345 687 474 723 ἀτόπημα
507 689 587 714 τοῦτο
611 689 835 724 παρακολουθοῦν
851 690 894 716 δέ-

107 729 183 760 ξαιτο
195 732 250 762 τοῖς
272 732 423 767 Πατράσιν.
438 732 468 759 Εἰ
487 734 541 767 γὰρ
559 735 583 760 οἱ
597 735 644 770 τῆς
659 737 777 766 πίστεως
790 736 893 770 ἡγεμό-

105 785 151 807 νες
179 777 210 803 οὐ
238 778 325 804 ταυτὰ
343 778 453 810 πάντες,
473 780 532 806 ἀλλ’
548 782 572 806 ot
603 781 652 815 μὲν
667 781 803 816 ἀλλήλοις,
821 782 846 807 ot
864 782 892 807 δὲ

105 823 153 848 καὶ
165 823 281 856 ἑαυτοῖς,
303 824 353 858 φεῦ
368 825 418 860 τῆς
433 825 567 858 ἀτοπίαςἹ
586 828 694 854 ἐναντία
715 828 809 862 φασὶν,
831 829 846 863 ἡ
865 828 893 854 δὲ

105 867 197 899 πίστις
215 868 231 902 ἡ
252 869 376 904 ἡμετέρα
394 872 450 902 τοῖς
463 871 577 898 ἐκείνων
596 871 703 906 ἵδρυται
719 872 825 905 λόγοις*
845 880 892 898 κε-

104 914 150 939 νὸν
164 914 218 948 ἄρα
245 915 277 941 τδ
303 916 435 951 κήρυγμα
458 917 550 951 ἡμῶν,
573 917 641 953 κενὴ
656 918 683 944 δὲ
700 919 746 944 καὶ
763 919 779 952 ἡ
801 919 891 949 πίστις

104 960 194 995 ἡμῶν.
217 960 299 988 Ἀλλὰ
311 962 411 997 πολλῆς
422 963 507 995 ὅντως
521 964 614 996 ἀνοίας
632 965 760 1000 ἐννοῆσαι
778 965 845 999 γοῦν
859 966 893 991 sit

103 1007 217 1033 τοιαῦτα
228 1007 354 1042 περὶτῶν
370 1008 510 1044 Θεοφόρων
521 1010 634 1037 ἐκείνων
645 1008 754 1046 ἀρδρῶν
768 1019 773 1027 ·
787 1011 893 1046 ἀνάγκη

105 1053 159 1086 γὰρ
175 1053 273 1084 αὐτοὺς
289 1052 334 1079 διὰ
361 1062 390 1080 τε
405 1054 439 1081 τὰ
452 1055 597 1090 εἰρημένα,
614 1057 660 1082 καὶ¹
680 1056 783 1082 τούτων
811 1056 893 1090 ἔτερα

106 1099 227 1131 πλείονα,
244 1099 262 1125 ὃ.
278 1100 328 1126 οὐκ
344 1100 453 1134 ἀνάγκη
469 1102 529 1128 νυνὶ
544 1102 716 1137 καταλέγειν,
735 1105 894 1138 συμφωνεῖν

105 1145 232 1180 ἀλλήλοις
262 1146 307 1171 καὶ
326 1146 444 1178 ἑαυτοῖς,
463 1148 511 1173 καὶ
531 1148 602 1174 κατὰ
621 1149 705 1184 μηδὲν
729 1150 838 1176 ἐναντία
855 1150 892 1186 μὴ

105 1191 196 1224 λέγειν
228 1191 297 1226 μηδὲ
316 1193 436 1226 φρονεῖν.
452 1193 521 1226 Φησὶ
545 1193 572 1220 δὲ
602 1195 667 1230 περὶ
693 1195 797 1222 τούτων
816 1197 864 1223 καὶ
878 1197 892 1222 ό

105 1237 238 1272 μακάριος
254 1237 379 1272 Ἰωάννης
405 1239 418 1264 ὁ
436 1240 617 1274 Δαμασκηνὸς
640 1242 716 1276 ὲν¹τῇ
739 1243 806 1277 πρὸς
827 1243 893 1277 Ἰορ-

103 1284 185 1318 δάνην
201 1285 329 1320 ἐπιστολῇ
343 1294 350 1301 ο
369 1286 438 1313 Ἀλλ’
451 1286 500 1321 άγι
517 1287 548 1322 δὴ
560 1288 607 1314 καὶ
619 1288 651 1320 ἃς
668 1289 832 1325 προφέρουσι
845 1289 893 1324 ῥή-

105 1339 162 1361 σεις
173 1331 396 1365 ἐπισκεψώμεθα,
410 1332 455 1358 καὶ
469 1332 517 1367 τὴν
528 1333 630 1367 ἀκριϐῆ
645 1333 747 1362 τούτων
768 1334 891 1366 ἐξέτασιν

103 1375 294 1411 ποιησώμεθα,
308 1377 440 1412 πατρικαὶ
457 1377 511 1412 γὰρ
528 1376 622 1413 αὗται,
640 1379 687 1405 καὶ
702 1379 827 1414 οὐδαμῶς
845 1380 892 1406 ἀν-

103 1420 249 1456 τεροῦμεν.
273 1421 354 1448 Ἀλλὰ
371 1422 424 1457 χρὴ
442 1422 605 1457 συμφώνους
632 1424 678 1450 καὶ
704 1424 743 1459 μὴ
765 1424 891 1459 ἀλλήλοις

103 1466 252 1499 ἐναντίους,
267 1467 344 1493 οὐδὲν
361 1467 388 1493 δὲ
408 1467 519 1494 ἔλαττον
544 1469 653 1500 ἑαυτοῖς
668 1468 828 1502 άντιλόγους
845 1469 891 1495 καὶ

105 1511 276 1546 μαχομένους
301 1511 490 1540 ἀποδεικνύειν
503 1514 566 1545 τοὺς
585 1514 681 1548 ἁγίους
702 1513 828 1549 Πατέρας
844 1513 890 1541 καὶ

103 1557 300 1589 διδασκάλους·
321 1555 357 1586 ὧν
371 1559 400 1584 τὸ
417 1559 481 1595 περὶ
510 1560 628 1591 πίστεως
644 1559 772 1596 φρόνημα
789 1560 890 1586 ἐνιαῖον

947 325 1094 359 αἳρετικῶν
1118 327 1326 361 συγκρουόντων
1343 326 1406 357 τοὺς
1422 325 1517 359 ἁγίους
1533 325 1670 361 ἀλλήλοις,
1684 325 1732 352 καί

946 377 1022 400 τινας
1049 369 1186 396 ὗλκόντων
1220 370 1288 405 πρὸς
1316 370 1346 396 τὸ
1373 370 1476 396 ἑαυτῶν
1504 369 1640 404 βούλημα,
1670 369 1732 395 οὔτε

945 415 1153 450 ἀπαρνούμενος
1166 416 1180 442 δ
1202 416 1337 451 μακάριος
1359 417 1487 452 Ἰωάννης
1506 416 1572 445 τοὺς
1585 415 1732 447 δοκοῦντας

947 461 1038 493 αὐτοῖς
1067 463 1241 497 συνηγορεῖν,
1273 461 1335 489 οὕτε
1360 463 1515 497 δεχόμενος,
1544 462 1582 493 ὡς
1612 462 1730 488 ἐκεῖνοι·

946 506 1014 532 ἀλλὰ
1029 506 1211 542 προσιέμενος
1223 508 1271 541 μὲν
1283 507 1394 540 αὑτοὺς,
1409 508 1580 542 πειρώμενος
1591 507 1613 533 δ’
1634 506 1734 538 αὐτοὺς

947 551 993 578 καὶ
1019 552 1126 583 ἑαυτοῖς
1153 553 1200 579 καὶ
1228 553 1355 588 ἀλλήλοις
1391 553 1591 587 συμσαίνοντσς
1625 551 1731 584 δεῖξαι·

946 597 1025 623 τοῦτο
1041 598 1096 633 γὰρ
1120 598 1200 633 ἔργον
1223 599 1281 626 ἐστὶ
1301 599 1477 632 διδασκάλου,
1493 599 1574 627 τοῦτο
1599 600 1732 633 Χριστια-

946 651 1002 669 νου.

987 689 1017 714 Ἦ
1030 688 1058 715 δὲ
1079 689 1180 725 ἑϐδόμη
1199 690 1251 717 τῶν
1275 691 1474 726 οἰκουμενικῶν
1497 692 1614 718 συνόδων
1631 692 1676 718 διὰ
1686 693 1733 717 τοῦ

946 734 1023 768 ἁγίου
1043 736 1110 769 φησὶ
1135 735 1273 771 Ταρασίου
1291 737 1320 763 ὲν
1337 738 1368 773 τῇ
1389 733 1487 774 πρώτῃ
1503 737 1591 771 αὐτῆς
1611 737 1710 772 πράξει
1724 745 1731 752 '
1755 746 1758 750 ν

947 780 1014 806 Κατ’
1030 781 1106 807 οὐδὲν
1121 782 1183 812 τοὺς
1195 782 1321 818 Πατέρας
1337 783 1502 818 εὑρίσκομεν
1515 782 1731 817 διαφωνοῦντας,

945 826 1003 852 ἀλλ’
1018 826 1056 858 ὡς
1071 827 1118 853 τοῦ
1136 827 1219 854 αὑτοῦ
1238 828 1394 863 πνεύματος
1408 829 1484 860 ὄντες
1501 829 1603 860 πάντες
1620 828 1651 855 τδ
1666 828 1732 855 αὐτὸ

944 872 1110 906 κηρύττουσι
1128 874 1175 900 καὶ
1191 873 1360 901 διδάσκουσι,
1375 874 1430 900 Καὶ
1444 875 1460 909 ἡ
1475 874 1545 909 αὑτὴ
1561 874 1606 901 διὰ
1621 873 1668 900 τοῦ
1684 874 1732 899 αὑ-

944 916 991 942 τοῦ
1001 916 1079 948 αὖθις
1091 918 1120 944 ἐν
1133 919 1165 953 τῇ
1176 918 1245 954 αὐτῇ
1261 918 1359 953 πράξει
1371 927 1379 934 ·
1393 915 1536 953 Παντσχοῦ
1553 919 1607 952 γὰρ
1621 918 1646 944 oi
1659 917 1732 950 ἅγιοι

946 961 1067 996 Πατέρες
1096 961 1223 996 ἀλλήλοις
1243 962 1386 997 σύμφωνοί
1416 963 1497 995 είσιν,
1514 963 1675 993 ἐναντίωσις
1701 962 1730 987 δὲ

944 1006 1056 1041 οὐδεμία
1073 1006 1148 1033 ἐστὶν
1174 1007 1203 1034 ιν
1220 1008 1323 1039 αὐτοῖς,
1345 1007 1404 1033 ἀλλ’
1426 1007 1611 1033 ἐναντιοῦνται
1638 1004 1731 1037 αὐτοῖς

944 1052 967 1078 οἱ
986 1051 1035 1083 τὰς
1051 1051 1210 1086 οἰκονομίας
1227 1053 1274 1079 καὶ
1291 1053 1357 1083 τοὺς
1376 1053 1497 1084 σκοποὺς
1514 1052 1604 1079 αὐτῶν
1618 1052 1656 1087 μὴ
1671 1052 1732 1078 ἐπι-

945 1097 1085 1132 στάμενοι.
1104 1098 1183 1125 Οὕτω
1199 1099 1246 1125 καὶ
1260 1099 1285 1125 οἱ
1305 1099 1354 1133 τῆς
1373 1099 1491 1134 ἑϐδόμης
1517 1099 1629 1126 συνόδου
1646 1098 1732 1125 Πατέ-

944 1152 990 1178 pec
1008 1144 1095 1170 ταυτὰ
1119 1145 1183 1180 περὶ
1206 1145 1303 1171 τούτου
1318 1145 1457 1180 φρονοῦσι,
1486 1146 1533 1171 καὶ
1567 1145 1730 1179 συμφώνους

944 1190 1050 1222 ἑαυτοῖς
1068 1191 1114 1216 καὶ
1129 1190 1256 1224 ἀλλήλοις
1283 1189 1352 1217 εἶναι
1370 1192 1433 1223 τοὺς
1451 1190 1545 1225 ἁγίους
1560 1190 1730 1225 διδάσκουσι,

943 1236 992 1262 καὶ
1009 1235 1101 1263 αἰτίαν
1116 1223 1276 1263 ἀποδιδόασι
1288 1236 1338 1272 τὴν
1355 1237 1441 1272 αὐτὴν
1455 1223 1494 1271 sip
1519 1237 1584 1272 ἱερῷ
1600 1223 1730 1271 Ἶωάννῃ.

943 1282 980 1308 Τδ
996 1281 1050 1316 γὰρ
1068 1281 1134 1307 αὐτὸ
1162 1282 1285 1316 Πνεῦμα,
1304 1283 1401 1317 φησὶν,
1417 1283 1448 1308 ἐν
1476 1284 1559 1309 πᾶσιν
1580 1278 1727 1316 ἐλάλησεν·

942 1327 956 1354 δ
968 1328 1114 1362 διαφωνεῖν
1129 1327 1219 1362 ἐαυτῷ
1234 1328 1289 1354 οὐδ’
1306 1329 1433 1363 ἐννοῆσαι
1449 1328 1514 1362 γοῦν
1537 1329 1659 1363 θεμιτόν.
1674 1327 1730 1355 Καὶ

944 1374 1050 1410 μακρὸν
1068 1374 1116 1408 μὲν
1132 1373 1164 1400 ἂν
1182 1374 1224 1408 εἴη
1242 1373 1418 1408 καταλέγειν,
1444 1374 1517 1405 ὅπως
1535 1375 1559 1400 οἱ
1573 1374 1729 1401 διδάσκαλοι

942 1419 1042 1449 πάντες
1059 1419 1087 1444 ἐν
1101 1420 1175 1454 πάσῃ
1197 1420 1230 1454 τῇ
1246 1419 1306 1455 θείᾳ
1323 1419 1419 1454 Γραφῇ
1437 1419 1518 1446 τοῦτο
1539 1419 1726 1455 προτίθενται,

942 1465 992 1496 τὰς
1016 1464 1148 1496 δοκούσας
1175 1465 1324 1500 διαφωνίας
1340 1465 1377 1496 ὼς
1402 1463 1456 1491 οἷον
1471 1473 1500 1491 τε
1529 1464 1726 1500 συμϐιϐάζειν·

941 1511 979 1543 ὡς
994 1512 1090 1538 ταυτὸν
1105 1511 1134 1537 ὃν
1149 1511 1229 1537 τοῦτδ
1247 1520 1275 1537 τε
1303 1511 1450 1546 κρατῆσαι,
1465 1511 1495 1538 τὺ
1510 1512 1626 1546 φάσκοιν
1642 1511 1726 1546 ἑαυτῇ

943 1557 1067 1584 ἐναντίαν
1082 1554 1162 1590 εἶναι,
1179 1558 1227 1583 καὶ
1244 1557 1335 1585 πᾶσαν
1353 1557 1547 1591 ἀνατραπῆναι
1560 1557 1610 1592 τὴν
1621 1556 1726 1584 πίστιν.

104 1602 150 1628 καὶ
162 1602 375 1638 ἀπαράλλακτον
390 1603 491 1637 ἔδειξεν
508 1605 523 1638 ἡ
542 1605 591 1639 μία
609 1604 654 1630 τοῦ
673 1604 830 1639 Πνεῦματος
845 1603 890 1631 δύ·
903 1624 926 1654 c
942 1603 1165 1639 Συμπεραίιεται
1181 1603 1209 1629 δὲ
1223 1603 1266 1632 διὰ
1277 1603 1400 1636 πάντων,
1418 1604 1482 1636 τοὺς
1507 1604 1633 1639 Πατέρας
1648 1603 1727 1638 ἡμῶν

104 1701 156 1720 non
180 1693 297 1721 artiﬁcio
314 1694 474 1728 verborum,
494 1703 549 1723 non
579 1696 733 1725 rationibus
754 1697 887 1726 naturali—

104 1738 164 1770 bns,
180 1746 233 1765 non
262 1739 380 1774 denique
400 1741 564 1776 syllogismis
583 1750 645 1770 usos
666 1742 759 1776 fuisse,
777 1743 824 1770 sed
843 1751 890 1772 au-

103 1785 230 1812 ctoritate
241 1785 389 1820 duntaxat;
403 1787 530 1822 nudaque
546 1788 605 1823 ipsa
621 1789 704 1816 verba
715 1790 888 1823 superiorum

102 1829 255 1861 ductorum,
268 1832 314 1866 qui
334 1840 383 1860 eos
400 1838 522 1868 tempore
538 1839 738 1868 praevenerunt,
760 1841 888 1869 tanquam

102 1884 204 1905 rectam
226 1879 357 1913 rrgulam,
377 1879 491 1914 gloriam
510 1879 635 1907 veritatis
650 1887 758 1907 secutos
782 1881 886 1908 fuisse:

101 1927 129 1962 et
153 1930 202 1957 per
228 1930 259 1949 ea
275 1931 450 1958 quascunque
469 1924 503 1952 de
519 1923 572 1950 ﬁde
598 1925 764 1959 qtnesliones
794 1925 888 1951 termi-

103 1975 196 2000 nasse,
207 1972 365 1995 sanctorum
380 1969 492 1996 Patrum
505 1970 619 2004 vestigia
635 1971 784 2004 sequendo.
799 1971 889 2003 Quare

103 2014 196 2041 nescio
217 2013 281 2047 quid
308 2013 340 2040 dc
359 2019 452 2041 nostra
464 2013 516 2041 ﬁde
531 2022 626 2049 sapere
648 2015 752 2047 liceret,
780 2016 802 2042 si
828 2016 890 2049 quis

101 2058 234 2086 concedat
263 2066 342 2092 posse
366 2058 417 2086 hoc
436 2059 632 2087 inconveniens
647 2060 775 2086 Pati-ibus
800 2059 889 2095 impu—

103 2105 166 2131 tari.
196 2104 223 2131 Si
242 2105 317 2131 enim
336 2104 397 2132 ﬁdei
422 2110 523 2135 nostrae
545 2106 685 2140 principes
712 2113 766 2132 non
794 2105 888 2133 eadem

51 2153 55 2157 '
102 2158 210 2182 omnes,
241 2151 287 2177 sed
313 2150 357 2177 alii
374 2151 483 2185 quidem
502 2152 631 2183 invicem,
652 2151 697 2177 alii
726 2158 789 2178 vero
806 2152 889 2178 etiam

101 2197 152 2224 sibi
183 2197 261 2232 ipsis,
280 2205 296 2223 ο
321 2205 377 2224 rem
403 2197 571 2224 absurdam!
595 2197 795 2230 contradicant,
823 2199 889 2226 ﬁdes

103 2249 192 2273 autem
224 2247 315 2270 nostra
347 2244 372 2270 in
408 2243 516 2270 illorum
554 2244 707 2271 rationibus
740 2244 886 2276 lundetur;

103 2291 193 2317 inanis
207 2295 326 2324 estergo
343 2289 499 2324 prmdicatio
521 2295 624 2322 nostra,
652 2290 740 2317 inanis
755 2295 797 2318 est
820 2291 888 2318 ﬁdes

103 2341 206 2363 nostra.
221 2336 254 2362 At
271 2343 373 2369 magme
388 2335 509 2362 stultitiae
530 2340 581 2366 est,
598 2337 717 2370 cogitare
730 2337 811 2363 etiam
824 2337 887 2363 talia

103 2382 135 2408 de
149 2381 202 2408 illis
216 2380 320 2416 Sp7ritu
337 2381 423 2415 plenis
452 2382 619 2413 hominibus,
635 2389 746 2409 necesse
760 2387 801 2409 est
815 2383 887 2409 enim

103 2433 129 2455 et
149 2432 260 2462 propter
275 2428 402 2463 prledicta
419 2432 447 2455 ct
472 2428 523 2455 alia
547 2428 636 2462 plura,
652 2434 836 2456 consentanea
860 2433 888 2456 ct

102 2474 153 2501 sibi
182 2474 250 2508 ipsis
264 2478 292 2500 et
316 2474 443 2504 invicem,
462 2474 584 2508 nihilque
597 2475 708 2501 omnino
721 2475 888 2501 contrarium

103 2527 156 2546 non
172 2520 276 2552 dicere,
292 2527 345 2546 non
368 2527 476 2554 sapere.
502 2520 571 2547 Dicit
592 2520 673 2547 etiam
689 2520 722 2547 de
737 2521 777 2547 eis
795 2521 889 2547 beatus

103 2565 220 2593 Joannes
232 2565 318 2601 Syrus
327 2566 360 2592 ad
371 2565 516 2593 Iordanem
529 2565 651 2596 scribens
670 2575 675 2592 :
692 2565 743 2592 Sed
757 2566 809 2597 eia,
822 2573 889 2600 quas

104 2612 260 2645 producunt
275 2611 450 2638 auctoritates
467 2611 683 2643 consideremus,
695 2619 756 2638 cum
768 2617 888 2645 paterna)

104 2660 168 2690 sint,
180 2663 209 2686 et
222 2659 262 2686 eis
276 2659 351 2685 nullo
361 2659 441 2686 modo
456 2659 700 2687 cotitradiuentlum
711 2660 755 2686 sit.
774 2659 807 2686 At
824 2667 889 2686 vero

105 2705 264 2735 concordes.
293 2713 381 2740 neque
409 2705 563 2732 contrarios
588 2705 715 2737 invicem,
745 2710 771 2732 et
803 2706 888 2732 multo

105 2751 195 2776 minus
209 2750 262 2776 sibi
291 2750 359 2784 ipsis
375 2753 563 2784 oppugnantes
575 2769 583 2780 ,
599 2749 676 2779 decet
693 2750 809 2784 probare
825 2758 887 2777 san‘

105 2802 163 2823 ctos
191 2796 284 2823 Patres
309 2801 336 2822 et
362 2796 488 2823 doctores
509 2800 616 2822 nostros
631 2804 637 2822 :
654 2804 771 2831 quorum
788 2797 821 2823 de
837 2795 890 2822 ﬁde

105 2842 270 2870 sententiam
287 2841 395 2868 unicam
412 2846 441 2868 ct
463 2841 665 2869 indilierentcm
681 2850 741 2869 esse
757 2842 820 2869 fecit
837 2851 890 2869 una

106 2888 223 2922 Spiritus
240 2887 326 2914 sancti
343 2887 429 2914 virtus
446 2893 472 2913 ct
487 2887 657 2914 illnminatio.
673 2888 740 2914 llinc
765 2893 890 2922 apparet,

107 2934 178 2969 quod
198 2934 333 2961 Innreticis
348 2933 577 2960 ealumniantilms
593 2939 700 2962 sattclos
715 2935 817 2964 l'atrrs,
833 2940 889 2961 ιιιιιηη

940 1704 1022 1731 quam
1038 1703 1092 1724 non
1115 1696 1209 1724 eadem
1226 1696 1366 1729 dicentes,
1393 1695 1555 1730 aliquosque
1573 1702 1667 1723 eorum
1691 1694 1726 1722 ad

940 1750 1016 1771 suam
1043 1749 1153 1778 pravam
1168 1741 1325 1777 opinionem
1352 1741 1518 1776 probandam
1543 1740 1727 1773 trahentibus.

940 1789 1036 1817 beatus
1063 1788 1182 1816 Joannes
1198 1795 1286 1823 neque
1311 1795 1359 1816 eos
1375 1788 1420 1823 qui
1442 1788 1569 1815 videnlur
1584 1786 1729 1814 haereticos

937 1834 1043 1869 juvare,
1059 1839 1149 1869 negat,
1167 1841 1217 1861 nec
1244 1839 1334 1861 tamen
1352 1841 1400 1861 eos
1424 1833 1562 1868 intelligit,
1581 1837 1663 1867 prout
1679 1832 1728 1865 illi,

940 1879 988 1906 sed
1013 1884 1136 1914 acccptat
1160 1879 1270 1914 quidem
1293 1887 1351 1911 eos,
1376 1884 1492 1906 conatur
1514 1884 1605 1905 autem
1623 1883 1650 1905 et
1675 1878 1728 1906 sibi

940 1925 1007 1959 ipsis
1032 1930 1060 1951 et
1076 1925 1191 1952 invicem
1216 1925 1410 1953 convenientes
1426 1925 1551 1958 probare.
1570 1923 1625 1951 Hoc
1653 1923 1726 1950 enim

941 1971 1071 2001 doctoris,
1086 1971 1138 1997 hoc
1151 1978 1192 1997 est
1208 1971 1360 1998 Christiani
1374 1971 1504 1998 olﬁcium.

976 2015 1096 2049 Septima
1113 2015 1176 2042 item
1194 2015 1329 2050 generalis
1356 2015 1487 2050 synodus,
1505 2023 1554 2050 per
1567 2022 1615 2042 eos
1641 2014 1726 2041 sancti

941 2059 1047 2086 Tarasii
1072 2061 1098 2086 in
1128 2060 1212 2094 prima
1235 2060 1295 2095 ejus
1310 2061 1426 2092 actione,
1458 2061 1485 2087 In
1514 2060 1590 2087 nullo
1618 2065 1728 2087 sanctos

942 2105 1045 2137 Patres,
1057 2105 1155 2140 inquit,
1167 2106 1321 2133 invenimus
1332 2105 1473 2133 discordes
1485 2114 1491 2138 ,'
1503 2105 1549 2133 sed
1562 2112 1622 2132 cum
1633 2113 1728 2132 omnes

940 2152 1062 2186 ejusdem
1080 2152 1223 2180 sententia:
1238 2152 1303 2184 sint,
1319 2152 1390 2179 idem
1406 2159 1515 2186 quoque
1532 2151 1681 2186 prredicant
1700 2157 1728 2178 et

941 2198 1049 2224 docent.
1065 2197 1098 2225 Et
1114 2198 1208 2224 eadem
1225 2205 1319 2224 rursus
1332 2197 1358 2224 in
1370 2197 1464 2225 eadem
1481 2198 1588 2225 actione
1603 2208 1608 2224 ;
1622 2198 1727 2234 Ubique

941 2243 1042 2269 etenim
1052 2243 1147 2270 Patres
1157 2243 1307 2270 concordes
1323 2243 1439 2270 invicem
1456 2251 1531 2274 sunt,
1545 2244 1727 2271 contrarietas

908 2292 927 2318 Β
942 2296 1008 2316 vero
1029 2289 1102 2315 nulla
1119 2288 1144 2315 in
1162 2288 1202 2316 eis
1215 2294 1267 2316 cst.
1290 2288 1391 2315 Verum
1418 2290 1555 2316 contraria
1573 2298 1620 2317 eos
1635 2289 1726 2317 dicere

943 2338 1058 2368 putant,
1093 2335 1139 2368 qui
1164 2335 1332 2362 meonomias
1361 2338 1388 2360 et
1427 2335 1605 2362 intentionem
1631 2342 1726 2362 eorum

943 2381 1079 2415 ignorant.
1095 2380 1172 2410 Vide.
1189 2379 1262 2414 quod
1277 2380 1359 2406 etiam
1383 2380 1491 2415 septimi
1506 2380 1614 2407 concilii
1631 2380 1727 2407 Patres

943 2426 1037 2454 eadem
1051 2426 1102 2453 hac
1115 2427 1147 2453 de
1164 2435 1193 2452 re
1209 2426 1342 2458 sentiunt,
1353 2430 1381 2453 et
1393 2425 1543 2454 concordes
1556 2427 1607 2454 sibi
1622 2427 1691 2461 ipsis
1701 2433 1730 2454 et

943 2473 1059 2500 invicem
1086 2480 1146 2500 esse
1173 2478 1281 2501 sanctos
1308 2472 1434 2500 doctores
1454 2472 1588 2504 dicentes,
1605 2474 1729 2501 eamdem

942 2519 1024 2546 etiam
1049 2520 1181 2546 rationem
1200 2520 1349 2553 assignant,
1366 2527 1447 2554 quam
1477 2519 1582 2546 beatus,
1597 2519 1730 2546 Joannes.

942 2565 1015 2592 Idem
1027 2566 1100 2592 enim
1117 2565 1246 2599 Spiritus,
1263 2566 1349 2597 aiunt,
1361 2565 1386 2592 in
1404 2565 1533 2594 omnibus
1548 2567 1656 2594 locutus
1669 2571 1729 2592 est:

942 2620 1023 2645 quem
1041 2612 1092 2638 sibi
1110 2611 1159 2646 ipsi
1184 2620 1237 2639 non
1253 2617 1469 2642 consentaneum
1487 2620 1564 2644 esse,
1581 2620 1669 2646 neque
1684 2620 1728 2637 rn-

942 2659 1027 2693 gitare
1039 2658 1079 2685 [τις
1092 2664 1143 2686 est.
1162 2659 1193 2685 Et
1208 2659 1317 2693 longum
1334 2658 1443 2693 quidem
1459 2663 1532 2686 esset
1554 2666 1729 2689 enumerare.

942 2704 1172 2738 quemadmodum
1189 2713 1285 2732 omnes
1298 2705 1425 2732 doctores
1440 2705 1464 2731 in
1482 2709 1536 2732 tota
1550 2710 1644 2732 sancta
1658 2705 1731 2731 Scri-

943 2755 1022 2784 ptura
1035 2751 1086 2777 hoc
1101 2751 1154 2778 sibi
1171 2756 1337 2786 proponunt,
1354 2755 1517 2785 apparentes
1535 2751 1562 2777 in
1576 2759 1607 2777 ea
1622 2754 1732 2778 eontra—

943 2795 1053 2822 rietates
1068 2797 1236 2824 concordare
1250 2805 1257 2828 ;
1272 2795 1437 2824 concludere
1451 2804 1516 2823 vero
1529 2796 1671 2823 manifeste
1682 2803 1730 2829 per

943 2842 1083 2875 praedicta,
1102 2841 1164 2869 ﬁdei
1177 2849 1277 2870 nostra:
1304 2843 1443 2878 principes
1462 2847 1489 2869 et
1504 2842 1642 2875 doctores,
1662 2849 1729 2877 quo-

944 2896 1002 2914 rum
1020 2887 1154 2915 doctrinis
1179 2893 1207 2915 ct
1234 2889 1378 2916 illuminati
1399 2893 1426 2916 et
1444 2887 1532 2915 edocti
1560 2895 1665 2920 sumus,
1684 2893 1731 2913 neh

944 2943 1019 2962 crsu:
1035 2943 1094 2962 esse
1117 2935 1211 2962 eadem
1229 2941 1256 2963 et
1271 2941 1453 2964 consentanea
1481 2943 1534 2962 nou
1563 2934 1650 2962 solum
1676 2931 1728 2959 sibi
