1916 3066
209 173 262 207 553

687 180 937 213 BESSARIONIS
958 185 986 214 S.
1008 186 1046 216 Β.
1067 186 1101 217 Ε.
1124 188 1356 220 CARDINALIS

1773 196 1827 228 56$

207 235 286 268 ἡμῶν
307 234 504 287 ἐκπορεύεσθαι
520 237 675 273 τὺΠνεῢμα
690 249 696 255 ·
723 241 840 268 καθόσον
852 243 878 270 δὲ
893 244 931 276 ὡς
945 244 990 278 6:.-
1004 245 1026 273 Α
1042 247 1089 273 καὶ
1103 249 1135 283 τῇ
1153 248 1221 284 αὐτῇ
1235 250 1362 285 ἐνεργείᾳ
1378 259 1406 276 τε
1419 250 1465 277 καὶ
1478 251 1591 287 δυνάμει
1606 254 1640 280 τὰ
1657 255 1745 282 πάντα
1761 265 1827 283 συν-

207 287 288 312 γανον
318 281 578 316 παραλαμϐάνεται,
604 285 832 320 ἀπεμιραίνουσαν
856 290 914 324 ἔχει
939 290 988 325 τὴν

205 326 369 361 ὁμοιότητα·
384 328 414 354 οὐ
431 329 483 363 γὰρ
506 329 543 360 ὼς
561 330 595 356 δι’
609 330 737 365 ὀργάνου,
753 333 768 368 ἡ
785 335 878 366 τόπου,
896 335 911 370 ἢ
928 337 990 370 χρό-

205 379 264 402 νου,
279 373 296 407 ἧ
312 381 384 405 τινος
406 374 461 400 τῶν
475 375 578 402 ἀτελῶν
601 378 697 404 αἰτίων
722 380 813 413 φαμὲν
827 380 857 406 τὸ
879 382 989 417 Πνεῦμα

203 417 233 442 τὸ
249 417 328 452 ἅγιον
351 418 396 445 διὰ
423 419 471 446 τοῦ
492 421 558 448 Υἱοῦ
587 423 804 458 ἐκπορεύεσθαι·
820 426 908 453 ταῦτα
934 429 988 463 γὰρ

204 462 298 497 τιόρρω
313 464 362 498 τῆς
385 465 489 492 ἐκείνου
505 467 655 499 παντελοῦς
678 470 858 505 τελειότητος,
876 473 924 499 καὶ
940 462 987 508 τῆξ

203 507 292 543 ἄκρας
314 510 383 544 πρὸς
409 511 455 537 τὸν
469 512 578 548 Πατέρα
606 514 728 549 ἰσότητος
752 517 767 551 ἦ
796 517 932 551 ἐνότητος.

203 553 258 587 γὰρ
282 554 350 590 ἄλλῃ
374 556 490 591 δυνάμει
513 558 552 593 τῷ
579 560 688 595 ἀριθμῷ
705 562 780 596 παρὰ
804 562 850 589 τὸν
878 564 987 599 Πατέρα

203 599 352 633 προσάλλει
378 602 410 627 τὸ
428 603 540 637 Πνεῦμα
557 605 587 630 τὸ
609 606 687 639 ἅγιον
704 607 717 632 6
738 607 810 639 Υἱὸς,
842 609 875 635 ἵν’
891 609 987 645 ὥσπερ

202 643 314 679 δευτέρα
327 645 341 679 ῆ
357 647 493 683 ὀργανική
509 650 582 675 αἰτία
595 652 836 686 παραλαμὸάνοιτο
848 663 855 669 ·
869 655 937 683 ἀλλὰ
949 643 987 691 τῷ

203 691 252 738 τῂν
271 692 356 725 αὐτὴν
372 694 418 720 καὶ
436 695 502 729 μίαν
517 696 546 722 ἐν
564 696 651 730 "arpi.
664 698 710 724 καὶ
731 698 787 732 Υίῷ
803 701 986 738 προὸλητικὴν

201 733 272 762 εἷναι
289 736 416 778 δύναμιν,
430 739 530 770 ἐπίσης
539 741 606 775 παρ’
617 742 757 776 ἑκατέρων
768 733 877 777 λέγεται
893 733 986 781 προϊέ-

170 816 173 819 Α
200 790 254 808 ναι.
281 783 357 810 Ἐπεὶ
374 786 421 812 καὶ
439 786 452 812 6
470 787 569 820 πρίων,
586 788 668 824 εἴπερ
683 790 828 826 ἄνθρωπος
843 790 877 827 ἦν
890 792 985 828 ὥσπερ

200 828 247 854 καὶ
262 830 276 854 6
291 829 406 863 τέκτων,
435 834 481 859 καὶ
500 834 514 860 ό
540 835 622 866 αὐτὸς
638 837 794 872 ἄνθρωπος,
815 840 911 876 ὥσπερ
938 841 985 868 ὲπὶ

200 876 306 911 [ἰατρὸς
325 878 373 904 καὶ
398 879 463 906 Υίοῦ
477 882 491 907 ὁ
516 882 596 914 αὐτὸς
613 884 688 916 Θεὸς,
713 885 826 920 ἔπριζεν
843 887 875 913 ἃν
890 888 984 914 κάκεῖ-

199 930 253 953 νος,
270 923 364 959 ὥσπερ
392 927 436 953 καὶ
450 927 464 952 ὁ
483 930 606 956 τέκτων
629 932 676 956 καὶ
691 931 720 957 τὸ
741 932 785 958 διὰ
800 934 847 960 τοῦ
873 935 983 968 πρίονος

199 969 345 1003 λεγόμενον
367 972 497 1006 οὐδεμίαν
516 976 549 1001 ἂν
567 977 612 1002 τοῦ
636 977 745 1012 πρίονος
761 981 908 1015 κατηγόρει
925 981 985 1007 ἀτέ-

199 1014 283 1043 λειαν.
312 1017 477 1052 Θαυμαστὸν
494 1021 522 1046 δὲ
548 1022 635 1055 οὐδὲν,
659 1024 682 1049 εἰ
702 1024 845 1051 ἀσθενέσιν
868 1027 984 1053 ἐπὶτῶν

198 1059 280 1086 θείων
306 1065 409 1096 φωναῖς
423 1074 451 1090 τε
473 1067 518 1092 καὶ
545 1068 647 1101 ῥήμασι
667 1071 808 1104 χρώμεθα,
835 1073 872 1108 μὴ
896 1073 984 1105 ἄλλως

198 1107 353 1142 δυιάμενοι.
369 1110 409 1136 Τὰ
428 1111 481 1146 γὰρ
497 1113 557 1139 θεῖα
571 1114 615 1140 διὰ
633 1117 687 1142 τῶν
701 1117 837 1144 εἰωθότων
852 1119 901 1153 μὲν
915 1121 983 1155 ἡμῖν

198 1153 338 1188 ὀνομάτων
355 1156 494 1190 ἐκφαίνειν
519 1161 681 1196 πειρώμεθα
694 1171 700 1178 ·
721 1163 810 1195 ἄλλως
824 1165 878 1200 γὰρ
901 1153 985 1200 φθεγς

201 1199 296 1230 γεσθαξ
311 1209 338 1226 τι
353 1202 418 1234 γοῦν
433 1204 495 1237 περὶ
514 1205 625 1232 ἐκείνων
648 1208 791 1243 ἀμήχανον
802 1218 809 1225 ·
825 1212 854 1237 τι
877 1211 906 1237 δὲ
919 1199 983 1246 περὶ

199 1246 249 1280 τὴν
264 1248 419 1282 ἐκφὼνηοιν
435 1251 489 1277 τῶν
503 1252 644 1287 ὀνομάτων
661 1256 810 1289 συμσαῑνον
835 1258 982 1292 ἐπιχειρεῖν

198 1293 245 1319 καὶ
257 1294 311 1325 τοῖς
327 1295 373 1321 ὑπ’
388 1297 476 1324 αὐτῶν
491 1301 703 1335 σημαινομένοις
721 1303 880 1337 πράγμασιν
896 1305 982 1339 ἐφαρ-

199 1341 291 1373 μόζειν
308 1342 345 1377 μὴ
367 1343 396 1369 οὐ
416 1343 526 1379 θεμιτὴν
574 1354 580 1361 ·
599 1347 684 1374 πολλὰ
709 1350 761 1383 γὰρ
781 1350 815 1376 ἂν
840 1350 913 1378 οὕτω
928 1353 982 1378 τῶν

196 1387 423 1423 ὁμολογουμένων
439 1393 485 1417 καὶ
501 1393 657 1425 ἀναγκαίων
675 1395 855 1431 ἀνατραπείη.
877 1398 932 1424 Καὶ
948 1399 982 1425 τὰ

196 1434 285 1460 πάντα
311 1435 366 1469 γὰρ
387 1438 417 1462 ὲκ
436 1438 540 1472 Πατρὶς
558 1439 592 1465 δι’
613 1440 677 1466 Υῐοῦ
702 1441 817 1476 λέγομεν
843 1444 981 1478 γενέσθαι.

202 1479 269 1505 Ἀλλ’
286 1481 316 1506 οὐ
329 1481 415 1515 δήπου
428 1483 574 1517 τολμήσειέ
590 1494 632 1517 τις
644 1486 793 1521 ὀργανικὴν
809 1489 910 1522 αίτίαν,
923 1490 981 1516 ἀλλ’

194 1525 255 1560 οὐχὶ
271 1525 320 1561 τὴν
337 1527 423 1562 αὐτὴν
446 1528 485 1563 τῷ
501 1529 588 1566 Πατρὶ
613 1532 657 1556 τὸν
675 1532 738 1558 Υίὸν
756 1534 858 1567 λέγειν,
878 1535 915 1567 ὡς
932 1537 982 1572 μιᾷ

194 1619 324 1646 convenit
336 1619 399 1647 huic
416 1621 573 1655 quaestioni,
587 1630 650 1650 cum
662 1623 780 1652 dicimus
797 1633 829 1653 ex
843 1627 921 1654 Patre
931 1635 981 1662 per

194 1663 293 1690 Filium
311 1665 461 1699 procedere
479 1667 610 1701 Spiritum
626 1677 632 1695 :
651 1669 677 1696 in
691 1676 823 1704 quantum
841 1680 905 1700 vero
920 1677 980 1700 tan-

193 1715 274 1742 quam
295 1709 509 1738 instrumentum
539 1713 718 1749 intelligatur,
743 1717 821 1743 valde
843 1717 976 1746 dissimile

193 1752 276 1780 habet
286 1753 470 1788 significatum
495 1757 553 1784 Non
570 1759 643 1785 enim
658 1765 687 1786 ut
702 1767 751 1794 per
764 1761 977 1791 instrumentum

191 1800 233 1826 vel
251 1807 300 1834 per
315 1801 414 1832 locum.
429 1803 469 1829 vel
483 1811 531 1837 per
543 1808 659 1838 tempus,
676 1810 723 1832 aut
739 1807 857 1841 aliquam
867 1815 977 1836 causam

193 1845 379 1879 imperfectam
397 1847 514 1876 dicimus
530 1848 661 1884 Spiritum
677 1853 802 1889 sanctum
815 1861 863 1887 per
879 1854 976 1882 Filium

191 1893 340 1926 praccdcre
356 1903 362 1920 :
381 1894 461 1930 longe
481 1897 585 1922 etenim
603 1897 661 1924 lure
678 1897 712 1924 ab
728 1898 773 1925 illa
789 1899 850 1933 ejus
869 1907 973 1928 sutmna

191 1939 373 1973 perfectione,
402 1945 430 1968 et
452 1949 560 1969 summa
584 1944 616 1970 ad
649 1944 756 1972 Patrem
777 1946 932 1980 :cqualitate
950 1953 977 1975 et

192 1985 295 2013 unitate
310 1987 419 2015 absunt.
435 1987 490 2016 Nec
503 1991 575 2016 enim
590 1990 641 2017 alia
655 1992 775 2025 potentia
791 2000 978 2028 numeropro-

190 2031 267 2065 ducit
285 2033 429 2066 Spiritum,
447 2042 528 2069 quant
544 2035 634 2067 Pater,
655 2040 683 2063 et
700 2036 795 2069 Filius,
810 2043 975 2073 uttattquam

188 2077 310 2106 secunda
331 2078 372 2105 vel
396 2078 616 2108 instrumenlalis
635 2089 717 2109 causa
738 2082 911 2117 accipiatur:
928 2084 975 2111 sed

187 2131 251 2155 cum
263 2125 357 2151 eadem
370 2131 397 2151 et
414 2133 467 2152 una
485 2126 511 2152 in
528 2126 609 2154 Patre
626 2133 653 2154 et
668 2127 737 2155 Ε’ιίἱο
753 2129 916 2162 productiva
928 2137 977 2164 po-

190 2170 275 2196 lentia
291 2169 337 2201 sit,
358 2171 501 2204 aequaliter
511 2179 545 2199 ex
563 2177 682 2208 utroque
698 2175 848 2208 procedere
862 2175 974 2206 dicitur.

190 2216 257 2242 Nam
275 2221 303 2257 et
317 2224 406 2248 serra.
426 2217 448 2244 si
465 2218 548 2246 homo
563 2225 647 2253 esset,
664 2221 897 2254 quemadmodum
916 2222 975 2257 ipse

1001 908 1021 937 Β

992 1581 1015 1611 C

1041 293 1290 328 δημιουργήσαντα.
1318 296 1371 322 Καὶ
1386 297 1432 323 ἐπὶ
1453 297 1502 332 τῆς
1525 297 1560 324 δι’
1576 299 1640 326 ΥΞοῦ
1660 301 1749 327 τοίνυν
1774 302 1824 329 τοῦ

1041 339 1199 373 Πνεύματος
1214 341 1405 376 ὲκπορεὺσεως
1427 343 1577 379 ὀργανικὴν
1602 346 1653 379 μὲν
1669 347 1760 373 αἰτίαν
1777 349 1825 373 ὲν-

1040 383 1135 417 νῡῆσαι
1151 385 1216 417 γοῦν
1233 385 1393 421 βλάσφημον
1408 396 1413 402 ·
1429 389 1519 415 αἰτίαν
1536 390 1629 424 μέντοι
1650 400 1681 425 γε
1698 393 1745 418 καὶ
1756 394 1825 420 ταὺ-

1040 437 1088 464 την
1105 430 1154 457 οὐκ
1173 431 1254 466 ἁτελῆ
1276 433 1435 466 ἀναγκαῖον.
1453 434 1488 461 Τὸ
1511 436 1562 470 μὲν
1580 437 1634 472 γὰρ
1649 438 1742 469 ἀτελὲς
1773 435 1826 474 τῆξ

1039 475 1088 502 διὰ
1105 476 1367 512 ὰποδιαπομπητέον
1382 479 1523 507 ἐντεῦθεν·
1546 482 1608 508 ὅσον
1631 483 1660 510 δὲ
1680 485 1826 516 εὐσεϐείας

1039 521 1086 549 καὶ
1108 522 1279 557 τελειότητος
1307 525 1480 560 ἐπιφέρεται,
1507 527 1586 553 τοῦτο
1615 529 1824 563 παραληπτέον.

1038 569 1108 603 Φησὶ
1122 569 1149 595 δὲ
1168 571 1182 596 6
1201 571 1287 604 μέγας
1303 571 1443 603 Βασίλειος
1468 573 1498 598 ὲν
1513 573 1550 607 τῷ
1565 574 1650 609 ὀγδόῳ
1679 575 1735 601 τῶν
1755 575 1825 610 πρὸς

1045 615 1219 650 Ἀμφιλόχιον
1234 625 1240 632 ·
1258 616 1293 642 Τὸ
1306 617 1349 643 διὰ
1369 618 1414 643 τοῦ
1433 618 1497 645 Υίοῦ
1511 619 1690 654 δημιουργεῖν
1707 621 1752 648 τὸν
1769 623 1827 648 Πα-

1037 661 1106 696 τέρα
1125 661 1188 688 οὕτε
1203 663 1285 697 ἀτελῆ
1299 663 1347 689 τοῦ
1363 665 1470 703 fingo;
1487 666 1536 699 τὴν
1552 667 1744 701 δημιουργίαν,
1761 669 1825 695 οὕτε

1038 707 1132 734 ἄτονον
1145 708 1192 734 τοῦ
1215 709 1280 735 Υίοῦ
1297 711 1449 745 παραδηλοί
1465 712 1514 746 τὴν
1538 713 1690 748 ἐνέργειαν,
1708 714 1774 741 ἀλλὰ
1794 716 1825 740 τι,

1037 754 1178 788 ἡνωμένον
1194 755 1240 781 τοῦ
1263 755 1418 791 θελήματος
1436 757 1526 784 αὐτῶν
1543 759 1719 794 παρίστησιν.
1739 761 1823 786 Ὥστε

1037 800 1070 834 ή,
1093 799 1132 826 δι’
1159 801 1239 833 Υίοῦ,
1268 802 1358 836 φωνὴ,
1385 804 1434 837 τῆς
1458 807 1702 839 προκαταρκτικῆς
1732 806 1824 837 αἰτίας

1036 847 1184 880 ὁμολογίαν
1207 846 1276 882 ἔχει,
1303 847 1353 874 οὐκ
1371 849 1417 875 ἐπὶ
1435 851 1589 885 κατηγορίᾳ
1604 851 1651 877 τοῦ
1678 852 1823 886 ποιητικοῦ

1036 892 1123 918 αἰτίου
1143 893 1400 928 παραλαμὸάνεται.
1426 895 1504 922 Οὕτω
1528 897 1577 929 μὲν
1606 896 1685 931 οὖνὴ
1709 897 1758 924 διὰ
1776 907 1823 923 πε-

1038 937 1158 971 ριφανῶς
1175 938 1266 964 ait:th
1289 939 1428 973 σημαίνει.
1443 940 1481 966 Οὐ
1496 941 1550 974 γὰρ
1567 941 1661 968 ἄτονον
1681 942 1728 967 τοῦ
1743 942 1821 974 Tim},

1036 982 1113 1016 φησὶ,
1144 982 1297 1017 παραδηλοῖ
1320 983 1369 1018 τὴν
1395 984 1548 1019 ἐνέργειαν,
1580 986 1638 1012 ἀλλ’
1668 988 1758 1014 αἰτίαν
1772 988 1824 1023 τὴν

1037 1028 1105 1062 μετὰ
1120 1029 1223 1061 τάξεως
1237 1037 1243 1045 ·
1260 1029 1308 1063 τῆς
1322 1030 1375 1063 γὰρ
1392 1032 1648 1065 προκαταρκτικῆς,
1665 1033 1759 1066 φησὶν,
1780 1035 1824 1060 αἰ-

1035 1073 1094 1104 τίας
1116 1073 1262 1107 ὁμολογίαν
1286 1074 1353 1108 ἔχει.
1382 1074 1437 1100 Ἀεὶ
1462 1075 1516 1109 γὰρ
1539 1077 1602 1102 ὅταν
1629 1077 1661 1103 ἐκ
1690 1086 1762 1109 τινος
1776 1079 1823 1105 διά

1034 1126 1106 1150 τινος
1130 1118 1199 1145 εἶναί
1215 1128 1242 1146 τι
1258 1119 1374 1153 λέγοιτο,
1398 1120 1474 1152 τάξις
1503 1122 1631 1157 δηλοῦται
1658 1124 1725 1157 πρὸς
1746 1125 1777 1150 τὸ
1793 1125 1822 1157 ἐξ

1033 1162 1064 1189 οὔ
1079 1163 1126 1190 τοῦ
1141 1164 1174 1190 δι’
1188 1163 1230 1195 οὗ,
1246 1164 1294 1190 τοῦ
1313 1165 1362 1199 μὲν
1378 1165 1407 1198 ἐξ
1430 1162 1460 1192 οὗ
1476 1166 1514 1197 ὡς
1529 1167 1646 1201 ἀρχικοῦ
1672 1169 1820 1203 νοουμένου

1035 1210 1132 1242 ιῐτίου,
1146 1209 1194 1236 τοῦ
1205 1210 1232 1236 δὲ
1248 1210 1284 1236 δι’
1300 1207 1331 1236 οὗ
1355 1211 1393 1242 ὡς
1412 1212 1529 1247 ὀργάνου
1553 1212 1569 1247 ἢ
1585 1214 1734 1245 συναιτίου,
1756 1214 1823 1240 ἑαυ-

1034 1255 1082 1281 τοῦ
1097 1256 1347 1290 προεπινοοὺμενον
1364 1256 1472 1291 ἔχοντος
1489 1258 1533 1283 τὸν
1553 1257 1594 1292 ἐφ’
1610 1258 1639 1285 οὗ
1663 1259 1774 1292 λέγεται
1791 1262 1822 1286 τὸ

1034 1302 1063 1333 ἐξ
1087 1299 1129 1330 οὗ.
1149 1303 1257 1336 Ταύτην
1284 1303 1313 1329 δέ
1330 1311 1361 1337 γε
1379 1303 1427 1338 τὴν
1441 1303 1517 1336 τάξιν
1533 1304 1680 1339 ἀναγκαῖον
1705 1306 1753 1332 καὶ
1774 1307 1820 1333 ἐπὶ

1035 1349 1142 1384 Harpe;
1165 1349 1354 1384 λαμῦἀνεσθαι
1371 1351 1417 1376 καὶ
1432 1350 1498 1378 Υἱοῦ
1509 1358 1517 1366 ·
1534 1352 1609 1385 παρὰ
1625 1352 1679 1386 γὰρ
1698 1352 1745 1378 τοῦ
1761 1353 1820 1379 Πα-

1033 1397 1096 1431 spe;
1116 1396 1206 1423 πάντα
1230 1396 1321 1423 λαϐὼν
1334 1397 1368 1423 τὰ
1385 1397 1433 1424 τοῦ
1448 1397 1553 1432 Πατρὶις
1567 1399 1580 1424 6
1601 1397 1663 1429 Υίδς
1688 1397 1757 1433 ἔχει,
1772 1401 1820 1426 καὶ

1035 1443 1104 1477 μετὰ
1119 1442 1166 1468 τοῦ
1188 1443 1293 1477 [ἰατρὸς
1317 1443 1365 1469 καὶ
1382 1443 1440 1478 ἅμα
1463 1442 1537 1478 αὐτῷ
1552 1442 1635 1474 εὐθὺς
1651 1445 1820 1470 συνεπινοεὶ-

1033 1497 1076 1514 ται
1094 1489 1237 1524 προσεχῶς
1255 1489 1269 1514 6
1287 1488 1350 1520 Υἱός
1363 1496 1370 1503 “
1389 1490 1436 1515 καὶ
1449 1488 1513 1515 Υἰὶν
1530 1488 1664 1522 λέγοντες,
1682 1488 1764 1520 εὐθὺς
1778 1489 1820 1520 εἰς

1033 1534 1080 1559 τὸν
1097 1533 1127 1560 οὗ
1142 1535 1215 1560 ἐστιν
1230 1535 1243 1560 6
1263 1534 1326 1565 Υἱὸς
1341 1534 1498 1569 ἁναγόμεθα
1508 1535 1540 1570 τῇ
1558 1535 1674 1569 διανοίᾳ,
1689 1534 1818 1569 Πατέρα·

1033 1625 1073 1649 tre
1093 1630 1202 1651 causam
1218 1623 1323 1651 diceret
1334 1622 1444 1656 Filiuml
1460 1625 1561 1659 quippe
1573 1623 1620 1659 qui
1636 1623 1734 1651 eadem
1749 1632 1818 1652 una-

1032 1676 1085 1702 que
1101 1668 1221 1702 potcntia
1236 1673 1264 1695 et
1281 1669 1388 1696 actione
1406 1677 1468 1696 cum
1486 1668 1567 1696 Patre
1584 1668 1717 1696 mundum
1738 1676 1819 1697 erea-

1034 1713 1115 1740 verit.
1130 1713 1219 1740 Simili
1237 1713 1320 1748 igitur
1336 1715 1419 1741 modo
1427 1714 1511 1742 etiam
1525 1714 1560 1742 de
1576 1715 1696 1749 Spiritus
1712 1722 1761 1749 per
1770 1715 1818 1742 Fi-

1031 1760 1098 1787 lium
1113 1760 1308 1794 productione,
1325 1760 1566 1788 instrumentalem
1575 1761 1686 1795 quidem
1704 1768 1816 1789 causam

1031 1807 1116 1834 etiam
1129 1806 1216 1834 solum
1231 1807 1364 1841 cogitare,
1379 1806 1549 1841 blasphemia
1561 1811 1604 1834 est
1617 1817 1622 1833 :
1634 1813 1746 1834 causam
1766 1815 1817 1835 au-

1032 1857 1098 1884 tem,
1114 1858 1142 1880 et.
1159 1853 1230 1879 hunc
1247 1860 1302 1878 non
1320 1852 1518 1887 imperfectam,
1536 1853 1588 1880 hoc
1603 1860 1670 1880 vero
1690 1860 1817 1882 necessa-

1030 1899 1102 1926 rium
1117 1903 1158 1925 est
1175 1906 1182 1931 ;
1206 1897 1442 1932 imperfectionem
1459 1899 1561 1925 etenim
1587 1898 1668 1933 hujus
1682 1901 1816 1934 praeposi-

1031 1946 1115 1973 tionis
1131 1953 1177 1979 per
1188 1945 1266 1979 longe
1284 1943 1473 1978 repellendum
1486 1948 1636 1978 :quantum
1653 1949 1746 1972 antem
1755 1953 1817 1980 per-

1029 1991 1160 2019 fectionis
1178 1995 1206 2018 et
1218 1989 1329 2025 pietatis
1345 1989 1438 2022 habet,
1458 1989 1510 2017 hoc
1525 1997 1590 2017 vero
1601 1991 1812 2024 acceptandum.

1030 2037 1075 2064 Ait
1087 2037 1159 2064 enim
1172 2037 1199 2063 in
1215 2041 1313 2063 octavo
1327 2035 1363 2062 ad
1375 2035 1602 2070 Amphilochium
1621 2036 1719 2063 beatus
1735 2036 1814 2064 Basi-

1029 2084 1083 2110 lius
1100 2093 1106 2109 :
1126 2083 1234 2110 Patrem
1249 2089 1346 2109 creare
1364 2089 1414 2116 per
1429 2081 1541 2114 Filium,
1555 2088 1607 2109 nec
1624 2082 1812 2116 imperfectam

1030 2129 1119 2156 Patris
1140 2128 1318 2159 creationem,
1336 2135 1386 2154 nec
1406 2126 1571 2154 imbecillem
1595 2127 1657 2155 Filii
1675 2129 1814 2155 actionem

1029 2175 1177 2210 signiﬁcat,
1196 2175 1243 2201 sed
1266 2174 1399 2201 unitatem
1417 2174 1566 2202 voluntatis
1584 2181 1680 2201 eorum
1700 2174 1815 2202 manife-

1030 2227 1085 2249 stat
1101 2230 1107 2248 :
1126 2227 1213 2255 quare
1229 2220 1288 2246 hac
1303 2227 1367 2252 vos.
1393 2227 1443 2253 per
1459 2218 1573 2252 Filium,
1590 2227 1644 2246 non
1662 2219 1764 2246 minuit
1775 2220 1816 2247 ef-

188 2261 265 2297 faber
281 2253 307 2289 et
323 2262 395 2290 idem
414 2263 505 2296 homo,
522 2265 603 2293 sicuti
627 2253 707 2293 Pater
729 2271 756 2293 et
782 2267 878 2300 Filius,
901 2253 972 2295 idem
985 2256 1012 2282 ’θ
1028 2267 1154 2294 fectivam
1183 2272 1306 2297 causam,
1334 2265 1382 2292 sed
1405 2265 1439 2292 ad
1459 2265 1681 2300 priueipaliorem
1702 2272 1812 2293 causam

189 2308 262 2339 Deus
277 2313 330 2340 est,
343 2315 451 2337 secaret
465 2311 561 2345 utique
573 2313 656 2339 etiam
677 2313 734 2345 illa,
754 2319 837 2347 prout
852 2314 909 2348 ipse
929 2314 970 2340 fa-

187 2354 238 2381 ber
256 2363 263 2381 :
280 2360 308 2381 et
323 2355 396 2390 quod
409 2355 550 2384 diceretur
561 2365 609 2392 per
624 2365 740 2390 serram,
755 2359 857 2387 nullam
873 2359 975 2394 imper-

188 2395 336 2437 fectioneni
355 2402 389 2429 de
405 2410 482 2430 serra
501 2408 621 2431 notaret.
641 2403 695 2431 Nec
711 2404 824 2436 mirum,
848 2407 870 2432 si
891 2405 917 2432 in
934 2407 975 2433 di-

189 2447 262 2475 vinis
276 2453 389 2476 utamur
406 2449 593 2477 imbccillibus
612 2455 641 2477 et
653 2451 824 2485 imperfectis
839 2451 931 2479 verbis
947 2457 974 2479 et

188 2494 358 2530 nominibus,
373 2503 434 2522 eum
445 2496 527 2527 aliter
541 2504 594 2523 non
608 2504 764 2531 possumus.
778 2497 889 2524 Divinas
900 2499 973 2524 enim

190 2548 232 2570 res
249 2549 297 2576 per
325 2541 438 2569 nomina
457 2546 484 2569 et
508 2542 677 2572 intentiones
696 2543 806 2578 quidem
828 2549 974 2571 consuetas

189 2588 268 2617 nobis
286 2588 461 2616 manifestare
471 2596 612 2616 conamur.
625 2590 711 2617 Aliter
720 2589 793 2616 enim
807 2590 974 2624 impossibile

188 2641 231 2668 est
242 2634 321 2662 nobis
337 2642 419 2662 sensu
431 2633 589 2662 viventibus
603 2634 638 2661 de
646 2634 700 2662 illis
718 2634 802 2669 loqui.
815 2635 892 2667 Quod
907 2643 974 2663 vero

189 2680 338 2714 prolatioui
357 2681 506 2708 verborum
520 2681 631 2712 accidit,
652 2681 735 2708 etiam
753 2680 914 2716 significans
931 2690 975 2709 re-

190 2727 241 2754 bus
258 2727 326 2755 velle
344 2727 492 2762 imputare,
505 2727 658 2755 cavendum
674 2735 709 2754 ne
726 2728 761 2755 sit
772 2727 849 2756 nefas
863 2736 870 2755 :
882 2729 975 2756 multa;

189 2773 261 2798 enim
278 2773 331 2801 hoc
345 2775 426 2802 modo
447 2781 585 2809 certaeque
601 2774 663 2802 ﬁdei
677 2774 809 2801 veritates
824 2782 974 2802 evanesce-

190 2823 260 2846 t'cnt.
277 2820 382 2847 Etenim
409 2822 568 2848 universum
585 2828 694 2855 quoque
717 2829 749 2848 ex
768 2820 847 2847 Patre
864 2828 912 2854 per
929 2819 974 2847 Fi-

190 2863 257 2898 lium
274 2872 394 2890 creatum
411 2874 469 2892 insse
491 2867 620 2893 dicimus.
646 2866 742 2893 Nullus
767 2871 857 2892 tamen
877 2870 918 2892 est
938 2866 974 2892 ita

192 2909 292 2941 audax,
309 2914 338 2935 ut
353 2911 587 2949 insu‘umcntalem
599 2917 625 2939 et
639 2920 692 2939 non
711 2912 833 2940 eamdem
850 2919 910 2939 cum
925 2912 973 2939 Pa-

1028 2322 1080 2342 nos
1094 2315 1190 2341 refert.
1208 2313 1301 2344 Palam
1318 2313 1410 2347 itaque
1425 2317 1510 2348 patet.
1529 2313 1749 2348 praepositionem
1766 2322 1814 2349 per

1026 2367 1136 2388 causam
1153 2359 1321 2394 signiﬁcare.
1338 2359 1397 2386 Non
1411 2359 1485 2385 enim
1506 2358 1684 2391 imbecillem,
1706 2359 1754 2392 ait,
1766 2367 1814 2387 os-

1028 2404 1112 2432 tendit
1129 2404 1188 2436 Filii
1210 2404 1359 2436 actionem,
1379 2404 1426 2430 sed
1444 2411 1553 2431 causam
1569 2411 1630 2431 cum
1645 2405 1751 2431 ordine.
1773 2404 1814 2431 Ad

1027 2451 1206 2486 principalem
1219 2449 1420 2484 enim,-inquit,
1434 2457 1545 2477 causam
1559 2457 1609 2476 nos
1624 2450 1717 2476 refert.
1736 2450 1816 2477 Sem-

1027 2505 1077 2532 per
1092 2497 1194 2524 etenim
1208 2503 1270 2523 cum
1285 2495 1389 2529 aliquid
1405 2504 1438 2523 ex
1452 2495 1545 2530 aliquo
1558 2503 1607 2530 per
1617 2495 1737 2530 aliquem
1753 2503 1814 2522 esse

1027 2543 1138 2575 dicitur,
1165 2542 1233 2569 ordo
1248 2540 1358 2575 quidam
1375 2540 1407 2568 ad
1423 2541 1499 2567 illum
1528 2549 1560 2568 cx
1587 2549 1653 2575 quo,
1669 2539 1744 2568 illius
1766 2548 1814 2576 per

1026 2597 1120 2623 quem,
1135 2587 1315 2623 signiﬁcatur.
1333 2587 1370 2613 Ex
1383 2594 1438 2622 quo
1451 2586 1575 2620 quidem,
1591 2591 1720 2622 tanquam
1736 2587 1814 2621 prin-

1026 2635 1106 2669 cipali
1119 2642 1219 2667 causa;
1240 2642 1290 2669 per
1306 2641 1387 2668 quem
1402 2640 1482 2666 vero,
1495 2638 1627 2668 tanquam
1644 2633 1813 2660 instrumen-

1026 2680 1073 2707 tali
1098 2685 1210 2715 accepta
1229 2680 1272 2706 vel
1298 2686 1445 2712 concausa,
1471 2687 1531 2713 quae
1554 2679 1744 2714 pracsupponit
1760 2679 1814 2706 sibi

1026 2725 1114 2758 illum,
1127 2725 1173 2760 qui
1185 2725 1286 2753 dicitur
1298 2733 1331 2752 ex
1345 2732 1398 2760 quo
1415 2725 1509 2752 :hunc
1524 2729 1616 2752 autetn
1627 2725 1751 2752 ordinem
1764 2732 1814 2753 ne-

1026 2779 1103 2799 cesse
1119 2771 1202 2799 etiam
1220 2772 1293 2799 inter
1317 2772 1425 2799 Patrem
1441 2778 1468 2799 ct
1486 2772 1585 2799 Filium
1598 2780 1668 2800 esse.
1683 2773 1720 2800 Ex
1732 2773 1814 2802 Patre

1027 2818 1127 2845 etenim
1150 2819 1252 2849 omnia,
1270 2826 1330 2852 quae
1348 2818 1436 2845 Patris
1459 2823 1537 2849 sunt.
1553 2819 1655 2854 accipit
1679 2819 1767 2848 Filius
1786 2826 1814 2849 cl

1028 2864 1108 2891 habet
1123 2872 1129 2895 ;
1146 2870 1260 2898 postque
1273 2864 1379 2891 l'atrem
1401 2869 1428 2891 et
1449 2865 1531 2892 simul
1543 2873 1605 2892 cum
1618 2874 1662 2898 eo,
1679 2866 1772 2893 subito
1787 2873 1814 2894 et

1029 2910 1186 2938 immediate
1217 2910 1379 2945 intelligitur
1398 2910 1492 2938 Filius.
1521 2911 1587 2939 Cum
1609 2912 1683 2939 enim
1714 2912 1813 2940 Filium
