1916 3066
90 122 145 158 573

558 127 701 158 ORATIO
725 128 948 159 DOGMATICA
972 129 1045 159 PRO
1065 129 1220 160 UNIONE.

1667 130 1718 160 5Ἱὶ

89 194 136 213 ναι
149 184 180 211 τὸ
193 184 304 219 Πνεῦμα
323 185 493 220 διακρίνεται
506 185 553 212 τοῦ
568 187 633 213 Υίοῦ
647 196 652 201 ·
671 188 757 214 ἑνοῖτο
778 188 832 224 γὰρ
847 188 879 215 ἂν
895 190 915 218 Α
932 187 961 214 τὸ
982 188 1029 222 μὲν
1042 189 1205 222 πεφηνέναι,
1223 187 1272 222 τὴν
1286 187 1313 213 δὲ
1331 187 1493 222 ύτποςτῆναι,
1506 187 1609 223 δεῐιῲς,
1626 189 1661 222 μή
1677 197 1719 218 τις

87 232 163 258 οὕτω
175 231 287 265 μᾶλλον,
298 231 328 256 οὐ
346 231 511 267 διακρίνοιτο
522 241 528 248 ·
546 233 591 258 καὶ
608 233 770 260 συνάπτοιτο
786 235 877 266 πλέον,

88 279 106 311 ἢ
123 278 265 312 διαιροῖτο.
281 277 319 303 Οὐ
344 277 398 312 μὴν
415 278 475 304 οὐδὲ
491 279 555 313 περὶ
567 280 746 313 χαρισμάτων
762 280 879 308 ἐνταῦθα

89 323 224 357 διανομῆς
246 324 260 348 ὁ
285 322 364 356 λόγος
387 323 474 358 αὐτῷ,
492 323 562 349 ἀλλὰ
576 323 642 358 περὶ
667 326 716 359 τῆς
728 325 784 351 τῶν
800 325 880 351 θείων

90 369 272 396 ὑποστάσεων
284 370 459 403 διακρίσεως.
478 369 547 395 υῦτε
560 369 588 396 δέ
607 378 649 401 τις
664 371 752 396 εἰπεῖν
763 370 818 404 ἔχει
831 371 880 405 τὴν

89 416 132 447 εἰς
150 415 196 441 τὸν
209 415 312 449 κύαμον
327 414 370 441 διὰ
383 414 431 441 τοῦ
444 414 509 441 Υίοῦ
525 414 680 449 φανέρωσιν
694 414 740 441 τοῦ
754 415 879 448 Πνεῦμα-

88 470 136 492 τος
151 460 198 487 τοῦ
209 460 289 494 ἁγίου
302 460 346 486 διὰ
355 460 453 486 τούτου
466 459 512 486 τοῦ
519 459 598 494 λόγου
608 460 767 495 δηλοῦσθαι.
778 461 879 495 Πρῶτοι

91 508 143 542 μὲν
158 508 212 542 γὰρ
227 507 293 541 περὶ
309 507 475 543 διακρίσεως
486 507 563 539 ὕντος
581 506 629 534 τοῦ
646 507 725 541 λόγου
739 507 795 534 τῶν
812 508 880 534 ὑπο-

42 569 45 574 ·
91 554 229 586 στάσεων,
245 553 293 579 καὶ
307 553 365 584 πῶς
381 553 414 579 ἂν
431 552 481 588 τὴν
495 553 624 588 χρονικὴν
640 553 744 588 ταύτην
758 554 880 589 φανέρω-

91 610 136 628 σιν
152 601 240 628 ἀϊδίου
266 600 340 632 τινὲς
355 599 521 635 πράγματος
536 600 624 626 αῐτιον
636 600 769 632 ὲποιεῖτο;
786 600 880 632 ἀϊδίως

91 648 150 682 γὰρ
162 646 286 681 ἀλλήλων
300 645 314 672 6
329 645 394 677 Υἱὸς
407 647 456 672 καὶ
479 645 510 672 τὸ
524 645 639 680 Πνεῦμα
654 646 709 677 τοῖς
737 654 880 680 προσωπι-

91 694 151 724 κοῖς
166 692 351 727 διακρίνοντιι
372 691 500 726 ίδιώμασι
513 699 519 706 ·
537 692 586 718 καὶ
598 692 630 717 οὐ
643 692 730 726 δήπου
749 692 816 727 πρὶν
827 692 880 718 ὑπὸ

92 738 141 765 τοῦ
158 739 223 766 ΐίοῦ
239 737 433 773 φανερωθῆναι
448 738 481 773 τῇ
495 737 583 765 κτίσει
606 738 637 764 τὸ
658 737 784 772 Πνεῦμα,
798 738 881 770 ἀλλή-

91 784 148 811 λων
161 785 192 811 οὺ
207 784 372 818 διεκρίνοντο
382 789 390 799 ⁴
411 783 491 810 τοῦτο
518 783 572 818 γὰρ
584 783 759 810 ἀτοπώτατον
777 784 878 818 λέγειν.

93 831 213 857 Ἔπειτα
225 830 279 856 τῶν
295 830 333 860 είς
346 829 396 864 τὴν
407 828 497 855 κτίσιν
509 828 597 863 ἔργων
605 829 655 864 τῆς
669 829 783 864 Τριάδος
793 830 880 856 ὄντων

93 876 205 909 κοινῶν,
220 875 249 902 οὐ
265 875 309 901 δὴ
337 875 384 901 τοῦ
405 874 471 901 Υίοῦ
488 874 589 909 μᾶλλον
609 875 625 909 ἢ
651 874 685 900 δι’
700 875 797 901 ἑαυτοῦ
813 875 880 909 ἐφα-

92 921 199 958 νερώθη
214 921 244 948 τὺ
272 920 385 955 Πνεῦμα
400 920 430 946 τὸ
456 919 535 954 ἅγιον
547 927 554 935 ·
572 919 642 946 ἀλλὰ
659 921 707 946 καὶ
735 920 818 947 αὐτὸν
833 921 880 948 τὸν

93 970 159 996 Υιὸν
174 968 284 1001 ὲδόξὰσέ
297 976 326 994 τε
341 968 389 994 καὶ
405 967 577 1002 ἐφανέρωσε,
595 967 643 994 καὶ
657 967 705 1002 οὐχ
718 966 820 1002 ἥκιστα
834 967 883 994 τὸν

93 1015 215 1050 Πατέρα,
232 1015 280 1041 τδν
295 1012 376 1040 αὑτὸν
387 1013 414 1040 δὲ
429 1014 477 1040 καὶ
491 1014 505 1040 6
519 1013 594 1044 Υἱός.
612 1012 705 1044 Οὕτως
721 1013 767 1040 οὖν
783 1014 816 1040 ἃν
833 1015 880 1041 καὶ

93 1060 192 1088 ἑαυτοῦ
211 1061 238 1087 τὸ
256 1060 369 1094 Πνεῦμα
395 1060 425 1086 τὸ
443 1059 524 1094 ἅγιον
538 1059 715 1095 διακρίνοιτο,
730 1060 812 1087 ἑαυτὸ
828 1069 881 1094 φα-

95 1107 230 1142 νερῶσαν,
247 1107 287 1133 ἔτι
299 1115 330 1132 τε
350 1105 398 1132 τοῦ
420 1106 526 1142 Πατρός
539 1113 546 1121 ³
566 1106 613 1134 καὶ
629 1106 643 1132 ὸ
656 1105 719 1137 Υίδς
735 1106 834 1132 ἑαυτοῦ
851 1115 880 1133 τε

97 1152 204 1180 καὶτοῦ
220 1151 326 1187 Πατρὶς
345 1152 389 1179 διὰ
404 1151 508 1179 ταῦτα·
537 1151 596 1177 ἀλλ’
619 1151 681 1178 οὔτε
703 1152 750 1178 ἐπὶ
777 1151 881 1179 τούτων

95 1201 203 1234 εἴρηται
218 1199 297 1225 τοῦτό
317 1207 392 1232 ποτε,
410 1198 468 1224 οὔτ’
494 1198 540 1225 ἐπὶ
557 1198 604 1225 τοῦ
616 1199 679 1243 ξυνὶ
696 1198 880 1234 προκειμένου

94 1247 183 1281 τούτῳ
197 1246 268 1279 λόγῳ
282 1245 479 1272 καταλείπεται
495 1245 584 1280 χώρα.
601 1244 635 1272 '0
651 1245 679 1271 δὲ
702 1244 797 1272 τοῦτον
807 1245 881 1280 ἐλέγ-

95 1301 139 1327 χει
154 1293 198 1318 τὸν
215 1292 293 1325 λόγον
309 1291 372 1318 ὄντα
400 1290 519 1325 ματαίαν
546 1291 719 1326 καταφυγὴν,
734 1291 810 1318 ἔστιν
841 1293 882 1318 ὅτι

95 1339 127 1366 τὸ
146 1332 258 1373 Πνεῦμα
288 1338 336 1372 τῆς
362 1337 477 1368 κτίσεως
510 1338 525 1363 ὁ
555 1337 716 1369 διδάσκαλος
742 1337 882 1372 διακρῖναι

98 1385 272 1420 βουλόμενος,
298 1384 413 1418 ἐπείπερ
440 1383 549 1418 ⁴ᾔσθετο,
582 1383 685 1418 μᾶλλον
711 1383 735 1410 δ’
763 1383 883 1417 ἔφθασεν

97 1430 275 1462 ἀποδεδωκὼς
291 1429 380 1457 κοινὸν
392 1429 467 1464 αὐτῷ
479 1437 508 1456 τε
526 1430 640 1463 κάκείνῃ
654 1429 683 1455 τὺ
698 1429 743 1456 διὰ
755 1428 803 1456 τοῦ
816 1428 881 1456 Υῐοῦ

98 1518 266 1554 signiﬁcaret
283 1524 314 1544 ac
341 1525 400 1544 cum
416 1525 455 1550 eo,
472 1520 556 1551 prout
570 1515 653 1551 aliqui
667 1517 815 1551 somniant,
832 1517 884 1545 nti-

99 1572 158 1591 rnm
185 1568 259 1592 esset
284 1563 417 1597 profecto,
442 1563 465 1590 si
483 1563 546 1591 ideo
560 1562 680 1598 Spiritus
697 1563 882 1599 distinguatur

97 1619 112 1637 a
137 1609 215 1640 Filio,
238 1609 302 1643 quia
318 1616 380 1636 cum
401 1617 435 1636 co
451 1608 669 1637 manifestatur:
689 1609 785 1636 unitur
808 1610 882 1637 enim

100 1657 150 1682 hoc
164 1655 257 1686 modo,
276 1663 330 1682 non
349 1655 545 1690 distinguitur;
562 1659 589 1683 et
615 1655 803 1691 conjungitur,
818 1663 882 1683 rnon

99 1702 242 1729 dividitur.
272 1701 329 1728 Nec
357 1701 438 1728 etiam
467 1701 501 1728 de
524 1700 659 1728 di\isione
686 1701 881 1728 charismatum

100 1750 144 1775 hic
159 1749 282 1782 loquitur
303 1752 415 1774 sanctus
434 1745 541 1779 doctor,
557 1746 625 1781 quin
641 1747 696 1773 imo
719 1746 753 1774 dc
777 1746 883 1773 divina-

99 1803 158 1822 rum
176 1801 355 1829 personarum
368 1792 558 1821 distinctione.
574 1793 629 1820 Nec
644 1793 789 1827 quisquam
803 1793 884 1820 liabet

99 1841 202 1872 dicere,
222 1839 344 1874 Spiritus
362 1846 411 1874 per
429 1838 528 1866 Filium
553 1838 581 1865 in
602 1838 704 1865 mundo
723 1837 883 1865 manifesta-

100 1887 201 1914 tionem
228 1893 277 1920 per
292 1885 350 1912 haec
367 1883 451 1912 verba
475 1883 633 1918 significari.
653 1883 744 1910 Primo
764 1891 883 1917 namque

100 1940 160 1961 cum
177 1933 210 1959 de
230 1931 409 1958 distinctione
427 1937 605 1965 personarum
631 1929 675 1957 hic
691 1937 783 1956 sermo
797 1929 883 1957 babe-

101 1984 188 2010 retur,
205 1985 323 2013 quonam
340 1978 422 2005 modo
437 1976 616 2012 temporalem
633 1976 704 2004 hanc
726 1976 884 2003 manifesta-

100 2030 202 2052 ttonem
218 2027 328 2050 acterna:
353 2022 391 2049 rei
415 2029 526 2049 causam
553 2021 693 2056 poneret?
717 2021 884 2048 :eternaliter

99 2071 172 2097 enim
192 2069 279 2097 Filius
299 2073 327 2096 et
353 2068 475 2104 Spiritus
495 2073 608 2095 sanctus
625 2067 816 2102 personalibus
829 2067 884 2094 dis-

100 2117 264 2150 tinguuntur
297 2114 524 2149 proprietatibus.
551 2113 644 2149 Neque
682 2112 737 2140 dici
768 2117 883 2147 potest,

99 2162 171 2197 quod
198 2166 346 2195 antequam
369 2160 592 2188 manifestaretur
619 2159 722 2186 mttndo
748 2159 882 2194 Spiritus,

931 235 1018 268 τούτῳ
1034 234 1065 268 δὴ
1082 234 1120 268 τῷ
1137 234 1219 268 κοινῷ
1236 236 1282 261 καὶ
1298 236 1451 268 ταυττῖτητοι
1466 234 1560 264 οὐσίας
1584 233 1717 266 δοξάσειέ,

932 279 970 313 τῷ
985 278 1113 313 ἀτρέπτῳ
1134 288 1163 305 τε
1180 280 1226 305 καὶ
1253 279 1374 313 τρεπτῷ,
1391 279 1437 305 καὶ
1468 279 1654 313 ἀναλλοιιέιτῳ,
1670 280 1719 305 καὶ

932 324 969 359 μὴ
984 325 1098 359 τοιούτῳ
1124 325 1258 360 διακρίνει
1274 325 1360 352 ταῦτα
1387 325 1521 359 ἀλλήλων,
1539 325 1580 357 τὸ,
1598 325 1643 351 διὰ
1669 325 1718 350 τοῦ

932 370 1007 403 Υῐοῦ,
1024 371 1074 405 τὴν
1100 372 1148 406 μὲν
1164 371 1330 405 ὑποστῆναιί
1348 371 1378 397 τὸ
1393 371 1421 396 δὲ
1439 371 1601 406 πεφηνέναι,
1628 370 1719 396 κοινὸν

931 418 978 443 καὶ
997 417 1095 443 ταυτὸν
1110 418 1286 452 ἡγησάμενος
1298 425 1305 431 ·
1321 417 1487 452 διακρίσεως
1502 417 1530 442 δὲ
1554 416 1657 450 τρόπον
1672 416 1718 441 εὑ-

932 463 987 498 ρὼν
1000 463 1030 489 τὸ
1045 462 1094 498 τὴν
1111 463 1160 498 μὲν
1177 465 1298 498 τρεπτὴν
1310 463 1361 489 ’καὶ
1383 462 1534 497 ἀλλοιωτὴν
1547 460 1627 494 εἶναι,
1645 462 1676 487 τὺ
1696 461 1718 487 ὃ¹

931 507 1065 543 ἄτρεπτόν
1080 516 1109 533 τε
1127 508 1175 535 καὶ
1199 509 1390 547 ἀναλλοίωτον.
1408 508 1504 534 Καίτοι
1521 508 1545 533 εί
1568 508 1598 533 τὸ
1613 507 1656 533 διὰ
1672 507 1718 533 τοῦ

931 554 997 581 Υίοῦ
1021 555 1172 589 πεφηνέναι
1198 555 1229 581 τὸ
1255 554 1367 588 Πνεῦμα
1385 555 1422 589 μὴ
1444 554 1535 580 αἰτίαν
1552 553 1646 588 ἐδήλου
1674 552 1720 578 τὴν

933 601 1008 633 Υίδν,
1021 600 1114 635 ὥσπερ
1134 601 1165 627 τὸ
1182 600 1226 627 διὰ
1240 600 1288 627 τοῦ
1301 600 1366 627 Υίοῦ
1382 600 1532 635 ὑποστῆναι
1545 600 1595 634 τὴν
1617 599 1719 633 κτίσιν,

931 647 1010 673 τοῦτο
1022 647 1076 681 γὰρ
1099 647 1181 674 αὑτὸν
1204 647 1295 674 αίτίαν
1311 647 1396 682 δηλοῖ,
1413 647 1500 682 ῥᾴστη
1517 646 1550 672 ἂν
1574 644 1607 681 ἦν
1622 646 1638 680 ἠ
1662 645 1720 671 διά-

931 701 1022 728 κρισις
1049 692 1097 720 τοῦ
1126 693 1284 728 Πνεύματό;
1300 701 1329 719 τε
1345 694 1391 719 καὶ
1417 693 1467 726 τῆς
1489 694 1618 722 κτίσεως.
1640 693 1719 727 Ἐξῆν

932 738 986 774 γὰρ
1001 739 1090 765 εἰπεῖν
1112 739 1153 765 ὅτι
1167 740 1191 765 εί
1210 739 1257 764 καὶ
1274 738 1417 774 ἀμφότερα
1433 738 1477 764 διὰ
1499 737 1547 764 τοῦ
1564 737 1641 768 Υἱοῦ,
1659 737 1719 763 ἀλλ’

931 786 948 820 ή
965 785 1015 820 μὲν
1030 785 1119 816 κτίσις
1136 784 1265 816 αἱτιατῶς
1289 784 1318 816 ἐξ
1335 783 1429 815 αὑτοῦ,
1445 784 1476 810 τὸ
1490 784 1519 810 δέ
1536 784 1561 816 γ’
1578 784 1718 814 ἀναιτίως.

935 829 992 857 Νῦν
1004 830 1033 857 δὲ
1048 831 1127 858 τοῦτο
1140 830 1190 864 μὲν
1204 831 1255 856 οὐκ
1281 828 1357 856 εἶπεν
1367 838 1374 845 '
1389 830 1403 856 ὃ
1418 830 1473 864 γὰρ
1496 831 1533 864 μὴ
1548 829 1605 865 ᾔδει
1620 829 1719 864 ἀληθὲς

931 876 971 909 ὃν,
988 876 1039 902 οὐκ
1053 874 1087 911 ἧν
1099 876 1205 902 ἐκείνου
1229 877 1317 901 εἰπεῖν
1328 883 1334 890 ·
1352 875 1411 902 ἀλλ’
1427 875 1512 910 ἀλλην
1526 874 1589 910 εὗρε
1614 875 1720 908 διάκρι-

932 932 986 955 σιν,
1000 922 1048 958 τὴν
1063 922 1112 949 καὶ
1131 922 1205 957 αὒτῷ
1216 922 1333 954 δόξασαν
1347 922 1436 956 ἀληθῆ
1453 923 1499 948 καὶ
1519 922 1603 956 μόνην
1627 921 1717 956 ὑπάρ-

931 971 1042 1003 χουᾱαν.
1063 969 1095 994 ’Π
1109 967 1230 1003 διὰ-ἆρα
1255 968 1301 994 ἐπὶ
1322 968 1369 1002 τῆς
1401 967 1434 993 δι’
1449 967 1513 993 Υίοῦ
1530 966 1577 993 τοῦ
1595 967 1718 1000 Πνεῦμα-

931 1024 976 1046 to;
992 1014 1040 1041 τοῦ
1055 1015 1133 1049 ἁγίου
1150 1014 1324 1048 ἱκφάνσεως,
1341 1009 1413 1040 τοῠτ⁶
1427 1013 1493 1039 αὑτὴ
1509 1013 1631 1043 δύναται,
1648 1012 1718 1045 ὅπερ

931 1062 977 1087 ἐπὶ
992 1061 1041 1095 τῆς
1067 1060 1186 1092 κτίσεως
1212 1060 1363 1094 λεγομένης
1388 1059 1423 1086 δι’
1454 1059 1518 1086 Υίοῡ
1550 1058 1714 1091 ὑποστῆιαι.

938 1107 1008 1134 Ἀλλ’
1025 1106 1072 1133 ἐπὶ
1091 1106 1140 1141 τῆς
1156 1106 1274 1137 κτίσεως
1298 1107 1372 1132 αἰτία
1392 1106 1501 1140 λέγεται
1528 1106 1573 1131 καὶ
1590 1106 1718 1131 πιστεύε-

931 1163 976 1181 ται
995 1156 1009 1181 ὁ
1025 1155 1089 1185 Υίδς
1107 1151 1193 1186 εἶναι,
1214 1154 1260 1179 καὶ
1282 1153 1326 1179 διὰ
1343 1153 1392 1187 τῆς
1420 1153 1468 1179 διὰ
1487 1152 1565 1179 τοῦτο
1589 1152 1718 1185 σημαίνε-

931 1209 976 1227 ται
989 1201 1037 1228 καὶ
1051 1201 1097 1226 ἐπὶ
1112 1198 1158 1226 τοῦ
1175 1199 1333 1234 Πνεῦματος
1349 1207 1355 1213 ⁸
1370 1200 1424 1233 ἄρα
1442 1199 1532 1224 αἰτίαν
1551 1199 1567 1232 ἠ
1595 1197 1643 1224 διὰ
1667 1205 1719 1223 πα-

934 1246 1043 1281 ρίστησι
1057 1246 1102 1272 τὸν
1119 1245 1193 1273 Υίόν.
1219 1246 1273 1271 Καὶ
1286 1245 1339 1280 γὰρ
1353 1245 1385 1278 δὴ
1405 1244 1452 1270 καὶ
1473 1244 1562 1274 ἄλλως
1589 1243 1717 1278 φανερὸν,

932 1291 969 1323 ὡς
996 1292 1053 1322 τοῖς
1071 1292 1220 1326 αίρετικοες
1249 1291 1273 1316 οἱ
1293 1290 1450 1317 διδάσκαλοι
1477 1289 1661 1322 πολεμοῦντες
1686 1288 1718 1320 διῗ

933 1336 999 1363 Υἰοῦ
1016 1337 1126 1370 λέγουσι
1142 1336 1308 1370 γεγενῆσθαι
1330 1336 1360 1362 τὸ
1389 1335 1504 1370 Πνεῦμα
1518 1336 1549 1361 τὺ
1565 1336 1653 1368 ἅγιον,
1674 1334 1720 1361 διὰ

933 1383 963 1409 τὸ
988 1383 1082 1413 κακῶς
1102 1382 1213 1409 ἀκούειν
1239 1383 1287 1408 τοῦ
1315 1382 1532 1416 Εὑαγγελιπτοῦ,
1557 1380 1656 1407 Πάντα
1681 1381 1718 1407 δι’

933 1427 1026 1455 αὐτοῦ
1040 1427 1170 1462 ἐγένετο,
1188 1427 1326 1461 λέγοντος,
1341 1428 1388 1454 καὶ
1407 1427 1437 1453 τὸ
1453 1426 1564 1460 Πνεῦμα
1579 1427 1623 1452 διὰ
1641 1426 1720 1452 τἰὖῐο

934 1524 997 1544 cum
1008 1516 1064 1552 jam
1081 1515 1253 1543 attribuisset
1269 1515 1398 1548 Spiritui.
1416 1522 1464 1549 per
1484 1514 1582 1541 Filium
1605 1515 1719 1542 manife-

935 1563 1019 1595 stari;
1035 1566 1180 1592 creaturae.
1195 1569 1244 1596 per
1256 1561 1355 1588 Filium
1372 1566 1492 1588 creatam
1510 1561 1605 1593 fuisse,
1620 1562 1719 1589 timens

936 1615 970 1635 ne
985 1608 1047 1642 quis
1067 1613 1177 1642 propter
1193 1607 1255 1638 hoc,
1271 1607 1344 1642 quod
1360 1607 1478 1642 Spiritus
1489 1612 1517 1634 et
1532 1612 1659 1634 creatura
1672 1615 1721 1641 per

936 1654 1034 1681 Filium
1060 1661 1121 1682 esse
1149 1654 1297 1687 dicantur,
1328 1654 1452 1688 ejusdem
1480 1653 1564 1680 etiam
1594 1653 1722 1681 essentne

936 1701 1069 1736 Spiritum
1092 1709 1154 1729 cum
1180 1707 1307 1728 creatura
1329 1707 1455 1735 putaret;
1474 1700 1598 1727 mutabili
1623 1705 1651 1726 et
1671 1701 1722 1726 im-

936 1746 1061 1774 mutabili
1076 1746 1132 1774 haac
1148 1747 1183 1774 ab
1200 1747 1317 1774 invicem
1336 1746 1491 1781 distinguit,
1508 1746 1581 1780 quod
1600 1746 1722 1780 Spiritus

935 1793 1047 1827 quidem
1073 1800 1122 1828 per
1147 1793 1244 1819 Filium
1270 1792 1473 1824 manifestetur,
1502 1796 1627 1819 creatura
1656 1799 1722 1819 veru

936 1846 984 1872 per
1019 1838 1118 1865 Filium
1149 1839 1298 1870 subsistat;
1333 1838 1385 1865 hoc
1411 1845 1558 1865 commune
1587 1842 1615 1865 et
1648 1838 1720 1865 idem

937 1884 1060 1918 utrisque
1088 1890 1200 1918 putans.
1227 1883 1412 1911 distinctionis
1436 1891 1503 1911 vero
1528 1884 1613 1910 alium
1641 1891 1722 1918 repe-

936 1929 1011 1957 riens
1029 1930 1153 1962 modum,
1170 1930 1298 1957 videlicet
1315 1931 1388 1964 quod
1403 1930 1449 1957 ille
1465 1930 1576 1964 quidem
1593 1929 1723 1956 immuta-

937 1977 1012 2007 bilis.
1028 1976 1073 2002 illa
1098 1983 1164 2003 vero
1188 1975 1329 2003 mutabilis
1349 1975 1395 2002 sit.
1415 1975 1449 2001 At
1467 1975 1500 2006 si.
1527 1975 1723 2006 cum.dicitnr,

937 2022 1068 2058 Spiritum
1089 2030 1138 2056 per
1162 2021 1260 2048 Filium
1278 2021 1461 2054 manifestari,
1476 2028 1531 2047 non
1553 2021 1723 2055 signiﬁcare-

937 2074 992 2102 tur,
1010 2068 1083 2104 quod
1102 2068 1188 2095 Filius
1201 2068 1389 2094 subsistentia:
1402 2067 1522 2101 Spiritus
1538 2072 1613 2094 esset
1627 2075 1720 2096 causa.

936 2116 1168 2151 quemadmodum
1189 2123 1250 2142 cum
1267 2115 1380 2144 dicitur.
1399 2115 1531 2140 munitum
1557 2122 1605 2149 per
1621 2114 1722 2142 Filium

936 2170 997 2190 esse
1014 2162 1116 2189 factum
1133 2161 1198 2196 (hoc
1214 2161 1287 2187 cuitu
1303 2159 1448 2187 manifeste
1468 2159 1569 2187 Filium
1587 2159 1723 2194 significat

100 2216 152 2234 ltmt
167 2212 247 2234 erant
261 2207 297 2233 ab
318 2207 436 2233 invicem
461 2206 646 2241 personaliter
662 2205 804 2238 distincti;
831 2205 883 2233 hoc
901 2208 921 2235 ι)
937 2215 1047 2235 causam
1073 2207 1156 2242 esse).
1184 2207 1271 2234 facilis
1300 2211 1374 2234 esset
1402 2206 1524 2240 Spiritus
1549 2214 1564 2232 a
1593 2211 1723 2233 creatura

99 2254 172 2280 (nim
198 2252 430 2280 absurdissimum
455 2252 538 2279 etiam
556 2253 678 2286 cogitare
702 2257 754 2279 est.
778 2252 883 2279 Deinde

98 2306 159 2326 cum
174 2305 256 2331 opera
274 2300 300 2324 in
317 2303 472 2325 creaturam
490 2297 648 2325 connnunia
664 2297 794 2324 Trinitati
816 2296 881 2330 sint,

100 2351 152 2370 non
173 2342 261 2377 magis
276 2350 325 2376 per
338 2342 449 2374 Filium,
462 2350 544 2377 quam
559 2350 608 2376 per
624 2342 747 2376 seipsum
764 2342 884 2376 Spiritus

99 2394 209 2416 sanctus
225 2388 418 2419 manifestarius
435 2393 496 2415 est:
521 2389 586 2422 quin
612 2388 667 2415 imo
692 2389 782 2423 ipsum
801 2389 883 2416 etiam

101 2436 197 2463 Filium
215 2435 335 2470 Spiritus
347 2435 514 2471 gloriﬁcavit
528 2439 557 2462 et
572 2434 769 2469 manifestavit,
789 2440 817 2463 et
829 2443 884 2464 non

100 2482 189 2508 minus
209 2482 319 2511 Patrem
343 2482 471 2509 eumdem
496 2482 579 2510 etiam
599 2483 695 2510 Filius.
713 2484 803 2516 Quare
821 2491 883 2511 cum

100 2529 149 2556 hac
174 2529 280 2556 ratione
297 2537 312 2556 a
328 2530 418 2564 scipio
433 2530 518 2557 etiam
542 2529 664 2564 Spiritus
684 2530 882 2565 distinguetur,

98 2583 158 2602 cum
172 2576 294 2610 saipsum
316 2576 521 2609 manifestavit;
543 2577 607 2603 item
633 2581 662 2604 ct
685 2587 700 2604 a
725 2577 822 2611 Patre;
842 2578 884 2605 Fi-

98 2622 149 2648 lius
165 2629 274 2656 quoque
288 2626 316 2650 et
340 2628 354 2648 a
378 2622 480 2657 seipso,
505 2628 532 2649 et
553 2631 566 2649 a
587 2622 679 2655 Patre,
703 2623 737 2649 ob
757 2625 882 2651 eamdem

99 2667 243 2693 rationein.
264 2665 316 2693 Sed
334 2674 384 2693 nec
399 2667 434 2694 de
450 2668 492 2694 bis
510 2676 631 2702 unquam
647 2669 698 2695 hoc
714 2669 816 2696 dictum
829 2673 881 2701 cst,

98 2720 186 2748 neque
201 2713 237 2739 de
255 2720 286 2740 re
302 2713 382 2739 nobis
402 2713 541 2748 proposita
569 2714 642 2740 idem
665 2714 758 2742 dicere
783 2722 882 2742 conve—

98 2759 147 2785 nit.
164 2759 244 2792 Quod
262 2764 353 2786 autem
373 2761 462 2794 palam
487 2761 590 2795 arguit,
610 2761 658 2787 has
675 2761 796 2788 rationes
814 2769 882 2789 vana

98 2805 201 2840 refugi:
229 2799 392 2838 esse,‘il|ud
416 2810 469 2836 est.
495 2807 569 2842 quod
595 2807 729 2842 Spiritum
755 2813 880 2836 sanctum

98 2851 189 2879 volens
203 2859 217 2879 a
238 2855 365 2880 creatura
382 2852 492 2881 divinus
508 2853 559 2880 istc
583 2852 680 2880 doctor
697 2853 879 2889 distinguere,

936 2254 1076 2281 distinctio
1091 2263 1098 2281 :
1115 2253 1241 2280 licuisset
1264 2254 1336 2279 enim
1360 2253 1453 2279 dicere
1470 2252 1556 2286 quod,
1575 2252 1627 2279 etsi
1648 2257 1722 2278 uter-

935 2307 988 2334 quc
1002 2299 1037 2326 sit
1053 2306 1101 2333 per
1115 2298 1226 2330 Filium,
1241 2303 1367 2325 creatura
1388 2303 1478 2323 tamen
1503 2303 1545 2324 cst
1560 2296 1591 2323 ei
1608 2304 1642 2323 eo
1662 2300 1721 2323 tan-

936 2352 1017 2379 quam
1034 2350 1186 2376 causatum,
1211 2344 1331 2378 Spiritus
1351 2351 1416 2370 vero
1434 2351 1488 2370 non
1510 2348 1640 2377 tanquam
1658 2350 1721 2368 eau-

936 2395 1037 2416 satum.
1061 2389 1140 2416 Nunc
1165 2393 1256 2416 autem
1279 2389 1331 2416 hoc
1355 2397 1409 2416 non
1436 2389 1506 2415 dixit
1524 2396 1531 2415 :
1546 2388 1619 2422 quod
1647 2388 1720 2414 enim

936 2435 1042 2463 sciebat
1067 2443 1123 2462 non
1139 2443 1200 2462 esse
1223 2443 1332 2467 verum,
1352 2434 1444 2462 dicere
1469 2442 1523 2461 non
1546 2438 1606 2460 crat
1622 2440 1721 2465 suum;

936 2482 984 2510 sed
1000 2482 1286 2509 alium'distinctionis
1303 2482 1413 2509 modum
1430 2481 1547 2513 invenit,
1565 2480 1614 2514 qui
1634 2480 1658 2506 ei
1680 2487 1724 2506 rc-

936 2535 983 2556 rus
996 2528 1071 2556 visus
1086 2533 1139 2559 est,
1154 2533 1181 2555 et
1203 2528 1250 2563 qui
1276 2529 1351 2555 solus
1379 2527 1496 2554 inveniri
1522 2530 1623 2560 potest.
1640 2525 1723 2559 Igitur

936 2575 1094 2609 praepositio
1118 2583 1165 2610 per
1193 2575 1264 2602 idem
1291 2578 1400 2610 potest.
1429 2582 1491 2601 cum
1522 2573 1626 2600 dicitur
1646 2572 1721 2606 quod

936 2620 1058 2654 Spiritus
1079 2629 1126 2655 per
1144 2620 1244 2647 Filium
1263 2621 1475 2652 manifestatur;
1500 2619 1575 2654 quod
1594 2626 1655 2646 cum
1678 2618 1722 2644 di-

936 2667 1024 2694 citnus
1057 2672 1211 2694 creaturam
1240 2675 1286 2702 per
1313 2667 1411 2694 Filium
1441 2674 1501 2694 esse
1531 2666 1643 2694 factam.
1668 2664 1722 2692 Sed

935 2718 1070 2741 crcatur.e
1094 2721 1205 2740 causam
1225 2713 1345 2741 dicitnus
1366 2717 1392 2741 et
1409 2713 1551 2740 credimus
1566 2712 1678 2744 Filium,
1694 2716 1723 2738 et

935 2760 988 2788 hoc
1015 2760 1149 2796 significat
1181 2760 1342 2796 praepositio
1367 2768 1414 2795 per
1438 2767 1447 2786 :
1475 2760 1559 2794 igitur
1577 2759 1659 2786 etiam
1687 2757 1723 2785 de

935 2807 1039 2843 Spiritu
1063 2807 1119 2842 ipsa
1141 2806 1278 2843 significat
1299 2805 1400 2833 Filium
1421 2813 1531 2832 causam
1560 2813 1631 2833 esse.
1649 2806 1723 2832 Prae-

936 2859 1012 2882 terea
1027 2857 1100 2890 patet
1117 2855 1190 2889 quod
1207 2854 1271 2889 quia
1289 2852 1410 2881 haeretici
1437 2859 1486 2888 per
1513 2852 1613 2880 Filium
1633 2851 1718 2879 fuisse
