1916 3066
139 231 192 263 διδ

615 212 759 263 ORATlO
780 231 999 263 DOGMATICA
1022 231 1098 262 PRO
1118 208 1280 264 UNIONE.

1707 231 1779 264 586'

139 287 213 312 ὶστιν
227 285 324 318 αἴτιον,
349 283 405 312 οἷον
419 286 436 321 ἠ
452 285 497 319 ἐκ,
530 285 629 321 δηλοῦν
638 287 763 322 βούλεται
791 287 876 322 ταύτῃ
887 294 929 313 τοι
944 287 969 315 A‘
981 296 1027 314 σεν
1041 287 1174 322 ἀπολογία
1190 289 1247 319 τοῖς
1258 287 1422 322 κακούργως
1443 286 1570 314 ἐντεῦθεν
1594 286 1765 322 έπιχειροῦσι

140 331 188 366 τὴν
204 331 254 365 μὲν
266 330 394 365 τοιαύτην
406 331 495 358 αἰτίαν
509 332 665 367 ἀρνοῦνται,
680 332 728 367 τὴν
756 332 806 359 διὰ
831 332 860 359 δὲ
878 332 927 367 μό-

140 384 185 403 νον
198 376 368 411 ἀπονέμουσι
385 376 424 411 τῷ
439 377 509 411 Υἰῷ,
525 377 559 404 δι’
575 374 609 413 ἧς
623 378 654 404 τὸ
667 379 805 405 συναίτιον
817 378 928 409 πάντως

141 421 277 456 δηλοῦται.
294 422 344 448 Διὰ
355 422 409 458 γὰρ
425 423 456 449 τὺ
471 423 506 449 δι’
517 418 605 450 αὑτοῦ
625 423 764 458 προϊέναι,
788 424 854 458 φησί
868 424 928 451 Μά-

142 467 230 502 ξιμος,
244 468 275 494 τδ
299 468 410 503 Πνεῦμα
429 468 461 495 τδ
486 467 576 502 ἅγιον,
606 466 677 504 ὅπερ
705 469 823 505 ἀλλαχοῦ
846 469 947 504 φηςιινΔ

141 512 222 545 αὐτὸς
243 513 446 549 ἔκποριύεσοαι
462 513 497 541 δι’
515 514 599 542 αὐτοῦ
610 533 618 547 ,
635 515 666 548 EE
686 514 768 542 αὑτοῦ
781 515 857 550 παρᾲ
874 516 929 541 τῶν

148 559 294 594 Ῥωμαίων
321 558 523 594 έκποριῦεσθαι
537 559 666 594 λέγεται·
692 560 741 586 καὶ
756 561 769 587 ὀ
783 549 930 595 Δαμασκη-

143 604 199 638 νὸς,
213 606 246 632 ὲκ
258 606 367 640 Πατρὸς
384 605 418 633 δι’
434 605 502 632 Υἰοῦ
518 604 728 640 ἐκπορεύεσθαι.
747 606 781 632 Ἀ
800 605 929 641 καθαρῶς

143 651 235 678 αἰτίαν
249 649 415 686 σημαίνουσι
426 651 471 679 τὸν
482 651 558 684 Υἰδν,
573 651 634 679 οίαν
646 652 694 680 καί
707 652 722 678 ὁ
735 652 840 687 Πατὴρ,
852 652 929 679 οὐδὲν

143 697 198 732 γὰρ
212 696 290 735 παρὰ
308 697 348 732 τῷ
362 697 421 733 Υἰῷ
440 697 550 730 ἀτελὲς,
565 697 590 724 εἰ
605 699 653 725 καὶ
670 697 709 733 μὴ
719 690 853 733 ’ἀρχοειδῆ
864 697 930 724 ταΰ-

143 749 215 777 την,
240 742 308 778 μηδι
339 743 603 778 προκαταρκτικὴν
631 742 713 769 τοῦτο
737 743 793 778 γὰρ
814 743 931 776 δεδιότες

144 787 327 823 ἁπαρνοῦνται
341 787 397 814 ἀπὸ
412 787 461 814 τοῦ
478 787 545 814 Υίοῦ
567 789 617 818 τὴν
637 787 738 820 αἰτίαν,
769 788 818 815 καί
842 787 931 820 ἄλλως

144 841 185 865 τε,
201 833 268 861 διᾶτι
293 833 382 861 πάντα
397 834 447 861 ὅσα
461 834 476 861 6
500 834 564 866 Υἰδς
580 833 648 869 έχιι,
664 834 743 869 παρὰ
756 834 803 861 τοῦ
825 835 930 870 Πατρδς

144 879 202 915 ἔχει
219 878 380 912 mamma
392 880 432 912 εἰς
446 879 494 907 τὸν
509 880 621 916 Ιῐατέρα
641 881 677 907 τὰ
693 879 778 907 αὐτοῦ
796 880 931 916 ἀναφέρεσ-

144 933 191 952 1st
209 924 311 957 πάντα,
335 924 427 957 καθὼς
452 926 505 953 καὶ
523 927 538 953 ὁ
566 925 655 961 μέγας
672 925 815 958 Βασίλειος
844 926 875 952 ὲν
891 925 931 961 τῷ

145 970 230 1005 ὀγδόῳ
257 971 313 998 τῶν
328 971 398 1006 πρὸς
422 970 601 1007 Ἀμφιλόχιον
621 968 762 1008 κεφαλαίῳ
782 972 868 1008 φησί’
881 971 931 999 Διὰ
946 962 969 992 Β

143 1015 223 1042 τοῦτό
236 1024 319 1051 φησιν
334 1017 348 1043 ὸ
374 1016 477 1052 Κύριος
505 1018 574 1053 πρὸς
589 1017 635 1044 τδν
650 1017 761 1052 Πατέρα
772 1025 778 1032 ·
815 1017 854 1044 Τὰ
874 1016 931 1052 ἐμὰ

144 1061 244 1089 πάντα
259 1060 306 1089 σά·
320 1063 410 1095 εἰσιν,
427 1062 465 1095 ὥς
480 1063 525 1089 ἐπ’
536 1063 620 1090 αὐτον
635 1062 686 1098 τῆς
706 1062 797 1098 ἀρχῆς
809 1062 865 1089 τῶν
880 1062 927 1098 δη-

147 1108 361 1144 μιουργημὸτων
375 1107 558 1144 ἁνατομένης.
593 1108 674 1135 Ἀλλὰ
688 1109 737 1135 καὶ
769 1108 783 1134 ὁ
798 1107 930 1142 Θιολόγος

145 1153 299 1190 Γρητόριος
319 1155 349 1181 ὲν
374 1154 498 1190 τῷλόγῳ
522 1153 564 1190 τῷ
586 1154 627 1186 εἰς
642 1153 688 1181 τδν
704 1153 862 1180 κατάπλουν
875 1153 931 1180 τῶν

146 1199 315 1234 Αἰγυπτίων,
330 1199 407 1232 Θεὸς,
421 1200 515 1235 φησὶν,
532 1200 561 1227 iv
571 1200 661 1234 τρισὶν
678 1199 785 1226 [σταται
804 1199 862 1230 τοῖς
879 1206 931 1233 με-

146 1246 261 1281 γίστοις,
277 1246 368 1282 αἰτίῳ,
384 1246 436 1273 καὶ·
454 1246 625 1281 δημιουργῷ,
641 1245 690 1272 καὶ
700 1244 873 1279 τελειοποιῷ,
891 1243 932 1280 τῷ

147 1294 232 1328 [lupi
259 1294 343 1328 λέγω,
363 1294 412 1321 καὶ
428 1293 467 1329 τῷ
482 1292 551 1328 Υἰῷ,
567 1292 614 1319 καὶ
627 1291 667 1327 τῷ
691 1291 762 1327 ἁγίῳ
779 1290 930 1325 Πνιύματι.

147 1338 240 1366 Ταῦτα
253 1338 282 1365 δὲ
296 1337 385 1372 ελεγι,
401 1338 432 1364 οὐ
448 1338 557 1368 πάντως
568 1336 617 1363 τοῦ
634 1335 702 1363 Υἰοῦ
722 1337 770 1372 καὶ
786 1335 834 1362 τοῦ
848 1335 932 1362 Πνεύ-

148 1393 233 1420 ματος
251 1385 300 1420 τὴν
325 1384 381 1412 τῶν
406 1385 475 1411 ὅλων
501 1383 629 1418 ἀφαιρῶν
655 1382 759 1416 αἰτίαν,
786 1381 866 1409 τοῦτο
878 1383 933 1417 γὰρ

148 1430 308 1466 βλάσφημον
321 1431 369 1457 καὶ
390 1429 473 1465 μόνον
489 1430 629 1464 ἐννοῆσαι,
644 1429 714 1456 ἀλλὰ
730 1427 769 1463 τῷ
786 1427 873 1462 llath
885 1427 934 1462 μό-

147 1485 185 1509 νῳ
198 1477 306 1511 ταύτην
327 1475 485 1511 ἀπονέμων,
509 1475 557 1502 καὶ
577 1474 675 1501 τοῦτον
704 1473 767 1499 κατ’
794 1471 934 1507 ἰξαίρετον

147 1522 239 1549 αἰτίαν
254 1521 354 1554 καλῶν,
371 1521 416 1548 διὰ
442 1521 473 1548 τὸ
488 1520 594 1548 ἱκείθεν
611 1521 670 1551 τοίς
692 1519 836 1554 ὁμοτίμοις
856 1518 934 1553 ἥκειν

148 1570 305 1605 προσώποις
321 1568 374 1595 πᾶν
387 1567 456 1602 ὅπερ
472 1566 505 1594 ἂν
516 1566 615 1602 ιχοιεν.
633 1564 715 1596 Ἦτις
738 1565 770 1592 ἂν
784 1564 832 1592 οῦν
848 1564 932 1599 ἦρκε-

149 1658 238 1686 buunt
257 1657 336 1690 Filio,
355 1664 404 1692 per
423 1663 504 1691 quam
519 1654 602 1683 simul
618 1661 681 1682 eum
695 1659 758 1681 cum
772 1652 853 1680 Patre
868 1658 935 1679 eau-

149 1712 206 1733 sam
220 1704 280 1732 sive
306 1703 473 1739 principium
495 1701 615 1737 Spiritus
637 1699 725 1728 sancti
744 1705 805 1726 esse
833 1697 938 1732 signiﬁ¢

149 1755 240 1778 catur.
253 1749 323 1783 Quia
337 1749 423 1781 enim,
440 1748 530 1783 inquit
544 1747 687 1785 Maximus,
704 1753 754 1781 per
767 1752 832 1772 eum
845 1744 939 1779 prodit

150 1796 270 1832 Spiritus
283 1799 396 1824 sanctus
404 1793 442 1830 (id
455 1790 514 1825 est.
527 1797 557 1820 ut
573 1792 640 1819 alibi
657 1791 725 1818 dicit
741 1791 812 1817 idem
830 1787 936 1822 doctor,

150 1843 214 1878 quia
232 1850 282 1878 per
300 1849 364 1870 eum
384 1839 530 1876 procedit),
553 1838 614 1866 ideo
631 1845 646 1865 a
670 1837 801 1864 Romanis
820 1843 854 1863 ex
868 1836 937 1863 Filio

151 1888 263 1923 prodire
280 1887 382 1915 dicitur
393 1895 402 1913 ι
414 1889 442 1913 et
457 1884 653 1913 Damascenus.
668 1882 707 1909 Ex
719 1881 799 1908 Patre
823 1888 872 1916 per
894 1880 938 1907 Ph-

149 1934 220 1961 lium
233 1932 366 1969 procedit.
378 1931 443 1964 Qua
454 1929 546 1958 omnia
569 1933 664 1964 aperte
683 1927 782 1955 Filium
802 1926 883 1954 etiam
901 1926 939 1954 si-

150 1980 283 2016 gniﬁcant
305 1985 416 2006 causam
449 1977 507 2003 sive
536 1974 706 2010 principium
729 1979 808 2006 esse,
832 1977 860 1999 et
885 1972 939 1999 tale

152 2025 329 2060 principium,
347 2023 438 2058 qualis
454 2026 496 2049 est
512 2021 604 2053 Pater,
628 2026 692 2047 cum
717 2018 787 2046 nihil
811 2016 939 2052 imperfe-

152 2077 226 2100 ctum
239 2072 312 2107 apud
329 2070 428 2098 Filium
442 2070 488 2102 sit,
502 2075 656 2104 quanquam
676 2074 731 2094 non
749 2065 951 2100 principalem,

153 2127 203 2147 nec
215 2117 374 2155 propriam;
392 2117 427 2143 ob
450 2116 502 2143 hoc
518 2115 592 2142 enim
607 2118 752 2144 caventes,
780 2116 879 2146 negant
895 2109 940 2137 Fi-

153 2167 220 2194 lium
234 2172 343 2193 causam
357 2171 429 2195 esse,
447 2167 475 2189 et
492 2163 556 2197 quia
567 2161 660 2188 omnia
674 2165 844 2195 quaecunque
854 2157 940 2184 Filius

154 2213 272 2244 habet,a
285 2211 367 2239 Patre
382 2209 475 2241 habet,
491 2212 519 2235 et
535 2207 568 2235 ad
583 2214 646 2235 eum
661 2205 753 2233 omnia
771 2203 939 2235 referuntur,

154 2260 384 2297 quemadmodum
409 2264 436 2286 et
469 2262 580 2284 sanctus
607 2255 727 2283 Basilius
740 2253 766 2281 in
783 2258 882 2280 octavo
905 2251 942 2278 ad'

978 333 1025 360 106
1041 333 1106 360 Υἰοῦ
1121 334 1168 360 καὶ
1191 333 1238 360 τοῦ
1252 332 1411 367 Πνεῦματος
1437 332 1486 367 τὴν
1503 331 1558 359 τῶν
1571 331 1657 359 δντων
1672 331 1764 359 αἰτίαν

979 379 1088 413 ἀφελεῖν
1100 379 1144 406 διὰ
1158 378 1188 405 τὺ
1199 378 1244 405 τὸν
1268 379 1378 413 Πατέρα
1404 377 1495 411 λέγειν
1520 378 1606 403 αἰτιον
1622 376 1669 404 τὸν
1687 376 1764 403 διδά-

980 425 1089 458 σκαλον,
1102 424 1164 459 οὐχὶ
1178 424 1207 451 δὲ
1221 424 1269 451 καὶ
1283 424 1328 450 τὸν
1340 424 1405 450 Υἰδν
1418 423 1465 449 καὶ
1477 423 1508 449 τδ
1523 422 1653 457 Πνεῦμα·
1667 423 1682 458 ἡ
1694 422 1765 458 αὑτὴ

979 472 1026 498 καὶ
1041 470 1088 498 νῦν
1103 470 1216 506 ἀρκέσει
1230 471 1285 502 τοῖς
1301 469 1339 505 μὴ
1354 468 1460 496 ποιοῦσι
1475 468 1521 494 τὸν
1534 468 1598 494 Υἰδν
1610 468 1700 499 αἰτίαν
1717 466 1764 494 τοῦ

978 517 1138 552 Πνεῦματος
1154 516 1198 544 διὰ
1214 517 1245 544 τὸ
1260 517 1306 544 τδν
1330 516 1381 550 μὲν
1399 515 1590 550 Δαμασκηνδν,
1609 514 1766 550 μνησθέντα

978 562 1026 590 τοῦ
1040 563 1068 596 ἐξ
1083 562 1148 589 Υἰοῦ
1165 562 1202 597 μὴ
1213 561 1283 589 εἶναι
1295 562 1326 588 τὸ
1343 561 1467 602 Πνεῦμα,
1480 562 1561 596 μόνον
1578 561 1664 587 αἰτιον
1678 561 1768 587 εἰπεῖν

978 609 1024 637 τδν
1043 609 1172 644 Πατέρα·
1201 608 1246 635 τὸν
1271 609 1301 635 δὶ
1316 608 1443 643 Μάξιμον
1466 608 1579 635 εἰπόντα
1608 606 1674 642 περὶ
1703 607 1769 634 Ῥω-

981 655 1079 691 μαίων.
1094 656 1126 682 ix
1138 654 1185 682 106
1199 653 1264 681 Υίοῦ
1283 655 1375 688 λέγειν
1389 654 1419 681 1h
1433 653 1558 688 Πνεῦμα,
1573 653 1632 681 ἀλλ’
1649 653 1701 688 οὐχ
1726 652 1765 683 ὡς

979 699 1010 732 ἐξ
1022 699 1108 727 αἰτίου
1125 699 1220 735 φάναι,
1244 699 1350 732 εἰδότας
1364 699 1413 735 μιν
1424 699 1519 734 ἥντινα
1535 699 1552 734 ἡ
1582 699 1768 734 ἐπισημαίνει

979 744 1069 773 αἰτίαν
1082 764 1090 777 ,
1110 743 1239 779 τοιαύτην
1257 745 1286 771 δὲ
1314 745 1352 780 μὴ
1385 745 1598 780 συγχωροῦντας
1625 745 1673 771 τὸν
1702 744 1768 770 Υἱὸν

980 787 1063 822 εἶναι,
1080 788 1125 816 διὰ
1149 789 1181 816 τδ
1204 789 1292 816 πάντα
1306 788 1389 816 αὐτὸν
1418 790 1494 825 παρὰ
1511 788 1559 816 τοῦ
1573 789 1681 825 Πατρὸς
1694 789 1768 823 ἔχειν

979 834 1105 867 λαϐόντα,
1120 834 1149 866 ὃς
1164 835 1223 861 ἐστι
1237 833 1317 869 μόνος
1330 834 1474 870 ἀρχοειδὴς
1499 834 1576 861 αἰτία
1596 835 1644 862 καὶ
1658 834 1767 870 πρώτη,

980 881 1028 907 καὶ
1040 879 1101 907 οῐαν
1123 880 1141 915 ἢ
1163 880 1197 907 ἐκ
1211 880 1323 907 δύναται
1334 880 1528 915 παριστάνειν,
1553 880 1636 912 αῦτὺς
1654 880 1705 915 μὶν
1720 879 1768 914 ἀιίί

981 925 1078 953 ἑαυτοῦ
1097 925 1187 954 πάντα
1201 926 1273 962 ἔχων
1288 927 1335 952 καί
1361 925 1510 966 οὐδαμόθεν
1522 926 1646 959 ᾶλλτθιν,
1667 926 1725 953 τῶν
1739 926 1770 953 δὲ

982 972 1029 999 τοῦ
1043 972 1108 1000 Υἰοῦ
1121 973 1231 1000 πάντων
1258 973 1326 1008 πρδς
1340 974 1446 999 ἒκεῖνον
1468 972 1693 1008 ἀναφερομένων,
1719 971 1768 999 su

983 1018 1030 1045 καὶ
1041 1018 1106 1053 παρ’
1120 1018 1204 1045 αὐτοῦ
1220 1018 1330 1053 ἔχοντος
1349 1018 1450 1050 πάντα,
1477 1018 1525 1046 καὶ
1538 1017 1583 1044 διὰ
1598 1017 1769 1045 τοῦτοηιίκμό-

982 1072 1036 1096 τως
1050 1063 1096 1090 τοῦ
1112 1063 1219 1099 Πατρδς
1232 1063 1395 1098 λεγομένων
1416 1063 1471 1090 τῶν
1485 1061 1533 1090 τοῦ
1550 1062 1631 1096 Υίοῦ,
1643 1062 1682 1095 ὡς
1696 1063 1770 1089 ἐκεῖ.

983 1110 1031 1137 θιν
1049 1109 1174 1144 ἡκόντων
1187 1109 1272 1145 αὐτῷ.
1281 1110 1343 1140 Καὶ
1359 1109 1415 1144 γὰρ
1433 1109 1465 1144 δὴ
1476 1109 1523 1136 καὶ
1538 1109 1608 1140 ὅλως
1618 1109 1649 1136 οὐ
1664 1108 1769 1135 δύναιτ’

982 1156 1015 1184 ἄν
1030 1164 1072 1188 τις
1094 1155 1132 1191 μὴ
1142 1155 1234 1190 λέγειν
1252 1155 1344 1182 αἰτίαν
1355 1156 1404 1182 καὶ
1418 1154 1544 1182 ὁπωσοῦν
1564 1154 1611 1181 τδν
1635 1154 1711 1186 Υἰδν,
1736 1153 1782 1180 διν

983 1201 1068 1228 αὐτοῦ
1083 1201 1172 1235 λέγων
1182 1201 1212 1228 τὺ
1225 1201 1341 1236 Πνεῦμα
1358 1201 1389 1228 τὺ
1404 1200 1484 1235 ἅγιον
1505 1199 1720 1236 ἐκπορεύεσθαι.
1739 1199 1771 1225 Εἰ

983 1249 1039 1284 γὰρ
1052 1248 1082 1276 τδ
1098 1248 1148 1283 μὲν
1164 1248 1208 1276 διὰ
1226 1248 1274 1275 τοῦ
1291 1248 1356 1275 Υίοῦ
1379 1247 1589 1282 ἐκπορεύεσθαι,
1611 1247 1658 1273 καὶ
1674 1246 1772 1281 προϊέ-

983 1302 1038 1327 ναι,
1057 1294 1104 1320 καί
1118 1291 1198 1326 εῐνσι,
1215 1294 1246 1320 τὸ
1262 1293 1297 1320 δι’
1310 1292 1376 1320 Υἰοῦ
1390 1293 1441 1328 τὴν
1458 1292 1578 1328 ὕπαρξιν
1597 1291 1670 1328 εχνιν
1683 1291 1771 1327 δηλοῖ,

984 1339 1021 1371 ὡς
1038 1339 1085 1366 καὶ
1098 1338 1173 1374 παρὰ
1184 1338 1239 1365 τῶν
1252 1338 1450 1372 ἀντιλεγόντων
1462 1337 1553 1365 αὐτῶν
1571 1338 1770 1372 συγχωρεῖται,

985 1385 1023 1421 μὴ
1040 1385 1196 1419 δυναμένων
1219 1383 1392 1411 ἀντιϐλέπειν
1417 1383 1488 1419 πρδς
1504 1384 1539 1410 τὰ
1569 1382 1772 1418 φανερώτατα·

983 1429 1104 1457 τοῦτοδὲ
1127 1429 1254 1463 λέγοντες
1280 1429 1305 1455 οἰ
1323 1428 1490 1461 διδάσκαλοι,
1516 1427 1580 1455 οὗτε
1604 1428 1654 1464 τὴν
1669 1428 1710 1459 είς
1724 1427 1772 1454 τὺν

984 1475 1115 1511 αἰσθητὸν
1140 1474 1247 1502 τουτονὶ
1276 1475 1379 1510 κόσμον
1409 1474 1457 1501 τοῦ
1480 1474 1642 1509 Πνεύματος
1656 1473 1789 1509 δηλοῦσι.

985 1523 1150 1558 φανέρωσιν,
1166 1521 1228 1549 οῦτε
1246 1520 1311 1555 περὶ
1331 1522 1514 1556 χαρισμάτων
1530 1520 1613 1547 τινῶν
1627 1519 1771 1546 ποιοῦνται
1785 1542 1787 1544 .

984 1568 1030 1596 τὸν
1042 1567 1132 1603 λόγον,
1150 1567 1220 1595 ἀλλὰ
1232 1568 1282 1602 τῆς
1296 1567 1341 1594 τοῦ
1360 1567 1520 1602 Πνεύμάτος
1532 1566 1711 1598 ὑποστάσεως
1723 1566 1773 1593 καὶ

986 1649 1119 1694 negarent
1132 1657 1232 1686 Filium
1247 1661 1275 1685 et
1296 1655 1434 1692 Spiritum
1444 1659 1576 1684 sanctum
1588 1663 1697 1683 causam
1711 1663 1780 1683 esse.

986 1708 1175 1732 creaturarum
1191 1711 1198 1729 :
1217 1703 1275 1738 ipsa
1290 1702 1385 1730 eadem
1401 1702 1456 1730 illis
1471 1701 1596 1733 sullicict,
1612 1701 1660 1736 qui
1673 1699 1772 1728 Filium

986 1756 1041 1776 non
1053 1755 1113 1776 esse
1129 1746 1241 1775 cahsam
1255 1746 1375 1782 Spiritus
1389 1750 1505 1782 ponunt.
1526 1746 1626 1773 Eadem
1640 1745 1713 1773 enim
1728 1752 1774 1771 ra-

988 1794 1062 1821 tione
1080 1798 1109 1821 et
1130 1793 1326 1826 Damascenus,
1343 1799 1406 1819 cum
1433 1792 1536 1828 diceret
1553 1792 1690 1826 Spiritum
1717 1800 1774 1819 non

987 1847 1048 1868 esse
1060 1838 1191 1870 ex.Filio.
1208 1838 1312 1866 addidit
1325 1847 1332 1865 :
1351 1837 1432 1866 Solus
1443 1838 1517 1865 enim
1531 1838 1612 1865 Pater
1631 1842 1774 1864 causaest.

988 1885 1022 1912 Et
1038 1884 1171 1911 Maximus
1182 1883 1276 1911 dicens
1294 1883 1327 1910 de
1342 1883 1472 1911 Romanis
1483 1904 1490 1917 ,
1506 1882 1579 1918 quod
1593 1890 1626 1910 ex
1640 1883 1710 1909 Filio
1732 1890 1775 1910 as-

988 1935 1112 1958 sererem
1136 1929 1267 1964 Spiritum
1289 1928 1411 1964 prodire.
1442 1928 1580 1956 Noncum
1594 1935 1704 1956 causam
1729 1936 1777 1964 po-

989 1979 1070 2006 nunt.
1095 1975 1143 2006 ait.
1170 1982 1232 2002 cum
1261 1974 1364 2001 scirent
1382 1974 1503 2008 quidem,
1530 1974 1640 2008 qualem
1664 1981 1775 2002 causam

989 2021 1125 2057 signiticet
1141 2028 1192 2049 et:
1210 2020 1289 2047 talem
1304 2019 1405 2047 Filium
1429 2027 1490 2046 esse
1506 2019 1619 2047 minime
1639 2019 1776 2047 concede-

991 2072 1068 2100 rent;
1086 2067 1187 2102 quippe
1206 2066 1253 2101 qui
1268 2065 1359 2092 omnia
1370 2072 1431 2100 qua:
1445 2065 1529 2092 habet
1543 2072 1558 2092 a
1568 2065 1651 2093 Patre
1664 2065 1776 2101 accipit,

990 2113 1036 2148 qui
1057 2112 1132 2139 solus
1150 2111 1235 2145 prima
1262 2115 1290 2137 et
1312 2109 1472 2145 principalis
1488 2117 1570 2138 causa
1589 2115 1648 2143 est,
1666 2111 1775 2145 qualem

990 2157 1050 2193 ipsa
1069 2165 1101 2184 ea:
1115 2156 1262 2191 signiﬁcat,
1273 2163 1335 2184 cum
1352 2155 1410 2191 ipse
1424 2155 1535 2191 quidem
1549 2163 1564 2183 a
1581 2156 1672 2190 seipse
1684 2157 1787 2184 omnia-

991 2204 1103 2236 liabeat,
1122 2202 1209 2230 Filius
1222 2210 1288 2230 vero
1301 2210 1316 2229 a
1331 2201 1421 2230 Patre.
1433 2202 1468 2229 Et
1482 2202 1542 2230 idco
1556 2210 1611 2230 non
1627 2203 1714 2240 prima
1726 2211 1777 2231 nec

992 2250 1149 2285 principalis
1160 2257 1241 2276 causa
1254 2253 1306 2281 est.
1320 2253 1363 2276 est
1379 2254 1468 2276 tamen
1486 2257 1567 2277 causa
1581 2270 1589 2282 ,
1603 2249 1661 2277 sive
1677 2249 1779 2284 princi-

155 2295 376 2344 Amphilochium
392 2305 511 2340 capitulo
530 2304 588 2331 ait:
616 2303 680 2330 Ideo
704 2299 978 2336 inquitDominusj)
994 2297 1069 2332 piunt
1095 2295 1215 2332 Spiritus
1239 2302 1322 2322 unum
1354 2299 1382 2321 et
1413 2295 1485 2322 idem
1514 2302 1575 2322 cum
1604 2295 1698 2328 Patre;
1727 2303 1778 2323 nec

155 2355 188 2382 ad
209 2354 318 2382 Patrem
337 2360 345 2379 :
375 2351 432 2379 Mea
457 2350 546 2377 omnia
563 2353 608 2375 tua
638 2352 711 2380 sunt.
730 2347 794 2381 quia
817 2346 851 2373 ad
877 2352 940 2372 eum

101 2414 106 2419 ~
140 2395 321 2437 'principium
336 2401 524 2424 creaturarum
552 2394 680 2422 refertur.
701 2393 734 2420 Et
751 2391 942 2419 Nalianzenus

155 2448 182 2475 in
198 2452 327 2475 sermone
345 2444 378 2471 ad
395 2442 554 2479 Egyptios:
581 2441 669 2473 Deus,
689 2439 789 2473 inquit,
805 2437 892 2464 tribus
914 2437 941 2463 in

156 2492 283 2521 maximis
302 2489 444 2518 consistit:
460 2494 553 2519 causa,
569 2490 705 2516 creatore,
718 2489 746 2511 et
764 2483 941 2518 perﬁcientc;

155 2539 238 2566 Patre
251 2536 390 2568 videlicet,
401 2534 481 2565 Filio,
496 2537 524 2560 et
539 2531 643 2567 Spiritu
659 2535 764 2557 sancto.
776 2529 942 2556 "secantem

159 2585 278 2616 dicebat,
288 2589 345 2610 non
361 2581 425 2616 quia
440 2579 552 2607 omnino
568 2577 695 2612 negabat.
706 2575 805 2602 Filium
817 2578 845 2601 et
857 2573 944 2608 Spiri-

161 2635 218 2658 tum
232 2633 356 2657 sanctum
366 2634 425 2654 esse
440 2624 605 2661 principium
616 2623 673 2650 sive
684 2628 794 2650 causam
805 2624 944 2646 creatura-

160 2675 289 2710 rum(lioc
297 2673 371 2701 enim
381 2671 494 2706 impium
503 2674 545 2698 est
554 2667 747 2705 cogitare),sed
762 2666 825 2701 quia
835 2665 944 2710 Patrem

160 2709 250 2750 solum
262 2719 425 2754 simpliciter
433 2715 621 2752 principaliter
639 2721 748 2741 causam
759 2719 820 2739 esse
830 2709 944 2742 sciebat,

161 2772 189 2796 et
203 2768 237 2794 ab
251 2774 285 2793 eo
303 2765 401 2793 Filium
417 2768 445 2792 et
460 2763 592 2798 Spiritum
609 2765 731 2787 sanctum
744 2759 846 2785 habere
863 2755 944 2792 quid-

161 2813 229 2849 quid
244 2810 431 2843 habent.Qu:e
444 2815 509 2843 ergo
524 2806 666 2841 responsio
679 2803 832 2832 suﬁ‘ecisset
847 2807 943 2829 contra

163 2847 360 2894 quoscunque.
383 2856 429 2890 qui
451 2863 481 2882 ex
498 2855 541 2881 his
565 2852 659 2879 verbis
686 2850 807 2878 doctoris
821 2856 875 2875 non
902 2847 946 2875 Fi-

162 2906 241 2935 lium.
258 2911 308 2931 ncc
332 2902 477 2937 Spiritum,
498 2900 545 2928 sed
567 2896 817 2937 Patremponcntis
833 2901 944 2922 causam

164 2958 362 2984 creaturarum,
390 2949 506 2985 maligne
529 2954 646 2984 arguere
668 2945 802 2978 volentes,
827 2943 945 2972 tomiiter

991 2342 1135 2378 quisquam
1155 2341 1207 2368 hoc
1225 2340 1337 2368 omnino
1361 2347 1459 2375 negare
1478 2341 1588 2375 poterit,
1619 2349 1668 2375 per
1702 2348 1777 2374 eum,

991 2389 1106 2416 audiens
1121 2388 1248 2415 doctores
1263 2387 1397 2420 dicentes,
1417 2386 1552 2420 Spiritum
1575 2390 1698 2413 sanctum
1713 2394 1779 2421 pro~

992 2435 1102 2463 cedere.
1115 2433 1143 2461 Si
1152 2433 1225 2460 enim
1239 2440 1294 2468 per
1302 2432 1400 2460 Filium
1428 2431 1588 2466 procedere,
1602 2431 1724 2466 prodire,
1746 2431 1780 2459 ἐι

993 2488 1063 2513 esse,
1086 2479 1137 2514 ipsi
1156 2486 1264 2515 quoque
1291 2478 1453 2510 adversarii,
1476 2485 1530 2505 non
1544 2477 1666 2505 valentes
1685 2481 1779 2512 aperte

993 2525 1103 2553 veritati
1130 2524 1331 2556 contradicere,
1347 2523 1503 2558 concedunt
1525 2522 1597 2550 idem
1613 2522 1779 2557 signiﬁcare,

993 2579 1025 2599 ac
1043 2571 1065 2599 si
1085 2571 1223 2598 diceretur
1241 2578 1289 2605 per
1306 2569 1404 2596 Filium
1429 2569 1530 2597 habere
1550 2569 1756 2596 subsistentiam
1771 2577 1778 2595 :

994 2617 1046 2645 hoc
1060 2622 1152 2644 autem
1168 2616 1292 2644 dicentes
1307 2615 1446 2648 doctores,
1461 2622 1512 2642 nec
1529 2615 1779 2642 manifestationem

995 2663 1113 2698 Spiritus
1134 2661 1168 2689 ad
1183 2662 1255 2689 hunc
1270 2661 1429 2688 sensibilem
1451 2660 1583 2688 mundum
1614 2660 1779 2695 signiﬁcant,

995 2716 1046 2736 nec
1060 2708 1094 2736 de
1108 2707 1202 2743 gratiis
1217 2711 1245 2735 et
1257 2707 1336 2734 donis
1351 2706 1481 2741 Spiritus,
1500 2705 1548 2733 sed
1567 2705 1676 2740 devipsa
1690 2706 1776 2742 hypo-

995 2755 1060 2782 stasi
1073 2754 1193 2789 Spiritus
1215 2757 1243 2781 et
1263 2753 1323 2789 ejus
1340 2758 1441 2779 aeterna
1455 2751 1629 2779 emanatione
1661 2756 1690 2779 et
1705 2751 1780 2784 exsi-

997 2801 1097 2830 stentia
1109 2801 1262 2836 loquuntur
1279 2806 1286 2826 :
1311 2807 1359 2826 nec
1383 2799 1434 2825 ista
1448 2798 1605 2834 prapositio
1622 2805 1685 2832 per,
1708 2798 1779 2824 idem

996 2848 1069 2884 quod
1085 2847 1240 2884 praepositio
1269 2854 1329 2874 cum
1348 2846 1389 2880 (ut
1416 2845 1604 2881 probavimus)
1631 2844 1778 2880 signiﬁcat,

997 2895 1102 2928 adqnze
1117 2893 1243 2929 refugere
1259 2893 1347 2920 solent
1364 2891 1512 2919 adversarii
1527 2900 1533 2918 :
1552 2891 1617 2927 quid
1636 2890 1709 2918 aliud
1733 2896 1777 2915 re-

998 2939 1143 2975 linquitur;
1161 2938 1211 2966 nisi
1237 2944 1267 2966 ut
1290 2946 1335 2973 per
1352 2937 1487 2973 signiﬁcet
1504 2944 1614 2965 causam
1631 2935 1688 2964 sive
1703 2932 1778 2968 prin-
