1916 3066
126 174 190 213 589

614 186 759 217 ORATIO
781 185 998 219 DOGM.\TtCA
1019 189 1093 220 PRO
1115 191 1274 222 UNIONE.

1699 195 1751 225 590

124 237 316 289 τδ.ἆγιον,.τόν
328 239 392 289 Υἰδν
402 239 714 289 ἔχειν-ξιισχυρίζονται.
741 243 777 289 'l‘b
803 243 826 269 δ’
847 243 915 289 αὐτὸ
931 244 950 274 Α
965 246 1058 275 λαϐεῖν
1078 250 1232 282 κοινωνίαν,
1247 250 1284 282 ὡς
1299 250 1383 285 μηδὲν
1394 248 1475 288 ἧττον
1491 253 1537 279 καὶ
1549 252 1598 288 τὴν
1612 242 1748 289 διάκρισιν

125 282 209 309 τοῦτο
225 284 272 310 καὶ
287 284 302 309 6
318 285 454 319 μακάριος
480 285 615 319 Κύριλλος
630 287 660 313 ιν
671 287 709 321 τῷ
723 288 842 322 πέμπτῳ
858 288 912 314 τῶν

125 327 198 363 πρὸς
216 328 350 367 Ἑρμείαν
364 329 440 365 δηλοί
456 339 463 347 ·
477 327 555 362 Τίνος
564 331 618 366 γὰρ
634 331 711 364 tam,
730 334 823 368 φησὶν,
844 332 914 361 εἷναί

127 382 220 408 φαμεν
242 373 273 400 τὸ
289 374 400 409 Πνεῦμα
417 375 446 401 τὸ
463 375 560 409 ἆγιον;
585 379 700 411 πότερον
714 378 742 404 δὲ
767 379 849 413 μόνον
865 381 914 406 τοῦ

125 418 196 446 Θεοῦ
213 419 259 445 καὶ
277 418 424 455 Πατρός,ῆ
440 420 505 454 γοῦν
525 422 629 448 καὶτοῦ
649 423 729 457 Υἰοῦς
756 425 774 460 ῆ
794 427 841 452 καὶ
864 425 915 453 ἀνὰ

127 465 213 500 μιρος
238 465 372 501 ἐκατέρου
398 468 445 495 καὶ
458 468 572 503 ἀμφοῖν,
603 469 640 501 ὥς
656 470 685 496 ἓν
711 472 743 497 ἐκ
760 472 867 507 Πατρδς
881 473 916 499 δι’

128 511 194 537 Υἰοῦ
209 511 254 537 διὰ
268 512 319 546 τὴν
331 513 483 548 ταυτότητα
497 516 546 549 τῆς
562 516 673 549 οὐσίαςς
691 518 796 553 Πατρός
812 519 914 554 δηλαδὴ

127 558 176 583 καὶ
192 556 258 584 Υἰοΰ
269 558 368 592 λέγων.
383 559 612 595 ’Δποκρίνεταιδὲ
622 562 636 588 6
657 561 786 597 Ἑρμείας
796 570 805 580 ⁸
821 564 914 596 Οὕτως

126 603 218 637 ἔγωγέ
237 613 320 638 φημι,
333 602 471 640 ὧὲταῖρε.
498 607 551 632 Καὶ
572 608 586 633 6
615 605 693 641 ἅγιος
721 610 789 645 πρὸς
813 612 914 638 αὐτόν·

132 648 249 680 Ὀρθῶς.
281 649 333 676 Διά
345 650 377 676 τδ
402 651 514 683 ταυτδν,
534 653 612 686 φησὶ,
625 646 686 688 ’τῆς
700 655 794 687 οὐσίας
810 656 916 692 Πατρδς

127 695 178 720 καὶ
195 694 261 721 Υἰοῦ
275 696 379 730 ἀμφοῖν
393 697 423 723 τδ
440 697 553 732 Πνεῦμὰ
569 700 638 731 ἐστι,
657 701 704 726 καὶ
723 702 755 728 ὲκ
767 702 869 738 Πατρδς
881 703 916 729 δι’

129 741 198 768 Υἱοῦ
212 742 392 777 ἐκπορεύεται
404 751 411 758 ·
426 743 466 770 ὅτι
483 744 608 778 βούλεται
620 745 726 781 ἕτερον,
744 748 759 783 ἢ
775 748 815 775 ὅτι
828 748 872 776 διὰ
885 749 915 776 τδ

127 787 230 813 ταυτὸν
245 787 296 822 τῆς
322 789 418 820 οὐσίας
434 789 492 824 rte
516 791 584 825 πρὸς
601 792 712 827 Πατέρα
737 795 785 820 καὶ
808 795 852 822 διὰ
869 795 915 822 τοῦ

131 830 197 857 Υἱοῦ
212 832 321 866 πρόεισι
339 833 369 858 τὸ
386 833 512 869 Πνεῦμα,
529 836 577 862 καὶ
594 836 708 873 Πνεῦμά
732 839 808 866 ἔστιν
821 840 915 873 αὐτοῦ,

127 878 225 913 ὥσπερ
235 879 342 906 καὶτοῦ
354 881 470 917 Πατρός.
488 881 574 910 Τοῦτο
590 883 618 910 δὲ
632 886 679 911 καί
689 886 817 919 Λατίνοις
830 887 914 916 δοκεῖ.

129 924 237 955 Ἀλλως
249 934 280 951 τε
308 926 338 953 τὸ
357 927 503 961 όμοούσιόν
526 937 554 955 τε
581 930 629 956 καὶ
645 930 854 967 ἀπαράλλακτον
865 934 915 970 τῆς

129 971 225 1003 οὐσίας
245 971 332 1004 οὕτως
347 973 380 999 ἂν
407 974 529 1010 δειχθείη
548 976 669 1010 μάλιστα.
694 978 741 1004 ἐπὶ
755 978 810 1005 τῶν
835 979 915 1006 Θείων

128 1021 286 1054 προσώπων
305 1021 412 1055 Πατρός
424 1030 452 1048 τε
466 1022 533 1057 np“;
548 1022 594 1049 τδν
606 1023 670 1050 Υἰὸν
683 1025 729 1051 καὶ
744 1025 772 1052 τδ
788 1025 912 1060 Πνεῦμα,

128 1064 176 1090 καὶ
192 1065 259 1091 Υἰοῦ
285 1067 355 1101 πρὸς
383 1066 430 1093 τὸν
448 1067 561 1103 Πατέρα
578 1071 625 1095 καὶ
654 1071 685 1096 τὸ
700 1071 823 1106 Πνεῦμα,
840 1073 863 1098 εἰ
877 1072 915 1104 ὡς

128 1109 218 1137 αττιον
243 1111 291 1137 καὶ
309 1111 431 1139 αἰτιατδν
453 1112 545 1147 έχουσι
564 1114 634 1149 πρὺς
662 1115 809 1150 ἀλλήλους·
861 1117 915 1154 γὰρ

126 1155 251 1186 τοιαῦτα,
269 1157 429 1190 κοινωνήσει
453 1166 482 1199 ςτε
497 1158 614 1193 μάλιστα
641 1159 777 1195 ἀλλήλοις,
807 1162 915 1194 οἰκείως

128 1202 223 1236 ἔχοντα
239 1203 307 1237 πρὸς
323 1203 426 1239 ἄλληλα
445 1205 517 1232 κατὰ
533 1204 626 1239 φύσιν,
638 1206 683 1233 διὰ
696 1207 728 1233 τὸ
743 1208 809 1234 αὐτὸ
822 1208 850 1235 δὲ
867 1209 914 1235 οὑ-

128 1245 265 1283 δὶννῆττον
280 1248 521 1284 διακριθήσονται·
549 1251 595 1277 καὶ
622 1251 723 1286 μᾶλλον
749 1253 794 1280 διὰ
819 1254 914 1281 τούτου

126 1293 175 1333 ¹τοῦ
207 1294 309 1329 τρόπου
335 1294 351 1329 ἢ
383 1294 416 1321 δι’
444 1295 561 1330 ἐτέρου,
591 1297 639 1323 τοῦ
670 1298 754 1324 αὐτοῦ
781 1300 828 1325 καὶ
856 1299 915 1330 ἑνὸς

127 1340 272 1374 ἀμφότερα
300 1340 451 1375 δυναμένου
483 1341 531 1368 καὶ
557 1342 670 1374 εἰκότως
704 1344 914 1379 παραλαμόανο-

129 1387 213 1421 μένου
246 1387 366 1413 ἐπὶτῶν
396 1387 486 1416 θείων,
512 1388 623 1424 Ὠσπερ·
645 1390 699 1425 γὰρ
729 1391 846 1423 ἐκείνοις
869 1392 916 1419 καὶ

128 1436 161 1469 τῇ
191 1434 286 1461 ἑνὼσει
315 1437 331 1470 ἡ
359 1436 506 1471 διάκρισις,
533 1438 581 1463 καὶ
604 1439 638 1472 τῇ
662 1437 798 1473 διακρίσει
813 1439 830 1474 ἠ
850 1439 916 1466 ἑνω-
935 1443 939 1450 "

130 1491 172 1513 σις
192 1483 416 1517 συνεμφαίνεται,
433 1483 520 1516 οὕτως
536 1483 645 1519 ἀνάγκη
660 1484 706 1511 καὶ
716 1484 846 1520 τοιαύτην
858 1486 916 1512 ἐκεῖ

966 292 995 317 ἐν
1012 293 1096 329 ἑαυτῇ
1115 294 1238 331 συνέχειν
1248 304 1254 310 ·
1267 298 1313 323 καὶ
1327 297 1408 324 πάλιν
1423 297 1553 333 τοιαύτην
1564 298 1710 333 διάκρισιν,
1719 301 1748 327 ἐν

936 359 939 362 .
999 341 1290 375 συμπεριλαμϐάνεται
1303 342 1351 369 καὶ
1370 344 1386 377 ἡ
1398 343 1495 375 ενωσις
1507 352 1515 360 ⁸
1540 344 1610 371 ὥστε
1630 345 1663 372 ἄν
1678 354 1749 378 τινος
1798 340 1806 346 ’

966 385 1130 420 ἀκούσωμεν
1155 387 1281 421 λέγοντος
1301 389 1355 415 τῶν
1374 390 1471 423 ἁγίων,
1486 390 1531 417 διὰ
1543 388 1592 426 τὴν
1607 392 1750 425 όμοουσιό-

966 440 1034 466 τητα
1060 433 1185 467 εἰρῆσθαι
1210 434 1244 460 δι’
1262 435 1326 461 Υίοῦ
1341 436 1371 462 τὸ
1390 436 1500 471 Πνεῦμα
1524 437 1555 463 τὸ
1574 437 1654 471 ἅγιον
1667 439 1751 465 ἐκπο-

967 473 1107 510 ρεύεσθαι,
1124 478 1185 504 ἐπεὶ
1196 479 1246 514 τὴν
1258 480 1458 514 όμοουσιότητα
1478 481 1581 516 ταύτην
1598 482 1614 516 ἡ
1633 482 1703 509 κατὰ
1719 483 1751 509 τὸ

966 522 1054 548 αττιον
1067 521 1115 548 καὶ
1135 523 1257 550 αἰτιατὸν
1284 524 1378 559 σχέσις
1401 525 1488 560 δηλοῖ,
1507 525 1627 560 μάλιστα
1641 527 1685 554 διὰ
1699 527 1751 561 τὴν

966 567 1038 594 κατὰ
1054 568 1084 594 τὸ
1100 567 1187 596 αἴτιον
1204 570 1251 596 καὶ
1266 570 1389 597 αἰτιατόν
1411 571 1505 606 σχέσιν
1528 572 1685 607 νομίσωμιν
1700 573 1751 599 αὖ-

965 612 1028 642 τοὺς
1041 613 1194 648 εἰρηκέναι,
1210 615 1254 643 διὰ
1265 615 1312 642 τοῦ
1326 616 1390 643 Υἰοῦ
1407 617 1534 651 λέγεσθαι
1549 618 1750 652 ἐκπορεύεσθαι

965 657 996 683 τὸ
1023 657 1135 692 Πνεῦμα
1159 660 1188 686 τὺ
1206 659 1293 693 ἆγιον.
1309 661 1372 689 Ὀτι
1389 661 1446 696 δὲὴ
1473 663 1586 698 τοιαύτη
1612 663 1704 698 σχέσις
1720 665 1752 690 τδ

966 702 1109 736 όμιιούσιον
1124 704 1254 740 παριστᾷ,
1272 705 1340 740 πρὸς
1356 707 1411 737 τοῖς
1427 706 1587 741 λεγομένοις
1609 709 1656 735 καὶ
1673 710 1687 735 ό
1701 700 1752 744 μέν

965 756 1017 780 γας
1036 749 1205 784 μαρτυρήσει
1221 750 1372 784 Βασίλειος,
1386 752 1416 779 ὲν
1429 753 1462 787 τῇ
1486 754 1555 788 πρὺς
1568 753 1618 785 τὰς
1635 754 1752 781 Κανονι·

968 793 1017 825 κάς
1029 794 1157 829 ἐπιστολῇ
1173 794 1252 822 ταυτὶ
1267 796 1356 830 λέγων
1368 804 1376 813 ⁵
1402 797 1479 824 Ἐπεὶ
1498 799 1564 832 γοῦν
1579 799 1656 826 ἐστιν
1668 799 1752 835 ἄναρ-

967 848 1015 875 χον
1031 840 1089 874 φῶς
1104 841 1118 867 6
1132 841 1238 877 Πατὴρ,
1255 842 1385 878 γεννητὸν
1406 843 1434 870 δὲ
1457 844 1538 878 φῶςό
1556 844 1631 876 Υἱὸς,
1655 845 1712 879 φῶς
1722 846 1752 874 δὲ

967 886 1013 912 καὶ
1031 886 1088 920 φῶς
1107 886 1248 922 ἑκάτερος,
1269 888 1415 923 όμοούσιον
1439 889 1522 918 αὑτὸν
1537 890 1646 917 είποιεντ
1663 890 1696 918 ἂν
1710 891 1752 917 δι-

966 931 1063 963 καίως,
1081 932 1123 971 ἵνα
1135 932 1166 958 τδ
1179 933 1228 966 τῆς
1242 931 1352 966 φύσεως
1368 933 1500 968 ὁμότιμον
1525 935 1752 970 παραστήσωσιν.

966 975 1004 1002 06
1022 976 1076 1011 γὰρ
1092 975 1126 1003 τὰ
1137 976 1240 1011 ἀδελφὰ
1253 977 1381 1013 ἀλλήλοις
1397 978 1531 1013 όμοούσια
1545 979 1665 1014 λέγεται,
1683 980 1753 1015 ὅπερ

965 1022 1038 1053 τινὲς
1055 1022 1247 1058 ὑπειλήφασιν,
1261 1024 1321 1050 ἀλλ’
1330 1024 1395 1051 ὅταν
1411 1025 1459 1052 καὶ
1473 1025 1503 1052 τὸ
1517 1026 1601 1052 αἴτιον
1619 1026 1707 1053 καὶτὸ
1720 1027 1756 1053 ὲκ

965 1065 1013 1092 τοῦ
1029 1066 1114 1094 αἰτίου
1130 1067 1179 1103 τὴν
1196 1068 1391 1105 ὕπαρξιν-ἕχον
1405 1071 1454 1106 τῆς
1474 1070 1561 1105 αὐτῆς
1573 1071 1685 1107 ὑπάρχῃ
1699 1071 1754 1105 φύ-

967 1119 1046 1144 σεως,
1062 1112 1194 1147 ὁμοούσια
1207 1114 1330 1148 λέγεται.
1346 1115 1403 1142 Καὶ
1415 1116 1444 1141 ὲν
1459 1114 1498 1151 τῷ
1518 1117 1590 1143 κατὰ
1606 1116 1764 1144 Σαϐελλίουι

966 1162 1014 1188 καὶ
1034 1160 1184 1196 ’Ᾱρειανῶν
1206 1160 1279 1196 λόγῳ
1304 1161 1369 1196 περὶ
1385 1161 1492 1196 Πατρὶς
1507 1161 1554 1188 καὶ
1574 1161 1640 1188 Υἰοῦ
1653 1162 1759 1197 λέγων,

966 1207 1004 1233 Οὐ
1020 1207 1072 1242 γὰρ
1089 1206 1205 1241 ἀδελφὰ,
1228 1206 1306 1242 φησὶ,
1332 1206 1460 1242 λέγομεν,
1486 1206 1555 1233 ἀλλὰ
1578 1207 1688 1242 Πατέρα
1703 1201 1766 1234 ιιιτὶ.Δ

966 1253 1031 1280 Υῐὸν
1044 1252 1229 1288 ὁμολογοῦμεν
1240 1259 1248 1267 '
1264 1251 1295 1278 τδ
1309 1252 1337 1279 δὲ
1350 1251 1399 1287 τῆς
1413 1252 1507 1284 οὐσίας
1528 1252 1639 1286 ταυτὸν,
1654 1252 1751 1288 ἐπειδὴ

965 1299 998 1325 ὲκ
1011 1297 1058 1332 τοῦ
1074 1298 1180 1333 Πατρός
1195 1298 1208 1324 6
1225 1297 1300 1329 Υἰός.
1316 1297 1348 1324 El
1362 1295 1410 1325 οὖν
1420 1297 1465 1324 διὰ
1476 1297 1506 1324 τὺ
1523 1297 1665 1332 όμοοὺσιον
1676 1298 1755 1333 εἰρη-

965 1353 1011 1370 ται
1024 1343 1068 1370 διὰ
1086 1343 1132 1370 τοῦ
1149 1343 1214 1370 Υἰοῦ
1231 1343 1261 1370 τδ
1273 1343 1385 1378 Πνεῦμα
1397 1352 1404 1359 ·
1422 1344 1453 1370 τὸ
1468 1344 1491 1371 6‘
1505 1343 1538 1370 ἐκ
1551 1352 1624 1375 τινος
1641 1343 1671 1370 ὃν
1687 1345 1752 1379 ὀμο-

966 1388 1057 1416 ούσιον
1068 1386 1138 1416 εἶναι
1153 1389 1191 1424 τῷ
1202 1389 1231 1422 ἐξ
1244 1389 1274 1416 οὗ
1291 1390 1360 1422 ἔστι,
1372 1389 1420 1416 καὶ
1434 1387 1473 1424 τῷ
1490 1389 1603 1424 μεγάλῳ
1617 1389 1751 1423 Βασιλείῳ

965 1436 1050 1466 δοκεῖ,
1068 1436 1115 1462 καὶ
1127 1435 1235 1470 μάλισθ’
1252 1435 1317 1462 ὅταν
1331 1435 1381 1469 τῆς
1395 1434 1481 1470 αὐτῆς
1503 1435 1612 1469 φύσεως
1628 1430 1690 1465 dm,
1706 1433 1758 1460 διὰξ

966 1481 999 1507 τὸ
1010 1480 1095 1508 αῐιιον
1108 1480 1156 1507 καὶ
1164 1480 1286 1508 αἰτιατόν
1299 1480 1333 1507 δι’
1344 1479 1408 1506 Υἰοῦ
1418 1474 1615 1515 ἐκπορεύεσθαι
1625 1480 1747 1515 εἴρηται.

130 1574 274 1607 utriusque
297 1577 325 1600 et
341 1572 421 1600 simul
445 1572 607 1604 amborum.
623 1574 754 1607 tanquam
772 1574 856 1599 unum
879 1579 912 1599 ex
927 1571 949 1600 (Ξ
965 1577 1039 1601 ctum
1077 1571 1180 1604 fuisse,
1208 1574 1259 1606 per
1285 1569 1388 1598 Filium
1424 1569 1555 1604 Spiritum
1581 1569 1758 1604 procedere:

129 1619 208 1646 Patre
222 1626 270 1653 per
283 1618 382 1646 Filium
397 1623 507 1652 propter
525 1617 696 1645 identitatem
713 1618 838 1645 essentiae
850 1618 862 1645 ?
874 1617 913 1645 Ad

129 1671 191 1698 quae
216 1663 364 1698 respondet
389 1662 535 1690 Hermias:
568 1662 607 1701 ita
636 1662 704 1689 mihi
733 1662 853 1690 videtur.
882 1662 917 1691 At

129 1710 227 1737 ductor
242 1709 274 1736 ad
290 1716 353 1736 eum
366 1707 467 1735 :Recte
482 1708 603 1742 quidem.
616 1708 729 1740 Propter
743 1708 914 1736 identitatem

130 1756 268 1787 essentia,
284 1754 384 1790 inquit,
401 1753 489 1781 Patris
503 1758 529 1781 et
557 1753 629 1785 Filii,
647 1758 675 1780 et
691 1751 836 1781 amborum
855 1753 916 1789 Spi-

131 1803 201 1829 ritus
219 1793 271 1832 est.
296 1805 323 1828 et
340 1807 373 1827 ex
393 1800 472 1827 Patre
493 1799 617 1834 procedit
638 1806 685 1833 per
703 1798 813 1825 Filium.
839 1798 917 1832 Quod

131 1846 196 1881 quid
209 1846 284 1873 aliud
294 1845 362 1877 vult,
381 1844 433 1872 nisi
455 1844 527 1879 quod
550 1848 660 1879 propter
687 1843 856 1871 identitatem
872 1851 916 1871 es-

132 1893 225 1921 sentia:
247 1892 311 1920 Filii
329 1895 357 1919 et
382 1891 481 1924 Patris,
497 1895 524 1917 et
542 1897 590 1927 p‘er
602 1886 702 1917 Filium
718 1889 838 1924 Spiritus
854 1896 917 1922 pro-

131 1940 215 1971 cedit.
227 1943 254 1966 et
269 1939 329 1973 ejus
339 1937 458 1972 Spiritus
468 1942 519 1968 est.
532 1935 762 1971 quemadmodum
773 1939 801 1961 et
812 1931 923 1961 Patris?»

135 1987 190 2014 lloe
206 1990 296 2012 autem
312 1983 400 2010 Latini
416 1983 499 2010 etiam
516 1980 824 2009 conccdunt.Pr:cterea
839 1979 916 2006 iden.

135 2035 197 2060 titas
212 2031 336 2059 essentia;
349 2030 437 2057 Patris
462 2035 524 2056 cum
547 2026 617 2054 Filio
629 2032 657 2054 et
674 2026 777 2061 Spiritu
789 2046 796 2057 .
809 2034 840 2053 ac
856 2024 919 2053 Filii

134 2087 195 2107 cum
208 2079 289 2106 Patre
303 2082 331 2105 et
343 2076 455 2112 Spiritu,
472 2081 528 2103 tum
544 2075 680 2110 pra-cipue
701 2074 842 2109 probatur,
856 2082 919 2101 cum

134 2127 166 2154 ad
181 2126 296 2154 invicem
313 2128 342 2152 ut
357 2123 536 2158 principium,
557 2126 585 2150 et
603 2121 629 2148 id
644 2121 715 2156 quod
731 2129 745 2148 a
773 2120 919 2156 principio,

134 2182 163 2201 se
190 2173 318 2200 habeant.
342 2170 372 2197 In
398 2173 532 2205 quantum
549 2168 622 2196 enim
646 2168 724 2200 tales,
750 2171 777 2194 et
802 2167 920 2194 maxime

136 2219 252 2246 invicem
273 2215 518 2247 communicarent,
537 2218 565 2241 et
593 2214 710 2241 maxime
739 2212 772 2239 ad
801 2212 918 2239 invicem

135 2265 377 2300 distinguerentur.
393 2260 445 2294 Qui
474 2259 573 2287 modus
605 2266 667 2287 cum
696 2257 810 2293 intelligi
838 2258 919 2285 simul

135 2310 230 2346 possit,
250 2308 348 2336 merito
363 2307 391 2334 in
403 2305 504 2334 divinis
515 2304 644 2332 omnibus
659 2303 719 2331 aliis
730 2303 918 2338 distinguendi

137 2357 177 2384 vel
200 2355 313 2383 uniendi
342 2352 431 2381 modis
467 2351 646 2392 prarpouitur.
683 2348 919 2383 Quemadmodum

137 2403 208 2431 enim
226 2402 253 2429 in
265 2401 320 2428 illis
339 2399 421 2427 rebus
436 2397 539 2426 divinis
562 2402 590 2425 et
608 2404 661 2424 una
676 2403 738 2423 cum
757 2396 863 2423 unitate
878 2395 922 2422 dl-

137 2448 256 2480 stinctio,
275 2452 303 2474 et
318 2453 379 2473 cum
392 2443 569 2472 distinctione
583 2449 688 2469 summa
702 2441 793 2469 unitas
806 2445 848 2468 est
861 2448 869 2467 :
883 2440 922 2468 ita

138 2501 248 2522 necesse
263 2496 305 2520 est
325 2499 375 2519 nos
388 2491 471 2519 etiam
497 2489 577 2517 talem
600 2487 709 2516 uuionis
725 2488 838 2515 modum
864 2486 921 2513 illic

138 2539 300 2575 intelligere,
310 2538 357 2574 qui
370 2545 425 2564 non
438 2536 530 2564 minus
545 2536 627 2563 etiam
636 2534 841 2562 distinctionem
855 2539 922 2561 con-

140 2587 233 2619 tineat,
251 2582 281 2612 e't
298 2584 380 2612 talem
410 2580 624 2613 distinctionem,
647 2587 707 2625 tnta}
731 2579 861 2606 unionem
892 2577 921 2604 in

139 2639 168 2659 se
182 2631 299 2658 habeat:
315 2629 377 2657 talis
393 2636 459 2656 vero
471 2627 528 2655 sol’a
553 2623 691 2662 principii,
712 2629 741 2653 et
764 2625 824 2660 ejus
849 2623 922 2659 quod

140 2686 154 2704 a
170 2675 316 2711 principio,
334 2675 430 2702 relatio
451 2678 501 2702 est.
526 2673 616 2707 Quare
634 2673 656 2700 si
683 2680 752 2708 quos
778 2671 924 2698 audiamus

141 2723 268 2751 doctores
282 2721 404 2749 dicentes
423 2724 532 2756 propter
551 2717 862 2747 consubstantialitntcm
884 2717 925 2744 di-

965 1623 1076 1655 propter
1090 1614 1227 1653 principii,
1241 1621 1267 1644 et
1283 1616 1343 1651 ejus
1357 1616 1428 1650 quod
1443 1623 1458 1642 a
1475 1615 1621 1650 principio,
1635 1615 1749 1644 relatio—

966 1672 1027 1692 nem
1040 1671 1089 1692 eos
1108 1663 1210 1690 dixisse
1229 1666 1368 1697 putemus,
1388 1669 1438 1696 per
1456 1660 1554 1688 Filium
1580 1660 1634 1688 diei
1653 1667 1751 1695 proce-

966 1711 1031 1739 dere
1046 1709 1178 1745 Spiritum
1191 1712 1325 1741 sanctum,
1344 1712 1373 1735 et
1388 1707 1424 1735 ob
1444 1707 1547 1734 nullam
1567 1706 1648 1734 aliam
1664 1706 1751 1733 ration

967 1763 1040 1788 nem,
1057 1763 1119 1782 cum
1144 1755 1223 1781 istam
1241 1751 1554 1781 eonsubstanlialitatem
1578 1751 1750 1786 potissimum

967 1799 1106 1835 principii,
1123 1803 1151 1826 et
1166 1799 1226 1833 ejus
1246 1798 1319 1833 quod
1331 1806 1350 1831 7a
1365 1797 1512 1832 principio,
1530 1797 1626 1824 relatio
1642 1797 1751 1832 probet.

967 1845 1052 1881 Cujus
1068 1853 1120 1872 una
1134 1851 1196 1872 cum
1213 1843 1275 1872 aliis
1288 1851 1403 1879 magnus
1419 1850 1529 1878 quoque
1544 1841 1660 1869 Basilius
1676 1842 1770 1882 testis.

967 1895 1019 1924 est,
1045 1891 1072 1917 in
1102 1890 1219 1925 epistola
1243 1889 1277 1917 ad
1302 1888 1450 1916 canonicas
1476 1888 1534 1914 haec
1558 1887 1754 1915 dicens:Cum

968 1937 1041 1965 enim
1054 1935 1136 1964 Pater
1150 1936 1242 1963 lumen
1258 1936 1317 1962 sine
1335 1934 1470 1970 principio
1483 1938 1535 1966 est,
1552 1933 1638 1960 Filius
1646 1940 1755 1968 quoque

969 1984 1073 2016 lumen,
1093 1982 1141 2010 sed
1169 1986 1274 2014 natum,
1293 1981 1386 2008 lumen
1404 1984 1494 2007 tamen
1509 1984 1636 2014 uterque,
1656 1978 1756 2006 merito

970 2027 1233 2057 consubstantialem
1249 2034 1311 2053 eum
1329 2025 1432 2058 dicent,
1458 2029 1488 2051 ut
1502 2029 1607 2052 natura:
1625 2023 1754 2052 identita-

970 2079 1026 2103 tem
1056 2072 1219 2109 signiﬁcent.
1249 2071 1310 2099 Non
1339 2070 1422 2103 enim,
1439 2077 1499 2105 qum
1521 2077 1650 2105 germana
1679 2075 1753 2102 sunt,

970 2118 1213 2148 consubstantialia
1231 2117 1380 2150 dicuntur,
1408 2120 1437 2144 ut
1452 2115 1564 2150 quidam
1584 2119 1689 2150 putant,
1708 2115 1756 2142 sed

970 2174 1034 2194 eum
1047 2172 1139 2198 causa,
1157 2168 1184 2191 et
1203 2163 1275 2199 quod
1300 2171 1315 2190 a
1336 2169 1419 2190 causa
1436 2161 1643 2189 subsistentiam
1664 2161 1755 2194 habet,

972 2211 1094 2247 ejusdem
1113 2214 1216 2237 naturae
1231 2209 1303 2242 sint,
1321 2213 1385 2236 tunc
1402 2207 1646 2236 consubstantialia
1659 2207 1756 2235 dicnn~

973 2261 1027 2284 tur.
1048 2256 1155 2283 Rursus
1175 2254 1247 2281 idem
1264 2254 1290 2280 in
1306 2259 1433 2281 sermone
1458 2256 1552 2279 contra
1566 2251 1715 2279 Sabellium
1731 2256 1759 2278 et

973 2302 1100 2334 Arianos,
1119 2300 1152 2327 de
1171 2299 1251 2326 Patre
1276 2298 1372 2326 dicens
1383 2302 1411 2326 et
1428 2298 1518 2326 Filio:
1538 2297 1598 2325 Non
1611 2297 1685 2324 enim
1700 2304 1758 2329 eos,

973 2348 1072 2382 inquit,
1089 2353 1233 2379 germanos
1257 2344 1387 2378 dicimus,
1416 2343 1463 2371 sed
1480 2343 1587 2370 Patrem
1599 2342 1761 2378 proﬁtemur

973 2396 1001 2420 et
1015 2391 1113 2419 Filium
1127 2399 1134 2418 :
1151 2382 1280 2417 identitas
1295 2394 1386 2416 autem
1399 2387 1526 2416 essentire
1540 2387 1567 2414 in
1580 2386 1620 2414 eis
1631 2390 1683 2420 est,
1697 2387 1761 2422 quia

975 2436 1062 2466 Filius
1078 2445 1111 2464 ex
1125 2436 1214 2463 Patre.
1225 2435 1253 2462 Si
1269 2435 1354 2469 igitur
1368 2437 1480 2469 propter
1493 2432 1762 2460 consubstantialita-

976 2489 1029 2512 tem
1042 2480 1133 2510 dictus
1149 2485 1193 2509 est
1213 2489 1261 2516 per
1278 2480 1376 2508 Filium
1399 2479 1529 2514 Spiritus,
1555 2485 1637 2506 causa
1653 2486 1719 2512 vero
1734 2482 1763 2506 et

976 2534 1129 2563 causatum,
1146 2536 1209 2556 cum
1226 2526 1354 2562 ejusdem
1371 2531 1476 2553 natura
1491 2525 1556 2559 sint,
1577 2525 1761 2553 consubstan-

977 2576 1051 2604 tialia
1063 2580 1136 2608 sunt,
1147 2578 1178 2601 ut
1189 2574 1228 2601 ait
1242 2572 1357 2600 Basilius
1366 2593 1374 2605 ,
1393 2571 1536 2599 manifeste
1553 2575 1636 2606 patet,
1647 2575 1762 2606 propter

978 2611 1136 2649 relationem
1152 2626 1242 2647 causae
1259 2622 1287 2646 et
1305 2617 1420 2650 causali,
1440 2617 1498 2644 sive
1513 2616 1639 2652 principii
1660 2621 1689 2644 et
1702 2617 1762 2651 ejus

977 2666 1048 2702 quod
1065 2673 1080 2693 a
1098 2664 1234 2701 principio
1253 2669 1304 2698 est,
1321 2671 1372 2700 per
1392 2663 1491 2691 Filium
1507 2662 1655 2698 procedere
1674 2661 1763 2697 Spiri-

980 2719 1036 2741 tum
1057 2712 1160 2740 dictutn
1172 2710 1265 2739 fuisse.
