1916 3066
50 159 107 190 303

536 169 680 201 ORATIO
699 171 924 202 DOGMATICA
946 173 1020 203 PRO
1043 173 1202 204 UNlONE.

1623 179 1677 212 594

47 219 404 272 ὲξήγηῗινιξντεσξῇσαρῖεν
417 226 530 262 ταύτην,
543 229 638 262 σαφῶς
661 229 839 265 παριπῶσαν
852 231 877 259 Α
891 230 948 265 ἔχει
962 232 1031 265 μετὰ
1061 231 1108 258 τοῦ
1139 231 1257 266 Πατρός.
1285 232 1341 259 Καὶ
1363 232 1501 269 ἀνωτέρω,
1516 233 1570 261 Τοῦ
1600 236 1678 272 rio-3,

46 265 99 302 τὴν
112 267 164 294 τοῦ
175 267 338 296 διδασκάλου
364 270 485 299 διάνοιαν
499 282 506 289 ·
522 275 636 309 προσέτι
660 275 688 302 δὲ
713 276 760 302 καὶ
786 276 841 302 ἀπὸ

46 313 99 347 τῆς
110 313 262 349 ἀπολογίας
273 316 322 351 τῆς
340 316 410 352 πρὸς
429 318 605 354 Θεοδὼρητον
620 321 650 347 τδ
667 321 733 348 aid-rb
747 321 839 354 τοῦτο,

46 359 76 386 et
87 368 132 390 τις
141 361 323 396 εὐγνωμόνως
338 363 497 397 ἀκούσεται,
508 366 595 399 δεῖξαι
610 366 761 402 δυνάμεθα.
781 368 841 394 Ἐκ-

48 405 199 440 nepetit-nat
216 407 267 441 μὲν
277 408 342 442 γὰρ,
367 410 459 445 φησὶν,
474 410 511 443 ὡς
526 412 558 438 ἐκ
575 411 621 438 τοῦ
637 412 705 439 Θεοῦ
719 413 767 439 καὶ
782 413 839 440 Πα-

48 453 116 488 τρδς
131 453 164 480 τὸ
179 453 294 489 Πνεῦμα
308 455 338 481 τδ
354 454 432 490 ἅγιον
456 456 530 483 κατὰ
559 457 609 493 τὴν
638 458 685 485 τοῦ
712 459 839 494 Σωτῆρος

49 499 155 534 φωνὴν,
167 499 226 526 ἀλλ’
244 499 294 527 οὐκ
309 500 452 537 ἀλλότριόν
462 503 522 530 ἐστι
532 503 579 530 τοῦ
593 503 670 536 nos,
686 505 774 532 πάντα
785 505 838 540 γὰρ

48 599 147 624 gnere.
163 591 267 620 Deinde
276 592 343 620 satis
356 593 412 629 iam
426 593 460 621 de
474 594 527 621 hoc
542 602 591 629 per
608 602 658 622 nos
669 594 772 622 dictum
782 599 835 628 est,

48 637 163 671 quando
175 638 226 665 etsi
243 646 297 677 non
317 638 344 665 in
365 644 492 674 utroque,
511 639 539 667 in
555 640 642 668 altero
667 645 756 668 tamen
773 649 837 668 eum

48 683 197 709 mentitum
223 682 309 710 fuisse
332 683 520 718 probavimus,
542 692 604 713 cum
632 686 690 720 ipse
713 686 835 720 quidem,

47 727 125 762 quod
156 735 204 762 per
228 727 331 756 Filium.
351 729 472 764 Spiritus
494 730 594 758 habeat
616 731 835 765 subsistentiam,

47 778 179 809 negaret;
204 781 255 802 nos
280 779 372 802 autem
398 775 564 804 testimoniis
579 776 723 805 doctorum
738 777 837 812 proba-

46 819 172 847 verimus
185 827 281 848 verum
296 828 366 855 esse,
380 821 417 849 ita
433 825 464 849 ut
483 830 538 850 non
554 823 703 851 debeamus
726 823 836 851 silentio

45 865 117 892 sacri
130 865 240 893 concilii
262 865 323 898 niti,
349 870 378 893 et
397 866 461 894 inde
477 875 603 902 arguere,
618 867 692 903 quod
707 868 837 896 Theodo-

46 913 120 938 ritns
132 911 289 945 scripsisset
313 911 445 947 Spiritum
467 918 603 947 sanctum,
626 917 680 942 nec
696 922 729 942 ex
753 914 834 948 Filio,
853 904 873 934 Β

46 965 101 985 nec
119 965 169 992 per
180 957 280 986 Filium
294 958 500 989 subsistentiam
515 959 630 992 habere,
641 965 670 987 et
684 960 836 988 concilium

49 1004 94 1031 his
117 1003 222 1031 auditis
245 1004 372 1037 tacuerit,
401 1012 453 1032 nec
468 1012 531 1032 eum
562 1004 754 1039 redarguerit:
774 1003 836 1032 ideo

27 1071 30 1073 .
47 1050 144 1084 tacuit,
162 1050 227 1085 quia
243 1058 306 1078 eum
321 1058 386 1078 vera
404 1051 506 1078 dixisse
519 1051 633 1078 sciebat.
649 1051 719 1078 Ecce
733 1051 834 1078 etenim

47 1096 195 1131 probatum
210 1096 319 1131 quidem
328 1095 522 1132 esl,Spiritum
533 1101 657 1124 sanctum
673 1104 721 1132 per
736 1096 835 1125 Filium

47 1142 256 1170 subsistentiam
271 1142 392 1175 habere;
409 1142 530 1178 synodus
546 1150 610 1170 vero
625 1150 678 1169 non
700 1143 787 1170 solum
802 1142 836 1170 de

47 1190 146 1221 altero,
165 1188 295 1216 videlicet
308 1188 381 1223 quod
408 1196 462 1216 non
478 1196 512 1215 ex
535 1188 605 1216 Filio
627 1188 726 1215 habeat
746 1188 836 1216 subsi-

48 1234 188 1267 stentiam,
205 1234 300 1266 tacuit,
318 1233 365 1261 sed
381 1233 464 1261 etiam
477 1233 511 1261 de
526 1234 612 1261 altera
623 1238 709 1268 parte,
721 1233 772 1261 hoc
781 1238 834 1266 est,

46 1282 120 1315 quod
136 1287 188 1307 nec
207 1287 257 1317 per
274 1279 374 1307 Filium
389 1279 529 1314 procedat,
545 1272 618 1314 quod
641 1284 731 1306 tatncn
746 1279 835 1314 palam

48 1325 147 1354 falsum
160 1329 214 1353 est.
232 1324 468 1358 Quemadmodum
484 1324 557 1352 enim
577 1324 630 1352 hec
646 1324 756 1353 silentio
768 1331 837 1359 prte—

47 1371 133 1403 teriit,
155 1378 218 1397 cum
234 1374 325 1397 tatncn
342 1369 440 1397 falsum
463 1371 509 1403 sit,
532 1370 569 1397 ita
588 1370 671 1398 etiam
687 1369 833 1404 reliquum,

47 1416 177 1444 videlicet
195 1416 268 1450 quod
289 1423 339 1443 nec
350 1423 383 1442 ex
408 1415 478 1443 Filio
493 1410 701 1443 subsistentiam
724 1415 835 1448 habeat,

47 1471 111 1490 cum
130 1463 218 1497 ipsum
233 1469 342 1496 quoque
356 1462 454 1489 falsum
471 1462 517 1489 sit.
531 1461 593 1489 llaec
608 1461 691 1496 igitur
713 1462 740 1489 in
752 1469 835 1497 supe-

48 1508 170 1536 rioribus
197 1507 334 1540 diximus,
357 1512 383 1534 et
402 1514 475 1534 nunc
500 1507 574 1535 illius
589 1508 655 1535 noni
677 1508 836 1535 anathema-

50 1553 135 1586 tismi,
149 1557 244 1580 contra
259 1559 340 1587 quem
361 1552 546 1580 Theodoritus
560 1553 683 1580 scribens
694 1553 738 1580 illa
753 1553 833 1586 dixit,

49 1600 137 1635 ipsius
156 1598 252 1634 Cyrilli
266 1598 463 1633 expositionem
479 1598 645 1632 indusimus,
658 1599 779 1634 seipsum
807 1603 836 1627 et

48 1653 127 1673 suam
155 1650 274 1672 mentem
307 1644 482 1679 exponentis.
509 1649 537 1671 et
561 1649 656 1672 contra
690 1644 835 1672 maledicta

50 1690 209 1718 Theodoriti
236 1689 404 1724 replicantis.
431 1689 490 1716 Non
508 1688 588 1717 decet
611 1689 706 1725 igitur,
734 1689 836 1717 omisso

49 1738 96 1766 illo
107 1731 190 1765 alium
211 1744 336 1772 quaerere
359 1741 505 1764 verborum
522 1736 615 1771 Cyrilli
637 1736 834 1770 expositorem,

48 1789 77 1812 et
93 1784 242 1820 praesertim
254 1782 420 1810 acerrimum
439 1782 498 1817 ejus
511 1782 627 1809 hostem.
640 1781 729 1814 Quare
744 1785 835 1809 autem

49 1829 168 1864 Cyrillus
185 1828 318 1863 Spiritum
340 1827 446 1855 dixerat
458 1827 597 1862 proprium
612 1826 685 1860 Filii,
707 1827 734 1853 in
759 1833 833 1854 nono

47 1875 392 1912 anathematismo.quod
415 1874 601 1902 Theodoritus
626 1874 745 1909 carpsit,
776 1874 836 1908 ipse

46 1931 207 1959 exponens:
226 1922 296 1956 Quia
310 1922 386 1954 dicit,
401 1921 439 1948 Ex
456 1928 488 1948 eo
504 1924 556 1954 est,
575 1925 603 1947 et
618 1918 786 1956 conveniens
807 1920 835 1947 in

48 1971 99 1998 hoc
117 1968 340 1998 Occidentalibus
353 1967 489 1995 Patrihus.
505 1967 537 1994 Et
556 1967 594 1994 illi
608 1966 682 1994 enim
703 1965 835 2000 Spiritum

48 2017 145 2045 dicunt
161 2016 220 2043 Filii
239 2020 369 2050 tanquam
381 2022 414 2041 ex
434 2021 466 2041 eo
479 2013 683 2047 procedentem.
698 2011 835 2039 Praeterea

48 2071 81 2090 ex
94 2061 274 2097 responsione
289 2060 381 2096 Cyriili
405 2059 438 2086 ad
463 2059 660 2086 'l‘hcodoritum
685 2057 756 2085 idem
772 2065 837 2093 pro-

49 2108 113 2136 bare
137 2114 293 2142 possumus,
308 2114 330 2133 st
352 2106 415 2141 quis
441 2105 500 2132 sine
524 2104 700 2132 contentione
716 2103 834 2131 audiat:

49 2153 177 2182 Procedit
192 2154 314 2189 quidem,
333 2152 431 2187 inquit,
453 2151 572 2185 Spiritus
599 2154 711 2178 sanctus
727 2158 760 2177 ex
781 2150 836 2178 Deo

49 2200 128 2228 Patre
158 2198 310 2227 secundum
332 2199 415 2225 verba
432 2196 591 2230 Salvatoris,
606 2204 658 2224 non
687 2200 777 2224 tamen
794 2200 836 2224 est

895 277 972 311 φησι.
988 276 1099 310 Πνεῦμα
1113 278 1143 303 τὸ
1156 278 1280 312 Πνεῦμα,
1298 278 1346 305 καὶ
1363 278 1429 306 ἴδιον
1441 279 1535 314 αὑτοῦ,
1552 289 1680 316 μονονου-

893 323 922 357 χὶ
936 322 1015 349 τοῦτο
1025 323 1123 357 λέγων,
1136 324 1173 354 ὡς
1190 325 1214 350 el
1230 325 1277 351 καὶ
1291 325 1323 351 ἐκ
1336 325 1383 352 τοῦ
1404 325 1509 359 Πατρὺς
1529 326 1679 362 ικπορεύε-

894 367 958 395 σθαι
980 369 1045 395 αὐτὸ
1060 369 1073 396 ὁ
1088 369 1220 404 σωτήριός
1232 378 1299 404 φησι
1312 371 1400 404 λόγος,
1417 370 1474 398 ἀλλ’
1492 370 1568 398 οὐδὲν
1594 370 1678 408 ἧττόν

892 415 1013 441 ἐστικαὶ
1027 415 1074 442 τοῦ
1085 414 1164 447 Υἱοῦ,
1181 415 1219 447 ὡς
1229 415 1331 451 δηλαδὴ
1345 417 1562 452 ἐκπορευόμενον
1577 418 1606 451 ἒξ
1629 418 1679 445 αὖ·

891 459 939 486 τοῦ
958 468 966 476 ·
980 460 1055 495 καὶὴ
1073 461 1157 493 αἰτία,
1174 461 1217 488 ὅτι
1232 462 1322 488 πάντα
1337 461 1394 496 ἔχει
1408 462 1478 495 μετὰ
1488 462 1535 489 τοῦ
1551 463 1656 498 Πατρός
1669 470 1677 478 ’
1714 492 1720 496 ε

891 505 936 532 διὰ
949 506 1029 532 τοῦτο
1040 506 1106 542 γὰρ,
1121 507 1198 542 φησι,
1213 506 1260 533 καὶ
1284 507 1326 540 τὸ,
1359 507 1412 540 Ἐξ
1439 507 1513 542 ἐμοῦ
1534 509 1676 543 λήψεται,

890 596 1028 632 quodhoc
1052 598 1086 625 de
1107 597 1210 633 Spiritu
1239 598 1347 626 dixerat
1369 598 1511 627 Dominus.
1535 599 1678 627 Postremo

891 641 963 669 idem
981 642 1078 677 prohat
1091 651 1140 678 per
1162 643 1235 670 illam
1260 645 1463 678 auctoritatem,
1482 645 1554 679 quod
1571 653 1604 672 ex
1631 654 1674 677 co,

890 687 917 714 id
933 692 986 720 est,
1000 687 1070 715 Filio
1085 688 1200 722 accipiat
1212 688 1342 723 Spiritus.
1361 689 1418 716 Hoc
1433 689 1507 717 enim
1522 695 1550 717 et
1565 697 1677 718 sanctus

889 733 1058 768 Epiphanius
1070 733 1202 768 (utpauio
1216 739 1276 769 post
1290 735 1465 769 ostenditur),
1481 743 1533 770 pro
1550 737 1674 770 c0'quoxl

889 786 975 810 exeo
1003 779 1143 813 procedat,
1160 780 1269 815 accipit.
1291 780 1349 815 Ipse
1368 788 1478 815 quoque
1506 780 1600 808 beatus
1620 780 1676 815 Cy-

890 824 969 851 rillus
988 824 1015 852 in
1031 825 1201 859 expositione
1213 833 1296 860 super
1309 826 1455 859 Joannem,
1477 826 1561 860 ipsam
1577 831 1674 854 aucto-

889 869 994 897 vitalem
1011 877 1168 904 exponens,
1185 870 1225 897 sic
1247 870 1337 906 inquit
1354 879 1360 896 :
1376 871 1507 908 Accipere
1525 871 1599 898 enim
1612 870 1675 905 Spi-

888 915 971 942 ritum
998 914 1114 942 dicimus
1141 923 1174 943 ex
1198 915 1279 943 Patre
1295 916 1330 943 'et
1346 916 1417 944 Filio
1436 924 1468 944 ea
1485 923 1545 951 qua:
1564 916 1673 943 illorum

888 965 961 993 sunt,
978 968 1032 988 non
1051 965 1180 996 tanquam
1206 961 1354 996 aliquando
1370 962 1482 996 quidem
1496 969 1550 989 non
1567 961 1675 989 haben-

887 1009 942 1033 tem
961 1006 1069 1034 insitam
1084 1007 1111 1034 in
1125 1007 1166 1034 eis
1183 1008 1345 1042 sapientiam
1368 1013 1397 1035 et
1410 1009 1571 1043 potentiam
1583 1029 1590 1040 ,
1610 1014 1673 1034 cum

886 1051 1054 1087 intelligatur
1079 1051 1181 1080 habere
1213 1053 1337 1080 eamdem
1366 1053 1531 1088 essentiam,
1566 1060 1675 1087 semper

885 1097 986 1125 etenim
1012 1098 1120 1132 sapiens
1139 1103 1168 1126 et
1193 1103 1290 1133 potens
1310 1104 1353 1127 est
1378 1099 1514 1133 Spiritus;
1535 1099 1590 1127 imo
1607 1107 1674 1127 vero

886 1143 944 1178 ipsa
963 1143 1096 1178 sapientia
1110 1147 1138 1170 et
1152 1145 1272 1177 potentia
1288 1151 1329 1172 est
1341 1167 1347 1177 ,
1371 1153 1425 1171 non
1447 1145 1672 1179 participatione,

886 1189 933 1217 sed
946 1189 1119 1216 naturaliter.
1131 1189 1160 1216 Si
1177 1189 1261 1224 igitur
1277 1190 1302 1217 id
1323 1191 1395 1224 qttod
1415 1190 1536 1225 Spiritus
1556 1198 1588 1217 ex
1604 1188 1675 1217 Filio

886 1234 995 1269 accipit,
1021 1234 1153 1269 sapientia
1178 1239 1205 1261 et
1225 1235 1347 1269 potentia
1374 1239 1435 1267 est,
1465 1236 1522 1262 haec
1535 1242 1601 1262 vero
1619 1243 1673 1261 nott

886 1279 1033 1315 aliquando
1058 1280 1170 1314 quidem
1199 1280 1301 1313 habet,
1330 1280 1478 1314 aliquando
1504 1288 1570 1308 vero
1600 1286 1674 1313 non;

885 1332 995 1360 semper
1019 1332 1136 1360 namque
1165 1325 1227 1352 talis
1246 1329 1288 1352 est
1317 1331 1424 1361 natura,
1452 1333 1506 1353 non
1528 1326 1676 1360 participa-

886 1371 977 1403 tione;
1005 1377 1168 1404 semperque
1193 1377 1207 1397 a
1233 1370 1301 1398 Filio
1320 1371 1431 1404 accipit,
1448 1378 1509 1405 quae
1529 1377 1590 1398 cum
1616 1378 1672 1397 nott

886 1416 984 1444 habeat
1001 1416 1222 1451 participatione,
1238 1421 1335 1443 natura
1348 1417 1410 1450 ejus
1431 1421 1513 1444 sunt:
1529 1416 1593 1450 quid
1611 1416 1676 1443 hinc

886 1463 1041 1498 colligatur,
1057 1462 1118 1497 quis
1134 1461 1260 1497 ignorat?
1272 1462 1305 1488 Et
1315 1462 1414 1489 merito
1425 1463 1483 1489 haec
1494 1463 1589 1489 beatus
1606 1462 1675 1489 dicit

885 1509 1013 1545 Cyrillus,
1031 1509 1078 1544 qui
1099 1509 1126 1536 in
1147 1508 1285 1543 plerisque
1301 1508 1362 1534 aliis
1384 1507 1452 1534 locis
1474 1507 1616 1534 manifeste
1642 1515 1674 1534 ex

887 1555 967 1588 Filio,
985 1555 1064 1582 sicuti
1090 1562 1125 1582 ex
1144 1553 1240 1587 Patre,
1268 1553 1417 1588 procedere
1446 1552 1514 1580 dicit
1541 1552 1676 1587 Spiritum

887 1605 1022 1629 sanctum.
1044 1600 1074 1628 ln
1091 1599 1207 1634 epistola
1236 1606 1355 1634 namque
1371 1598 1405 1626 ad
1425 1598 1582 1626 Nestorium
1596 1607 1602 1624 :
1618 1597 1674 1624 Etsi

886 1651 938 1680 est,
970 1646 1070 1682 inquit,
1102 1645 1220 1681 Spiritus
1248 1645 1275 1672 in
1291 1644 1399 1680 propria
1424 1643 1564 1679 hypostasi
1596 1647 1676 1678 prout

887 1691 1006 1728 Spiritus
1024 1697 1075 1725 est,
1091 1698 1145 1719 non
1162 1690 1258 1724 Filius,
1272 1697 1326 1717 non
1345 1693 1388 1717 est
1405 1694 1495 1716 tamen
1511 1688 1545 1716 ab
1559 1696 1593 1716 eo
1607 1688 1676 1715 alie-

886 1745 948 1771 nus,
961 1736 1073 1772 profluit
1089 1740 1180 1763 autem
1199 1739 1234 1763 ex‘
1249 1742 1282 1762 eo
1307 1734 1388 1762 sicuti
1408 1741 1440 1761 ex
1460 1735 1514 1760 iteo
1534 1737 1562 1761 et
1583 1734 1674 1762 Patre.

885 1782 925 1810 Ne
941 1782 1003 1817 quis
1013 1787 1104 1809 autem
1121 1781 1174 1808 hoc
1188 1780 1313 1814 verbum,
1335 1778 1485 1812 Proﬂuere,
1501 1779 1534 1806 de
1554 1779 1675 1806 secunda

886 1833 913 1856 et
929 1827 1073 1863 temporali
1092 1826 1269 1862 processione
1289 1829 1367 1860 putet
1383 1825 1429 1852 hic
1449 1825 1533 1851 inisse
1553 1825 1673 1857 dictum;

885 1876 974 1911 primo
996 1875 1106 1909 quidem
1137 1874 1214 1907 sciat,
1244 1873 1317 1908 quod
1337 1880 1391 1900 non
1405 1876 1447 1899 est
1466 1872 1509 1899 hic
1523 1879 1613 1898 Sermo
1639 1871 1673 1898 de

886 1920 1080 1948 distributione
1105 1919 1242 1946 donorum
1269 1923 1297 1946 et
1317 1918 1513 1945 charismatum
1540 1916 1670 1951 Spiritus,

886 1966 933 1993 sed
944 1966 977 1993 de
994 1966 1052 2000 ipsa
1063 1965 1124 2000 ejus
1140 1963 1290 1999 hypostasi.
1307 1963 1410 1990 Deinde
1431 1963 1492 1995 hoc,
1520 1962 1669 1994 Proﬂncre,

886 2017 995 2045 semper
1009 2008 1134 2043 reperies
1150 2007 1222 2042 apud
1242 2008 1315 2034 hunc
1335 2007 1474 2034 doctorem
1497 2015 1555 2041 pro,
1572 2007 1674 2034 Proce-

886 2055 962 2083 dere.
978 2054 1087 2082 Etenim
1104 2058 1162 2081 tum
1179 2053 1206 2079 in
1222 2053 1394 2087 expositione
1410 2052 1543 2087 Symboli,
1560 2051 1672 2086 proﬂuit

886 2100 1007 2136 quidem,
1030 2099 1129 2134 inquit,
1154 2099 1207 2126 hoc
1223 2102 1276 2131 est,
1297 2097 1440 2132 procedit:
1466 2101 1523 2124 tum
1544 2097 1571 2124 in
1597 2101 1674 2124 sexto

887 2147 920 2176 ad
944 2146 1094 2180 Hermiatn,
1123 2150 1152 2173 et
1170 2145 1303 2181 Spiritum
1329 2144 1439 2179 quidem
1463 2144 1586 2172 veritatis
1611 2151 1673 2171 eum

886 2193 1020 2227 nominat,
1045 2191 1181 2228 proﬂuere
1200 2195 1290 2219 autem
1308 2197 1341 2217 ex
1368 2191 1426 2225 ipso
1449 2190 1547 2218 asserit
1575 2189 1673 2223 Patre,

50 2246 156 2274 alienus
170 2253 185 2273 a
205 2245 295 2278 Filio;
310 2245 401 2272 omnia
425 2251 542 2279 namque
561 2250 622 2270 cum
637 2243 717 2271 Patre
741 2243 834 2271 habet.
851 2242 874 2271 D
888 2244 946 2268 tum
960 2239 1040 2267 etiam
1056 2238 1195 2274 plerisque
1214 2238 1276 2265 aliis
1291 2237 1318 2265 in
1338 2237 1407 2265 locis
1424 2238 1495 2265 idem
1512 2236 1590 2265 dicit.
1602 2237 1673 2265 Illud

52 2292 82 2320 Et
99 2293 154 2320 hoc
169 2292 285 2327 ipsemet
305 2291 407 2325 docuit,
425 2290 520 2318 dicens
535 2290 569 2317 de
587 2289 693 2325 Spiritlt
720 2294 815 2317 sancto
829 2297 836 2316 :

51 2339 144 2367 Omnia
171 2345 332 2374 qmrcrmque
354 2337 429 2365 habet
461 2336 553 2369 Pater,
584 2343 643 2363 mea
665 2341 752 2363 sunt:
777 2335 838 2362 ideo

52 2385 119 2413 dixit
136 2384 232 2412 vobis:
253 2382 294 2410 Ea;
313 2390 368 2410 meo
388 2382 514 2416 accipiet,
532 2385 556 2408 et
575 2381 744 2408 annuntiabit
757 2380 837 2407 vobis.

53 2431 117 2458 Nam
138 2430 189 2458 etsi
205 2437 219 2456 a
234 2428 324 2462 Patre,
342 2428 439 2463 inquit,
456 2426 604 2462 procedere
625 2425 758 2460 Spiritum
775 2433 839 2452 satr-

53 2482 124 2504 ctnm
149 2475 275 2503 Salvator
298 2474 386 2506 dixit,
403 2480 458 2500 non
477 2473 568 2499 minus
586 2476 675 2499 tamen
697 2475 741 2498 est
755 2472 838 2498 etiam

53 2519 131 2548 Filii:
157 2524 199 2546 est
219 2522 310 2545 autem
336 2517 409 2550 Filii,
440 2510 670 2551 qneniadmodum
691 2519 719 2542 et
740 2514 837 2543 Patris.

55 2566 184 2599 Superius
197 2570 315 2597 namque
330 2562 400 2590 dixit
418 2570 425 2588 :
437 2561 503 2588 Erat
523 2568 640 2595 namque
653 2564 736 2587 etest
750 2560 839 2595 Spiri-

56 2617 96 2638 tus
119 2611 188 2647 ejus,
218 2609 291 2637 sicut
321 2612 348 2636 et
372 2607 483 2636 Patris:
504 2612 533 2635 et
552 2614 607 2634 non
633 2607 717 2642 magis
739 2606 837 2640 Patris,

57 2659 143 2686 minus
156 2657 229 2690 Filii,
243 2656 291 2684 sed
308 2655 436 2683 similiter
450 2654 605 2682 amborum.
616 2653 673 2681 Hoc
687 2661 753 2681 vero
769 2653 838 2681 nihil

55 2703 124 2731 aliud
139 2708 190 2737 est,
205 2702 276 2730 nisi:
291 2700 526 2735 Quemadmodum
543 2703 585 2727 est
600 2699 719 2734 Spiritus
740 2698 837 2732 Patris,

57 2753 181 2785 tanquam
202 2757 235 2777 ex
261 2756 294 2776 eo
321 2746 482 2783 procedens,
502 2746 540 2773 ita
555 2745 660 2773 scilicet
673 2744 755 2772 etiam
778 2744 838 2773 Filii

57 2800 105 2828 est,
132 2801 262 2831 tanquam
280 2802 329 2839 ἐκ
343 2801 377 2821 eo
401 2801 449 2828 per
477 2799 540 2820 eum
562 2791 724 2827 procedens.
739 2791 774 2818 Et
787 2791 839 2818 hoc

58 2839 187 2874 signiﬁcat
200 2849 262 2868 cum
278 2837 304 2868 in
331 2838 518 2867 testimonium
535 2837 618 2873 hujus
643 2838 682 2865 rei
710 2837 836 2872 accipiat,

61 2886 126 2918 quod
139 2887 225 2915 Filius
241 2886 332 2915 omnia
351 2885 447 2913 habeat
466 2891 526 2919 quat
542 2888 569 2911 et
589 2884 679 2917 Pater,
698 2887 727 2911 ct
741 2883 833 2918 addat,

888 2291 998 2320 quoque
1014 2283 1087 2319 quod
1107 2283 1174 2310 dicit
1191 2302 1198 2310 .
1215 2282 1301 2310 Sicuti
1328 2290 1360 2310 ex
1388 2283 1444 2310 Deo
1465 2288 1493 2311 et
1510 2283 1597 2317 Patre,
1621 2291 1674 2310 non

889 2330 1048 2366 superﬂuit;
1068 2329 1134 2357 nihil
1151 2329 1224 2356 enim
1234 2328 1280 2356 ille
1292 2336 1543 2363 supervacaneum,
1556 2330 1603 2356 sed
1617 2338 1675 2355 mn-

889 2378 933 2406 nia
944 2385 1005 2405 cum
1018 2384 1116 2412 magno
1130 2375 1252 2411 pondere
1269 2375 1351 2408 dicit;
1364 2379 1391 2402 et
1406 2376 1444 2402 ita
1458 2375 1526 2407 vult,
1541 2375 1673 2410 Spiritum
1692 2409 1696 2413 .

887 2431 949 2452 esse
968 2423 1039 2456 Filii,
1058 2425 1192 2457 proutcst
1211 2421 1322 2448 Patris:
1345 2426 1373 2448 et
1389 2422 1424 2448 ita
1444 2422 1591 2456 proﬂuere,
1608 2428 1674 2457 pro—

888 2469 959 2502 dire,
984 2473 1012 2496 et
1028 2475 1158 2496 emanare
1185 2467 1292 2507 alFilio,
1307 2472 1389 2502 prout
1403 2474 1417 2494 a
1434 2467 1525 2500 Patre,
1540 2472 1567 2494 et
1596 2467 1672 2494 nullo

889 2517 970 2544 modo
984 2516 1075 2543 aliter.
1092 2515 1157 2542 Ideo
1170 2514 1197 2541 in
1219 2521 1346 2541 sermone
1360 2513 1393 2540 ad
1413 2513 1599 2541 Theodosium
1622 2514 1673 2540 im-

890 2567 1044 2598 peratorem
1064 2561 1097 2588 de
1123 2561 1176 2588 hoc
1193 2560 1319 2595 loquens,
1336 2564 1364 2586 et
1385 2559 1481 2587 volens
1499 2560 1613 2594 probare
1637 2561 1673 2587 ita

889 2615 950 2636 esse
968 2607 1030 2635 Filii
1048 2606 1182 2641 Spiritum
1194 2624 1201 2637 ,
1223 2609 1305 2640 prout
1324 2605 1426 2637 Patris;
1450 2610 1479 2632 et
1493 2606 1530 2632 ita
1547 2613 1578 2632 cx
1606 2605 1675 2632 Filio

890 2653 969 2681 nobis
985 2660 1115 2681 emanare
1129 2659 1203 2686 eum,
1224 2656 1305 2687 prout
1319 2660 1352 2679 ex
1367 2652 1464 2679 Patre:
1478 2651 1535 2678 Non
1551 2660 1583 2679 ex
1595 2660 1672 2680 meo-

888 2707 969 2732 sura,
999 2698 1107 2733 inquit,
1132 2697 1285 2725 secundum
1309 2697 1458 2731 Joannem,
1476 2698 1523 2725 dat
1542 2698 1673 2733 Spiritum

888 2744 984 2777 Filius,
1012 2743 1060 2770 sed
1077 2742 1136 2777 ipse
1154 2749 1216 2769 eum
1238 2749 1272 2769 ex
1295 2742 1385 2777 seipse
1397 2741 1508 2776 emittit,
1539 2743 1674 2777 quemad-

888 2791 1000 2819 modum
1015 2793 1042 2816 et
1063 2788 1121 2824 ipse
1144 2789 1234 2816 Pater.
1255 2787 1344 2821 Quare
1359 2790 1453 2816 beatus
1475 2790 1576 2816 Paulus
1598 2790 1672 2817 omni

889 2837 916 2864 in
937 2836 989 2862 hoc
1003 2834 1163 2862 diﬂ‘ereutia
1190 2833 1339 2868 proposita,
1359 2841 1433 2861 nunc
1448 2834 1558 2869 quidem
1579 2835 1633 2862 Deo
1645 2839 1674 2862 et

889 2882 962 2911 Patri
994 2881 1070 2908 illum
1096 2879 1335 2914 attribuit,rnunc
1365 2887 1458 2908 rursus
1470 2879 1548 2908 Filio.
1568 2880 1675 2909 l‘rui’crt
