1916 3066
469 147 611 177 ORATIO
630 146 854 177 DOGMA'l'lCA
876 147 953 177 PRO
976 147 1136 178 UNlONE.

1575 150 1627 182 602

11 205 88 241 ἐγὼ
107 204 227 240 πέμψω
246 205 318 240 ὑμῖν
330 205 410 240 παρὰ
423 205 477 232 τοῦ
490 205 613 239 Πατρὸς.
630 205 665 232 τὸ
694 206 789 232 Πνεῦ-
804 209 827 237 Α
844 206 1002 241 live-Spero;
1016 206 1132 241 νοοῦμεν
1153 203 1311 239 ὑπόῖιτασιν,
1333 207 1380 234 καὶ
1395 207 1426 234 τὸ
1450 209 1628 244 πεμπόμενον

14 253 88 286 τῆς
103 252 270 285 ἀληθείας,
290 252 306 278 ὂ
321 251 400 286 παρὰ
417 251 470 278 τοῦ
486 252 602 286 Πατρός
626 252 787 285 ἐκπορεύε-

13 319 21 325 .
42 297 154 324 Τοῦτο
169 297 198 323 δὲ
217 299 264 323 καὶ
286 297 493 332 γραμματικῶν
522 297 617 328 παῖδες
641 297 728 328 οὕτως
753 297 787 323 ἂν

9 352 85 370 :otsv
102 351 113 359 ο
133 342 225 370 ὀταν
239 343 303 378 ἔλθῃ
323 344 338 369 ὸ
366 343 556 377 Παράκλητος,
585 343 615 375 ὃς
637 343 714 378 παρὰ
738 342 786 370 τοῦ

9 391 88 424 τρδε
104 389 309 425 ἐκπορεύεται,
325 389 356 416 ὃν
368 389 423 423 ἐγὼ
434 389 535 424 πέμψω
550 389 614 426 ὑμῖν
632 397 638 404 ·
651 390 690 420 ὡς
715 387 787 416 εἶναι

12 444 52 461 ον
69 434 172 461 tau-rb
187 434 267 461 τοῦτο
280 434 399 469 πέμψειν
409 435 504 466 αὑτὸν,
520 434 534 461 δ
566 434 642 470 παρὰ
661 434 710 461 τοῦ
731 435 787 460 Πα-

9 489 31 510 ις
47 479 261 515 ἐκπορεύεται.
279 479 312 506 Et
335 478 383 506 οὖν
399 480 415 514 ὴ
433 479 583 512 ὑπόστασις
595 480 642 506 τοῦ
658 481 786 514 Πνιύμα-

9 536 11 539 ν
33 527 128 560 παρὰ
158 525 208 552 τοῦ
230 525 341 560 Πατρδς
362 526 555 560 ἐκπορεύεται,
576 527 678 561 ταύτην
702 528 749 553 καὶ
771 528 786 553 ὸ

9 580 34 602 ις
54 572 179 606 πέμπει
193 579 200 587 ο
213 571 238 597 ει
252 571 280 597 δὲ
299 572 381 605 χάριν
408 573 422 598 ὁ
439 571 502 603 Υἱὸς
522 572 627 606 πέμπει
652 572 701 607 τὴν
722 572 786 598 ἀνυ-

9 626 137 648 στειτον,
149 617 203 644 καὶ
219 617 296 652 παρὰ
312 617 359 643 τοῦ
375 617 482 652 [ἰατρὸς
495 618 525 644 οὗ
538 618 568 643 τὸ
582 617 706 653 Πνεῦμα,
723 618 782 644 ἀλλ’

9 663 93 696 [ἀρις
120 661 158 688 ἃν
176 661 365 696 ὲκπορεύιιτο.
385 663 466 689 ’Δὶ-λὰ
493 662 574 689 τοῦτό
594 671 626 696 γι
653 664 721 698 πρὸς
746 664 785 698 τῷ

9 707 142 742 ,ἀνοήτῳ
157 709 206 734 καὶ
223 708 399 743 βλάσφημον.
422 709 500 735 Ἐπεὶ
510 709 565 743 γὰρ
585 709 646 737 καθ’
662 710 721 742 ἑνὸς
736 710 784 736 καὶ

9 753 17 779 i
37 753 135 779 αὑτοῦ
151 753 338 787 ὑποκειμένου
352 753 400 780 τοῦ
415 754 571 788 Πνιὺματος
588 754 635 781 δύο
645 755 707 782 τινὰ
731 763 783 782 κα-

9 800 234 834 γοροῦνται,τὸ
249 799 452 833 ἑκπορεύεσθαι
482 809 513 828 τε
539 801 586 828 καὶ
614 801 782 836 πέμπεσθαι,

12 845 52 871 ἂν
66 844 116 879 ἐφ’
135 844 202 876 ἑνὸς
219 845 275 871 τῶν
289 845 536 880 κατηγορουμένων
555 846 586 872 τὸ
603 846 782 880 ὑποκείμενον

838 252 888 286 τὴν
897 252 983 284 αὐτὴν
998 252 1072 278 νοεῖν
1097 252 1265 288 ὀφείλομενο
1286 252 1318 280 τὸ
1342 254 1398 288 γὰρ
1424 254 1512 286 ἄλλως
1537 255 1629 289 λέγειν

837 297 902 324 ἄνευ
914 298 962 332 τῆς
976 297 1030 324 ἀπὺ
1041 297 1096 324 τῶν
1111 298 1198 332 λόγων
1215 299 1350 334 ἀνάγκης,
1368 300 1416 326 καὶ
1430 299 1460 326 τὸ
1478 300 1528 334 μιν
1543 301 1628 327 ἐκτισ-

839 343 968 378 ρεύσσθαι
984 343 1034 378 τὴν
1051 344 1202 370 ὑπόστασιν
1217 345 1366 380 ἀπονέμιιν
1379 345 1426 372 τοῦ
1457 345 1627 379 Πνεῦματδος,

836 389 885 424 τὴν
899 389 928 416 δὲ
941 389 1022 424 χάριν
1034 389 1074 424 τῷ
1085 389 1257 424 πέμπεσθαι,
1273 390 1378 425 ἀλόγως
1394 391 1627 426 ἀποκληρούντων

837 437 921 466 ἐστιν.
945 436 1025 463 Ἀλλά
1036 437 1115 464 τοῦτό
1123 445 1155 471 γε
1171 437 1222 463 οὐκ
1235 437 1268 464 ἄν
1282 445 1324 469 τις
1343 438 1536 472 παραδέξαιτα
1553 437 1628 471 Πέμ-

836 489 918 508 πιται
932 481 987 514 ἄρα
1003 481 1080 516 παρὰ
1094 481 1140 508 τοῦ
1157 480 1237 512 Υῑσῦ,
1249 481 1309 514 ἣτις
1325 481 1374 507 καὶ
1400 481 1475 515 παρὰ
1507 479 1555 506 τοῦ
1572 480 1628 506 [lac

835 526 900 560 ’πρὸς
932 525 982 552 τοῦ
1016 526 1177 559 ιινιύματος
1204 526 1351 556 ὑπόστασις
1379 523 1568 558 ὶκπορεύεται,
1590 523 1628 555 ὠς

836 572 891 598 ἀπό
902 580 931 597 τι
943 572 999 597 τῶν
1007 571 1106 605 λογίων
1119 571 1238 606 ἐδείχθη,
1253 572 1309 598 ἀπὸ
1321 579 1352 597 τε
1377 571 1432 598 τῶν
1445 570 1626 597 διδασκάλων.

837 618 919 644 Ὠστι
928 617 1017 644 καὶτὸ
1030 618 1061 644 ὲκ
1070 617 1118 644 τοῦ
1135 617 1201 644 Υἱοῦ
1215 617 1361 651 λεγόμενον
1378 617 1429 652 τὴν
1443 615 1490 642 τοῦ
1503 615 1628 650 Πνεῦμα-

836 672 883 695 τσς
912 663 1062 691 ὑπόστασιν
1090 665 1160 690 νοεῖν
1185 664 1296 690 δίδωσι·
1328 656 1380 689 κᾶν
1405 662 1552 697 πηγάζειν,
1575 662 1628 689 κᾶν

835 709 1006 745 πέμπεσθαι,
1019 709 1098 744 παρὰ
1121 709 1169 735 τοῦ
1187 709 1253 735 Υιοῦ
1273 708 1304 734 τὸ
1332 708 1443 740 Πνεῦμα
1467 708 1626 742 ἁκούωμιν.

834 755 883 790 τὴν
895 754 971 781 θείαν
983 754 1089 781 ἐκείνου
1119 756 1190 780 νοεῖν
1211 754 1361 787 ἀναγκαῖον
1386 753 1547 780 ὑπόστασιν.
1563 751 1626 784 Ιιῶς

834 800 857 827 δ’
867 800 901 827 ἂν
914 800 1003 832 ἄλλως
1015 800 1031 835 ἡ
1043 799 1091 826 τοῦ
1103 799 1264 834 Πνιόματος
1278 799 1339 825 θεία
1354 798 1503 829 ὑπόστασις
1532 798 1564 824 ὲκ
1577 796 1625 823 τοῦ

835 846 913 877 Υῑοῦ,
932 846 950 881 ἢ
970 847 1046 881 παρὰ
1062 846 1112 872 τοῦ
1128 845 1193 871 Υἱοῦ
1209 845 1265 880 ατη,
1293 845 1309 878 ἢ
1325 844 1516 876 ἀναϐλύσιιιν,
1534 844 1551 879 ἢ
1574 851 1627 878 πη-

9 890 57 916 Ξτο
74 890 276 926 λαμϐάνεσθαι
289 891 339 922 δεῖ,
354 891 442 923 οὕτως
453 892 560 926 ἀνάγκη
588 892 637 919 καὶ
658 892 704 920 ἐπὶ
733 891 781 918 τοῦ
797 887 819 915 Β
834 892 941 926 vacus.
958 891 997 927 pi;
1011 890 1120 926 ιχοντος
1134 891 1239 918 ἐκεῖνον
1261 889 1353 917 αἰτίαν
1370 897 1380 923 ;
1397 889 1513 924 συνορᾷν
1538 887 1625 923 ιτωγ’

9 938 77 973 Epeo
89 937 247 973 ληφθῆναι.
264 938 296 965 El
307 937 354 965 οὖν
371 937 403 964 τὸ
416 938 637 974 ὲκπομυόμινον
659 938 709 973 τὴν
737 938 811 978 105‘

9 1016 65 1050 dit,
87 1024 175 1051 quem
190 1024 241 1052 ego
252 1017 359 1044 mittam
385 1017 486 1046 vobis:
504 1021 535 1045 ut
548 1017 725 1046 manifestum
744 1018 780 1046 sit

9 1069 87 1095 sum,
108 1062 138 1089 id
164 1067 217 1095 est,
240 1062 340 1089 Filium
365 1063 524 1096 missurum,
537 1063 610 1098 quod
625 1069 653 1091 et
670 1072 685 1091 a
700 1063 780 1092 Patre

11 1109 125 1136 ocedit.
153 1107 182 1135 Si
211 1108 295 1143 igitur
317 1115 434 1143 persona
451 1108 571 1143 Spiritus
583 1116 599 1136 a
614 1109 694 1137 Patre
712 1117 779 1144 pro-

11 1155 67 1187 dit,
91 1153 193 1181 eadem
219 1153 300 1181 etiam
316 1161 331 1180 a
354 1152 424 1180 Filio
439 1154 568 1181 mittitur.
581 1153 658 1187 Quod
679 1154 702 1181 si
718 1161 779 1189 gra-

9 1207 48 1226 IIII
65 1198 158 1226 Filius
172 1206 227 1225 non
240 1198 436 1226 subsistentem
454 1199 548 1232 mittit,
564 1206 580 1226 a
595 1199 676 1226 Patre
695 1199 778 1226 etiam

9 1253 36 1272 )II
67 1251 201 1279 persona,
227 1243 274 1272 sed
302 1244 391 1279 gratia
415 1243 551 1279 procedit.
581 1242 635 1272 Sed
648 1245 699 1272 hoc
712 1252 777 1272 cum

9 1291 114 1324 ultum,
141 1294 200 1317 tum
225 1290 338 1326 impium
358 1295 401 1318 est
428 1291 531 1318 dicere.
559 1289 628 1318 Cum
654 1290 728 1318 enim
743 1290 778 1319 de

9 1346 40 1365 no
74 1342 105 1365 et
129 1338 226 1364 eodem
251 1336 386 1372 subjecto,
417 1336 548 1364 videlicet
573 1335 692 1371 Spiritu,
723 1336 779 1364 duo

9 1386 114 1411 caedam
140 1382 338 1419 pmdicautur,
368 1382 519 1416 procedere
534 1383 679 1410 scilicetet
693 1383 775 1417 mitti,
803 1380 805 1383 ’

9 1430 85 1456 udcm
116 1428 200 1456 modo
229 1427 420 1462 accipiendum
438 1427 594 1462 subjectum
609 1427 644 1455 de
660 1433 777 1463 utroque

11 1475 149 1503 mdicalo.
176 1474 204 1502 Si
226 1475 310 1509 igitur
339 1473 499 1509 bypostasin
537 1472 657 1508 Spiritus
680 1481 777 1509 proce-

9 1523 53 1549 lere
84 1520 276 1555 intelligimus,
299 1520 424 1547 eaindetn
436 1518 520 1546 etiam
536 1518 608 1546 mitti
624 1519 777 1554 intelligere

10 1567 126 1594 eberuus
154 1575 162 1593 :
187 1565 268 1593 aliter
297 1564 372 1592 enim
406 1564 498 1592 dicere
521 1563 627 1599 absque
655 1565 774 1598 ratione,

11 1613 94 1640 ullam
121 1611 313 1647 probationem
348 1610 532 1643 adducenda,
569 1615 598 1638 et
626 1611 776 1645 procedere

839 939 889 965 οὐκ
897 937 963 973 (xw.

831 1016 875 1044 vel
902 1023 937 1043 ex
970 1021 1100 1051 utroque.
1131 1014 1366 1050 quemadmodum
1391 1014 1431 1042 ait
1454 1014 1584 1042 Christus
1615 1023 1624 1042 :

831 1061 882 1095 Qui
892 1070 925 1089 ex
940 1061 1019 1089 Putre
1035 1062 1191 1096 procedit,et
1217 1061 1259 1087 hic
1273 1068 1306 1088 es:
1318 1068 1376 1088 meo
1389 1061 1511 1096 accipiet.
1529 1059 1563 1088 Et
1575 1067 1624 1096 pl-

831 1111 869 1134 tel
881 1106 956 1142 quod
970 1107 1015 1134 hie
1027 1106 1117 1134 dictor
1134 1112 1189 1133 non
1201 1106 1236 1133 de
1252 1105 1450 1133 distributione
1466 1105 1623 1134 charisma-

833 1158 902 1187 tum,
918 1153 953 1180 de
970 1153 1075 1181 divinis
1094 1157 1190 1180 autem
1203 1152 1334 1186 personis
1344 1156 1373 1179 et
1382 1151 1568 1180 subsistentia
1584 1159 1621 1179 eo

829 1207 891 1227 rum
915 1198 1107 1235 quuitur..ln
1134 1198 1323 1226 testimonium
1347 1205 1413 1226 vero
1433 1202 1462 1226 et
1484 1198 1626 1233 probatio-

830 1253 904 1277 nem,
936 1245 1009 1280 quod
1040 1244 1164 1279 Spiritus
1184 1252 1219 1271 ex
1245 1244 1316 1272 Filio
1344 1251 1456 1279 quoque
1485 1244 1622 1279 procedit,

829 1290 903 1318 illam
926 1288 1118 1317 auctoritatem
1147 1287 1261 1315 adducit
1291 1297 1299 1315 :
1331 1288 1372 1315 Ex
1398 1295 1455 1315 meo
1489 1289 1624 1323 accipiet-

828 1336 942 1367 docens,
964 1339 994 1362 ut
1018 1341 1081 1362 cum
1100 1333 1246 1362 audiamus
1259 1334 1288 1361 in
1303 1334 1457 1370 Evangelils
1475 1335 1622 1364 Dominum

829 1383 967 1410 dicentem
999 1381 1034 1409 de
1059 1381 1176 1417 Spiritu,
1207 1381 1280 1416 quod
1310 1388 1344 1408 ex
1372 1389 1406 1409 eo
1430 1382 1565 1417 accipiet,
1584 1382 1622 1410 ita

828 1427 1028 1463 intelligamus,
1056 1434 1088 1454 ac
1123 1427 1146 1454 si
1175 1426 1303 1460 diceret,
1334 1435 1368 1455 ex
1406 1434 1441 1455 eo
1468 1427 1622 1463 procedere

827 1474 960 1509 Spiritum
987 1478 1124 1501 sanctum.
1149 1472 1222 1500 Idem
1251 1473 1280 1500 in
1315 1473 1515 1502 eisdem:Sed
1548 1474 1623 1503 dicet

827 1519 975 1556 quispiam.
1012 1510 1084 1555 Er'go
1110 1519 1179 1546 duos
1218 1518 1305 1547 Filios
1336 1527 1398 1548 esse
1424 1520 1561 1548 dicimus?
1587 1521 1622 1550 Et

827 1565 967 1601 quomodo
985 1563 1029 1592 es!
1056 1563 1236 1600 unigenitus?
1259 1565 1295 1593 At
1316 1565 1444 1600 quisnam
1469 1574 1500 1594 es
1513 1571 1551 1601 tu,
1573 1569 1621 1601 qui

827 1613 996 1642 contradicis
1020 1613 1096 1641 Deo?
1125 1612 1152 1640 Si
1167 1613 1240 1640 enim
1255 1613 1355 1641 Filium
1371 1614 1506 1649 nominet,
1525 1615 1573 1650 qui
1584 1623 1619 1644 ex

12 1658 116 1692 ‘uidem,
133 1657 270 1693 hypOstasi
287 1656 406 1692 Spiritus
422 1657 586 1689 attribuerc,
616 1650 688 1685 mitti
700 1664 775 1690 vero,
793 1667 817 1698 ς
831 1655 922 1693 Patre,
944 1659 1079 1695 Spiritum
1109 1666 1174 1686 vero
1201 1663 1340 1692 sanctum.
1369 1661 1416 1695 qui
1443 1668 1478 1689 ex
1492 1665 1620 1697 utroque.

13 1706 86 1732 ralia:
116 1711 170 1731 non
198 1702 371 1736 subsistenti,
389 1702 441 1730 hoc
454 1702 614 1735 ridiculum,
631 1702 778 1731 irrationa-

14 1751 56 1782 ile,
81 1754 110 1776 et
124 1748 308 1777 voluntarium
321 1752 375 1780 est.
394 1752 423 1775 et
435 1747 507 1783 quod
524 1748 618 1775 nullus
630 1748 776 1783 concedet.

14 1795 111 1822 lntiter
131 1794 216 1829 igitur
242 1801 276 1828 es
300 1793 370 1821 Filio
397 1793 456 1829 ipsa
473 1793 593 1829 Spiritus
607 1793 776 1828 bypostasis,

15 1839 54 1874 pia
83 1844 112 1867 et
134 1847 149 1867 ι
174 1839 254 1867 Patre
268 1838 399 1874 procedit,
417 1839 649 1874 quemadmodum
661 1838 696 1866 ab
709 1838 779 1874 ipsis

16 1885 136 1922 Evangelii
162 1885 265 1919 verbis,
287 1889 316 1913 et
342 1892 357 1913 a
385 1885 547 1913 doctoribus
561 1885 706 1921 probatum
722 1889 776 1912 est.

17 1932 87 1965 hare
115 1932 137 1959 si
163 1931 244 1963 mitti.
273 1931 296 1959 si
322 1934 464 1965 emanare,
496 1931 520 1959 si
536 1930 662 1966 prodire.
678 1930 702 1958 si
714 1937 779 1966 pro-

17 1977 90 2010 luere,
104 1977 128 2004 si
141 1977 282 2009 scaturire,
295 1975 318 2003 si
332 1976 400 2004 oriri
415 1975 551 2011 Spiritum
567 1984 582 2003 a
599 1974 669 2004 Filio
681 1976 776 2003 audia~

18 2029 65 2058 unis;
82 2023 202 2052 divinam
229 2023 289 2058 ejus
306 2023 467 2059 hyposlasin
495 2023 649 2059 intelligere
663 2029 777 2051 necesse

19 2075 42 2096 ιιι
58 2080 64 2097 2
79 2069 196 2097 divinare
221 2074 313 2096 autem
337 2068 456 2104 Spiritus
472 2068 632 2104 hypostasin
661 2076 694 2096 ex
708 2068 778 2096 Filio

20 2114 145 2146 proﬂuere,
169 2112 209 2140 vel
237 2119 377 2146 emetiare,
405 2116 434 2140 et
452 2111 568 2148 reliqua,
587 2121 707 2149 quonam
723 2113 779 2141 alio

21 2161 79 2188 Indo
102 2159 227 2195 possibile
251 2164 304 2193 est,
331 2159 384 2186 nisi
406 2159 494 2187 Filius
507 2167 590 2187 causa
602 2159 660 2188 sive
675 2161 780 2196 princi-

21 2206 74 2238 pium
93 2206 176 2239 ipsius
192 2205 376 2233 subsistentia:
402 2203 522 2239 Spiritus
535 2205 655 2233 sit?Sed
670 2214 701 2233 ea
718 2210 779 2241 quas

22 2249 118 2284 lyrillus
145 2250 177 2277 de
199 2250 378 2284 processione
407 2250 495 2285 ipsius
521 2258 646 2285 persona:
657 2252 779 2286 Spiritus

23 2297 87 2323 uncti
110 2303 142 2323 es
168 2296 246 2323 Patre
273 2300 302 2323 et
324 2295 394 2323 Filio
408 2297 486 2329 dicit,
502 2296 560 2324 haec
572 2301 603 2324 et
619 2297 662 2325 his
676 2299 778 2327 similia

830 1710 886 1733 etc.
902 1705 936 1733 Et
951 1705 1051 1733 iterum
1068 1714 1075 1732 :
1091 1704 1212 1741 Spiritus
1228 1709 1353 1739 sanctus,
1374 1706 1500 1741 Spiritus
1519 1708 1623 1737 verita-

831 1752 866 1780 tis
884 1756 937 1785 est.
956 1752 1068 1779 tertium
1078 1752 1173 1780 lumen
1188 1760 1203 1779 a
1219 1751 1302 1780 Patre
1314 1758 1343 1780 et
1355 1753 1436 1782 Filio.
1453 1754 1486 1782 Et
1500 1760 1597 1783 rursus
1611 1764 1619 1782 :

831 1798 1071 1832 Quemadmodum
1098 1798 1172 1826 enim
1219 1798 1305 1826 Nemo
1335 1800 1406 1827 novit
1435 1801 1545 1828 Patren:
1571 1803 1622 1830 nisi

832 1843 929 1878 Filius,
945 1852 992 1871 nec
1007 1843 1107 1872 Filium
1125 1844 1177 1872 nisi
1195 1843 1276 1872 Pater
1294 1845 1302 1860 ί
1316 1854 1323 1877 ;
1354 1845 1391 1872 ita
1408 1845 1502 1874 dicere
1520 1847 1620 1879 audeo.

832 1898 883 1919 nec
896 1890 1028 1926 Spiritum
1052 1892 1105 1919 nisi
1128 1892 1208 1920 Pater
1235 1897 1266 1920 et
1278 1892 1374 1926 Filius,
1389 1900 1405 1920 a
1416 1901 1471 1928 quo
1482 1894 1619 1929 procedit,

830 1940 858 1963 et
871 1943 887 1963 a
898 1944 954 1972 quo
962 1937 1074 1971 accipit,
1085 1936 1144 1971 (sed
1160 1936 1284 1969 adverte,
1297 1937 1372 1972 quod
1384 1938 1411 1966 in
1428 1939 1621 1974 superioribus

831 1979 957 2015 accipere
985 1988 1036 2016 pro
1064 1980 1214 2016 procedere
1233 1981 1337 2017 posuit)
1366 1989 1456 2017 neque
1475 1983 1574 2014 Filium
1591 1990 1622 2013 et

832 2026 951 2060 Patrem,
979 2026 1031 2054 nisi
1057 2025 1179 2062 Spiritus
1195 2032 1320 2060 sanctus,
1333 2028 1379 2063 qui
1397 2035 1460 2056 vere
1475 2028 1619 2064 ειωιαωι,

831 2071 878 2107 qui
901 2071 994 2100 omnia
1018 2072 1112 2106 docet,
1131 2072 1179 2108 qui
1198 2080 1232 2100 ex
1248 2073 1330 2101 Patre
1346 2078 1374 2101 et
1394 2073 1473 2103 Filio.
1489 2073 1560 2109 Quid
1577 2075 1622 2104 bis

832 2117 964 2153 apertius,
994 2117 1060 2154 quid
1088 2118 1192 2146 clarius
1215 2118 1270 2147 dici
1300 2120 1516 2155 potestiNonne
1529 2122 1620 2157 palam

833 2163 879 2192 isti
907 2163 1035 2192 doctores
1062 2163 1162 2192 Filium
1187 2173 1298 2200 quoque
1314 2174 1426 2194 causam
1443 2167 1502 2196 sive
1514 2168 1620 2203 princi-

833 2211 908 2246 pium
928 2210 1048 2249 Spiritus
1061 2211 1187 2247 ponunt?
1216 2212 1313 2240 Nonne
1330 2212 1432 2240 docent
1447 2221 1481 2241 cx
1498 2221 1533 2242 eo
1551 2222 1621 2250 quo-

832 2263 887 2292 que
900 2257 988 2292 ipsum
1019 2257 1185 2292 procedere?
1207 2257 1277 2291 Quid
1297 2258 1403 2293 igitur?
1419 2259 1621 2289 Claudemusne

833 2309 915 2329 aures
947 2308 1057 2330 nostras
1084 2303 1127 2331 bis
1154 2304 1378 2338 auctoritatibus,
1406 2309 1435 2332 et
1455 2306 1620 2334 testimoniis
1676 2336 1680 2338 γ

24 2348 75 2369 Itnt.
88 2342 214 2370 Ceterum
231 2341 373 2369 audiamus
403 2346 529 2369 sanctum
545 2342 733 2377 Epipltanium
749 2344 777 2371 in
795 2345 816 2373 ι)
831 2353 988 2376 sanctorum
1015 2353 1069 2376 tam
1103 2349 1208 2382 tnultis,
1222 2354 1279 2377 tam
1296 2350 1411 2386 apertis.
1429 2355 1486 2378 tam
1505 2351 1618 2386 divinis,

25 2391 58 2414 tuo
73 2388 194 2414 Ancora“
210 2393 338 2414 sermone
358 2386 394 2413 ita
406 2386 542 2414 dicentem
559 2395 566 2414 :
583 2387 704 2422 Spiritus
716 2397 780 2417 san-

25 2439 67 2460 ltus
89 2441 120 2461 ex
145 2433 219 2460 Patre
242 2437 270 2460 et
299 2433 379 2466 Filio,
404 2433 502 2460 tertius
533 2434 732 2462 nominatione.
747 2434 780 2462 Et

26 2486 123 2508 rursus:
139 2479 254 2514 Uterque
280 2479 386 2507 habitat
411 2480 438 2507 in
464 2480 541 2514 justo
559 2480 682 2512 homine.
695 2481 779 2509 Chri-

27 2530 69 2552 ltus
80 2531 118 2553 .et
149 2525 265 2560 Spiritus
278 2526 349 2560 ejus.
365 2526 443 2559 Quod
461 2526 484 2553 si
502 2526 632 2554 Christus
648 2534 681 2554 ex
698 2527 778 2555 Patre

28 2572 124 2599 creditur
148 2571 215 2599 Deus
238 2579 273 2598 ex
299 2572 365 2605 Deo,
390 2571 509 2606 Spiritus
530 2580 640 2608 quoque
663 2581 696 2601 ex
708 2573 779 2609 ipso,

54 2651 61 2665 ‘
74 2650 156 2680 “sub.
169 2660 203 2685 ιι,
220 2651 268 2679 27.

833 2398 888 2421 tam
919 2395 1050 2422 consonis
1078 2395 1195 2422 invicem
1223 2399 1252 2422 et
1284 2396 1405 2429 veritati,
1431 2401 1460 2424 et
1475 2396 1619 2425 obstinato

831 2441 915 2468 corde
942 2446 1037 2468 contra
1072 2441 1130 2470 hac
1153 2441 1373 2470 contendemus?
1389 2443 1425 2469 At
1442 2442 1495 2470 hoc
1509 2450 1564 2470 non
1576 2450 1620 2471 sa-

831 2485 966 2520 pientum,
994 2494 1049 2514 non
1081 2487 1218 2515 bonorum
1251 2488 1393 2517 hominum
1407 2488 1549 2524 proprium
1563 2493 1616 2522 est,

830 2536 859 2558 et
870 2539 966 2559 eorum
990 2533 1037 2567 qui
1053 2533 1257 2569 dispensatores
1282 2534 1361 2563 verbi
1380 2534 1618 2571 «mysteriorum

831 2576 934 2605 Christi
945 2583 972 2606 ct
986 2586 1047 2608 csse
1061 2584 1089 2608 ct
1100 2579 1188 2608 videri
1203 2580 1298 2609 velint.
