1916 3066
244 145 297 176 607

718 140 971 176 BESSARIONIS
993 143 1024 174 S.
1046 142 1082 174 Il.
1108 143 1143 174 Ε·.
1164 143 1401 174 CARDINALIS

1826 143 1880 176 608

244 204 284 238 τῷ
294 203 338 229 διὰ
354 201 400 228 τοῦ
411 201 476 229 Υἱοῦ
494 202 586 237 λέγειν
606 202 673 229 αὓτὺ
692 198 787 229 ἔχ’-τοῦ
815 191 923 238 [ίατρὸς
948 205 1030 229 ὲκπο-
1046 207 1065 235 Α
1082 203 1174 238 χειρὸς
1185 203 1266 238 ἔργον
1274 203 1349 235 sm,
1360 203 1410 229 ἁνὰ
1426 202 1516 229 πᾶσαν
1527 201 1555 228 δὲ
1567 201 1730 237 ἒσπτρμένα
1744 203 1794 238 τὴν
1813 205 1878 239 γῆν,

246 249 383 284 ρεύεσθαι,
401 249 463 281 τοὺς
477 249 506 276 δὲ
523 249 560 285 τῷ
575 250 608 276 ὲκ
622 249 670 276 τοῦ
688 250 797 285 Πατρδς
823 252 870 278 καὶ
886 249 962 282 Υίοῦ,
985 251 1032 278 καὶ

243 296 274 329 ἐξ
289 295 390 329 ἀμφοῖν
406 292 486 326 εἶναι,
498 295 545 322 καὶ
554 296 584 322 ἐκ
595 295 644 322 τοῦ
666 295 733 322 Υίοῦ
750 296 842 331 σαφῶς
855 294 928 324 εἶναι
956 298 1030 325 διδά-

244 348 332 366 σκειν
351 339 398 366 καὶ
410 339 452 366 δτι
469 339 556 367 ταῦτα
573 340 710 374 λέγοντες,
724 341 781 372 τοῖς
803 340 950 375 Ῥωμαίοις
974 342 1030 369 Πα-

242 385 324 419 τράσι
353 385 544 420 συμϐαίνουσι,
561 386 609 412 καὶ
631 386 757 420 λέγουσιν
784 386 913 422 ἀλλήλοις
932 388 1029 419 ταυτά,

241 430 280 462 ὡς
294 432 334 457 ἐνὶ
347 431 394 458 καὶ
410 432 501 467 ταυτῷ
515 432 698 467 φθεγγόμενοι
715 432 867 468 Πνεῦματι.
888 433 952 461 Ἐπὶ
963 434 1030 460 πᾶσι

242 477 271 504 δὲ
297 477 415 509 τούτοις,
437 478 484 504 καὶ
500 478 533 513 ἢν
548 478 614 512 ἡμῖν
642 478 698 512 ἐγὼ
713 479 948 514 ὑπολελειμμένην
963 481 1031 507 ἀπο-

243 523 337 557 λογίαν
362 523 427 557 ὁρῶ,
446 525 510 556 περὶ
535 520 572 549 ὧν
588 524 613 549 οἱ
642 524 774 559 Ῥωμαῖοι
806 525 926 561 Πατέρες
952 527 1030 560 φασὶ,

243 570 292 596 καὶ
311 569 415 604 ταύτην
432 569 509 596 οὐδὲν
525 569 611 597 οὖσαν
635 570 747 602 εἰδότος,
769 570 872 606 μᾶλλον
901 571 929 598 δὲ
955 572 1030 606 σαφῆ

242 615 349 648 γέλωτά
360 623 389 640 τε
407 615 454 641 καὶ
470 616 606 648 παίγνιον,
621 615 834 650 βουλευσώμεθα
859 617 893 643 τὰ
920 617 1029 652 βελτίω,

242 661 292 687 uel.
305 661 372 695 np’iq
385 660 483 686 ἕνωσιν
502 659 686 695 ὲπειχθῶμεν,
703 661 763 696 Θεῷ
777 662 876 696 ἀρέσαι
900 662 1031 698 βουλόμε-

242 715 297 733 νοι.
329 707 365 733 Ἦ
378 706 432 741 γὰρ
457 707 493 741 μὴ
518 707 572 733 δεῖν
595 707 720 742 δέχεσθαι
753 708 819 743 φαίη
847 718 889 741 τις
904 709 937 737 ἂν
966 711 1030 743 τοὺς

243 752 349 785 ἁγίους,
363 752 410 777 καὶ
422 752 512 778 πάιτοι
527 752 656 778 ὑπείκειν
667 753 769 784 αὐτοῖς·
788 755 804 788 ἢ
825 754 954 790 δέχεσθαι
979 756 1030 791 μὲν

241 799 341 830 αὐτοὺς
355 798 513 832 ἀναγκαῖον,
530 799 560 825 οὔ
578 798 671 834 μέντοι
683 798 732 826 καὶ
746 800 918 836 πλανηθῆναι
930 803 1030 835 αὐτοὺς

241 842 402 878 ἀνθρώπους
417 843 496 875 ὕντιις
511 843 652 870 ἀδύνατοψ
669 843 686 880 ἢ
707 845 739 871 τό
750 853 781 879 γε
794 845 886 872 λοιπὸν
909 848 956 874 καὶ
968 848 1027 882 τρί-

242 898 298 922 τον,
316 891 340 916 εί
352 893 398 916 καὶ
416 890 507 924 πᾶσης
515 889 569 922 ἔξω
585 890 690 925 πλάνης
711 890 777 925 είσὶ,
801 891 848 918 καὶ
864 893 953 920 nivea
970 902 1028 921 πει·

243 937 321 963 στέον
338 935 440 967 αὐτοῖς,
458 935 544 962 ταῦτα
558 936 651 971 μέντοι
667 937 702 963 τὰ
723 937 799 972 παρὰ
822 938 946 966 Λατίνων
968 940 1030 966 ἁνε-

241 981 389 1017 γνωσμένα
406 981 461 1008 τῶν
476 981 562 1016 ἁγίων
580 983 651 1016 ῥητὰ
663 981 715 1008 οῦκ
725 983 780 1009 εἱσι
796 984 896 1019 γνήσια
910 984 960 1020 τῆς
974 985 1030 1016 δια-

242 1027 318 1058 νοίας
353 1027 477 1058 ἐκείνων,
505 1027 572 1054 ἀλλὰ
590 1027 656 1054 νόθα
670 1029 731 1055 τινὰ
757 1029 804 1055 καὶ
830 1030 1030 1066 παρέγγραπτοι

242 1071 290 1098 καὶ
302 1071 390 1098 πάντα
406 1071 499 1103 ἁπλῶς
517 1072 770 1107 παραπεποιημὲνα
795 1074 843 1099 καὶ
872 1075 1030 1109 προσθῆκαι

244 1115 338 1150 χειρδς
372 1114 529 1150 ἀλλοτρίας.
552 1115 636 1142 ’Δλλὰ
656 1117 711 1145 τῶν
736 1117 785 1152 μὲν
813 1117 929 1153 πρώτων
952 1120 1028 1147 οὐδὲν

242 1160 322 1193 ὑμεῖς
336 1160 437 1193 διξαιθ’
454 1161 498 1193 ἂν,
518 1160 534 1196 ἢ
553 1161 642 1188 πάντα
669 1161 750 1196 ἡμῶν
777 1162 860 1194 εὐθὺς
886 1164 1026 1201 ἀνετράπη

241 1206 275 1232 τὰ
285 1206 334 1241 τῆς
353 1206 515 1242 Ἐκκλησίας
537 1209 685 1243 μυστήρια,
710 1209 759 1235 καὶ
780 1210 826 1236 ἐπ’
839 1210 956 1243 οὐδενὸς,
981 1212 1028 1239 καὶ

241 1252 399 1287 βεὸήκαμιν
418 1252 539 1287 ίσχυροῦ”
566 1253 596 1279 τὸ
606 1253 636 1280 δέ
652 1262 684 1288 γε
700 1254 795 1291 λοιπὸν
813 1257 860 1283 καὶ
874 1257 966 1292 τρίτον
981 1259 1027 1292 γέ.

241 1297 296 1328 λως
307 1298 407 1332 σαφὴς,
425 1298 474 1324 καὶ
501 1298 677 1332 κατάγνωσις
702 1300 847 1336 πρόδηλος,
878 1302 903 1328 εί
936 1303 1027 1331 πάντα

240 1342 315 1377 ἑξῆς,
332 1343 403 1369 οὕτω
418 1343 468 1378 μὲν
483 1343 601 1371 τοσαῦτα
627 1343 728 1379 βιϐλία,
763 1346 834 1373 οὕτω
861 1347 889 1374 δὲ
912 1347 1026 1376 τοιαῦτα

241 1388 306 1416 νόθα
321 1387 449 1423 ἐροῦμεν,
465 1388 556 1427 καίτοι
570 1390 692 1425 παλαιᾷς
708 1391 758 1426 μιν
783 1392 831 1419 καὶ
842 1393 1026 1430 ἀρχαιοτάτης

239 1467 331 1506 verbis
346 1477 450 1512 dicere,
476 1471 605 1514 tanquam
621 1486 676 1507 uno
690 1484 718 1507 et
735 1481 831 1509 eodem
848 1481 953 1517 Spiritu
977 1491 1025 1513 eos

239 1524 413 1551 illuminante
435 1523 554 1552 locutos.
579 1524 705 1558 Demum,
727 1533 810 1561 quam
835 1528 922 1556 solam
944 1530 1060 1578 nobisc

238 1570 272 1597 ad
295 1577 327 1597 ea
350 1578 410 1605 quae
427 1569 516 1598 Latini
534 1571 642 1605 dicunt,
669 1572 795 1601 relictam
816 1577 1023 1610 responsionem

237 1615 330 1649 video,
345 1623 408 1644 cum
425 1616 476 1651 ipsi
494 1625 605 1652 quoque
620 1618 723 1646 nullam
738 1626 799 1648 esse
821 1621 1023 1658 judicaveritls,

237 1662 294 1689 imo
308 1669 372 1689 vero
387 1669 444 1689 rem
465 1659 597 1696 puerilem
612 1667 640 1690 et
657 1664 772 1692 omnino
787 1666 944 1702 ridiculam,
956 1677 1023 1698 con-

237 1707 360 1735 sulamus
377 1708 458 1735 nobis
476 1708 544 1741 ipsis
559 1717 621 1744 quae
641 1710 718 1738 utilia
734 1717 810 1745 sunt,
829 1718 857 1742 et
877 1715 949 1742 uniri
972 1716 1024 1744 La-

237 1753 304 1780 tinis
331 1760 476 1787 conemur,
492 1754 515 1782 si
533 1762 564 1782 ea
582 1763 643 1790 qua:
659 1756 760 1791 placita
780 1764 846 1786 sunt
859 1759 915 1788 Deo
932 1760 1022 1790 facere

241 1793 372 1827 velimus.
388 1799 444 1827 Aut
455 1800 529 1828 enim
547 1809 601 1829 non
616 1804 776 1837 acceptandi
793 1811 857 1833 sunt
872 1809 959 1835 sancti
974 1809 1023 1836 do-

236 1847 338 1876 ctores,
369 1851 420 1872 nec
445 1845 527 1873 dictis
551 1853 649 1874 eorum
682 1849 915 1883 acquienccndum
939 1861 946 1880 :
973 1859 1022 1881 aut

237 1890 397 1925 acceptandi
417 1891 541 1926 quidem,
566 1897 594 1920 et
613 1895 843 1927 acquiescendum
868 1897 950 1927 dictis
975 1907 1023 1928 eo-

235 1940 309 1968 rum,
324 1943 380 1964 non
398 1941 489 1965 tamen
508 1938 660 1972 omnibus;
683 1947 746 1968 cum
768 1942 821 1977 ipsi
837 1951 946 1980 quoque
963 1951 1021 1974 tan-

234 1987 319 2014 quam
343 1981 470 2010 homines
490 1982 518 2010 in
546 1984 711 2019 quibusdam
735 1993 829 2015 errare
852 1991 1018 2024 potuerint:

233 2029 283 2052 aut
296 2025 371 2061 quod
384 2026 522 2062 reliquum
538 2034 566 2057 et
580 2030 693 2058 tertium
709 2037 763 2064 est.
781 2041 834 2061 nec
856 2034 883 2062 in
899 2036 1020 2071 aliquem

233 2070 546 2107 ineiderunt‘errorem,
570 2079 598 2103 et
614 2077 723 2104 cunctis
739 2085 835 2106 eorum
853 2070 951 2109 verbis
972 2089 1019 2110 ac-

231 2116 451 2152 quiescendum;
471 2119 530 2147 ha'c
554 2124 657 2154 tamen,
674 2130 736 2158 quae
762 2123 854 2152 Latini
878 2127 1018 2161 produxe-

232 2166 314 2195 runt,
350 2167 480 2199 tanquam
510 2166 620 2194 illorum
649 2174 807 2198 sanctorum
841 2173 1017 2207 testimonia,

1082 248 1116 275 δι’
1131 249 1216 284 αὐτῆς
1227 249 1257 276 δὲ
1270 249 1320 283 τῆς
1333 248 1496 276 ἀκολουθίας
1507 249 1561 274 τῶν
1577 249 1796 285 προηγουμένων
1831 252 1880 278 καὶ

1083 294 1227 329 ἑπομένων
1244 294 1389 321 δεικνύντα
1402 294 1433 320 τὺ
1444 294 1568 327 γνήσιον
1577 294 1624 320 καὶ
1639 293 1726 321 ταῦτα
1736 295 1792 322 τῶν
1808 296 1879 331 ἡμε-

1082 340 1169 374 τέρων
1188 340 1299 367 πάντων
1322 340 1371 367 καὶ
1397 339 1489 366 αὐτῶν
1513 339 1568 365 τῶν
1594 339 1798 374 ἀρχαιοτάτων,
1831 342 1880 368 καὶ

1082 386 1124 412 ἐπ’
1137 386 1221 412 αὐτοῦ
1253 386 1302 412 τοῦ
1334 385 1446 421 πρώτου
1467 384 1553 412 κακοῦ
1583 384 1697 419 καὶτῆς
1712 385 1879 421 διαιρέσεως

1083 431 1134 466 μὲν
1143 432 1238 466 ἀκμῆς
1255 432 1302 458 καὶ
1319 432 1405 467 ἀρχῆς
1416 431 1610 466 ἀκμασάντων,
1625 431 1813 466 μεμνημένων
1824 433 1876 467 μὲν

1080 477 1194 508 τούτων.
1215 477 1291 504 οὐδὲν
1306 477 1335 504 δὲ
1357 478 1431 512 ὅμως
1449 479 1588 504 ἀνειιπεῐν
1615 478 1790 514 δυναμένων,
1818 479 1832 505 ὃ
1849 486 1875 504 τι

1082 523 1129 550 καὶ
1142 523 1216 556 ἄξιον
1230 523 1322 558 λόγου·
1335 524 1422 556 ἄλλως
1436 533 1465 551 τε
1480 525 1528 552 καὶ
1543 525 1606 561 μηδ’
1621 526 1709 553 ἄλλων
1724 526 1791 557 παρ’
1806 526 1876 560 ἡμῖν

1081 569 1167 596 ὄντων
1191 569 1312 604 βιϐλίων,
1324 570 1393 605 πρδς
1411 570 1430 596 ἃ.
1446 571 1670 606 παραϐάλλοντες
1685 571 1719 598 τὰ
1747 571 1804 598 τῶν
1817 572 1877 598 Δα-

1080 615 1173 649 τίνων,
1192 617 1222 643 τὸ
1237 616 1313 643 νόθον
1338 617 1429 643 αὐτῶν
1445 618 1629 653 ὲφωρᾱσαμεν
1644 619 1687 645 ἄν.
1719 619 1753 644 ’Δ
1782 619 1875 643 πάντα

1082 662 1321 698 ἀναλογισάμενοι,
1342 663 1390 689 καὶ
1416 664 1483 690 πᾶσι
1497 665 1544 690 τὸν
1570 664 1633 691 νοῦν
1660 664 1873 699 ὲπιετίίὸαντες.

1083 709 1122 744 μὴ
1136 709 1171 735 τὰ
1190 709 1277 744 χείρω
1289 709 1425 744 ἑλώμεθα,
1443 710 1511 744 μηδὲ
1524 711 1597 736 -καο’
1614 711 1694 745 ἡμῶν
1717 710 1811 737 αὐτῶν
1824 710 1873 744 τὴν

1080 752 1173 787 ψῆφον
1184 753 1384 788 ἐξενέγκωμεψ
1401 753 1487 780 δεινὸν
1499 754 1564 789 γὰρ,
1590 755 1614 780 εἰ
1633 755 1713 788 ἡμεῖς
1727 753 1808 788 ἡμῶν
1821 754 1871 778 αὺ-

1079 800 1134 825 τῶν
1147 799 1360 834 καταγνοίημεν·
1374 799 1443 834 μηδὲ
1460 800 1606 834 προδιῖψεν
1619 800 1692 834 ἡμᾶς
1707 799 1808 830 αὐτοὺς
1824 799 1872 824 καὶ

1081 844 1111 870 τὺ
1124 844 1213 878 γένος,
1239 846 1337 880 πρῶτα
1367 845 1417 880 μὲν
1442 845 1798 881 ἀποστραφῆναιδὸξιντες
1820 846 1870 877 τὴν

1082 890 1222 925 ἀλήθειαν,
1248 892 1295 917 καὶ
1321 891 1458 926 μύσαντες
1482 891 1547 922 τοὺς
1566 891 1723 927 ὀφθαλμοὺς
1753 890 1822 925 πρὸς
1838 889 1869 915 τὸ

1081 936 1151 970 φῶς·
1171 937 1267 962 ἔπειτα
1292 937 1319 963 δὲ
1333 939 1379 963 καὶ
1397 937 1535 964 ἐθελονταὶ
1547 938 1623 964 αὐτοὶ
1644 938 1706 964 καθ’
1719 938 1800 973 ἡμῶν
1821 938 1871 963 αὺ-

1080 982 1135 1008 τῶν
1149 982 1182 1008 τὰ
1200 982 1343 1009 δεινότατοι
1360 983 1570 1017 ἐπαγαγόντεςη
1591 984 1640 1011 καὶ
1661 984 1873 1010 πολλαπλασιὰ-

1082 1035 1179 1059 σαντες
1189 1027 1223 1053 τὰ
1237 1027 1323 1054 δεινά.
1341 1028 1412 1054 Ὂσα
1425 1029 1480 1064 γὰρ
1499 1030 1567 1064 ἡμῖν
1582 1031 1630 1056 καὶ
1652 1031 1801 1064 σωματικὰ
1829 1031 1872 1055 ὲν-

1081 1072 1175 1099 τεῦθεν
1196 1072 1287 1099 ἔπεισι
1301 1073 1387 1105 δεινὰ,
1411 1074 1460 1099 καὶ
1477 1074 1514 1105 ὡς
1544 1074 1723 1109 ἰσχυρότερον
1749 1075 1802 1108 μὲν
1826 1074 1872 1100 τὸν

1080 1118 1173 1144 κοινὸν
1186 1118 1282 1153 ἐχθρὸν
1311 1118 1358 1145 καὶ
1375 1118 1504 1152 πολέμιον
1519 1119 1669 1154 ὁπλίσομιν
1702 1119 1766 1146 καθ’
1777 1119 1870 1154 ἡμῶν,

1080 1163 1129 1190 καί
1159 1163 1197 1195 ὼς
1222 1163 1373 1190 κινδυνεύει
1391 1164 1484 1199 σχεδὸν
1511 1165 1646 1199 παντελὴς
1671 1162 1872 1201 ὄλεθροςέσε-

1081 1209 1143 1237 σθαι
1154 1209 1208 1237 τῶν
1225 1210 1271 1245 ὑφ’
1285 1211 1359 1246 ἡμᾶς
1375 1211 1422 1237 καὶ
1446 1212 1496 1247 τὴν
1509 1211 1676 1247 Ἐκκλησὴν
1693 1213 1743 1247 τὴν
1768 1213 1870 1247 ἡμετέ-

1081 1265 1130 1291 ραν
1145 1256 1328 1291 Χριστιανῶν,
1344 1258 1390 1284 καὶ
1411 1255 1441 1283 τὸ
1453 1257 1538 1292 ὄνομα
1549 1258 1596 1284 τοῦ
1621 1259 1742 1294 Χριστοῦ
1760 1261 1869 1288 ἐκεῖθεν

1079 1302 1182 1330 τέλειον
1195 1304 1419 1339 ἑκτριδήσεσθαι,
1448 1304 1535 1335 οὐδεὶς
1559 1306 1660 1339 ἀγνοεῖ.
1689 1306 1742 1333 Καὶ
1757 1307 1868 1342 διῆλθον

1080 1350 1113 1377 ἂν
1129 1350 1218 1377 πάντα.
1232 1350 1293 1377 καθ’
1315 1350 1355 1383 ἓν,
1370 1352 1419 1377 καὶ
1443 1350 1622 1387 ἑτραγῴδησα
1646 1355 1679 1379 τὰ
1696 1354 1811 1382 ἐπιόντα
1828 1354 1867 1391 τῷ

1078 1395 1153 1430 γένει
1167 1396 1241 1423 δεινὰ
1256 1397 1304 1423 καὶ
1333 1398 1400 1424 πᾶσι
1415 1398 1472 1429 τοῖς
1499 1399 1554 1426 ἀπὸ
1583 1399 1702 1435 Χριστοῦ
1731 1400 1870 1436 καλουμέ-

1078 1488 1220 1520 corrupta,
1243 1489 1358 1516 mutata.
1377 1489 1405 1512 et
1426 1485 1603 1520 superaddita
1631 1494 1692 1515 esse
1716 1487 1865 1527 dicemus;

1076 1530 1196 1557 maxime
1229 1537 1291 1557 cum
1322 1530 1464 1558 videamus
1498 1531 1573 1566 ipsos
1606 1540 1717 1567 quoque
1750 1541 1865 1564 nostros

1077 1576 1160 1604 etiam
1176 1576 1358 1611 antiquiores,
1380 1581 1408 1604 et
1430 1577 1478 1612 qui
1496 1577 1524 1605 in
1539 1577 1605 1612 ipsis
1620 1579 1765 1614 principiis
1781 1581 1866 1616 hujus

1078 1622 1207 1649 acerrimi
1226 1622 1336 1649 dissidii
1353 1622 1476 1656 fuerunt,
1496 1623 1628 1651 facientes
1648 1625 1759 1658 quidem
1788 1635 1864 1655 men-

1078 1669 1182 1695 tionem
1217 1668 1415 1696 auctoritatnm
1448 1669 1594 1696 doctorum
1629 1670 1860 1707 Occidentalium,

1077 1713 1147 1740 nihil
1176 1718 1268 1741 tamen
1294 1720 1392 1742 contra
1419 1722 1468 1742 eos
1486 1715 1618 1743 habentes
1639 1718 1713 1752 quod
1738 1719 1864 1748 dicerent

1076 1756 1182 1788 ratione
1198 1761 1323 1796 dignum.
1344 1762 1404 1795 Quo
1429 1762 1468 1796 (lt,
1490 1766 1519 1790 nt
1533 1763 1609 1790 nullo
1640 1765 1722 1792 modo
1739 1766 1801 1800 quis
1818 1776 1864 1795 ras

1076 1811 1172 1841 putare
1189 1807 1289 1835 debeat
1305 1813 1450 1843 corruptas
1474 1808 1569 1842 fuisse,
1590 1810 1726 1844 siquidem
1751 1812 1778 1839 in
1804 1812 1862 1847 ipso

1075 1853 1159 1879 etiam
1175 1853 1362 1881 contentionis
1386 1854 1525 1888 principio
1546 1855 1643 1882 eodem
1661 1857 1743 1884 modo
1766 1859 1862 1886 inscri-

1075 1904 1151 1934 ptum
1178 1899 1257 1927 libris
1284 1905 1358 1934 erat;
1389 1900 1561 1935 potissimum
1582 1909 1645 1930 cum
1664 1911 1724 1931 .nec
1753 1910 1863 1946 exstent

1075 1946 1148 1980 apud
1164 1941 1215 1974 nos
1236 1946 1289 1974 alia
1316 1954 1412 1974 eorunt
1430 1947 1574 1975 doctorum
1588 1949 1700 1985 antiqua
1718 1942 1860 1980 volumina

1074 1991 1279 2026 lingua-Latina
1305 1993 1417 2028 scripta,
1443 1993 1477 2021 ad
1502 2002 1573 2030 qum.
1591 1996 1661 2023 facta
1678 2000 1860 2032 comparatio-

1072 2045 1119 2070 ne.
1135 2045 1277 2072 possemus
1291 2038 1499 2075 deprehendere
1523 2049 1621 2069 eorum
1639 2046 1859 2079 corruptionem.

1073 2083 1139 2117 Quae
1153 2084 1245 2112 omnia
1263 2092 1325 2112 cum
1341 2086 1595 2116 animadvertamus
1615 2094 1644 2116 et
1661 2095 1752 2118 mente
1781 2099 1861 2127 repe-

1073 2133 1174 2162 tamus,
1189 2137 1243 2157 non
1258 2130 1391 2166 eligamus
1407 2139 1469 2167 quae
1491 2132 1585 2168 pejora
1601 2139 1676 2168 sunt,
1695 2143 1746 2163 nec
1762 2142 1857 2165 contra

1073 2183 1123 2203 nos
1139 2176 1215 2211 ipsos
1238 2178 1402 2205 sententiam
1428 2178 1568 2213 feramus;
1587 2181 1709 2209 nolimus
1733 2191 1786 2211 nec
1809 2193 1858 2212 nos

233 2214 289 2234 non
304 2215 338 2235 ex
353 2216 449 2237 eorum
473 2216 566 2239 mente.
584 2214 749 2249 procedunt,
771 2224 823 2244 nec
840 2225 937 2246 eorum
954 2228 1019 2248 βοη-
1035 2223 1057 2251 D
1073 2221 1158 2257 ipsos,
1177 2230 1228 2249 nec
1250 2223 1392 2250 nationem
1411 2229 1534 2253 nostram
1550 2226 1678 2262 prodere,
1693 2228 1784 2262 primo
1797 2232 1859 2266 qni-

233 2253 327 2266 ens-uis...
352 2259 415 2266 -0...
445 2263 465 2266 λ,
485 2256 492 2266 ι
508 2256 518 2266 l
548 2259 565 2266 .-
690 2260 696 2266 .
816 2262 829 2266 -
863 2263 868 2266 .
995 2265 1001 2266 κ

233 2253 328 2281 ιθιιιὶιο
351 2259 428 2289 sunt,
443 2256 492 2284 sed
508 2256 669 2286 Latinorum
689 2260 788 2289 horum
813 2262 952 2297 ﬁctiones.
968 2265 1020 2292 ad—

233 2297 354 2327 ditioncs
374 2305 402 2328 et
426 2303 624 2338 appositiones,
655 2313 737 2334 manu
763 2312 911 2344 menteque
929 2309 1018 2337 aliena

231 2343 310 2372 libris
326 2351 487 2375 sanctorum
517 2348 662 2386 inscripta.
678 2351 713 2379 At
729 2343 882 2388 primorum
901 2354 1019 2382 duorum

231 2395 361 2419 neutrum
376 2398 452 2421 certe
478 2395 550 2429 scio,
564 2403 615 2424 nec
633 2405 682 2425 vos
701 2399 874 2434 approbatis,
889 2401 941 2429 nisi
955 2403 1020 2437 quis

232 2437 324 2464 omnia
342 2437 406 2466 ﬁdei
431 2445 532 2468 nostra:
554 2442 743 2478 fundamenta,
764 2445 895 2474 Ecclesiae
918 2453 1019 2484 myste-

232 2483 283 2515 ria.
297 2488 325 2511 et
340 2491 450 2512 omnem
467 2487 611 2516 veritatem
626 2494 752 2519 evertere
772 2492 858 2520 velit:
879 2483 1017 2529 reliquum

230 2537 297 2558 vero
327 2535 355 2558 et
380 2532 490 2559 tertium
519 2534 663 2563 manifesta
686 2537 819 2571 stultitia,
843 2531 1017 2574 apertissima

229 2576 339 2611 ignavia
356 2581 408 2610 est,
425 2578 447 2605 si
470 2583 510 2606 tot
533 2587 629 2608 eorum
645 2581 739 2616 libros,
763 2589 803 2612 tot
822 2592 919 2613 eorum
934 2595 1017 2622 opera

229 2623 384 2656 doctorum,
399 2627 440 2650 tot
454 2631 549 2653 eorum
573 2627 689 2661 labores,
712 2634 751 2656 tot
767 2631 918 2666 volumina,
944 2641 1016 2669 pra:-

229 2668 326 2695 sertim
344 2669 538 2704 antiquissima
566 2681 647 2700 manu
674 2676 805 2704 nonnulla
831 2685 928 2705 eorum
947 2687 1016 2707 con-

229 2714 344 2748 seripta,
368 2721 396 2743 et
414 2725 463 2751 per
477 2722 564 2746 totum
580 2720 675 2748 orbem
698 2727 835 2750 terrarum
859 2731 965 2759 sparsa,
988 2731 1016 2753 et

229 2759 421 2795 multiplicata,
440 2770 490 2797 per
512 2764 601 2800 ipsum
622 2765 687 2794 item
701 2769 875 2803 sequentium
892 2770 926 2798 ad
945 2779 1014 2806 pne-

228 2804 352 2832 cudcntia
369 2814 524 2837 connexum
540 2816 569 2839 et
582 2814 817 2848 convcnientiatn,
835 2816 921 2851 ipsam
941 2818 1015 2845 veri-

229 2853 312 2875 tatem
340 2850 400 2880 luce
424 2854 526 2883 clarius
546 2858 743 2896 ostendentia,
766 2850 914 2890 temerario
941 2870 1010 2892 ausu

1072 2268 1133 2295 dem
1153 2272 1310 2295 avertentes
1331 2277 1346 2296 a
1366 2270 1491 2304 veritate,
1525 2276 1554 2300 et
1571 2273 1677 2307 oculos,
1695 2281 1731 2301 ne
1747 2275 1858 2304 videant

1070 2313 1175 2346 lumen,
1194 2314 1375 2349 claudentes;
1390 2315 1491 2345 deinde
1508 2317 1619 2353 ipsimet
1632 2321 1743 2355 propria
1757 2327 1857 2357 sponte

1070 2364 1166 2387 contra
1190 2367 1241 2388 nos
1260 2361 1336 2396 ipsos
1350 2369 1435 2389 omne
1460 2371 1547 2398 genus
1563 2365 1699 2392 malorum
1717 2374 1857 2396 accumu-

1069 2405 1168 2438 lantes,
1187 2410 1215 2433 et
1240 2406 1430 2441 multipliciter
1456 2412 1540 2436 totam
1568 2415 1690 2438 nostram
1713 2413 1853 2442 nationem

1070 2450 1251 2479 oﬂ‘endentes.
1267 2452 1336 2485 Quis
1348 2453 1422 2480 enim
1438 2453 1560 2489 ignoratl
1573 2464 1634 2491 quae
1649 2458 1733 2485 etiam
1746 2462 1855 2496 tempo~

1069 2498 1135 2524 ralia
1155 2499 1224 2525 mala
1254 2506 1288 2526 ex
1315 2498 1367 2526 hac
1392 2499 1528 2528 divisione
1545 2509 1596 2529 nos
1614 2508 1746 2532 secutura
1770 2507 1858 2534 sunt?

1069 2551 1130 2578 qua!
1155 2543 1467 2580 infortunia?quodque
1491 2554 1667 2576 communem
1693 2550 1801 2579 hostem
1828 2558 1855 2581 et

1071 2589 1216 2617 inimicum
1239 2590 1317 2618 nobis
1332 2591 1484 2620 Turcarum
1502 2594 1654 2630 principem
1669 2597 1853 2627 robustiorem

1068 2640 1165 2663 contra
1182 2644 1233 2663 nos
1259 2638 1334 2672 ipsos
1358 2638 1511 2667 edicimus?
1531 2641 1558 2668 i.n
1578 2642 1758 2678 periculoque
1777 2651 1853 2677 sunt.

1070 2686 1099 2708 ut
1112 2682 1225 2709 omnino
1241 2682 1297 2711 fere
1313 2691 1428 2719 pereant
1443 2686 1605 2722 quicunque
1623 2690 1708 2716 ritum
1725 2696 1851 2718 nostrum

1069 2733 1226 2762 sequuntur
1241 2728 1403 2765 Christiani,
1420 2739 1577 2768 nomenque
1591 2733 1693 2762 Christi
1712 2735 1770 2765 illic
1787 2741 1854 2765 tota—

1067 2774 1132 2802 liter
1150 2774 1285 2802 deleatur.
1312 2775 1346 2807 Et
1370 2784 1588 2814 enumerassem,
1614 2785 1642 2808 et
1663 2781 1852 2817 deplorassem

1066 2826 1164 2846 onmcs
1180 2820 1384 2854 particularius,
1401 2830 1462 2857 quae
1479 2823 1578 2853 futura:
1592 2831 1656 2854 sunt
1678 2828 1783 2856 nationi
1804 2838 1852 2857 no-

1066 2869 1130 2892 stra:
1144 2864 1326 2900 calamitates,
1351 2875 1412 2903 quae
1428 2870 1536 2898 cunctis
1551 2872 1653 2900 nostris
1676 2873 1847 2910 hominibus,
