1916 3066
114 172 169 203 fvth

610 170 754 202 mimo
779 162 1000 201 DOGMA'l‘lCA
1024 172 1097 201 PRD
1120 168 1283 200 UNiONli.

1692 166 1745 197 (310

118 241 182 263 ντις,
199 232 258 262 τοῖς
273 240 301 257 τε
319 232 348 258 ὲν
364 232 466 266 νήσοις,
493 233 547 263 τοῖς
564 240 592 258 τε
617 233 645 257 ὲν
671 232 732 262 ταῖς
761 230 902 266 ἠπείροις,
920 234 941 260 Α
957 229 1073 265 ψυχικῆς
1091 231 1194 265 βλάὗης
1213 230 1350 265 ἑλώμεθα·
1372 230 1419 256 καὶ
1432 229 1539 263 τάληθῆ
1555 236 1582 254 τε
1607 227 1653 253 καὶ
1669 227 1744 252 εὐσε-

117 279 172 308 τοῖς
182 279 211 305 ἐν
231 279 360 313 ἀνατολῇ,
385 279 440 310 τοῖς
459 278 486 304 ἐν
503 279 607 313 ἄρκτῳ,
630 279 677 304 καὶ
704 278 759 308 τοῖς
774 277 802 303 ὲν
827 275 904 301 δύσει

117 324 170 354 τοῖς
185 323 250 357 ἡμῖν
270 323 447 358 ὀμογνώμοσί
461 332 490 350 τε
504 324 551 349 καὶ
562 322 722 358 ὀμόφροσιν,
738 322 787 357 οὐχ
800 321 851 348 ὅσα
864 321 905 349 εἰς

118 369 197 403 σῶμα
212 369 258 395 καὶ
274 369 308 395 τὰ
319 369 464 404 σωματικὰ
481 369 648 404 ἀναφέρεται
660 368 750 403 μόνον,
766 368 796 394 οὺ
810 367 905 394 τοσοῦ-

116 423 161 441 τον
173 415 226 450 γὰρ
237 414 269 441 ἄν
281 413 314 450 ἦν
326 414 356 441 τὸ
370 415 466 448 δεινὸν,
482 415 551 442 ἀλλὰ
565 415 612 441 καὶ
625 415 676 440 ὅσα
693 415 734 446 εἰς
760 413 852 448 ψυχήν
874 422 904 439 τε

117 461 164 487 καὶ
175 460 225 494 τὴν
256 459 397 486 εὐσέϐειαν
437 460 533 492 τείνει,
565 459 676 486 πάντων
701 458 794 490 ἁπλῶς
817 458 906 493 ητῶν

119 506 258 537 πλειόνων,
277 506 331 533 τῶν
348 506 397 541 μὲν
409 507 540 538 ἑκόντων,
558 505 612 532 τῶν
628 505 656 532 δὲ
668 505 790 532 ἀκόντων
807 505 906 532 κινδυ-

118 553 250 579 νευόντων
262 553 419 588 ὑπαχθῆναι
430 554 463 588 τῇ
478 553 580 589 πλάνῃ,
591 552 639 580 καὶ
653 553 803 586 ἀποστῆναι
824 551 905 585 Θεοῦ,

117 599 141 624 εἰ
156 599 193 634 μὴ
205 598 273 633 πρὸς
288 599 415 630 εἰδόταςὸ
438 599 517 632 λόγος
531 599 648 632 ἐγίνετο,
670 597 718 624 καὶ
744 597 792 623 τοῦ
813 597 906 631 λέγον⁴

117 653 163 676 τος
190 644 292 679 μᾶλλον
316 645 528 679 ἐπισταμένους,
550 644 599 675 Τίς
623 645 677 678 γὰρ
702 644 752 670 οὒκ
776 642 845 670 οἶδεν
868 643 906 675 ὡς

119 691 186 726 μόνη
202 690 252 725 μὲν
267 691 334 726 ἡμῖν
348 692 376 717 ὲν
389 691 526 722 κινδύνοις
539 690 686 725 καταφυγὴ
698 690 729 717 τδ
740 690 795 717 τῶν
822 690 907 716 Λατι‹

119 746 170 763 νων
182 737 260 771 γένος
277 736 455 763 κατελείπετο
478 736 526 763 καὶ
555 737 651 771 ήμετ’
677 736 769 763 αὐτῶν
797 736 905 770 ἓνωσις,

118 782 225 809 ἐκεῖθεν
240 782 382 814 ἐλπίζουσι
404 783 475 817 σφᾶς
487 783 588 814 αὐτοὺς
617 782 833 818 ἀνακτήσεσθαι,
857 782 905 809 καὶ

118 828 178 860 τοὺς
190 828 304 863 ἐχθροὺς
336 828 585 861 καταγωνιεῖσοαι,
623 829 703 863 μόνον
717 828 745 854 δὲ
762 828 800 862 τῷ
826 828 906 856 πολε-

119 875 174 910 μίῳ
188 874 267 901 τοῦτο
284 874 421 910 φόὸητρον
440 873 485 910 ἦν,
501 875 599 910 ἐπέχον
612 875 694 901 αὑτὸν
713 874 839 902 ὁπωσοῦν
857 876 907 910 τῆς

122 920 221 954 μανίας
231 919 281 954 τῆς
292 920 353 946 καθ’
368 921 457 956 ἡμῶν,
471 920 519 947 καὶ
536 921 652 955 ἠρεμεῖν
677 921 834 955 ἀναγκάζον
858 922 906 948 καὶ

120 965 158 1000 μὴ
188 965 369 1000 βουλόμενον;
402 963 432 992 οὗ
449 965 532 992 τανῦν
557 967 760 1001 γυμνωυέντες,
778 968 826 994 ποῖ
838 976 907 996 ποτε

119 1012 291 1046 φευξόμεθας
310 1012 358 1043 Τίς
370 1012 437 1047 ἡμῖν
448 1011 525 1038 ἔσται
542 1011 596 1038 τῶν
622 1013 716 1039 κακῶν
739 1013 836 1046 λύσιςς
860 1013 908 1044 Τίς

119 1057 264 1093 ἀπαλλαγὴ
278 1058 334 1084 τῶν
347 1058 463 1090 δεινῶν;
491 1058 545 1084 Καὶ
562 1059 586 1084 ει
602 1059 651 1092 μὲν
668 1058 774 1094 πλάνην
802 1059 906 1094 δογμά-

122 1113 176 1130 των
194 1104 211 1140 ἢ
224 1104 392 1140 διαπτροφὴν
406 1104 525 1136 πίστεως
540 1105 596 1132 τῶν
607 1105 731 1132 Λατίνων
759 1104 909 1140 κατεγινώ-

124 1151 298 1185 σκομεν,οὒκ
320 1151 353 1178 ἂν
368 1151 423 1178 οὐδ’
437 1153 518 1184 αὐτὸς
537 1153 602 1188 ὑμῖν
629 1151 831 1179 συνεσούλευςα
858 1151 908 1186 τὴν

123 1196 182 1230 μετ’
198 1196 288 1223 αὐτῶν
302 1197 476 1224 ἀσπάσασθαι
491 1198 596 1232 ἕνωσιν,
627 1199 675 1225 καὶ
687 1198 773 1230 οὕτως
800 1198 909 1233 ἔχουσιν

121 1242 376 1276 ὸμονοῆσαιαὺτοῖς
395 1244 430 1270 τὰ
446 1245 592 1279 σωματικὰ
614 1245 738 1276 δεδιότας
753 1244 840 1276 δεινὰ,
863 1244 909 1270 καὶ

124 1288 324 1324 προελομένους
349 1290 403 1317 τῶν
427 1291 622 1325 πνευματικῶν
647 1292 682 1318 τὰ
707 1291 840 1326 παρόντα,
863 1289 910 1316 καὶ

123 1333 172 1368 τῆς
184 1335 231 1368 τῆς
248 1335 337 1370 ψυχῆς
358 1336 527 1371 βελτιώσεως
541 1339 591 1374 τὴν
605 1337 660 1364 τῶν
676 1338 811 1372 σωμάτων
836 1337 910 1362 ὲλευ-

124 1378 229 1413 θερίαν·
247 1380 316 1406 ἀλλὰ
329 1382 463 1417 πρότερον
480 1382 513 1409 ἂν
527 1383 616 1410 πάντα
638 1383 720 1414 αὑτός
740 1391 769 1409 τε
788 1382 910 1416 ὑπέστην

122 1426 156 1451 τὰ
180 1425 316 1461 χείριστα,
335 1427 400 1463 ὑμῖν
422 1429 575 1464 ὑπεθέμην,
603 1430 619 1465 ἢ
650 1430 743 1461 αὐτοῖς
773 1430 910 1464 ὲνωοῆναι

124 1471 283 1506 προέτρεψσ.
294 1474 341 1500 καὶ
355 1474 390 1501 τά
402 1483 433 1508 γε
446 1475 558 1502 τοιαῦτα
576 1476 777 1502 συνεὸούλευσα
789 1475 833 1503 ἄν.
852 1475 910 1502 Νῦν

957 276 993 310 ὃῆ
1012 276 1185 310 φρονούντων
1201 277 1301 307 αὐτῶν,
1319 276 1367 303 καὶ
1382 276 1459 302 οὐδὲν
1476 273 1664 308 πλανωμένων
1679 272 1745 305 περὶ
1767 294 1769 296 .

957 321 1006 356 τὴν
1021 321 1123 354 πίστιν,
1140 322 1218 357 εἰπερ
1236 322 1299 356 μηδ’
1315 322 1338 348 οἱ
1357 321 1478 356 Πατέρες
1494 320 1572 355 ἡμῶν
1587 318 1634 345 καὶ
1652 317 1744 343 αὐτῶν

957 368 1004 394 καὶ
1031 368 1201 400 διδάσκαλοι,
1229 367 1449 402 συμφωνούντων
1468 366 1496 393 δὲ
1525 366 1573 393 καὶ
1601 365 1635 399 τῇ
1666 359 1744 397 ἧμῶν

963 413 1112 449 Ἐκκλησία
1127 414 1175 440 καὶ
1192 414 1249 444 τοῖς
1263 413 1353 448 ἁγίοις
1375 413 1422 439 καὶ
1450 412 1624 442 διδασκάλοις
1643 410 1698 441 τοῖς
1714 409 1743 441 ἐξ

962 458 1059 494 Ἑῴας,
1072 459 1152 494 ἡμεῖς
1163 459 1210 485 ἐπὶ
1223 459 1301 493 κακῷ
1316 458 1355 493 τῷ
1368 457 1493 492 σφετέρῳ
1503 456 1675 491 διαιρεθῆναι
1688 454 1743 481 τῶν

957 505 1086 532 τοιούτων
1103 505 1209 540 ἀνδρῶν
1229 505 1434 537 δικαιώσωμεν.
1461 503 1566 534 Αὐτοὺς
1604 501 1652 536 μὲν
1688 500 1742 535 γὰρ

957 552 1012 583 τοῖς
1030 552 1059 585 ἐξ
1078 551 1216 586 Ἐσπὲρας
1233 551 1374 586 Πατράσιν
1400 551 1514 577 ἔπεσθαι
1532 549 1668 584 φανερῶς,
1696 548 1745 575 καὶ

959 598 1037 633 ὑμεῖς
1049 596 1096 624 οἷδ’
1109 597 1148 623 ὅτι
1165 598 1263 632 ἐρεῖτε·
1279 596 1390 628 τούτους
1403 597 1431 623 δὲ
1444 597 1500 627 τοῖς
1523 595 1554 627 ἒξ
1575 595 1661 630 Ἐᾠας
1675 602 1745 628 συμ-

959 643 1073 675 ϐαίνειν,
1086 643 1203 670 ἐνταῦθα
1220 643 1264 669 διὰ
1276 642 1402 678 βραχέων
1419 642 1456 673 ὡς
1471 641 1530 668 ἐνὸν
1543 641 1744 669 ἀποδέδεικται·

959 690 996 722 ὼς
1008 687 1079 716 εἶναι
1106 689 1200 716 λοιπὸν
1231 688 1352 724 φανερὸν
1376 690 1471 721 πᾶσιν,
1499 688 1598 719 αὐτοὺς
1629 686 1745 713 ἕπεσθαι

958 737 1015 767 τοῖς
1026 735 1113 770 ἁγίοις
1129 736 1253 766 Δυτικοϊς
1269 743 1297 761 τε
1321 735 1379 770 ἅμα
1392 734 1438 761 καὶ
1451 734 1634 765 Ἀνατολικοῖς
1645 734 1744 764 κοινοῖς

958 782 1018 809 οὖσι
1034 781 1155 817 Πατράσι
1172 782 1218 808 καὶ
1229 781 1412 813 διδασκάλοις.
1444 780 1519 815 Ποίῳ
1532 779 1622 806 τοίνυν
1646 778 1746 813 δικαίῳ

959 829 1013 856 τῶν
1027 828 1157 855 τοιούτων
1169 828 1352 863 διασταίημεν
1364 837 1371 860 ;
1388 827 1468 854 Τῖσιν
1495 825 1687 862 εὐπροσώποις
1701 825 1746 851 λό-

960 884 1021 909 γοις
1033 875 1083 910 τὴν
1114 874 1205 901 αὐτῶν
1231 874 1368 909 φύγοιμεν
1400 873 1565 906 κοινωνίαν;
1597 872 1666 899 Ποία
1684 872 1747 906 ἡμῖν

962 922 1041 957 ἱκανὴ
1057 921 1126 956 πρὸς
1136 920 1203 947 Θεὸν
1219 920 1296 947 ἔσται
1311 920 1447 954 ἀπολογία
1473 919 1521 947 τοῦ
1551 918 1679 947 τοσούτου
1698 926 1748 944 και

959 967 1008 993 κοῦ
1022 967 1072 1001 τῆς
1086 967 1142 995 τῶν
1157 967 1280 1002 ἀδελφῶν
1307 967 1478 1003 διαιρέσεως,
1507 968 1541 1003 ἢν
1569 966 1639 993 ὥστε
1664 965 1746 996 αὐτὸς

959 1013 1066 1039 ἀνελεῖν
1077 1013 1196 1049 Χριστὸς
1212 1013 1259 1040 καὶ
1279 1013 1384 1045 πάντας
1400 1013 1514 1046 ἐνῶσαι,
1549 1011 1668 1047 κατῆλθε
1698 1011 1747 1037 καὶ

961 1058 1119 1094 ἑσαρκώθη,
1135 1060 1183 1086 καὶ
1201 1060 1318 1095 σταυρδν
1349 1059 1526 1093 κατεδέξατο,
1548 1059 1598 1085 καὶ
1625 1059 1748 1094 παρέδω-

960 1113 1008 1131 κεν
1033 1105 1145 1139 ἑαυτόνς
1173 1106 1243 1132 Ποία
1272 1106 1300 1133 δὲ
1325 1107 1366 1138 εῐς
1389 1105 1440 1137 τὰς
1472 1106 1623 1141 μετέπειτα
1650 1105 1749 1140 γενεὰς

960 1150 1051 1185 ἡμῶν,
1071 1151 1171 1186 μᾶλλον
1185 1151 1212 1178 δὲ
1225 1152 1265 1183 εἰς
1282 1152 1332 1184 τὰς
1346 1152 1393 1178 νῦν
1410 1151 1513 1185 οὓσαςς
1548 1151 1586 1178 Οὐ
1601 1151 1656 1186 γὰρ
1691 1149 1749 1177 οἴδα
1778 1159 1784 1163 ·

961 1199 984 1223 εἰ
1001 1199 1049 1224 καί
1067 1207 1093 1224 τι
1104 1198 1150 1224 τοῦ
1166 1199 1304 1234 ἡμετέρου
1318 1199 1404 1233 φύλου
1418 1198 1495 1226 ἔσται
1513 1199 1664 1234 μετέπειτα
1679 1198 1748 1233 ὑπὲρ

961 1239 999 1270 ὧν
1014 1243 1140 1278 μεγάλων
1160 1245 1207 1271 καὶ
1222 1243 1328 1270 πολλῶν
1342 1244 1450 1276 ἑκόντες
1479 1245 1573 1275 αὐτοῖς
1599 1244 1749 1279 συμφορῶν

962 1288 1144 1324 ἐπιφέρομεν.
1159 1289 1216 1324 Μὴ,
1237 1289 1356 1325 πατέρες
1382 1289 1430 1316 καὶ
1455 1289 1574 1323 ἀδελφοὶ,
1594 1288 1632 1324 μὴ
1647 1289 1750 1323 ταύτης

961 1335 1011 1369 τῆς
1025 1334 1139 1370 γνώμης
1154 1335 1312 1370 γενώμεοα”
1331 1335 1368 1370 μὴ
1382 1335 1453 1362 οὕτω
1467 1335 1560 1367 κακῶς
1583 1336 1649 1370 περὶ
1670 1335 1749 1370 ἡμῶν

961 1381 1053 1408 αὐτῶν
1063 1381 1284 1417 βουλευσώμεθα⁸
1296 1382 1334 1418 μὴ
1349 1382 1426 1409 λύκοι
1438 1382 1499 1409 ἀντὶ
1513 1383 1649 1418 ποιμένων
1660 1382 1750 1417 ὀφθῶ-

964 1437 1013 1462 μεν
1030 1430 1087 1459 τοῖς
1104 1428 1248 1463 βλέπουσιν
1263 1430 1303 1460 εἰς
1318 1429 1402 1464 ἡμᾶς·
1419 1429 1456 1463 μὴ
1472 1429 1520 1455 καὶ
1533 1429 1582 1460 τὰς
1595 1429 1684 1464 ψυχὰς
1699 1430 1750 1456 αὐ-

961 1474 1018 1505 τοῖς
1043 1474 1222 1510 ἀπολέσωμεν
1246 1475 1293 1502 καὶ
1318 1476 1351 1502 τὰ
1379 1475 1494 1510 σώματα
1521 1475 1666 1510 προδόντες
1692 1476 1750 1506 τοῖς

120 1518 149 1545 δὲ
162 1519 222 1552 δέος
237 1522 365 1556 ὑφέρπει,
383 1523 420 1558 μὴ
439 1524 489 1559 τὴν
509 1524 670 1560 σωματικὴν
694 1525 766 1559 μετᾶ
784 1525 832 1552 καὶ
861 1524 910 1559 τῆς
964 1521 1119 1556 πολεμίοις·
1140 1520 1212 1556 Ἐγὼ
1224 1523 1289 1557 γάρ.
1307 1521 1354 1548 καὶ
1370 1521 1442 1548 ἔστω
1459 1528 1504 1556 μοι
1532 1518 1611 1554 οὗτος
1629 1523 1643 1548 ό
1671 1522 1751 1557 λόγος

121 1623 168 1658 qui
184 1623 211 1651 in
231 1623 339 1657 insulis,
353 1625 400 1660 qui
417 1625 520 1661 ubique
536 1630 684 1660 terrarum,
699 1627 746 1662 qui
760 1627 907 1660 orientem,

120 1670 169 1703 qui
196 1670 431 1705 septentrionem,
464 1672 510 1707 qui
537 1673 711 1700 occidentem
740 1673 907 1706 inhabitant,

120 1716 324 1751 nobiscumque
339 1717 367 1744 in
384 1718 438 1744 ritu
455 1719 637 1752 conveniunt,
666 1727 721 1746 non
737 1719 799 1747 dico
819 1720 909 1747 solum

121 1769 183 1796 qua:
215 1762 249 1789 ad
281 1764 438 1798 corporalia
464 1772 564 1799 resque
594 1766 762 1800 temporales
787 1766 921 1799 attinent,

122 1811 189 1844 (non
207 1810 281 1837 enim
305 1811 373 1838 tanti
389 1817 482 1839 essent
498 1811 691 1847 a‘stimandaa),
704 1820 799 1840 verum
817 1812 902 1839 etiam

121 1864 183 1891 quia
213 1856 247 1884 ad
271 1858 390 1884 animam
405 1863 434 1884 et
456 1858 642 1893 integritatem
660 1858 723 1885 ﬁdei
747 1859 907 1893 pertinent;

120 1911 184 1930 cum
209 1911 306 1931 omnes
330 1905 504 1939 simpliciter,
530 1909 577 1932 aut
600 1904 688 1939 major
712 1911 808 1931 eorum
834 1912 908 1939 pars,

122 1951 222 1986 partim
244 1955 353 1985 sponte,
373 1951 472 1986 partim
489 1951 526 1985 vi,
544 1950 735 1985 periclitentur
748 1950 879 1978 aberrare
894 1958 910 1978 a

125 1999 188 2029 fide,
219 1999 377 2033 relinquere
405 1998 504 2031 Deum,
533 2003 561 2026 et
584 1998 727 2025 erroribus
753 1997 908 2024 infidelium

122 2045 290 2071 consentire.
312 2044 472 2071 Narrassem
495 2044 563 2077 haee,
582 2044 706 2078 inquam,
725 2043 829 2076 omnia,
855 2043 908 2069 nisi

120 2096 171 2116 vos
187 2089 352 2124 alloquerer,
375 2089 422 2124 qui
437 2089 530 2116 omnia
553 2088 651 2116 melius
668 2096 710 2115 me
725 2089 823 2116 nostis.
842 2087 910 2120 Quis

119 2137 195 2164 enim
213 2137 300 2164 nescit
317 2137 390 2171 quod
419 2137 508 2163 solum
528 2136 608 2163 nobis
623 2137 750 2164 relictum
769 2136 908 2170 refugium

119 2187 178 2209 erat
200 2181 361 2208 Latinorum
379 2181 499 2208 amicitia
515 2185 543 2207 et
559 2181 624 2208 unio
648 2188 710 2207 cum
736 2181 776 2208 eis
801 2180 906 2213 futura,

121 2230 172 2255 hac
193 2236 220 2254 re
238 2227 416 2262 sperantibus
441 2231 469 2254 et.
495 2234 546 2254 nos
572 2226 647 2260 ipsos
670 2227 740 2253 tueri
768 2233 857 2261 posse,
881 2231 910 2253 et

119 2276 213 2302 hostes
229 2273 394 2305 devincere;
411 2273 542 2308 quodque
557 2272 610 2300 hoc
624 2272 713 2300 solum
733 2273 841 2300 hostem
860 2272 910 2299 dc-

119 2321 253 2353 terrebat,
271 2324 299 2347 et
315 2319 375 2354 ejus
390 2323 486 2346 contra
512 2326 563 2346 nos
578 2318 700 2346 furorem
717 2319 905 2346 refraenabat?

117 2374 172 2400 qua
189 2373 218 2392 re
243 2365 267 2392 si
291 2372 365 2391 nunc
384 2364 567 2399 privabimur,
589 2371 644 2398 quo
669 2364 827 2399 fugiamus?
846 2365 907 2399 qui-

117 2420 180 2439 Itan)
198 2416 299 2438 nostrae
323 2410 489 2437 calamitatis
505 2410 567 2437 linis
582 2410 656 2437 erit?
681 2412 744 2446 quis
770 2411 906 2439 malorum

116 2461 231 2486 exitus?
246 2458 279 2484 Et
293 2458 315 2484 si
329 2464 422 2484 errare
439 2457 550 2491 quidem
570 2456 694 2490 Latinos,
712 2462 740 2485 et
758 2466 772 2485 a
789 2458 907 2485 veritate

116 2509 243 2530 axertere
275 2501 569 2536 deprehemlissemus,
603 2510 657 2530 nec
687 2503 746 2540 ipse
780 2503 907 2539 profecto

116 2552 198 2577 vobis
223 2549 423 2576 consuluissem
443 2549 484 2575 eis
507 2549 545 2576 ita
578 2557 606 2576 se
627 2549 796 2578 habentibus
822 2551 906 2582 uniti,

117 2596 313 2629 temporalium
343 2595 491 2622 amissione
522 2595 688 2628 deterritos,
730 2602 759 2623 et
792 2597 906 2632 majoris

117 2643 265 2678 prmscntia
290 2648 372 2676 quam
398 2641 500 2674 futura,
522 2649 670 2678 c0rporum
693 2651 776 2678 quam
801 2646 906 2671 anima-

116 2698 177 2716 rum
204 2689 399 2716 liberationem
424 2689 515 2717 facere
539 2689 667 2718 hortatus
689 2691 815 2722 fuissem,
851 2692 905 2718 imo

116 2745 183 2764 τωο
197 2742 226 2764 et
244 2737 302 2772 ipse
318 2737 409 2763 omnia
424 2744 596 2772 quaecunque
612 2739 710 2766 acerba
734 2740 828 2774 potius
845 2747 906 2767 sus-

116 2784 277 2816 tinuissent,
291 2787 319 2810 et
333 2784 430 2816 _\'obis,
453 2789 482 2811 ut
504 2785 574 2818 passi
591 2785 725 2817 fuissetis,
750 2786 908 2813 consuluis-

115 2838 187 2862 sem,
207 2837 290 2864 quam
307 2837 368 2856 cum
390 2830 430 2856 eis
449 2831 520 2856 uniri
538 2839 591 2857 non
618 2837 692 2859 recte
719 2833 904 2866 sapientibus.

115 2877 195 2903 Nunc
215 2873 286 2903 \ero'
299 2875 448 2902 timendum
473 2882 525 2908 est,
543 2884 570 2903 et
586 2878 697 2911 quidem
714 2880 892 2906 vehementer

239 2928 374 2958 ΡΑτιιοιη
398 2930 454 2959 Gn.
475 2929 575 2958 CLXI.

963 1633 997 1653 ne
1015 1625 1140 1660 corporis
1158 1633 1268 1660 quoque
1294 1625 1409 1653 exitium
1427 1633 1481 1653 una
1497 1632 1560 1653 cum
1575 1625 1661 1653 animi
1680 1626 1751 1652 intc-

963 1670 1018 1698 ritu
1033 1670 1115 1698 etiam
1131 1670 1278 1705 eligamus,
1306 1670 1443 1705 siquidem
1458 1664 1519 1705 qua:
1534 1678 1609 1704 vera,
1630 1679 1690 1706 quae
1706 1673 1751 1707 pia

962 1721 1038 1748 sunt.
1053 1722 1079 1744 et
1093 1716 1164 1744 nihil
1178 1724 1326 1744 erroneum
1339 1718 1445 1746 Latinis
1460 1708 1643 1754 sapientibus,
1656 1726 1751 1753 quem-

962 1763 1110 1790 admodum
1136 1763 1231 1791 Patres
1255 1771 1353 1791 eornm
1377 1768 1406 1792 et
1434 1766 1531 1800 nostri,
1559 1766 1751 1795 Occidentales

962 1809 1092 1837 videlicet
1112 1809 1254 1844 doctores,
1281 1818 1313 1838 ac
1341 1811 1530 1840 Orientalibus
1555 1815 1750 1842 communibus

962 1856 1090 1884 Panibus
1111 1857 1208 1884 eadem
1232 1861 1260 1884 et
1285 1862 1472 1886 consentanea
1499 1859 1666 1894 dicentibus,
1700 1870 1750 1889 nos

962 1902 1074 1936 proprio
1098 1908 1194 1930 nostro
1212 1903 1284 1930 malo
1309 1904 1414 1939 absque
1441 1905 1495 1932 ulla
1514 1907 1620 1935 ratione
1645 1909 1680 1936 ab
1706 1909 1748 1936 eis

961 1948 1046 1975 dividi
1071 1948 1214 1975 vellemus.
1235 1948 1313 1981 Quod
1334 1950 1407 1977 enim
1423 1950 1475 1984 ipsi
1489 1951 1680 1981 Occidentales
1697 1954 1749 1981 Pa-

963 1998 1018 2020 tres
1035 1998 1201 2028 sequuntur,
1220 2001 1270 2021 vos
1294 2002 1406 2029 quoque
1421 1995 1530 2024 dicetis.
1548 1997 1626 2030 Quod
1652 2005 1744 2027 autem

961 2040 1001 2067 illi
1017 2040 1115 2067 eadem
1135 2047 1199 2067 cum
1217 2039 1406 2068 Orientalibus
1422 2042 1540 2076 sapiant,
1558 2044 1608 2071 hac
1632 2045 1658 2072 in
1687 2054 1750 2074 ora-

963 2086 1037 2113 tione
1053 2086 1175 2114 breviter
1188 2091 1217 2113 ct
1231 2086 1406 2115 sufﬁcienter
1419 2089 1566 2122 probatum
1582 2097 1636 2124 est,
1666 2092 1701 2120 ita
1720 2099 1749 2120 ut

961 2133 1089 2160 omnibus
1110 2133 1287 2160 manifestum
1305 2134 1340 2160 sit
1362 2133 1476 2163 Latinos
1491 2143 1596 2170 omnes,
1624 2142 1680 2165 tum
1696 2139 1747 2167 Oe-

961 2179 1124 2219 cidentales,
1160 2185 1217 2207 tum
1252 2179 1408 2208 Orientales
1439 2181 1535 2211 Patres
1570 2186 1668 2218 sequi,
1699 2189 1750 2221 qui

962 2234 1123 2254 communes
1146 2227 1270 2261 utrisque
1287 2227 1416 2255 doctores
1438 2233 1466 2255 et
1484 2229 1580 2257 Patres
1595 2237 1671 2259 sunt.
1689 2234 1747 2266 Qua

962 2272 1047 2307 igitur
1064 2273 1172 2300 ratione.
1185 2281 1200 2300 a
1217 2273 1318 2300 talibus
1334 2273 1401 2301 viris
1414 2274 1633 2305 dissidebimus?
1659 2279 1745 2312 Quam

961 2319 1167 2347 excusationem
1193 2318 1292 2347 aﬂcrre
1318 2321 1480 2354 poterimus,
1507 2330 1557 2350 cur
1582 2325 1624 2352 eis
1650 2333 1749 2355 conve-

961 2366 1021 2393 nire
1038 2365 1176 2392 nolimus?
1190 2365 1256 2399 Quae
1274 2366 1354 2393 nobis
1377 2367 1553 2401 relinquetur
1568 2370 1641 2404 apud
1660 2372 1745 2399 Deum

961 2412 1114 2446 responsio,
1131 2420 1219 2447 quare
1235 2421 1250 2439 a
1266 2412 1400 2440 fratribus
1415 2414 1497 2442 divisi
1513 2415 1659 2449 fuerimus,
1676 2426 1748 2452 quos

962 2464 990 2485 ut
1013 2458 1116 2492 nuit-et,
1139 2463 1166 2485 et
1184 2458 1216 2485 ad
1235 2467 1319 2486 unum
1343 2459 1416 2488 ovile
1442 2461 1590 2496 redigeret,
1610 2463 1668 2498 ipse
1697 2466 1748 2493 dc-

960 2505 1068 2532 sceudit
1092 2507 1125 2532 de
1148 2505 1236 2538 cmlis,
1265 2505 1436 2540 incarnatus,
1458 2512 1486 2534 et
1509 2509 1657 2536 crucifixus
1686 2512 1748 2538 est?

960 2554 1026 2584 Quae
1042 2557 1137 2578 nostra
1156 2551 1281 2578 defensio
1304 2553 1376 2586 apud
1401 2558 1529 2587 posteros
1544 2557 1671 2583 nostros?
1691 2557 1746 2586 ίιιιυ

961 2608 1026 2626 vero
1051 2599 1123 2634 apud
1153 2603 1304 2633 prresentes
1334 2599 1461 2628 homines
1490 2602 1621 2629 nostros?
1647 2603 1747 2632 Nescio

961 2647 1046 2677 enirn,
1064 2654 1096 2672 an
1114 2646 1206 2680 aliqua
1224 2650 1319 2672 nostra
1335 2647 1483 2681 posteritas
1497 2648 1550 2675 erit
1569 2649 1603 2676 de
1619 2654 1673 2676 tam
1688 2659 1745 2679 ma—

960 2699 1022 2725 gna,
1042 2696 1095 2717 tam
1113 2692 1187 2725 gravi
1214 2690 1382 2724 calamitate,
1402 2696 1442 2718 tot
1466 2693 1608 2727 periculis,
1627 2703 1688 2730 qua:
1706 2698 1747 2724 eis

961 2737 1121 2772 ingerimus.
1136 2736 1195 2763 Non
1212 2737 1351 2770 patiamur
1366 2737 1433 2770 hazc,
1446 2738 1543 2767 Patres
1554 2742 1652 2775 optimi
1667 2750 1674 2769 :
1690 2751 1744 2770 nou

961 2784 1113 2810 habeamus
1129 2782 1200 2809 hunc
1223 2783 1411 2810 sententiam:
1431 2792 1485 2811 non
1502 2786 1540 2813 ita
1566 2788 1636 2815 male
1661 2790 1746 2816 nobis

960 2830 1136 2858 eousulaznus
1155 2833 1183 2856 et
1198 2829 1321 2856 nostris:
1347 2830 1468 2859 nolimus
1491 2833 1549 2868 lupi
1567 2842 1616 2869 pro
1630 2838 1748 2870 pastori-

962 2881 1012 2908 bus
1041 2878 1093 2905 illis
1115 2877 1185 2909 ficri,
1210 2876 1257 2910 qui
1283 2875 1316 2902 ad
1342 2884 1392 2903 nos
1421 2879 1593 2914 respiciunt:
1620 2890 1675 2910 non
1700 2890 1747 2910 cos

1493 2926 1530 2956 2t)

1728 2965 1782 2974 ..ρ
